{"host":"y76clbnovzmw9ubx","time":1611497198,"event":{"mods":["AchievementEnabler","BaseMod","Minty Spire (QoL Compilation)","Permanent Neow","Relic Stats"],"gold_per_floor":[114,114,133,148,172,212,225,261,288,322,64,104,379,395,395,494,557,581,581,581,592,608,638,638,668,668,668,702,702,717,727,727,727,727],"floor_reached":33,"language":"ENG","playtime":2010,"items_purged":[],"score":924,"play_id":"3824f9a0-afa4-4118-ab3a-7d335c647d65","local_time":"20210124090638","is_ascension_mode":true,"campfire_choices":[{"floor":15,"key":"REST"},{"floor":24,"key":"REST"},{"data":"Wraith Form v2","floor":29,"key":"SMITH"},{"data":"Bullet Time","floor":32,"key":"SMITH"}],"circlet_count":0,"master_deck":["AscendersBane","Strike_G","Strike_G","Strike_G","Strike_G","Strike_G","Defend_G","Defend_G","Defend_G+1","Defend_G","Defend_G","Survivor","Neutralize","Slice","Injury","Backstab","Terror","Escape Plan","Leg Sweep","Dagger Spray","Night Terror","Riddle With Holes","Footwork","Flechettes","Regret","Dodge and Roll","Wraith Form v2+1","Outmaneuver+1","Necronomicurse","Die Die Die","Cloak And Dagger","Backflip","Bullet Time+1","Sucker Punch+1"],"relics":["Ring of the Snake","Du-Vu Doll","Bloody Idol","StoneCalendar","Ice Cream","Regal Pillow","Art of War","PreservedInsect","Bronze Scales","Tiny House","Necronomicon","Pen Nib","Blue Candle","Ninja Scroll","Letter Opener"],"acts_visited":["Exordium","TheCity"],"potions_floor_usage":[6,8,16,23,23,31,33],"damage_taken":[{"damage":3,"enemies":"Small Slimes","floor":1,"turns":5},{"damage":7,"enemies":"Jaw Worm","floor":3,"turns":4},{"damage":0,"enemies":"Cultist","floor":4,"turns":2},{"damage":0,"enemies":"Large Slime","floor":5,"turns":3},{"damage":6,"enemies":"Gremlin Nob","floor":6,"turns":3},{"damage":0,"enemies":"3 Louse","floor":7,"turns":4},{"damage":17,"enemies":"Lagavulin","floor":8,"turns":4},{"damage":0,"enemies":"Gremlin Nob","floor":10,"turns":2},{"damage":0,"enemies":"3 Sentries","floor":12,"turns":5},{"damage":2,"enemies":"Gremlin Gang","floor":14,"turns":3},{"damage":3,"enemies":"Slime Boss","floor":16,"turns":5},{"damage":4,"enemies":"Shell Parasite","floor":18,"turns":5},{"damage":3,"enemies":"3 Byrds","floor":21,"turns":2},{"damage":5,"enemies":"Snecko","floor":22,"turns":3},{"damage":29,"enemies":"Slavers","floor":23,"turns":2},{"damage":4,"enemies":"Book of Stabbing","floor":25,"turns":5},{"damage":0,"enemies":"Slavers","floor":28,"turns":3},{"damage":4,"enemies":"Centurion and Healer","floor":30,"turns":4},{"damage":7,"enemies":"Snake Plant","floor":31,"turns":2},{"damage":87,"enemies":"Champ","floor":33,"turns":10}],"seed_played":"-1811049375352524340","potions_obtained":[{"floor":3,"key":"Ancient Potion"},{"floor":7,"key":"SkillPotion"},{"floor":8,"key":"Explosive Potion"},{"floor":10,"key":"Energy Potion"},{"floor":12,"key":"SteroidPotion"},{"floor":16,"key":"Swift Potion"},{"floor":27,"key":"SneckoOil"},{"floor":27,"key":"ColorlessPotion"},{"floor":28,"key":"Fruit Juice"},{"floor":31,"key":"LiquidBronze"}],"is_trial":false,"path_per_floor":["M","?","M","M","M","E","M","E","T","E","$","E","?","M","R","B",null,"M","?","?","M","M","E","R","E","T","?","E","R","M","M","R","B"],"character_chosen":"THE_SILENT","items_purchased":["PreservedInsect","Footwork"],"campfire_rested":2,"item_purchase_floors":[11,11],"current_hp_per_floor":[56,56,49,49,49,43,43,26,26,26,26,26,26,24,57,54,64,60,39,39,41,41,17,51,52,52,52,57,57,58,61,61,0,0],"gold":727,"neow_bonus":"ONE_RARE_RELIC","is_daily":false,"chose_seed":false,"campfire_upgraded":2,"win_rate":0.0,"timestamp":1611497198,"path_taken":["M","?","M","M","M","E","M","E","T","E","$","E","?","?","R","BOSS","M","?","?","M","M","E","R","E","T","?","E","R","M","?","R","BOSS"],"items_purchased_type":["Relic","Card"],"build_version":"2020-12-22","purchased_purges":0,"victory":false,"max_hp_per_floor":[60,60,60,60,60,60,60,60,60,60,60,60,60,60,60,60,65,65,65,65,65,65,65,65,65,65,65,65,65,65,70,70,70,70],"relic_stats":{"Regal Pillow":30,"counters":[20,76],"Blue Candle":[4],"StoneCalendar":[45],"PreservedInsect":155,"Pen Nib":[5],"Letter Opener":[0],"Bloody Idol":35,"Bronze Scales":[143],"Art of War":[6],"Necronomicon":[9],"obtain_stats":[{"Ice Cream":8,"Regal Pillow":9,"Tiny House":17,"Golden Idol":2,"Blue Candle":25,"StoneCalendar":6,"PreservedInsect":11,"Pen Nib":23,"Letter Opener":28,"Du-Vu Doll":0,"Ninja Scroll":26,"Bronze Scales":12,"Bloody Idol":20,"Art of War":10,"Necronomicon":19,"Ring of the Snake":0},{"Ice Cream":7,"Regal Pillow":7,"Tiny House":11,"Golden Idol":1,"Blue Candle":16,"StoneCalendar":5,"PreservedInsect":8,"Pen Nib":15,"Letter Opener":17,"Du-Vu Doll":0,"Ninja Scroll":16,"Bronze Scales":9,"Bloody Idol":12,"Art of War":8,"Necronomicon":12,"Ring of the Snake":0},{"Ice Cream":25,"Regal Pillow":25,"Tiny House":40,"Golden Idol":5,"Blue Candle":57,"StoneCalendar":17,"PreservedInsect":27,"Pen Nib":52,"Letter Opener":60,"Du-Vu Doll":0,"Ninja Scroll":57,"Bronze Scales":32,"Bloody Idol":45,"Art of War":27,"Necronomicon":45,"Ring of the Snake":0}],"Ring of the Snake":[40]},"card_choices":[{"not_picked":["Poisoned Stab","Deadly Poison"],"picked":"Slice","floor":1},{"not_picked":["Escape Plan","Bane"],"picked":"Backstab","floor":3},{"not_picked":["Backflip","Poisoned Stab"],"picked":"Terror","floor":4},{"not_picked":["Slice","Underhanded Strike"],"picked":"Escape Plan","floor":5},{"not_picked":["Sucker Punch","Poisoned Stab"],"picked":"Leg Sweep","floor":6},{"not_picked":["Deadly Poison","Well Laid Plans"],"picked":"Dagger Spray","floor":7},{"not_picked":["PiercingWail","Prepared"],"picked":"Night Terror","floor":8},{"not_picked":["Deadly Poison","PiercingWail"],"picked":"Riddle With Holes","floor":10},{"not_picked":["Predator","Endless Agony"],"picked":"Flechettes","floor":12},{"not_picked":["Acrobatics","Terror"],"picked":"Dodge and Roll","floor":14},{"not_picked":["Storm of Steel","Glass Knife"],"picked":"Wraith Form v2","floor":16},{"not_picked":["Deflect+1","Dagger Throw+1"],"picked":"Outmaneuver+1","floor":18},{"not_picked":["Bane","Quick Slash","Dash"],"picked":"SKIP","floor":21},{"not_picked":["Underhanded Strike","Masterful Stab"],"picked":"Die Die Die","floor":22},{"not_picked":["Bane","Setup"],"picked":"Cloak And Dagger","floor":23},{"not_picked":["Dagger Spray","Acrobatics"],"picked":"Backflip","floor":25},{"not_picked":["Flying Knee","Deflect","Dagger Spray"],"picked":"SKIP","floor":28},{"not_picked":["Choke+1","Outmaneuver"],"picked":"Bullet Time","floor":30},{"not_picked":["Poisoned Stab+1","Quick Slash"],"picked":"Sucker Punch+1","floor":31}],"player_experience":3114983,"relics_obtained":[{"floor":6,"key":"StoneCalendar"},{"floor":8,"key":"Ice Cream"},{"floor":9,"key":"Regal Pillow"},{"floor":10,"key":"Art of War"},{"floor":12,"key":"Bronze Scales"},{"floor":19,"key":"Necronomicon"},{"floor":23,"key":"Pen Nib"},{"floor":25,"key":"Blue Candle"},{"floor":26,"key":"Ninja Scroll"},{"floor":28,"key":"Letter Opener"}],"event_choices":[{"damage_healed":0,"gold_gain":0,"player_choice":"Take Wound","damage_taken":0,"relics_obtained":["Golden Idol"],"max_hp_gain":0,"max_hp_loss":0,"event_name":"Golden Idol","floor":2,"gold_loss":0,"cards_obtained":["Injury"]},{"damage_healed":0,"gold_gain":275,"player_choice":"Desecrate","damage_taken":0,"max_hp_gain":0,"max_hp_loss":0,"event_name":"Golden Shrine","floor":13,"gold_loss":0,"cards_obtained":["Regret"]},{"damage_healed":0,"gold_gain":0,"player_choice":"Obtained Book","damage_taken":21,"max_hp_gain":0,"max_hp_loss":0,"event_name":"Cursed Tome","floor":19,"gold_loss":0},{"damage_healed":0,"gold_gain":0,"player_choice":"Gave Idol","damage_taken":0,"relics_obtained":["Bloody Idol"],"max_hp_gain":0,"max_hp_loss":0,"event_name":"Forgotten Altar","floor":20,"relics_lost":["Golden Idol"],"gold_loss":0},{"damage_healed":0,"gold_gain":0,"player_choice":"Got Potions","damage_taken":0,"max_hp_gain":0,"max_hp_loss":0,"event_name":"Lab","floor":27,"gold_loss":0}],"is_beta":false,"boss_relics":[{"not_picked":["Ring of the Serpent","Snecko Eye"],"picked":"Tiny House"}],"items_purged_floors":[],"is_endless":false,"potions_floor_spawned":[3,7,8,10,12,14,16,18,28,30,31],"killed_by":"Champ","ascension_level":20}}