{"host":"8u7tvcybuv0u72fd","time":1611471080,"event":{"mods":["BaseMod","BetterRewards","Colored Map","Colored Powertips","Minty Spire (QoL Compilation)","Quick Restart","Shop Mod"],"gold_per_floor":[114,76,87,52,52,52,67,67,115,115,132,152,152,165,165,264,264,275,190,190,206,20,20,50,50,119,172,210,210,263,280,280,379,379,417,171,171,183,223,223,256,256,279,326,326,1,59,104,104,154,154,154,7,40,65],"floor_reached":56,"language":"ENG","playtime":2592,"items_purged":["Strike_R","Madness"],"score":1637,"play_id":"6ca7ce91-e745-4a3c-b0dc-3efc35a4e115","local_time":"20210124015120","is_ascension_mode":false,"campfire_choices":[{"data":"Body Slam","floor":6.0,"key":"SMITH"},{"data":"Dramatic Entrance","floor":8.0,"key":"SMITH"},{"data":"Bash","floor":10.0,"key":"SMITH"},{"data":"Rampage","floor":13.0,"key":"SMITH"},{"data":"Rage","floor":15.0,"key":"SMITH"},{"floor":23.0,"key":"DIG"},{"floor":25.0,"key":"DIG"},{"floor":29.0,"key":"DIG"},{"floor":32.0,"key":"DIG"},{"data":"Double Tap","floor":40.0,"key":"SMITH"},{"data":"HandOfGreed","floor":42.0,"key":"SMITH"},{"data":"Offering","floor":45.0,"key":"SMITH"},{"floor":49.0,"key":"RECALL"},{"data":"Madness","floor":52,"key":"SMITH"}],"circlet_count":0,"master_deck":["Strike_R","Strike_R","Strike_R","Defend_R","Defend_R+1","Defend_R+1","Defend_R","Bash+1","Dramatic Entrance+1","Body Slam+1","Rampage+1","Rage+1","Offering+1","HandOfGreed+1","Double Tap+1","Berserk","Madness+1","Pommel Strike+1","Shockwave+1"],"relics":["Burning Blood","ClockworkSouvenir","Turnip","Incense Burner","Potion Belt","SacredBark","MealTicket","Ginger","Centennial Puzzle","FossilizedHelix","Bottled Lightning","Red Mask","Akabeko","Thread and Needle","Black Star","Question Card","Ancient Tea Set","Toy Ornithopter","Sling","MerchantsRug","Pen Nib","Unceasing Top","Bronze Scales","Orichalcum","Red Skull"],"acts_visited":["Exordium","TheCity","TheBeyond","TheEnding"],"potions_floor_usage":[55,55,55,55,55],"damage_taken":[{"damage":2.0,"enemies":"Small Slimes","floor":1.0,"turns":3.0},{"damage":3.0,"enemies":"Jaw Worm","floor":3.0,"turns":2.0},{"damage":0.0,"enemies":"Cultist","floor":7.0,"turns":3.0},{"damage":0.0,"enemies":"2 Fungi Beasts","floor":11.0,"turns":2.0},{"damage":12.0,"enemies":"Blue Slaver","floor":12.0,"turns":2.0},{"damage":0.0,"enemies":"Exordium Wildlife","floor":14.0,"turns":3.0},{"damage":23.0,"enemies":"The Guardian","floor":16.0,"turns":8.0},{"damage":2.0,"enemies":"Shell Parasite","floor":18.0,"turns":3.0},{"damage":6.0,"enemies":"Chosen","floor":21.0,"turns":3.0},{"damage":24.0,"enemies":"Book of Stabbing","floor":24.0,"turns":4.0},{"damage":0.0,"enemies":"Masked Bandits","floor":27.0,"turns":2.0},{"damage":12.0,"enemies":"Sentry and Sphere","floor":28.0,"turns":4.0},{"damage":6.0,"enemies":"Centurion and Healer","floor":30.0,"turns":3.0},{"damage":0.0,"enemies":"Chosen and Byrds","floor":31.0,"turns":4.0},{"damage":31.0,"enemies":"Automaton","floor":33.0,"turns":10.0},{"damage":0.0,"enemies":"3 Darklings","floor":35.0,"turns":3.0},{"damage":3.0,"enemies":"Orb Walker","floor":38.0,"turns":3.0},{"damage":8.0,"enemies":"Maw","floor":39.0,"turns":6.0},{"damage":0.0,"enemies":"Sphere and 2 Shapes","floor":41.0,"turns":3.0},{"damage":0.0,"enemies":"Giant Head","floor":47.0,"turns":4.0},{"damage":3.0,"enemies":"4 Shapes","floor":48.0,"turns":4.0},{"damage":44.0,"enemies":"Donu and Deca","floor":50.0,"turns":6.0},{"damage":7,"enemies":"Shield and Spear","floor":54,"turns":3},{"damage":38,"enemies":"The Heart","floor":55,"turns":9}],"seed_played":"-8410254301048739886","potions_obtained":[{"floor":1.0,"key":"Swift Potion"},{"floor":3.0,"key":"Dexterity Potion"},{"floor":16.0,"key":"DistilledChaos"},{"floor":18.0,"key":"LiquidBronze"},{"floor":21.0,"key":"ElixirPotion"},{"floor":30.0,"key":"Explosive Potion"},{"floor":47.0,"key":"SteroidPotion"},{"floor":48.0,"key":"LiquidMemories"}],"is_trial":false,"path_per_floor":["M","$","M","?","?","R","M","R","T","R","M","M","R","M","R","B",null,"M","?","T","M","$","R","E","R","T","?","M","R","M","M","R","B",null,"M","$","?","M","M","R","M","R","T","T","R","$","E","M","R","B",null,"R","$","E","B",null],"character_chosen":"IRONCLAD","items_purchased":["ClockworkSouvenir","War Paint","Tiny Chest","Dramatic Entrance","Fruit Juice","Rampage","HandOfGreed","Matryoshka","Sling","MerchantsRug","Swift Potion","Block Potion","Bronze Scales"],"campfire_rested":0,"item_purchase_floors":[0,0,0,0,0,2,22,36,46,46,46,46,53],"current_hp_per_floor":[41,41,44,65,58,58,64,64,64,64,70,64,64,70,70,53,85,85,85,85,85,85,85,67,67,67,73,67,67,67,73,73,48,85,85,85,74,77,75,75,81,81,81,81,81,85,85,85,85,47,85,85,85,84,73],"gold":65,"neow_bonus":"","is_daily":false,"chose_seed":false,"campfire_upgraded":9,"win_rate":0.0,"timestamp":1611471080,"path_taken":["M","$","M","?","?","R","M","R","T","R","M","M","R","M","R","BOSS","M","?","?","M","$","R","E","R","T","?","?","R","M","M","R","BOSS","M","$","?","M","M","R","M","R","T","?","R","$","E","M","R","BOSS","R","$","E","BOSS"],"items_purchased_type":["Relic","Relic","Relic","Card","Potion","Card","Card","Relic","Relic","Relic","Potion","Potion","Relic"],"build_version":"2020-12-22","purchased_purges":2,"victory":true,"max_hp_per_floor":[85,85,85,85,85,85,85,85,85,85,85,85,85,85,85,85,85,85,85,85,85,85,85,85,85,85,85,85,85,85,85,85,85,85,85,85,85,85,85,85,85,85,85,85,85,85,85,85,85,85,85,85,85,85,85],"card_choices":[{"not_picked":["Inflame","Perfected Strike"],"picked":"Body Slam","floor":1.0},{"not_picked":["Hemokinesis","Power Through","Rupture"],"picked":"SKIP","floor":3.0},{"not_picked":["Havoc","Heavy Blade","Whirlwind"],"picked":"SKIP","floor":7.0},{"not_picked":["Clash","Wild Strike","Sever Soul"],"picked":"SKIP","floor":11.0},{"not_picked":["Feel No Pain","Heavy Blade"],"picked":"Rage","floor":12.0},{"not_picked":["Clothesline","Burning Pact","Cleave"],"picked":"SKIP","floor":14.0},{"not_picked":["Fiend Fire","Reaper"],"picked":"Offering","floor":16.0},{"not_picked":["Feel No Pain","Clothesline","Thunderclap"],"picked":"SKIP","floor":18.0},{"not_picked":["Heavy Blade+1","Perfected Strike","Blood for Blood"],"picked":"SKIP","floor":21.0},{"not_picked":["True Grit","Rampage"],"picked":"Double Tap","floor":24.0},{"not_picked":["Feel No Pain","Clash","Clothesline"],"picked":"SKIP","floor":28.0},{"not_picked":["Infernal Blade","True Grit","Heavy Blade"],"picked":"SKIP","floor":30.0},{"not_picked":["Bloodletting","Evolve","True Grit+1"],"picked":"SKIP","floor":31.0},{"not_picked":["Brutality","Feed"],"picked":"Berserk","floor":33.0},{"not_picked":["Clash+1","Perfected Strike","Hemokinesis"],"picked":"SKIP","floor":35.0},{"not_picked":["Wild Strike+1","Sentinel"],"picked":"Pommel Strike+1","floor":38.0},{"not_picked":["Combust+1","Havoc","Twin Strike"],"picked":"SKIP","floor":39.0},{"not_picked":["Pommel Strike","Sentinel+1","Clash"],"picked":"SKIP","floor":41.0},{"not_picked":["Warcry+1","Anger+1","Feel No Pain"],"picked":"Shockwave+1","floor":47.0},{"not_picked":["Anger+1","Wild Strike","Inflame","Spot Weakness+1"],"picked":"SKIP","floor":48.0},{"not_picked":["Clothesline+1","Armaments+1","Flex+1","Searing Blow"],"picked":"SKIP","floor":54}],"player_experience":1411947,"relics_obtained":[{"floor":9.0,"key":"Potion Belt"},{"floor":20.0,"key":"Shovel"},{"floor":23.0,"key":"Ginger"},{"floor":24.0,"key":"Centennial Puzzle"},{"floor":25.0,"key":"FossilizedHelix"},{"floor":26.0,"key":"Bottled Lightning"},{"floor":27.0,"key":"Red Mask"},{"floor":29.0,"key":"Akabeko"},{"floor":32.0,"key":"Thread and Needle"},{"floor":43.0,"key":"Question Card"},{"floor":43.0,"key":"Ancient Tea Set"},{"floor":44.0,"key":"Toy Ornithopter"},{"floor":47.0,"key":"Pen Nib"},{"floor":47.0,"key":"Unceasing Top"},{"floor":54,"key":"Orichalcum"},{"floor":54,"key":"Red Skull"}],"event_choices":[{"damage_healed":21.0,"max_hp_gain":0.0,"max_hp_loss":0.0,"gold_gain":0.0,"event_name":"The Cleric","player_choice":"Healed","floor":4.0,"gold_loss":35.0,"damage_taken":0.0},{"cards_removed":["Strike_R"],"damage_healed":0.0,"max_hp_gain":0.0,"max_hp_loss":0.0,"gold_gain":0.0,"event_name":"Golden Wing","player_choice":"Card Removal","floor":5.0,"gold_loss":0.0,"damage_taken":7.0},{"damage_healed":0.0,"max_hp_gain":0.0,"max_hp_loss":0.0,"gold_gain":0.0,"event_name":"Addict","player_choice":"Obtained Relic","floor":19.0,"gold_loss":85.0,"damage_taken":0.0,"relics_obtained":["MealTicket"]},{"damage_healed":0.0,"max_hp_gain":0.0,"max_hp_loss":0.0,"gold_gain":0.0,"event_name":"Masked Bandits","player_choice":"Fought Bandits","floor":27.0,"gold_loss":0.0,"damage_taken":0.0},{"damage_healed":0.0,"max_hp_gain":0.0,"max_hp_loss":0.0,"gold_gain":0.0,"event_name":"Winding Halls","player_choice":"Embrace Madness","floor":37.0,"gold_loss":0.0,"damage_taken":11.0,"cards_obtained":["Madness","Madness"]}],"is_beta":false,"boss_relics":[{"not_picked":["SlaversCollar","Cursed Key"],"picked":"SacredBark"},{"not_picked":["Snecko Eye","Empty Cage"],"picked":"Black Star"}],"items_purged_floors":[0,53],"is_endless":false,"potions_floor_spawned":[1,3,16,18,21,30,47,48],"ascension_level":0}}