{"host":"mo324zvkdr1xwprd","time":1611487463,"event":{"mods":["BaseMod","Better Note","BetterRewards","Hermit","Highlight Path","Hubris","Minty Spire (QoL Compilation)","Quick Restart","Rare Cards Sparkle","Shop Mod","StSLib","The Cursed","The Hierophant"],"gold_per_floor":[216,227,23,23,23,50,50,1,56,66,84,97,127,147,147,242,242,228,44,63,77,77,77,77],"floor_reached":23,"language":"ENG","playtime":2371,"items_purged":[],"score":251,"play_id":"fa321d0b-6325-4798-8d83-d983f593c404","local_time":"20210124112423","is_ascension_mode":true,"campfire_choices":[{"floor":7,"key":"REST"},{"floor":15,"key":"RECALL"}],"circlet_count":0,"master_deck":["TheCursedMod:SpitefulPray+1","TheCursedMod:Strike_TheCursed","TheCursedMod:Strike_TheCursed","TheCursedMod:Strike_TheCursed","TheCursedMod:Strike_TheCursed","TheCursedMod:Defend_TheCursed","TheCursedMod:Defend_TheCursed","TheCursedMod:Defend_TheCursed","TheCursedMod:Defend_TheCursed","TheCursedMod:CursedWand","TheCursedMod:CleanUpWorkshop","TheCursedMod:Dregs","TheCursedMod:SurpriseAttack","TheCursedMod:CursedMace","TheCursedMod:SpreadPlague","TheCursedMod:AbyssShockwave","Regret","Pain","TheCursedMod:ReleasedStrength","TheCursedMod:TacticalStrike","TheCursedMod:SpreadPlague","TheCursedMod:Obscuration","TheCursedMod:BlessingInDisguise","TheCursedMod:CursedBlade","TheCursedMod:SpitefulPlan","TheCursedMod:SmokeScreen","TheCursedMod:AntiAging","TheCursedMod:SpitefulStrike","TheCursedMod:HellfireBreathing","TheCursedMod:CursedBlade","TheCursedMod:CursedBoomerang+1","TheCursedMod:CircleOfCorruption+1"],"relics":["TheCursedMod:BlackMagic101","Membership Card","Toy Ornithopter","WarpedTongs","Calipers","Strawberry","Black Star","Question Card"],"acts_visited":["Exordium","TheCity"],"potions_floor_usage":[13,13,16,16,21],"damage_taken":[{"damage":1,"enemies":"Cultist","floor":1,"turns":5},{"damage":10,"enemies":"Jaw Worm","floor":2,"turns":4},{"damage":23,"enemies":"3 Sentries","floor":6,"turns":8},{"damage":3,"enemies":"Small Slimes","floor":10,"turns":2},{"damage":11,"enemies":"Exordium Thugs","floor":11,"turns":4},{"damage":4,"enemies":"2 Fungi Beasts","floor":12,"turns":3},{"damage":2,"enemies":"Gremlin Nob","floor":13,"turns":3},{"damage":2,"enemies":"Blue Slaver","floor":14,"turns":2},{"damage":30,"enemies":"Hexaghost","floor":16,"turns":10},{"damage":28,"enemies":"2 Thieves","floor":18,"turns":4},{"damage":9,"enemies":"3 Byrds","floor":20,"turns":5},{"damage":12,"enemies":"Snecko","floor":21,"turns":6},{"damage":45,"enemies":"Slavers","floor":23,"turns":2}],"seed_played":"-1754500304719131931","potions_obtained":[{"floor":2,"key":"Swift Potion"},{"floor":10,"key":"Block Potion"},{"floor":12,"key":"Fire Potion"},{"floor":13,"key":"DistilledChaos"},{"floor":16,"key":"LiquidMemories"},{"floor":21,"key":"FearPotion"}],"is_trial":false,"path_per_floor":["M","M","$","?","?","E","R","$","T","M","M","M","E","M","R","B",null,"M","$","M","M","?","E"],"character_chosen":"THE_CURSED","items_purchased":["Membership Card","TheCursedMod:SpreadPlague","TheCursedMod:AbyssShockwave","TheCursedMod:TacticalStrike","TheCursedMod:SpreadPlague","Question Card","TheCursedMod:HellfireBreathing","TheCursedMod:CursedBlade"],"campfire_rested":1,"item_purchase_floors":[3,3,3,8,8,19,19,19],"current_hp_per_floor":[74,64,64,64,64,41,63,63,63,60,49,45,60,58,58,38,82,56,56,50,45,45,0,0],"gold":77,"neow_bonus":"HUNDRED_GOLD","is_daily":false,"chose_seed":false,"campfire_upgraded":0,"win_rate":0.0,"timestamp":1611487463,"path_taken":["M","M","?","?","?","E","R","$","T","M","?","M","E","M","R","BOSS","M","$","M","M","?","E"],"items_purchased_type":["Relic","Card","Card","Card","Card","Relic","Card","Card"],"build_version":"2020-12-22","purchased_purges":0,"victory":false,"max_hp_per_floor":[75,75,75,75,75,75,75,75,75,75,75,75,82,82,82,82,82,84,84,87,89,89,89,89],"card_choices":[{"not_picked":["TheCursedMod:ReleasedKnowledge","TheCursedMod:LuckyCharm"],"picked":"TheCursedMod:SurpriseAttack","floor":1},{"not_picked":["TheCursedMod:StingEye","TheCursedMod:CircleOfFlame"],"picked":"TheCursedMod:CursedMace","floor":2},{"not_picked":["TheCursedMod:CursedMace","TheCursedMod:HellfireBreathing"],"picked":"TheCursedMod:ReleasedStrength","floor":6},{"not_picked":["TheCursedMod:RavingStaff","TheCursedMod:FleshFromBone"],"picked":"TheCursedMod:Obscuration","floor":10},{"not_picked":["TheCursedMod:PrepareRite","TheCursedMod:RavingStaff"],"picked":"TheCursedMod:BlessingInDisguise","floor":11},{"not_picked":["TheCursedMod:SurpriseAttack","TheCursedMod:Wield"],"picked":"TheCursedMod:CursedBlade","floor":12},{"not_picked":["TheCursedMod:AbyssShockwave","TheCursedMod:Torture"],"picked":"TheCursedMod:SpitefulPlan","floor":13},{"not_picked":["TheCursedMod:VitalStrike","TheCursedMod:CircleOfCorruption"],"picked":"TheCursedMod:SmokeScreen","floor":14},{"not_picked":["TheCursedMod:ShockAndAwe","TheCursedMod:NeowsMight"],"picked":"TheCursedMod:AntiAging","floor":16},{"not_picked":["TheCursedMod:RapidMovement","TheCursedMod:Evocation"],"picked":"TheCursedMod:SpitefulStrike","floor":18},{"not_picked":["TheCursedMod:TacticalStrike","TheCursedMod:WearCloak+1","TheCursedMod:Stigma+1"],"picked":"TheCursedMod:CursedBoomerang+1","floor":20},{"not_picked":["TheCursedMod:CircleOfWindfury","TheCursedMod:SpitefulStrike","TheCursedMod:Stretching"],"picked":"TheCursedMod:CircleOfCorruption+1","floor":21}],"player_experience":368531,"relics_obtained":[{"floor":6,"key":"Calipers"},{"floor":13,"key":"Strawberry"}],"event_choices":[{"damage_healed":0,"gold_gain":0,"player_choice":"Box","damage_taken":0,"relics_obtained":["Toy Ornithopter"],"max_hp_gain":0,"max_hp_loss":0,"event_name":"Big Fish","floor":4,"gold_loss":0,"cards_obtained":["Regret"]},{"damage_healed":0,"gold_gain":0,"player_choice":"Rummage","damage_taken":0,"relics_obtained":["WarpedTongs"],"max_hp_gain":0,"max_hp_loss":0,"event_name":"Accursed Blacksmith","floor":5,"gold_loss":0,"cards_obtained":["Pain"]},{"damage_healed":0,"gold_gain":0,"player_choice":"Ignored","damage_taken":0,"max_hp_gain":0,"max_hp_loss":0,"event_name":"Vampires","floor":22,"gold_loss":0}],"is_beta":false,"boss_relics":[{"not_picked":["Coffee Dripper","Velvet Choker"],"picked":"Black Star"}],"items_purged_floors":[],"is_endless":false,"potions_floor_spawned":[2,10,12,13,16,21],"killed_by":"Slavers","ascension_level":2}}