{"host":"r7z4an43h95gvocz","time":1611460351,"event":{"mods":["AchievementEnabler","BaseMod","Colored Map","Colored Powertips","Downfall","Minty Spire (QoL Compilation)","StSLib"],"gold_per_floor":[99,113,126,140,65,65,65,99,116,66,66,101,51,71,81,193,193,143,169,190,190,190,200,268,295,310,147,170,183,42,52,81,81,81,81],"floor_reached":33,"language":"ENG","playtime":1538,"items_purged":["Slimebound:Tackle"],"score":265,"play_id":"5f547e69-206d-45dc-9faa-54851aec1839","local_time":"20210123195231","is_ascension_mode":false,"campfire_choices":[{"data":"Slimebound:Split","floor":1,"key":"SMITH"},{"floor":10,"key":"REST"},{"data":"Slimebound:SlimeBarrage","floor":13,"key":"SMITH"},{"floor":18,"key":"RECALL"},{"floor":30,"key":"REST"}],"circlet_count":0,"master_deck":["Slimebound:Strike_Slimebound","Slimebound:Strike_Slimebound","Slimebound:Defend_Slimebound","Slimebound:Defend_Slimebound","Slimebound:Defend_Slimebound","Slimebound:Split+1","Slimebound:CorrosiveSpit","Slimebound:FirmFortitude","Slimebound:RollThrough","Slimebound:Repurpose","Slimebound:MinionMaster","Slimebound:SlimeBarrage+1","Slimebound:MegaLick","Slimebound:Overexert","Slimebound:SplitMire","Slimebound:PressTheAttack","Slimebound:OneTwoCombo","Slimebound:LevelUp","Slimebound:Prepare","Slimebound:RainOfGoop+1","Slimebound:ProtectTheBoss"],"relics":["Slimebound:AbsorbEndCombat","Slimebound:GreedOozeRelic","CeramicFish","Bag of Marbles","Dream Catcher","bronze:MakeshiftBattery","Singing Bowl","downfall:HeartBlessingRed"],"acts_visited":["Exordium","TheCity"],"potions_floor_usage":[12,15,16,16,16,23,28,31,33,33],"damage_taken":[{"damage":8,"enemies":"Small Slimes","floor":2,"turns":3},{"damage":11,"enemies":"Jaw Worm","floor":3,"turns":3},{"damage":7,"enemies":"2 Louse","floor":4,"turns":3},{"damage":14,"enemies":"3 Sentries","floor":8,"turns":5},{"damage":19,"enemies":"Exordium Thugs","floor":9,"turns":4},{"damage":11,"enemies":"Lagavulin","floor":12,"turns":6},{"damage":14,"enemies":"3 Louse","floor":14,"turns":2},{"damage":11,"enemies":"Gremlin Gang","floor":15,"turns":3},{"damage":24,"enemies":"WA_ARCHETYPE_RETAIN","floor":16,"turns":5},{"damage":20,"enemies":"3 Byrds","floor":19,"turns":4},{"damage":0,"enemies":"Spheric Guardian","floor":20,"turns":3},{"damage":26,"enemies":"Centurion and Healer","floor":23,"turns":3},{"damage":18,"enemies":"Shelled Parasite and Fungi","floor":25,"turns":3},{"damage":12,"enemies":"Cultist and Chosen","floor":26,"turns":4},{"damage":5,"enemies":"downfall:FleeingMerchant","floor":27,"turns":4},{"damage":15,"enemies":"Centurion and Healer","floor":28,"turns":4},{"damage":10,"enemies":"Chosen and Byrds","floor":29,"turns":3},{"damage":15,"enemies":"Snecko","floor":31,"turns":3},{"damage":14,"enemies":"Centurion and Healer","floor":32,"turns":4},{"damage":26,"enemies":"SI_MIRROR_ARCHETYPE","floor":33,"turns":4}],"seed_played":"3694352151195197123","potions_obtained":[{"floor":3,"key":"SkillPotion"},{"floor":11,"key":"EntropicBrew"},{"floor":11,"key":"Regen Potion"},{"floor":12,"key":"LiquidBronze"},{"floor":15,"key":"Fire Potion"},{"floor":26,"key":"Block Potion"},{"floor":28,"key":"PowerPotion"},{"floor":32,"key":"Energy Potion"}],"is_trial":false,"path_per_floor":["R","M","M","M","?","?","T","E","M","R","?","E","R","M","M","B",null,"R","M","M","?","?","M","T","M","M","$","M","M","R","M","M","B"],"character_chosen":"SLIMEBOUND","items_purchased":["Slimebound:LevelUp"],"campfire_rested":2,"item_purchase_floors":[27],"current_hp_per_floor":[65,59,50,45,45,45,45,33,16,35,35,45,45,31,26,6,65,65,45,49,49,49,40,40,28,26,25,18,14,35,26,20,0,0,0],"gold":81,"neow_bonus":"ONE_RANDOM_RARE_CARD","is_daily":false,"chose_seed":false,"campfire_upgraded":2,"win_rate":0.0,"timestamp":1611460351,"path_taken":["R","M","M","M","?","?","T","E","M","R","?","E","R","M","M","BOSS","R","M","M","?","?","M","T","M","M","$","M","M","R","M","M","BOSS"],"items_purchased_type":["Card"],"build_version":"2020-12-22","purchased_purges":1,"victory":false,"max_hp_per_floor":[65,65,65,65,65,65,65,65,65,65,65,65,65,65,65,65,65,65,65,65,65,65,65,65,65,67,69,69,71,71,73,73,73,73,73],"card_choices":[{"not_picked":["Slimebound:BestDefense","Slimebound:ItLooksTasty"],"picked":"Slimebound:RollThrough","floor":2},{"not_picked":["Slimebound:RollThrough","Slimebound:LeechEnergy"],"picked":"Slimebound:Repurpose","floor":3},{"not_picked":["Slimebound:RainOfGoop","Slimebound:Chomp","Slimebound:ComboTackle"],"picked":"SKIP","floor":4},{"not_picked":["Slimebound:LeechEnergy","Slimebound:DisruptingSlam"],"picked":"Slimebound:MinionMaster","floor":8},{"not_picked":["Slimebound:Chomp","Slimebound:GoopTackle","Slimebound:SplitAcid"],"picked":"SKIP","floor":9},{"not_picked":["Slimebound:GrowthPunch","Slimebound:ForwardTackle"],"picked":"Slimebound:SlimeBarrage","floor":12},{"not_picked":["Slimebound:SplitMire","Slimebound:SplitLeeching"],"picked":"Slimebound:MegaLick","floor":14},{"not_picked":["Slimebound:SamplingLick","Slimebound:LivingWall","Slimebound:HauntingLick"],"picked":"SKIP","floor":15},{"not_picked":["Slimebound:DuplicatedForm","Slimebound:OozeBath"],"picked":"Slimebound:Overexert","floor":16},{"not_picked":["Slimebound:LivingWall","Slimebound:HauntingLick"],"picked":"Slimebound:SplitMire","floor":19},{"not_picked":["Slimebound:FlameTackle","Slimebound:Gluttony+1"],"picked":"Slimebound:PressTheAttack","floor":20},{"not_picked":["Slimebound:RollThrough","Slimebound:FinishingTackle","Slimebound:DisruptingSlam"],"picked":"SKIP","floor":23},{"not_picked":["Slimebound:GoopTackle","Slimebound:Prepare"],"picked":"Slimebound:OneTwoCombo","floor":25},{"not_picked":["Slimebound:FormOfPuddle+1","Slimebound:ViciousTackle","Slimebound:Grow+1"],"picked":"Singing Bowl","floor":26},{"not_picked":["Slimebound:Dissolve","Slimebound:HauntingLick+1","Slimebound:GoopTackle"],"picked":"Singing Bowl","floor":27},{"not_picked":["Slimebound:Schlurp+1","Slimebound:HauntingLick"],"picked":"Slimebound:Prepare","floor":28},{"not_picked":["Slimebound:SplitLeeching","Slimebound:GoopTackle","Slimebound:OozeBath"],"picked":"Singing Bowl","floor":29},{"not_picked":["Slimebound:LivingWall","Slimebound:LeechingTouch+1"],"picked":"Slimebound:RainOfGoop+1","floor":30},{"not_picked":["Slimebound:FinishingTackle","Slimebound:LeechingTouch+1","Slimebound:GrowthPunch"],"picked":"Singing Bowl","floor":31},{"not_picked":["Slimebound:GoopSpray","Slimebound:RollThrough"],"picked":"Slimebound:ProtectTheBoss","floor":32}],"player_experience":425997,"relics_obtained":[{"floor":7,"key":"CeramicFish"},{"floor":8,"key":"Bag of Marbles"},{"floor":12,"key":"Dream Catcher"},{"floor":24,"key":"Singing Bowl"}],"event_choices":[{"cards_removed":["Slimebound:Strike_Slimebound"],"damage_healed":0,"gold_gain":0,"player_choice":"Forget","damage_taken":0,"max_hp_gain":0,"max_hp_loss":0,"event_name":"Living Wall","floor":6,"gold_loss":0},{"damage_healed":0,"gold_gain":0,"player_choice":"Got Potions","damage_taken":0,"max_hp_gain":0,"max_hp_loss":0,"event_name":"Lab","floor":11,"gold_loss":0}],"is_beta":false,"boss_relics":[{"not_picked":["SlaversCollar","Philosopher\u0027s Stone"],"picked":"bronze:MakeshiftBattery"}],"items_purged_floors":[27],"is_endless":false,"potions_floor_spawned":[3,12,14,15,16,20,26,28,29,32],"killed_by":"SI_MIRROR_ARCHETYPE","ascension_level":0}}