{"host":"g01l53quoe6lrer0","time":1611501040,"event":{"mods":["2.2 Compatiblity","AchievementEnabler","BaseMod","Colored Map","Highlight Path","Keyboard Shortcuts","Minty Spire (QoL Compilation)","Permanent Neow","StSLib","SuperFastMode","everything is the same but u backflip on backflip"],"gold_per_floor":[115,115,135,147,167,167,193,212,235,251,216,72,100,110,110,187,187,206,226,242,258,258,287,287,299,322,57,91,190,206,235,235,309,309,328,342,342,312,50,50,76,92,92,122,122,137,137,37,37,37],"floor_reached":51,"language":"KOR","playtime":5630,"items_purged":["Strike_G","Strike_G"],"score":1319,"play_id":"7b002ba0-8983-4db5-9aa5-d3c0ee7d607e","local_time":"20210125001040","is_ascension_mode":true,"campfire_choices":[{"floor":6.0,"key":"REST"},{"data":"Cloak And Dagger","floor":15.0,"key":"SMITH"},{"floor":24.0,"key":"REST"},{"floor":32,"key":"REST"},{"floor":40,"key":"REST"},{"floor":47,"key":"REST"},{"floor":49,"key":"REST"}],"circlet_count":0,"master_deck":["AscendersBane","Strike_G","Strike_G","Strike_G","Defend_G","Defend_G","Defend_G","Defend_G","Defend_G","Survivor","Neutralize","After Image","Blade Dance","Tactician","Corpse Explosion","Swift Strike","Accuracy","Cloak And Dagger","Outmaneuver","Die Die Die","Blade Dance","Blur","Caltrops","Storm of Steel","Cloak And Dagger+1","Adrenaline","Dagger Throw","PiercingWail","Deflect","Blur+1","Reflex","Blade Dance+1","Accuracy","Apotheosis","Blade Dance","Underhanded Strike+1","Quick Slash","Leg Sweep","After Image","Cloak And Dagger","Thinking Ahead","Accuracy","Impatience","Flying Knee+1","Backflip","Prepared","Cloak And Dagger","Infinite Blades"],"relics":["Ring of the Snake","Shuriken","Anchor","Regal Pillow","Black Star","Nunchaku","Letter Opener","MawBank","Bronze Scales","Lizard Tail","WingedGreaves","Potion Belt","Fusion Hammer","Snake Skull","Lantern","Meat on the Bone","StoneCalendar","Centennial Puzzle"],"acts_visited":["Exordium","TheCity","TheBeyond"],"potions_floor_usage":[33,33,50,50],"damage_taken":[{"damage":0.0,"enemies":"Cultist","floor":1.0,"turns":5.0},{"damage":0.0,"enemies":"2 Louse","floor":3.0,"turns":3.0},{"damage":10.0,"enemies":"Jaw Worm","floor":4.0,"turns":5.0},{"damage":6.0,"enemies":"Lots of Slimes","floor":5.0,"turns":3.0},{"damage":22.0,"enemies":"Lagavulin","floor":7.0,"turns":9.0},{"damage":10.0,"enemies":"Exordium Wildlife","floor":8.0,"turns":5.0},{"damage":9.0,"enemies":"Exordium Thugs","floor":10.0,"turns":3.0},{"damage":12.0,"enemies":"Gremlin Nob","floor":13.0,"turns":4.0},{"damage":0.0,"enemies":"Large Slime","floor":14.0,"turns":5.0},{"damage":9.0,"enemies":"Slime Boss","floor":16.0,"turns":6.0},{"damage":0.0,"enemies":"2 Thieves","floor":18.0,"turns":4.0},{"damage":4.0,"enemies":"3 Byrds","floor":19.0,"turns":4.0},{"damage":29.0,"enemies":"Cultist and Chosen","floor":20.0,"turns":8.0},{"damage":1.0,"enemies":"Centurion and Healer","floor":21.0,"turns":5.0},{"damage":7.0,"enemies":"Gremlin Leader","floor":23.0,"turns":6.0},{"damage":8.0,"enemies":"Snecko","floor":25.0,"turns":3.0},{"damage":12.0,"enemies":"Slavers","floor":28.0,"turns":2.0},{"damage":6,"enemies":"3 Cultists","floor":30,"turns":5},{"damage":16,"enemies":"Book of Stabbing","floor":31,"turns":4},{"damage":34,"enemies":"Champ","floor":33,"turns":10},{"damage":0,"enemies":"Orb Walker","floor":35,"turns":3},{"damage":1,"enemies":"3 Shapes","floor":36,"turns":5},{"damage":7,"enemies":"Reptomancer","floor":41,"turns":5},{"damage":9,"enemies":"Sphere and 2 Shapes","floor":42,"turns":6},{"damage":31,"enemies":"Giant Head","floor":44,"turns":7},{"damage":0,"enemies":"4 Shapes","floor":46,"turns":3},{"damage":67,"enemies":"Time Eater","floor":50,"turns":8}],"seed_played":"3150315747918563840","potions_obtained":[{"floor":3.0,"key":"Weak Potion"},{"floor":4.0,"key":"Ancient Potion"},{"floor":18.0,"key":"Strength Potion"},{"floor":30,"key":"Fire Potion"},{"floor":31,"key":"Regen Potion"},{"floor":33,"key":"Energy Potion"},{"floor":38,"key":"FairyPotion"},{"floor":38,"key":"Weak Potion"},{"floor":42,"key":"FearPotion"}],"is_trial":false,"path_per_floor":["M","?","M","M","M","R","E","M","T","M","?","$","E","M","R","B",null,"M","M","M","M","?","E","R","M","T","$","E","?","M","E","R","B",null,"M","M","?","?","$","R","E","M","T","E","?","M","R","$","R","B",null],"character_chosen":"THE_SILENT","items_purchased":["Caltrops","Accuracy","Apotheosis","Blade Dance","Accuracy","Impatience","Cloak And Dagger","Infinite Blades"],"campfire_rested":6,"item_purchase_floors":[12,27,27,27,39,39,48,48],"current_hp_per_floor":[63,63,63,53,47,68,46,36,36,27,44,44,32,32,32,23,58,58,54,25,24,24,17,53,45,45,45,33,33,27,11,47,28,60,60,59,59,59,59,70,63,54,54,35,35,47,70,70,70,15],"gold":37,"neow_bonus":"ONE_RANDOM_RARE_CARD","is_daily":false,"chose_seed":false,"campfire_upgraded":1,"win_rate":0.0,"timestamp":1611501040,"path_taken":["M","?","M","M","M","R","E","M","T","?","?","$","E","M","R","BOSS","M","M","M","M","?","E","R","?","T","$","E","?","M","E","R","BOSS","M","M","?","?","$","R","E","?","T","E","?","?","R","$","R","R","BOSS"],"items_purchased_type":["Card","Card","Card","Card","Card","Card","Card","Card"],"build_version":"2020-12-22","purchased_purges":2,"victory":true,"max_hp_per_floor":[70,70,70,70,70,70,70,70,70,70,70,70,70,70,70,70,70,70,70,70,70,70,70,70,70,70,70,70,70,70,70,70,70,70,70,70,70,70,70,70,70,70,70,70,70,70,70,70,70,70],"card_choices":[{"not_picked":["Backflip","Riddle With Holes"],"picked":"Blade Dance","floor":1.0},{"not_picked":["Cloak And Dagger","Dagger Throw"],"picked":"Accuracy","floor":3.0},{"not_picked":["Outmaneuver","Flying Knee"],"picked":"Cloak And Dagger","floor":4.0},{"not_picked":["Slice","Setup"],"picked":"Outmaneuver","floor":5.0},{"not_picked":["Outmaneuver","Backflip"],"picked":"Die Die Die","floor":7.0},{"not_picked":["Dodge and Roll","Heel Hook"],"picked":"Blade Dance","floor":8.0},{"not_picked":["Poisoned Stab","Acrobatics"],"picked":"Blur","floor":10.0},{"not_picked":["Eviscerate","Outmaneuver"],"picked":"Storm of Steel","floor":13.0},{"not_picked":["Outmaneuver","Dagger Spray"],"picked":"Cloak And Dagger","floor":14.0},{"not_picked":["Grand Finale","Doppelganger"],"picked":"Adrenaline","floor":16.0},{"not_picked":["PiercingWail","Bane"],"picked":"Dagger Throw","floor":18.0},{"not_picked":["Night Terror","Dagger Spray"],"picked":"PiercingWail","floor":19.0},{"not_picked":["PiercingWail","Prepared"],"picked":"Deflect","floor":20.0},{"not_picked":["Well Laid Plans","Backflip"],"picked":"Blur+1","floor":21.0},{"not_picked":["Dodge and Roll","Prepared"],"picked":"Reflex","floor":23.0},{"not_picked":["Corpse Explosion","Bane"],"picked":"Blade Dance+1","floor":25.0},{"not_picked":["Dagger Spray","Dagger Throw"],"picked":"Underhanded Strike+1","floor":28.0},{"not_picked":["Blade Dance","Deadly Poison"],"picked":"Quick Slash","floor":30},{"not_picked":["Poisoned Stab","Predator"],"picked":"Leg Sweep","floor":31},{"not_picked":["Wraith Form v2","Phantasmal Killer"],"picked":"After Image","floor":33},{"not_picked":["Skewer","Prepared","Deadly Poison"],"picked":"SKIP","floor":35},{"not_picked":["Dodge and Roll","Poisoned Stab"],"picked":"Cloak And Dagger","floor":36},{"not_picked":["The Bomb","Transmutation"],"picked":"Thinking Ahead","floor":37},{"not_picked":["Slice","Acrobatics"],"picked":"Flying Knee+1","floor":41},{"not_picked":["Bane","Endless Agony","Flying Knee"],"picked":"SKIP","floor":42},{"not_picked":["Endless Agony","Deadly Poison"],"picked":"Backflip","floor":44},{"not_picked":["Heel Hook","PiercingWail"],"picked":"Prepared","floor":46}],"player_experience":283831,"relics_obtained":[{"floor":7.0,"key":"Shuriken"},{"floor":9.0,"key":"Anchor"},{"floor":13.0,"key":"Regal Pillow"},{"floor":23.0,"key":"Nunchaku"},{"floor":23.0,"key":"Letter Opener"},{"floor":26.0,"key":"MawBank"},{"floor":28.0,"key":"Bronze Scales"},{"floor":28.0,"key":"Lizard Tail"},{"floor":31,"key":"WingedGreaves"},{"floor":31,"key":"Potion Belt"},{"floor":41,"key":"Snake Skull"},{"floor":41,"key":"Lantern"},{"floor":43,"key":"Meat on the Bone"},{"floor":44,"key":"StoneCalendar"},{"floor":44,"key":"Centennial Puzzle"}],"event_choices":[{"damage_healed":0.0,"max_hp_gain":0.0,"max_hp_loss":0.0,"gold_gain":0.0,"event_name":"Match and Keep!","player_choice":"3 cards matched","floor":2.0,"gold_loss":0.0,"damage_taken":0.0,"cards_obtained":["Tactician","Corpse Explosion","Swift Strike"]},{"damage_healed":17.0,"max_hp_gain":0.0,"max_hp_loss":0.0,"gold_gain":0.0,"event_name":"The Cleric","player_choice":"Healed","floor":11.0,"gold_loss":35.0,"damage_taken":0.0},{"damage_healed":0.0,"max_hp_gain":0.0,"max_hp_loss":0.0,"gold_gain":0.0,"event_name":"Lab","player_choice":"Got Potions","floor":22.0,"gold_loss":0.0,"damage_taken":0.0},{"damage_healed":0.0,"max_hp_gain":0.0,"max_hp_loss":0.0,"gold_gain":99.0,"event_name":"Nest","player_choice":"Stole From Cult","floor":29.0,"gold_loss":0.0,"damage_taken":0.0},{"damage_healed":0,"gold_gain":0,"player_choice":"Memory 1","damage_taken":0,"max_hp_gain":0,"max_hp_loss":0,"event_name":"SensoryStone","floor":37,"gold_loss":0},{"damage_healed":0,"gold_gain":0,"player_choice":"Bought 2 Potions","damage_taken":0,"max_hp_gain":0,"max_hp_loss":0,"event_name":"The Woman in Blue","floor":38,"gold_loss":0},{"damage_healed":0,"gold_gain":0,"player_choice":"Ignored","damage_taken":0,"max_hp_gain":0,"max_hp_loss":0,"event_name":"SecretPortal","floor":45,"gold_loss":0}],"is_beta":false,"boss_relics":[{"not_picked":["Ectoplasm","Snecko Eye"],"picked":"Black Star"},{"not_picked":["SacredBark","Empty Cage"],"picked":"Fusion Hammer"}],"items_purged_floors":[12,39],"is_endless":false,"potions_floor_spawned":[3,4,5,7,10,18,30,31,33,41,42,46],"ascension_level":13}}