{"host":"vzugls1u57eppbds","time":1611504535,"event":{"mods":["AchievementEnabler","BaseMod","Better Third Choice","Ironclad Rager","Minty Spire (QoL Compilation)","Relic Stats","Shop Mod","StSLib"],"gold_per_floor":[109,109,158,48,68,68,93,110,110,131,131,231,77,91,91,190,190,206,218,218,238,67,99,109,109,134,134,160,174,193,193,193,289,289,308,209,222,322,143,143,158,158,182,182,182,199,228,0,0,0,0],"floor_reached":50,"language":"ENG","playtime":1610,"items_purged":["Strike_P"],"score":826,"play_id":"38ee393d-8ebb-4a71-a38e-497b66ff327e","local_time":"20210124170855","is_ascension_mode":true,"campfire_choices":[{"data":"EmptyFist","floor":6,"key":"SMITH"},{"floor":11,"key":"REST"},{"floor":15,"key":"REST"},{"data":"Nirvana","floor":25,"key":"SMITH"},{"floor":32,"key":"REST"},{"floor":40,"key":"RECALL"},{"data":"Apotheosis","floor":45,"key":"SMITH"},{"floor":49,"key":"REST"}],"circlet_count":0,"master_deck":["Strike_P+1","Strike_P","Defend_P+1","Defend_P","Defend_P","Defend_P","Eruption","Vigilance","Weave+1","Nirvana+1","Weave","EmptyFist+1","CutThroughFate","CutThroughFate","Vault","Consecrate","EmptyBody","CutThroughFate+1","Finesse+1","Wireheading","CutThroughFate+1","CutThroughFate+1","ThirdEye+1","Consecrate+1","FlurryOfBlows+1","JustLucky+1","Apotheosis+1","JustLucky+1","FlurryOfBlows+1"],"relics":["PureWater","Bag of Marbles","Happy Flower","Omamori","Bronze Scales","Odd Mushroom","Akabeko","Calling Bell","Tiny Chest","Meat on the Bone","Unceasing Top","Molten Egg 2","War Paint","MealTicket","Strawberry","Question Card","VioletLotus","Kunai","Pear","Bottled Tornado","Red Mask"],"acts_visited":["Exordium","TheCity","TheBeyond"],"potions_floor_usage":[16,23,23,33,41,47,50,50],"damage_taken":[{"damage":2,"enemies":"Small Slimes","floor":1,"turns":4},{"damage":2,"enemies":"Jaw Worm","floor":5,"turns":5},{"damage":27,"enemies":"Gremlin Nob","floor":7,"turns":4},{"damage":0,"enemies":"Cultist","floor":8,"turns":2},{"damage":10,"enemies":"The Mushroom Lair","floor":10,"turns":4},{"damage":0,"enemies":"Blue Slaver","floor":14,"turns":1},{"damage":0,"enemies":"Slime Boss","floor":16,"turns":1},{"damage":6,"enemies":"Shell Parasite","floor":18,"turns":4},{"damage":22,"enemies":"2 Thieves","floor":19,"turns":3},{"damage":4,"enemies":"Snake Plant","floor":21,"turns":2},{"damage":0,"enemies":"Slavers","floor":23,"turns":2},{"damage":7,"enemies":"Cultist and Chosen","floor":24,"turns":4},{"damage":0,"enemies":"Gremlin Leader","floor":28,"turns":2},{"damage":0,"enemies":"3 Cultists","floor":29,"turns":5},{"damage":5,"enemies":"Shelled Parasite and Fungi","floor":30,"turns":3},{"damage":0,"enemies":"Champ","floor":33,"turns":2},{"damage":3,"enemies":"Orb Walker","floor":35,"turns":2},{"damage":8,"enemies":"3 Shapes","floor":37,"turns":4},{"damage":17,"enemies":"Maw","floor":41,"turns":7},{"damage":0,"enemies":"Spire Growth","floor":46,"turns":2},{"damage":0,"enemies":"Giant Head","floor":47,"turns":7},{"damage":102,"enemies":"Time Eater","floor":50,"turns":9}],"seed_played":"6457328690309090382","potions_obtained":[{"floor":8,"key":"BlessingOfTheForge"},{"floor":10,"key":"Strength Potion"},{"floor":16,"key":"Strength Potion"},{"floor":21,"key":"Ambrosia"},{"floor":23,"key":"Block Potion"},{"floor":29,"key":"Weak Potion"},{"floor":33,"key":"BlessingOfTheForge"},{"floor":41,"key":"ColorlessPotion"}],"is_trial":false,"path_per_floor":["M","?","T","$","M","R","E","M","T","?","R","?","$","M","R","B",null,"M","M","T","M","$","E","M","R","T","?","E","M","M","T","R","B",null,"M","$","M","?","$","R","M","T","T","T","R","M","E","?","R","B"],"character_chosen":"WATCHER","items_purchased":["Nirvana","Weave","Akabeko","Finesse","Wireheading","JustLucky+1","Apotheosis"],"campfire_rested":4,"item_purchase_floors":[4,4,13,22,22,36,39],"current_hp_per_floor":[70,56,56,56,54,54,27,27,27,17,38,38,38,38,59,59,72,66,44,44,40,40,40,45,45,45,45,52,52,47,47,70,70,79,76,79,71,71,79,79,62,62,62,72,72,72,72,72,89,0,0],"gold":0,"neow_bonus":"RANDOM_COMMON_RELIC","is_daily":false,"chose_seed":false,"campfire_upgraded":3,"win_rate":0.0,"timestamp":1611504535,"path_taken":["M","?","?","$","?","R","E","M","T","?","R","?","$","M","R","BOSS","M","M","?","M","$","E","M","R","T","?","E","?","M","?","R","BOSS","M","$","M","?","?","R","M","?","T","?","R","?","E","?","R","BOSS"],"items_purchased_type":["Card","Card","Relic","Card","Card","Card","Card"],"build_version":"2020-12-22","purchased_purges":1,"victory":false,"max_hp_per_floor":[72,72,72,72,72,72,72,72,72,72,72,72,72,72,72,72,72,72,72,72,72,72,72,72,72,72,72,79,79,79,79,79,79,79,79,79,79,79,79,79,79,79,79,89,89,89,89,89,89,89,89],"relic_stats":{"Happy Flower":[25],"counters":[22,79],"Bronze Scales":[119],"Tiny Chest":2,"MealTicket":11,"VioletLotus":[1],"Kunai":[25],"War Paint":["Finesse","Defend_P"],"Question Card":6,"obtain_stats":[{"Pear":44,"Happy Flower":3,"Omamori":7,"Odd Mushroom":10,"War Paint":23,"Bottled Tornado":47,"Question Card":31,"Akabeko":13,"Calling Bell":17,"Bronze Scales":9,"Strawberry":28,"Tiny Chest":17,"Molten Egg 2":20,"MealTicket":26,"VioletLotus":34,"Bag of Marbles":0,"Red Mask":48,"Kunai":42,"PureWater":0,"Unceasing Top":17,"Meat on the Bone":17},{"Pear":19,"Happy Flower":1,"Omamori":3,"Odd Mushroom":5,"War Paint":11,"Bottled Tornado":21,"Question Card":15,"Akabeko":5,"Calling Bell":7,"Bronze Scales":4,"Strawberry":13,"Tiny Chest":7,"Molten Egg 2":9,"MealTicket":12,"VioletLotus":16,"Bag of Marbles":0,"Red Mask":21,"Kunai":19,"PureWater":0,"Unceasing Top":7,"Meat on the Bone":7},{"Pear":61,"Happy Flower":4,"Omamori":13,"Odd Mushroom":19,"War Paint":32,"Bottled Tornado":70,"Question Card":46,"Akabeko":19,"Calling Bell":21,"Bronze Scales":15,"Strawberry":38,"Tiny Chest":21,"Molten Egg 2":28,"MealTicket":36,"VioletLotus":48,"Bag of Marbles":0,"Red Mask":70,"Kunai":61,"PureWater":0,"Unceasing Top":21,"Meat on the Bone":21}],"Unceasing Top":[12],"Meat on the Bone":12},"card_choices":[{"not_picked":["Prostrate","FlyingSleeves"],"picked":"Weave","floor":1},{"not_picked":["BattleHymn","LikeWater"],"picked":"EmptyFist","floor":5},{"not_picked":["BowlingBash","SashWhip"],"picked":"CutThroughFate","floor":7},{"not_picked":["Meditate","CarveReality","WindmillStrike"],"picked":"SKIP","floor":8},{"not_picked":["FollowUp","DeceiveReality"],"picked":"CutThroughFate","floor":10},{"not_picked":["WaveOfTheHand","Halt","Prostrate"],"picked":"SKIP","floor":14},{"not_picked":["Establishment","Omniscience"],"picked":"Vault","floor":16},{"not_picked":["Evaluate","Sanctity"],"picked":"Consecrate","floor":18},{"not_picked":["Protect+1","SashWhip+1"],"picked":"EmptyBody","floor":19},{"not_picked":["Consecrate+1","Nirvana+1"],"picked":"CutThroughFate+1","floor":21},{"not_picked":["SashWhip+1","Judgement"],"picked":"CutThroughFate+1","floor":23},{"not_picked":["SashWhip+1","FlyingSleeves+1"],"picked":"CutThroughFate+1","floor":24},{"not_picked":["FollowUp+1","WindmillStrike+1"],"picked":"ThirdEye+1","floor":28},{"not_picked":["EmptyBody","Meditate","FlyingSleeves+1"],"picked":"SKIP","floor":29},{"not_picked":["Judgement","EmptyFist+1"],"picked":"Consecrate+1","floor":30},{"not_picked":["LikeWater","Halt","CutThroughFate+1"],"picked":"FlurryOfBlows+1","floor":35},{"not_picked":["SandsOfTime+1","FlyingSleeves+1","Indignation","PathToVictory+1"],"picked":"SKIP","floor":37},{"not_picked":["EmptyFist+1","Consecrate+1","Crescendo"],"picked":"JustLucky+1","floor":41},{"not_picked":["EmptyFist+1","WindmillStrike+1","SashWhip+1","Crescendo+1"],"picked":"SKIP","floor":46},{"not_picked":["PathToVictory+1","BattleHymn+1","CutThroughFate+1"],"picked":"FlurryOfBlows+1","floor":47}],"player_experience":243522,"relics_obtained":[{"floor":3,"key":"Happy Flower"},{"floor":7,"key":"Omamori"},{"floor":9,"key":"Bronze Scales"},{"floor":10,"key":"Odd Mushroom"},{"floor":17,"key":"Tiny Chest"},{"floor":17,"key":"Meat on the Bone"},{"floor":17,"key":"Unceasing Top"},{"floor":20,"key":"Molten Egg 2"},{"floor":23,"key":"War Paint"},{"floor":26,"key":"MealTicket"},{"floor":28,"key":"Strawberry"},{"floor":31,"key":"Question Card"},{"floor":42,"key":"Kunai"},{"floor":44,"key":"Pear"},{"floor":47,"key":"Bottled Tornado"}],"event_choices":[{"damage_healed":70,"gold_gain":0,"player_choice":"Upgrade","damage_taken":14,"max_hp_gain":0,"max_hp_loss":72,"event_name":"betterThird:BetterShining","floor":2,"gold_loss":0,"cards_upgraded":["Weave","Strike_P"]},{"damage_healed":0,"gold_gain":0,"player_choice":"Fought Mushrooms","damage_taken":0,"max_hp_gain":0,"max_hp_loss":0,"event_name":"Mushrooms","floor":10,"gold_loss":0},{"damage_healed":0,"gold_gain":100,"player_choice":"Pray","damage_taken":0,"max_hp_gain":0,"max_hp_loss":0,"event_name":"Golden Shrine","floor":12,"gold_loss":0},{"cards_removed":["Strike_P"],"damage_healed":0,"gold_gain":0,"player_choice":"Offered Basic","damage_taken":0,"max_hp_gain":0,"max_hp_loss":0,"event_name":"Bonfire Elementals","floor":27,"gold_loss":0},{"damage_healed":0,"gold_gain":100,"player_choice":"Pray","damage_taken":0,"max_hp_gain":0,"max_hp_loss":0,"event_name":"Golden Shrine","floor":38,"gold_loss":0},{"damage_healed":0,"gold_gain":0,"player_choice":"Paid","damage_taken":0,"relics_obtained":["Red Mask"],"max_hp_gain":0,"max_hp_loss":0,"event_name":"Tomb of Lord Red Mask","floor":48,"gold_loss":228}],"is_beta":false,"boss_relics":[{"not_picked":["Sozu","Pandora\u0027s Box"],"picked":"Calling Bell"},{"not_picked":["Astrolabe","Velvet Choker"],"picked":"VioletLotus"}],"items_purged_floors":[36],"is_endless":false,"potions_floor_spawned":[8,10,16,21,23,29,33,35,41],"killed_by":"Time Eater","ascension_level":2}}