{"host":"swphzoo6hmc78epl","time":1611448935,"event":{"mods":["BaseMod","Highlight Path","Minty Spire (QoL Compilation)","Quick Restart"],"gold_per_floor":[112,287,302,150,170,170,185,199,273,273,348,362,362,372,372,471,471,485,485,385,484,72,404,422,422,445,457,457],"floor_reached":27,"language":"ENG","playtime":939,"items_purged":["Doubt","Strike_P"],"score":304,"play_id":"594b344e-195f-44b2-b1f5-1dcfad9b2ed1","local_time":"20210123194215","is_ascension_mode":true,"campfire_choices":[{"data":"LessonLearned","floor":6,"key":"SMITH"},{"data":"ForeignInfluence","floor":10,"key":"SMITH"},{"data":"TalkToTheHand","floor":15,"key":"SMITH"}],"circlet_count":0,"master_deck":["Strike_P+1","Strike_P+1","Defend_P","Defend_P","Defend_P","Defend_P+1","Eruption","Vigilance+1","JustLucky","CutThroughFate","LessonLearned+1","SashWhip","ForeignInfluence+1","Wallop+1","TalkToTheHand+1","DeceiveReality","MasterReality","CurseOfTheBell","LikeWater","Consecrate"],"relics":["PureWater","Tiny Chest","Darkstone Periapt","Calling Bell","Pen Nib","Eternal Feather","FossilizedHelix","Potion Belt","Matryoshka","Vajra","Old Coin","MawBank","Ancient Tea Set"],"acts_visited":["Exordium","TheCity"],"potions_floor_usage":[8,16,16,27,27],"damage_taken":[{"damage":0,"enemies":"2 Louse","floor":1,"turns":3},{"damage":0,"enemies":"Jaw Worm","floor":3,"turns":2},{"damage":1,"enemies":"Small Slimes","floor":5,"turns":4},{"damage":0,"enemies":"Blue Slaver","floor":7,"turns":4},{"damage":0,"enemies":"Exordium Thugs","floor":8,"turns":1},{"damage":0,"enemies":"Looter","floor":12,"turns":2},{"damage":0,"enemies":"Blue Slaver","floor":14,"turns":2},{"damage":13,"enemies":"The Guardian","floor":16,"turns":7},{"damage":8,"enemies":"2 Thieves","floor":18,"turns":4},{"damage":17,"enemies":"Book of Stabbing","floor":23,"turns":8},{"damage":0,"enemies":"Chosen","floor":24,"turns":5},{"damage":52,"enemies":"Gremlin Leader","floor":27,"turns":5}],"seed_played":"1360648084103705128","potions_obtained":[{"floor":1,"key":"SteroidPotion"},{"floor":7,"key":"EssenceOfSteel"},{"floor":8,"key":"Strength Potion"},{"floor":14,"key":"DuplicationPotion"},{"floor":23,"key":"DuplicationPotion"},{"floor":24,"key":"LiquidBronze"}],"is_trial":false,"path_per_floor":["M","?","M","$","M","R","M","M","T","R","?","M","?","M","R","B",null,"M","T","$","?","$","E","M","?","T","E"],"character_chosen":"WATCHER","items_purchased":["LessonLearned","Matryoshka","Vajra"],"campfire_rested":0,"item_purchase_floors":[4,22,22],"current_hp_per_floor":[72,72,72,72,71,71,71,71,71,71,60,60,46,46,46,33,68,60,60,60,60,60,43,43,43,43,0,0],"gold":457,"neow_bonus":"RANDOM_COMMON_RELIC","is_daily":false,"chose_seed":false,"campfire_upgraded":3,"win_rate":0.0,"timestamp":1611448935,"path_taken":["M","?","M","$","M","R","M","M","T","R","?","M","?","M","R","BOSS","M","?","$","?","$","E","M","?","T","E"],"items_purchased_type":["Card","Relic","Relic"],"build_version":"2020-12-22","purchased_purges":2,"victory":false,"max_hp_per_floor":[72,72,72,72,72,72,72,72,72,72,72,72,72,72,72,72,78,78,78,78,78,78,78,78,78,78,78,78],"card_choices":[{"not_picked":["EmptyMind","Halt"],"picked":"JustLucky","floor":1},{"not_picked":["Pray","Protect"],"picked":"CutThroughFate","floor":3},{"not_picked":["Swivel","Study"],"picked":"SashWhip","floor":5},{"not_picked":["BattleHymn","SashWhip"],"picked":"ForeignInfluence","floor":7},{"not_picked":["Prostrate","FlyingSleeves"],"picked":"Wallop","floor":8},{"not_picked":["LikeWater","FlurryOfBlows"],"picked":"TalkToTheHand","floor":12},{"not_picked":["WaveOfTheHand","Adaptation"],"picked":"DeceiveReality","floor":14},{"not_picked":["Judgement","Devotion"],"picked":"MasterReality","floor":16},{"not_picked":["ThirdEye","PathToVictory"],"picked":"LikeWater","floor":18},{"not_picked":["InnerPeace","Pray+1","SignatureMove"],"picked":"SKIP","floor":23},{"not_picked":["MentalFortress","DeceiveReality+1"],"picked":"Consecrate","floor":24}],"player_experience":815701,"relics_obtained":[{"floor":9,"key":"Darkstone Periapt"},{"floor":17,"key":"Pen Nib"},{"floor":17,"key":"Eternal Feather"},{"floor":17,"key":"FossilizedHelix"},{"floor":19,"key":"Potion Belt"},{"floor":23,"key":"Old Coin"},{"floor":26,"key":"MawBank"},{"floor":26,"key":"Ancient Tea Set"}],"event_choices":[{"damage_healed":0,"gold_gain":175,"player_choice":"AGREE","damage_taken":0,"max_hp_gain":0,"max_hp_loss":0,"event_name":"Liars Game","floor":2,"gold_loss":0,"cards_obtained":["Doubt"]},{"damage_healed":0,"gold_gain":75,"player_choice":"Gather Gold","damage_taken":11,"max_hp_gain":0,"max_hp_loss":0,"event_name":"World of Goop","floor":11,"gold_loss":0},{"damage_healed":0,"gold_gain":0,"player_choice":"Entered Light","damage_taken":14,"max_hp_gain":0,"max_hp_loss":0,"event_name":"Shining Light","floor":13,"gold_loss":0,"cards_upgraded":["Strike_P","Wallop"]},{"damage_healed":0,"gold_gain":99,"player_choice":"Stole From Cult","damage_taken":0,"max_hp_gain":0,"max_hp_loss":0,"event_name":"Nest","floor":21,"gold_loss":0},{"cards_removed":["Strike_P"],"damage_healed":0,"gold_gain":0,"player_choice":"Elegance","damage_taken":0,"max_hp_gain":0,"max_hp_loss":0,"event_name":"Back to Basics","floor":25,"gold_loss":0}],"is_beta":false,"boss_relics":[{"not_picked":["Fusion Hammer","SlaversCollar"],"picked":"Calling Bell"}],"items_purged_floors":[4,20],"is_endless":false,"potions_floor_spawned":[1,7,8,14,23,24],"killed_by":"Gremlin Leader","ascension_level":5}}