{"host":"refsn2q8at3dn95k","time":1611514821,"event":{"mods":["BaseMod","Hubris","Infinite Spire","Minty Spire (QoL Compilation)","Replay The Spire","StSLib","The Jungle"],"gold_per_floor":[114,134,144,169,169,169,198,210,222,234,246,258,304,333,345,458,470,493,505,517,517],"floor_reached":20,"language":"ENG","playtime":1568,"items_purged":[],"score":189,"play_id":"7ac62d25-037a-4f74-959a-e2de5846dfa4","local_time":"20210124130021","is_ascension_mode":true,"campfire_choices":[{"floor":6,"key":"REST"},{"floor":8,"key":"REST"},{"floor":12,"key":"REST"},{"floor":15,"key":"REST"}],"circlet_count":0,"master_deck":["Barricade+1","Strike_B","Strike_B","Strike_B","Strike_B","Defend_B","Defend_B","Defend_B","Defend_B","Zap","Dualcast","Melter","Ball Lightning","Time Bomb","infinitespire:SevenWalls","Consume","Creative AI","Injury","Vigilance","Electrodynamics","Bandage Up","infinitespire:Gouge","Self Repair"],"relics":["Sozu","Counterbalance","MawBank","TungstenRod","infinitespire:Freezer","ReplayTheSpireMod:SealedPack","hubris:BottledHeart"],"acts_visited":["Exordium","TheCity"],"potions_floor_usage":[],"damage_taken":[{"damage":0,"enemies":"Cultist","floor":1,"turns":4},{"damage":6,"enemies":"Jaw Worm","floor":2,"turns":4},{"damage":0,"enemies":"2 Louse","floor":3,"turns":4},{"damage":13,"enemies":"3 Sentries","floor":7,"turns":6},{"damage":25,"enemies":"Gremlin Nob","floor":13,"turns":5},{"damage":7,"enemies":"Exordium Wildlife","floor":14,"turns":5},{"damage":27,"enemies":"Slime Boss","floor":16,"turns":9},{"damage":20,"enemies":"3 Byrds","floor":18,"turns":5},{"damage":6,"enemies":"Masked Bandits","floor":20,"turns":3}],"seed_played":"2906324276541047856","potions_obtained":[],"is_trial":false,"path_per_floor":["M","M","M","?","?","R","E","R","T","$","$","R","E","M","R","B",null,"M","?","?"],"character_chosen":"DEFECT","items_purchased":[],"campfire_rested":4,"item_purchase_floors":[],"current_hp_per_floor":[75,69,69,39,21,43,30,52,52,52,52,74,49,42,64,37,75,59,1,0,0],"gold":517,"neow_bonus":"BOSS_RELIC","is_daily":false,"chose_seed":false,"campfire_upgraded":0,"win_rate":0.0,"timestamp":1611514821,"path_taken":["M","?","M","?","?","R","E","R","T","?","$","R","E","M","R","BOSS","M","?","?"],"items_purchased_type":[],"build_version":"2020-12-22","purchased_purges":0,"victory":false,"max_hp_per_floor":[75,75,75,75,75,75,75,75,75,75,75,75,75,75,75,75,75,75,1,1,1],"card_choices":[{"not_picked":["Panic Button","Cold Snap","Sweeping Beam"],"picked":"SKIP","floor":1},{"not_picked":["Hologram","Heatsinks"],"picked":"Melter","floor":2},{"not_picked":["Stack","Rebound"],"picked":"Ball Lightning","floor":3},{"not_picked":["Rebound","Heatsinks"],"picked":"Time Bomb","floor":4},{"not_picked":["infinitespire:Collect","infinitespire:Menacing"],"picked":"infinitespire:SevenWalls","floor":5},{"not_picked":["Fission","Beam Cell","Compile Driver"],"picked":"SKIP","floor":7},{"not_picked":["Beam Cell","FTL"],"picked":"Consume","floor":13},{"not_picked":["Ball Lightning","ReplaySolidLightProjector","Multi-Cast"],"picked":"SKIP","floor":14},{"not_picked":["ReplayRNGCard","hubris:Prefetch"],"picked":"Creative AI","floor":16},{"not_picked":["Dualcast","Eruption"],"picked":"Vigilance","floor":17},{"not_picked":["Seek","Hyperbeam"],"picked":"Electrodynamics","floor":17},{"not_picked":["ReplayTheSpireMod:Trickstab","Dark Shackles"],"picked":"Bandage Up","floor":17},{"not_picked":["ReplayTheSpireMod:??????????????????????","hubris:InfiniteBlow"],"picked":"infinitespire:Gouge","floor":17},{"not_picked":["ReplayTheSpireMod:System Scan","Ball Lightning+1"],"picked":"Self Repair","floor":18}],"player_experience":1705475,"relics_obtained":[{"floor":4,"key":"Counterbalance"},{"floor":7,"key":"MawBank"},{"floor":9,"key":"TungstenRod"},{"floor":13,"key":"infinitespire:Freezer"}],"event_choices":[{"damage_healed":0,"gold_gain":0,"player_choice":"Fought Bandits","damage_taken":0,"max_hp_gain":0,"max_hp_loss":0,"event_name":"Masked Bandits","floor":20,"gold_loss":0}],"is_beta":false,"boss_relics":[{"not_picked":["ChewingGum","Runic Pyramid"],"picked":"ReplayTheSpireMod:SealedPack"}],"items_purged_floors":[],"is_endless":false,"potions_floor_spawned":[14],"killed_by":"Masked Bandits","ascension_level":1}}