{"host":"zqowyf7xxb4s9ib0","time":1611529254,"event":{"mods":["BaseMod","Better Note","Colored Map","Colored Powertips","Downfall","Highlight Path","Minty Spire (QoL Compilation)","Permanent Neow","Quick Restart","StSLib"],"gold_per_floor":[99,117,133,146,146,146,171,321,340,58,58,58,92,103,123,123,123,123],"floor_reached":16,"language":"ENG","playtime":1611,"items_purged":[],"score":102,"play_id":"2775d7a2-4727-4f10-8c18-2804bf12c85d","local_time":"20210124150054","is_ascension_mode":false,"campfire_choices":[{"data":"champ:Taunt","floor":1,"key":"SMITH"},{"data":"champ:TripleStrike","floor":12,"key":"SMITH"}],"circlet_count":0,"master_deck":["champ:Strike","champ:Strike","champ:Strike+1","champ:Defend","champ:Defend","champ:Defend","champ:Defend","champ:Execute+1","champ:Taunt+1","champ:BerserkersShout","champ:CalledShot","champ:GutPunch","champ:FaceSlap","champ:TripleStrike+1","champ:StanceDance","champ:DefensiveStyle","champ:Haymaker","champ:Encircle","champ:BringItOn"],"relics":["champ:ChampionCrown","champ:DefensiveTrainingManual","Oddly Smooth Stone","Pocketwatch"],"acts_visited":["Exordium"],"potions_floor_usage":[],"damage_taken":[{"damage":10,"enemies":"Small Slimes","floor":2,"turns":3},{"damage":20,"enemies":"Cultist","floor":3,"turns":3},{"damage":28,"enemies":"Jaw Worm","floor":4,"turns":4},{"damage":59,"enemies":"Exordium Thugs","floor":9,"turns":6},{"damage":25,"enemies":"downfall:FleeingMerchant","floor":10,"turns":4},{"damage":37,"enemies":"3 Sentries","floor":13,"turns":5},{"damage":45,"enemies":"Large Slime","floor":14,"turns":7},{"damage":11,"enemies":"3 Louse","floor":15,"turns":2},{"damage":23,"enemies":"IC_STATUS_ARCHETYPE","floor":16,"turns":4}],"seed_played":"1455053719199259172","potions_obtained":[{"floor":2,"key":"Dexterity Potion"},{"floor":4,"key":"sneckomod:MuddlingPotion"},{"floor":9,"key":"Dexterity Potion"}],"is_trial":false,"path_per_floor":["R","M","M","M","?","?","T","?","M","$","?","R","E","M","M","B"],"character_chosen":"THE_CHAMP","items_purchased":["Oddly Smooth Stone","champ:StanceDance","champ:DefensiveStyle"],"campfire_rested":0,"item_purchase_floors":[10,10,10],"current_hp_per_floor":[90,90,90,82,82,82,82,82,53,48,48,48,36,24,23,0,0,0],"gold":123,"neow_bonus":"RANDOM_COMMON_RELIC","is_daily":false,"chose_seed":false,"campfire_upgraded":2,"win_rate":0.0,"timestamp":1611529254,"path_taken":["R","M","M","M","?","?","T","?","?","$","?","R","E","M","M","BOSS"],"items_purchased_type":["Relic","Card","Card"],"build_version":"2020-12-22","purchased_purges":0,"victory":false,"max_hp_per_floor":[90,90,90,90,90,90,90,90,90,90,90,90,90,90,90,90,90,90],"card_choices":[{"not_picked":["champ:Lariat","champ:FanOfKnives"],"picked":"champ:BerserkersShout","floor":2},{"not_picked":["champ:HeartStrike","champ:BerserkersShout"],"picked":"champ:CalledShot","floor":3},{"not_picked":["champ:Endure","champ:DefensiveShout"],"picked":"champ:GutPunch","floor":4},{"not_picked":["champ:CrookedStrike","champ:BerserkerStyle"],"picked":"champ:FaceSlap","floor":9},{"not_picked":["champ:BladeFlurry","champ:CalledShot"],"picked":"champ:TripleStrike","floor":10},{"not_picked":["champ:Shatter","champ:FalseCounter"],"picked":"champ:Haymaker","floor":13},{"not_picked":["champ:PreciseThrust","champ:FlashCut"],"picked":"champ:Encircle","floor":14},{"not_picked":["champ:DefensiveStyle","champ:Haymaker"],"picked":"champ:BringItOn","floor":15}],"player_experience":494784,"relics_obtained":[{"floor":7,"key":"champ:DefensiveTrainingManual"},{"floor":13,"key":"Pocketwatch"}],"event_choices":[{"cards_removed":["champ:Strike"],"damage_healed":0,"gold_gain":0,"player_choice":"Card Removal","damage_taken":0,"max_hp_gain":0,"max_hp_loss":0,"event_name":"The Cleric","floor":5,"gold_loss":0}],"is_beta":false,"boss_relics":[],"items_purged_floors":[],"is_endless":false,"potions_floor_spawned":[2,4,9,14],"killed_by":"IC_STATUS_ARCHETYPE","ascension_level":0}}