{"host":"cjhtzh7tp54jdfyv","time":1611472551,"event":{"mods":["AchievementEnabler","BaseMod","Colored Map","Colored Powertips","Curses Come First","DeckTracker","Filter the Spire","Minty Spire (QoL Compilation)","RNG Fix","Relic Sorter","Relic Stats","StSLib","UnlockEverythingMod","ojb\u0027s Better Paths Mod","ojb\u0027s Info Mod"],"gold_per_floor":[116,134,134,151,151,151,185,196,196,227,243,96,123,123,123,123,123],"floor_reached":16,"language":"ENG","playtime":1485,"items_purged":["Defend_G"],"score":240,"play_id":"9b5b1654-439f-4246-9c24-86b1dbb27b9e","local_time":"20210124021551","is_ascension_mode":true,"campfire_choices":[{"data":"Venomology","floor":6.0,"key":"SMITH"},{"floor":15,"key":"REST"}],"circlet_count":0,"master_deck":["AscendersBane","Strike_G","Strike_G","Strike_G","Defend_G","Defend_G","Defend_G","Survivor","Neutralize","Venomology+1","Dagger Throw","Slice","Bane","Underhanded Strike","Poisoned Stab","Discovery","Bullet Time"],"relics":["Ring of the Snake","Smiling Mask","Ornamental Fan","Mercury Hourglass"],"acts_visited":["Exordium"],"potions_floor_usage":[13,16,16,16,16,16],"damage_taken":[{"damage":0.0,"enemies":"Small Slimes","floor":1.0,"turns":5.0},{"damage":1.0,"enemies":"Cultist","floor":2.0,"turns":4.0},{"damage":0.0,"enemies":"2 Louse","floor":4.0,"turns":4.0},{"damage":25.0,"enemies":"3 Sentries","floor":7.0,"turns":9.0},{"damage":1.0,"enemies":"Large Slime","floor":8.0,"turns":3.0},{"damage":10.0,"enemies":"Lagavulin","floor":10.0,"turns":8.0},{"damage":0,"enemies":"2 Fungi Beasts","floor":11,"turns":3},{"damage":4,"enemies":"Gremlin Nob","floor":13,"turns":3},{"damage":37,"enemies":"Slime Boss","floor":16,"turns":9}],"seed_played":"1547074451722510412","potions_obtained":[{"floor":1.0,"key":"Explosive Potion"},{"floor":2.0,"key":"GhostInAJar"},{"floor":10.0,"key":"Energy Potion"},{"floor":11,"key":"FearPotion"}],"is_trial":false,"path_per_floor":["M","M","?","M","?","R","E","M","T","E","M","$","E","?","R","B"],"character_chosen":"THE_SILENT","items_purchased":["Discovery"],"campfire_rested":1,"item_purchase_floors":[12],"current_hp_per_floor":[59,58,51,51,51,51,26,25,25,15,15,15,11,11,29,0,0],"gold":123,"neow_bonus":"THREE_RARE_CARDS","is_daily":false,"chose_seed":false,"campfire_upgraded":1,"win_rate":0.0,"timestamp":1611472551,"path_taken":["M","M","?","M","?","R","E","M","T","E","M","$","E","?","R","BOSS"],"items_purchased_type":["Card"],"build_version":"2020-12-22","purchased_purges":1,"victory":false,"max_hp_per_floor":[60,60,60,60,60,60,60,60,60,60,60,60,60,60,60,60,60],"relic_stats":{"counters":[9,48],"Ornamental Fan":[32],"Smiling Mask":25,"obtain_stats":[{"Ornamental Fan":10,"Smiling Mask":7,"Ring of the Snake":0,"Mercury Hourglass":13},{"Ornamental Fan":6,"Smiling Mask":4,"Ring of the Snake":0,"Mercury Hourglass":8},{"Ornamental Fan":33,"Smiling Mask":22,"Ring of the Snake":0,"Mercury Hourglass":39}],"Ring of the Snake":[18],"Mercury Hourglass":[45]},"card_choices":[{"not_picked":["Adrenaline","Envenom"],"picked":"Venomology","floor":0.0},{"not_picked":["Flying Knee","Underhanded Strike"],"picked":"Dagger Throw","floor":1.0},{"not_picked":["Outmaneuver","Flying Knee"],"picked":"Slice","floor":2.0},{"not_picked":["Deadly Poison","Cloak And Dagger","Acrobatics"],"picked":"SKIP","floor":4.0},{"not_picked":["Accuracy","Cloak And Dagger","Distraction"],"picked":"SKIP","floor":7.0},{"not_picked":["Reflex","Slice"],"picked":"Underhanded Strike","floor":8.0},{"not_picked":["Caltrops","Flying Knee","Noxious Fumes"],"picked":"SKIP","floor":10.0},{"not_picked":["Footwork","Well Laid Plans"],"picked":"Poisoned Stab","floor":11},{"not_picked":["Sucker Punch","Accuracy"],"picked":"Bullet Time","floor":13}],"player_experience":4501153,"relics_obtained":[{"floor":7.0,"key":"Smiling Mask"},{"floor":10.0,"key":"Ornamental Fan"},{"floor":13,"key":"Mercury Hourglass"}],"event_choices":[{"cards_removed":["Defend_G"],"damage_healed":0.0,"max_hp_gain":0.0,"max_hp_loss":0.0,"gold_gain":0.0,"event_name":"Golden Wing","player_choice":"Card Removal","floor":3.0,"gold_loss":0.0,"damage_taken":7.0},{"damage_healed":0.0,"max_hp_gain":0.0,"max_hp_loss":0.0,"gold_gain":0.0,"cards_transformed":["Strike_G"],"event_name":"Living Wall","player_choice":"Change","floor":5.0,"gold_loss":0.0,"damage_taken":0.0,"cards_obtained":["Bane"]},{"cards_removed":["Strike_G"],"damage_healed":0,"gold_gain":0,"player_choice":"Purged","damage_taken":0,"max_hp_gain":0,"max_hp_loss":0,"event_name":"Purifier","floor":14,"gold_loss":0}],"is_beta":false,"boss_relics":[],"items_purged_floors":[12],"is_endless":false,"potions_floor_spawned":[1,2,10,11,13],"killed_by":"Slime Boss","ascension_level":20}}