{"host":"minbhrtlkaoly5f0","time":1611502045,"event":{"mods":["Act Like it!","Ascension Reborn","BaseMod","Colored Map","Colored Powertips","Lobotomy","LobotomyExtend","Minty Spire (QoL Compilation)","Quick Restart","StSLib"],"gold_per_floor":[114,47,59,79,93,426,445,465,465,465,390,410,410,425,425,530,530,530,550,475,493,512,532,532,532,532],"floor_reached":25,"language":"ZHS","playtime":1038,"items_purged":["SpecialBullet"],"score":234,"play_id":"11b173db-43f1-467c-a98d-43845a5fa93c","local_time":"20210124232724","is_ascension_mode":true,"campfire_choices":[],"circlet_count":0,"master_deck":["Apo_Pray","Apo_SoulSlash","Apo_Charge","Apo_Charge","Apo_Charge","Apo_Charge","Apo_Beam","Apo_Beam","Apo_Beam","Apo_Execute","Apo_Slash","Apo_Slash","Apo_SoulSlash"],"relics":["CogitoBucket","RabbitCall","LetterFromLob","Incense Burner","Old Coin","TreeSap","InkBottle","Astrolabe","Gaze_r","BehaviorAdjustment","ApostleMask"],"acts_visited":["Exordium","TheCity"],"potions_floor_usage":[],"damage_taken":[{"damage":11.0,"enemies":"Jaw Worm","floor":1.0,"turns":3.0},{"damage":0.0,"enemies":"Cultist","floor":3.0,"turns":2.0},{"damage":3.0,"enemies":"2 Louse","floor":4.0,"turns":2.0},{"damage":6.0,"enemies":"2 Fungi Beasts","floor":5.0,"turns":2.0},{"damage":20.0,"enemies":"Gremlin Nob","floor":6.0,"turns":4.0},{"damage":50.0,"enemies":"Large Slime","floor":7.0,"turns":6.0},{"damage":0.0,"enemies":"Looter","floor":8.0,"turns":2.0},{"damage":0.0,"enemies":"Exordium Thugs","floor":12.0,"turns":2.0},{"damage":18.0,"enemies":"Lots of Slimes","floor":14.0,"turns":2.0},{"damage":24.0,"enemies":"Slime Boss","floor":16.0,"turns":6.0},{"damage":0.0,"enemies":"3 Byrds","floor":18.0,"turns":4.0},{"damage":26.0,"enemies":"3 Byrds","floor":19.0,"turns":9.0},{"damage":0.0,"enemies":"Spheric Guardian","floor":21.0,"turns":3.0},{"damage":0.0,"enemies":"Snake Plant","floor":22.0,"turns":3.0},{"damage":21.0,"enemies":"Shelled Parasite and Fungi","floor":23.0,"turns":3.0},{"damage":23,"enemies":"Snecko","floor":25,"turns":3}],"seed_played":"5274884206022377043","potions_obtained":[{"floor":3.0,"key":"Fire Potion"},{"floor":7.0,"key":"LiquidBronze"},{"floor":14.0,"key":"Dexterity Potion"},{"floor":16.0,"key":"Swift Potion"},{"floor":19.0,"key":"LiquidBronze"}],"is_trial":false,"path_per_floor":["M","?","M","M","M","E","M","M","T","R","$","M","R","M","R","B",null,"M","M","?","M","M","M","E","M"],"character_chosen":"Angela","items_purchased":[],"campfire_rested":0,"item_purchase_floors":[],"current_hp_per_floor":[67,67,70,70,70,58,16,24,24,24,24,32,32,26,26,14,70,70,44,44,44,44,23,23,0,0],"gold":532,"neow_bonus":"REMOVE_CARD","is_daily":false,"chose_seed":true,"campfire_upgraded":0,"win_rate":0.0,"timestamp":1611502044,"path_taken":["M","?","M","M","M","E","?","M","T","R","$","M","R","M","R","BOSS","M","M","?","M","M","M","E","M"],"items_purchased_type":[],"build_version":"2020-12-22","purchased_purges":1,"victory":false,"max_hp_per_floor":[70,70,70,70,70,70,70,70,70,70,70,70,70,70,70,70,70,70,70,70,70,70,70,70,70,70],"card_choices":[{"not_picked":["FieryBird","CherryBlossoms"],"picked":"OSAHOGD","floor":1.0},{"not_picked":["SomewhereSpear","RedEyes"],"picked":"SKIP","floor":1.0},{"not_picked":["BeautyBeast","MeatLantern"],"picked":"UniverseFragment","floor":3.0},{"not_picked":["Christmas","GrinderMk4"],"picked":"SKIP","floor":3.0},{"not_picked":["CherryBlossoms","PunishingBird"],"picked":"Scorched","floor":4.0},{"not_picked":["Horn"],"picked":"SolemnVow","floor":4.0},{"not_picked":["MHz","Scarecrow"],"picked":"BigBadWolf","floor":5.0},{"not_picked":["Beak","Soda"],"picked":"SKIP","floor":5.0},{"not_picked":["Harmony"],"picked":"TheSmile","floor":6.0},{"not_picked":["LittlePrince","Murderer"],"picked":"SpiderBud","floor":6.0},{"not_picked":["WristCuter"],"picked":"Gaze","floor":7.0},{"not_picked":["FieryBird","LittlePrince"],"picked":"CrumblingArmor","floor":7.0},{"not_picked":["Penitence"],"picked":"Spore","floor":8.0},{"not_picked":["Moonlight","Tough"],"picked":"SKIP","floor":12.0},{"not_picked":["Tough","Soda"],"picked":"SKIP","floor":14.0},{"not_picked":["GoldRush"],"picked":"Twilight","floor":16.0},{"not_picked":["MHz","HeroicMonk"],"picked":"LongBird","floor":16.0},{"not_picked":["Horn+1","SwordSharpenedByTears"],"picked":"SKIP","floor":19.0},{"not_picked":["RapturousDream","Regret_ego"],"picked":"SKIP","floor":21.0},{"not_picked":["LittleHelper","Woodsman"],"picked":"SpiderBud","floor":22.0},{"not_picked":["Christmas","LifeForTheDareDevil+1"],"picked":"SKIP","floor":22.0},{"not_picked":["SingingMachine","MeatLantern"],"picked":"PlagueDoctor","floor":23.0},{"not_picked":["Noise","RedEyes"],"picked":"SKIP","floor":23.0},{"not_picked":["GrinderMk4","Spore"],"picked":"SKIP","floor":23.0}],"player_experience":44366,"relics_obtained":[{"floor":1.0,"key":"LetterFromLob"},{"floor":6.0,"key":"Old Coin"},{"floor":9.0,"key":"InkBottle"}],"event_choices":[{"damage_healed":0.0,"max_hp_gain":0.0,"max_hp_loss":0.0,"gold_gain":0.0,"event_name":"WeMeetAgain","player_choice":"Paid Gold","floor":2.0,"gold_loss":67.0,"damage_taken":0.0,"relics_obtained":["Incense Burner"]},{"cards_removed":["SpecialBullet"],"damage_healed":0.0,"max_hp_gain":0.0,"max_hp_loss":0.0,"gold_gain":0.0,"event_name":"Beggar","player_choice":"Gave Gold","floor":20.0,"gold_loss":75.0,"damage_taken":0.0}],"is_beta":false,"boss_relics":[{"not_picked":["Sozu","Runic Pyramid"],"picked":"Astrolabe"}],"items_purged_floors":[11],"is_endless":false,"potions_floor_spawned":[3,7,14,16,19,22],"killed_by":"Snecko","ascension_level":0}}