{"host":"edan538w829056nc","time":1611523886,"event":{"mods":["AchievementEnabler","BaseMod","Custom Start","Highlight Path","Infinite Spire","Minty Spire (QoL Compilation)","Remilia??????","StSLib","The Marked"],"gold_per_floor":[109,120,140,140,160,173,205,205,231,231,156,174,206,217,217,319,319,330,82,100,117,127,127,42,55,55,55,55],"floor_reached":27,"language":"ENG","playtime":1433,"items_purged":["theMarked:Strike","theMarked:Strike"],"score":229,"play_id":"e067f957-9ff0-449e-b851-a3c05de4a1cf","local_time":"20210124223126","is_ascension_mode":false,"campfire_choices":[{"data":"theMarked:Generate","floor":8,"key":"SMITH"},{"data":"theMarked:SoldierOfQuellstein","floor":15,"key":"SMITH"},{"data":"theMarked:Toughness","floor":23,"key":"SMITH"}],"circlet_count":0,"master_deck":["theMarked:Strike","theMarked:Strike","theMarked:Strike","theMarked:Defend","theMarked:Defend","theMarked:Defend","theMarked:SoldierOfQuellstein+1","theMarked:ResourceFulStrike","theMarked:ShockingTouch","theMarked:Generate+1","theMarked:Static","theMarked:Toughness+1","theMarked:ShockingTouch","theMarked:WastefulAttack+1"],"relics":["ScarletHat","NeowsBlessing","Kunai","Art of War","infinitespire:Cubic Diamond","Juzu Bracelet","theMarked:Eyepatch","PreservedInsect","Nunchaku","infinitespire:BottledMercury"],"acts_visited":["Exordium","TheCity"],"potions_floor_usage":[7,16,22,25,27],"damage_taken":[{"damage":0,"enemies":"2 Louse","floor":1,"turns":1},{"damage":0,"enemies":"Small Slimes","floor":2,"turns":1},{"damage":0,"enemies":"Jaw Worm","floor":3,"turns":1},{"damage":2,"enemies":"Large Slime","floor":5,"turns":6},{"damage":6,"enemies":"Blue Slaver","floor":6,"turns":4},{"damage":13,"enemies":"3 Sentries","floor":7,"turns":6},{"damage":0,"enemies":"3 Louse","floor":12,"turns":3},{"damage":17,"enemies":"Gremlin Nob","floor":13,"turns":3},{"damage":7,"enemies":"Exordium Wildlife","floor":14,"turns":6},{"damage":13,"enemies":"Hexaghost","floor":16,"turns":14},{"damage":13,"enemies":"Spheric Guardian","floor":18,"turns":4},{"damage":0,"enemies":"Chosen","floor":20,"turns":3},{"damage":19,"enemies":"3 Cultists","floor":21,"turns":5},{"damage":18,"enemies":"Chosen and Byrds","floor":22,"turns":6},{"damage":7,"enemies":"Centurion and Healer","floor":25,"turns":4},{"damage":20,"enemies":"Gremlin Leader","floor":27,"turns":3}],"seed_played":"-3889611602326472415","potions_obtained":[{"floor":3,"key":"Explosive Potion"},{"floor":5,"key":"Weak Potion"},{"floor":6,"key":"Block Potion"},{"floor":13,"key":"LiquidMemories"},{"floor":21,"key":"Swift Potion"}],"is_trial":false,"path_per_floor":["M","M","M","?","M","M","E","R","T","?","$","M","E","M","R","B",null,"M","$","M","M","M","R","?","M","T","E"],"character_chosen":"THE_DEFAULT","items_purchased":["PreservedInsect"],"campfire_rested":0,"item_purchase_floors":[19],"current_hp_per_floor":[70,70,70,63,61,55,42,42,42,42,42,42,25,18,18,5,70,57,57,57,38,20,20,20,13,13,0,0],"gold":55,"neow_bonus":"THREE_ENEMY_KILL","is_daily":false,"chose_seed":false,"campfire_upgraded":3,"win_rate":0.0,"timestamp":1611523886,"path_taken":["M","M","M","?","M","M","E","R","T","?","$","M","E","M","R","BOSS","M","$","M","M","M","R","?","M","T","E"],"items_purchased_type":["Relic"],"build_version":"2020-12-22","purchased_purges":2,"victory":false,"max_hp_per_floor":[70,70,70,70,70,70,70,70,70,70,70,70,70,70,70,70,70,70,70,70,70,70,70,70,70,70,70,70],"card_choices":[{"not_picked":["theMarked:KeepCalmAndFight","theMarked:TakeCover"],"picked":"theMarked:ResourceFulStrike","floor":1},{"not_picked":["theMarked:SwordAndMagic","theMarked:Heritage","theMarked:ChainLightning"],"picked":"SKIP","floor":2},{"not_picked":["theMarked:Static","theMarked:Maelstrom","theMarked:Parry"],"picked":"SKIP","floor":3},{"not_picked":["theMarked:ParalyzingBlade","theMarked:TunnelVision","theMarked:EmpowerWeapon"],"picked":"SKIP","floor":5},{"not_picked":["theMarked:ParalyzingBlade","theMarked:TunnelVision","theMarked:EmpowerWeapon"],"picked":"SKIP","floor":5},{"not_picked":["theMarked:BanishingStrike","theMarked:LightningStrikesTwice"],"picked":"theMarked:ShockingTouch","floor":6},{"not_picked":["theMarked:ComboAttacks","theMarked:Parkour"],"picked":"theMarked:Generate","floor":7},{"not_picked":["theMarked:ChannelForce","theMarked:CreepingChasm","theMarked:SelfDefenseTraining"],"picked":"SKIP","floor":12},{"not_picked":["theMarked:PowerFlow","theMarked:BanishingStrike","theMarked:Standoff"],"picked":"SKIP","floor":13},{"not_picked":["theMarked:Parkour","theMarked:AttractMetal"],"picked":"theMarked:Static","floor":14},{"not_picked":["theMarked:Challenge","theMarked:FavorableWinds"],"picked":"theMarked:Toughness","floor":16},{"not_picked":["theMarked:Static","theMarked:Reabsorb"],"picked":"theMarked:ShockingTouch","floor":18},{"not_picked":["theMarked:Static+1","theMarked:Electrify"],"picked":"theMarked:WastefulAttack+1","floor":20},{"not_picked":["theMarked:SwordAndMagic+1","theMarked:WastefulAttack","theMarked:TakeCover"],"picked":"SKIP","floor":21},{"not_picked":["theMarked:Panic+1","theMarked:WardOff","theMarked:EmpowerWeapon"],"picked":"SKIP","floor":22},{"not_picked":["theMarked:ResourceFulStrike+1","theMarked:HeightenedSenses","theMarked:Memento"],"picked":"SKIP","floor":25}],"player_experience":470556,"relics_obtained":[{"floor":7,"key":"Kunai"},{"floor":9,"key":"Art of War"},{"floor":13,"key":"Juzu Bracelet"},{"floor":26,"key":"infinitespire:BottledMercury"}],"event_choices":[{"cards_removed":["theMarked:Defend"],"damage_healed":0,"gold_gain":0,"player_choice":"Card Removal","damage_taken":7,"max_hp_gain":0,"max_hp_loss":0,"event_name":"Golden Wing","floor":4,"gold_loss":0},{"damage_healed":0,"gold_gain":0,"player_choice":"Obtained Relic","damage_taken":0,"relics_obtained":["Nunchaku"],"max_hp_gain":0,"max_hp_loss":0,"event_name":"Addict","floor":24,"gold_loss":85}],"is_beta":false,"boss_relics":[{"not_picked":["Pandora\u0027s Box","theMarked:SpiritSword"],"picked":"theMarked:Eyepatch"}],"items_purged_floors":[11,19],"is_endless":false,"potions_floor_spawned":[3,5,6,13,14,21],"killed_by":"Gremlin Leader","ascension_level":0}}