{"host":"eaiphzh066bwqdh7","time":1611508054,"event":{"mods":["BaseMod","Hubris","Minty Spire (QoL Compilation)","Replay The Spire","StSLib"],"gold_per_floor":[10,10,10,28,48,75,75,94,118,118,43,143,143,160,160,160,160],"floor_reached":16,"language":"ENG","playtime":398,"items_purged":["Strike_P"],"score":110,"play_id":"732eb5b7-2d92-40fd-853b-e9e26dac398e","local_time":"20210124120734","is_ascension_mode":true,"campfire_choices":[{"floor":7,"key":"REST"},{"floor":10,"key":"REST"},{"data":"Judgement","floor":13,"key":"SMITH"},{"data":"Judgement","floor":15,"key":"SMITH"}],"circlet_count":0,"master_deck":["DevaForm+1","Strike_P+1","Defend_P+1","Defend_P","Eruption","Vigilance","Judgement+1","Judgement+1"],"relics":["PureWater","Gremlin Food","MealTicket"],"acts_visited":["Exordium"],"potions_floor_usage":[4,6],"damage_taken":[{"damage":15,"enemies":"Jaw Worm","floor":1,"turns":5},{"damage":10,"enemies":"Small Slimes","floor":4,"turns":3},{"damage":0,"enemies":"Cultist","floor":5,"turns":3},{"damage":32,"enemies":"Lagavulin","floor":6,"turns":7},{"damage":1,"enemies":"Looter","floor":8,"turns":3},{"damage":13,"enemies":"Exordium Thugs","floor":14,"turns":5},{"damage":70,"enemies":"Hexaghost","floor":16,"turns":11}],"seed_played":"1298551123695923096","potions_obtained":[{"floor":1,"key":"Weak Potion"},{"floor":5,"key":"FearPotion"}],"is_trial":false,"path_per_floor":["M","?","?","M","M","E","R","M","T","R","$","?","R","M","R","B"],"character_chosen":"WATCHER","items_purchased":[],"campfire_rested":2,"item_purchase_floors":[],"current_hp_per_floor":[57,57,57,47,47,15,36,35,35,56,71,71,71,58,58,0,0],"gold":160,"neow_bonus":"REMOVE_TWO","is_daily":false,"chose_seed":false,"campfire_upgraded":2,"win_rate":0.0,"timestamp":1611508054,"path_taken":["M","?","?","M","M","E","R","?","T","R","$","?","R","M","R","BOSS"],"items_purchased_type":[],"build_version":"2020-12-22","purchased_purges":1,"victory":false,"max_hp_per_floor":[72,72,72,72,72,72,72,72,72,72,72,72,72,72,72,72,72],"card_choices":[{"not_picked":["Indignation","ThirdEye","FlyingSleeves"],"picked":"SKIP","floor":1},{"not_picked":["BowlingBash","ClearTheMind","Halt"],"picked":"SKIP","floor":4},{"not_picked":["Replay:BluntJabs","EmptyBody","CrushJoints"],"picked":"SKIP","floor":5},{"not_picked":["Protect","EmptyBody","Replay:AtTheReady"],"picked":"SKIP","floor":6},{"not_picked":["Tantrum","Evaluate","Nirvana"],"picked":"SKIP","floor":8},{"not_picked":["PathToVictory","CrushJoints"],"picked":"Judgement","floor":14}],"player_experience":186936,"relics_obtained":[{"floor":6,"key":"Gremlin Food"},{"floor":9,"key":"MealTicket"}],"event_choices":[{"damage_healed":0,"gold_gain":0,"cards_transformed":["Strike_P"],"player_choice":"Transformed","damage_taken":0,"max_hp_gain":0,"max_hp_loss":0,"event_name":"Transmorgrifier","floor":3,"gold_loss":0,"cards_obtained":["Judgement"]},{"damage_healed":0,"gold_gain":100,"player_choice":"Pray","damage_taken":0,"max_hp_gain":0,"max_hp_loss":0,"event_name":"Golden Shrine","floor":12,"gold_loss":0}],"is_beta":false,"boss_relics":[],"items_purged_floors":[11],"is_endless":false,"potions_floor_spawned":[1,5],"killed_by":"Hexaghost","ascension_level":2}}