{"host":"5p9hybygolzp0efr","time":1611469296,"event":{"mods":["AchievementEnabler","BaseMod","Bestiary","Colored Map","Minty Spire (QoL Compilation)","Permanent Neow","Relic Stats"],"gold_per_floor":[119,119,136,149,214,214,226,256,256,267,267,293,310,328,328,431,431,447,447,447,362,279,279,292,320,320,320,320],"floor_reached":27,"language":"ENG","playtime":984,"items_purged":[],"score":429,"play_id":"b2311611-5dd3-487e-b7b3-b222e6a93167","local_time":"20210124142136","is_ascension_mode":true,"campfire_choices":[{"data":"Eruption","floor":6.0,"key":"SMITH"},{"floor":11.0,"key":"REST"},{"data":"Devotion","floor":15.0,"key":"SMITH"},{"floor":23,"key":"REST"}],"circlet_count":0,"master_deck":["Eruption+1","Vigilance","BowlingBash+1","WheelKick","Devotion+1","EmptyMind","EmptyBody","Pray","Wallop","Wish","Ragnarok","MentalFortress","CutThroughFate","LikeWater","FollowUp"],"relics":["Cursed Key","Bag of Marbles","Bottled Tornado","Pandora\u0027s Box","CeramicFish","MealTicket"],"acts_visited":["Exordium","TheCity"],"potions_floor_usage":[25,27,27],"damage_taken":[{"damage":17.0,"enemies":"Small Slimes","floor":1.0,"turns":4.0},{"damage":3.0,"enemies":"Jaw Worm","floor":3.0,"turns":3.0},{"damage":0.0,"enemies":"2 Louse","floor":4.0,"turns":1.0},{"damage":3.0,"enemies":"Looter","floor":7.0,"turns":3.0},{"damage":0.0,"enemies":"Lagavulin","floor":8.0,"turns":3.0},{"damage":5.0,"enemies":"3 Louse","floor":10.0,"turns":2.0},{"damage":0.0,"enemies":"Gremlin Nob","floor":12.0,"turns":2.0},{"damage":0.0,"enemies":"Blue Slaver","floor":13.0,"turns":2.0},{"damage":7.0,"enemies":"Exordium Wildlife","floor":14.0,"turns":4.0},{"damage":0.0,"enemies":"The Guardian","floor":16.0,"turns":6.0},{"damage":12,"enemies":"Shell Parasite","floor":18,"turns":3},{"damage":10,"enemies":"2 Thieves","floor":24,"turns":3},{"damage":21,"enemies":"Slavers","floor":25,"turns":3},{"damage":33,"enemies":"Book of Stabbing","floor":27,"turns":4}],"seed_played":"-559778978115197233","potions_obtained":[{"floor":3.0,"key":"Energy Potion"},{"floor":8.0,"key":"Explosive Potion"},{"floor":10.0,"key":"DistilledChaos"},{"floor":14.0,"key":"Weak Potion"},{"floor":16.0,"key":"ColorlessPotion"},{"floor":18,"key":"BottledMiracle"}],"is_trial":false,"path_per_floor":["M","?","M","M","?","R","M","E","T","M","R","E","M","M","R","B",null,"M","?","?","?","$","R","M","E","T","E"],"character_chosen":"WATCHER","items_purchased":["LikeWater","FollowUp"],"campfire_rested":2,"item_purchase_floors":[22,22],"current_hp_per_floor":[55,41,38,38,38,38,35,35,35,30,51,51,51,44,44,44,65,53,53,40,40,40,63,53,32,32,0,0],"gold":320,"neow_bonus":"BOSS_RELIC","is_daily":false,"chose_seed":false,"campfire_upgraded":2,"win_rate":0.0,"timestamp":1611469296,"path_taken":["M","?","M","M","?","R","?","E","T","M","R","E","M","M","R","BOSS","M","?","?","?","?","R","M","E","T","E"],"items_purchased_type":["Card","Card"],"build_version":"2020-12-22","purchased_purges":0,"victory":false,"max_hp_per_floor":[72,72,72,72,72,72,72,72,72,72,72,72,72,72,72,72,72,72,72,77,77,77,77,77,77,77,77,77],"relic_stats":{"counters":[14,43],"CeramicFish":18,"Pandora\u0027s Box":["DeusExMachina","MasterReality","FlurryOfBlows","DeusExMachina","Devotion","Indignation","Ragnarok","ForeignInfluence"],"MealTicket":0,"Cursed Key":0,"obtain_stats":[{"CeramicFish":21,"Pandora\u0027s Box":17,"MealTicket":25,"Bag of Marbles":8,"PureWater":0,"Bottled Tornado":12,"Cursed Key":0},{"CeramicFish":11,"Pandora\u0027s Box":10,"MealTicket":13,"Bag of Marbles":5,"PureWater":0,"Bottled Tornado":7,"Cursed Key":0},{"CeramicFish":33,"Pandora\u0027s Box":30,"MealTicket":39,"Bag of Marbles":14,"PureWater":0,"Bottled Tornado":18,"Cursed Key":0}]},"card_choices":[{"not_picked":["Adaptation","SashWhip"],"picked":"BowlingBash","floor":1.0},{"not_picked":["CutThroughFate","ThirdEye"],"picked":"WheelKick","floor":3.0},{"not_picked":["ReachHeaven","InnerPeace","Weave"],"picked":"SKIP","floor":4.0},{"not_picked":["FlyingSleeves","CrushJoints"],"picked":"Devotion","floor":7.0},{"not_picked":["FlurryOfBlows","Evaluate"],"picked":"EmptyMind","floor":8.0},{"not_picked":["Nirvana","Crescendo"],"picked":"EmptyBody","floor":10.0},{"not_picked":["Vengeance","FlyingSleeves"],"picked":"Pray","floor":12.0},{"not_picked":["Prostrate","Weave"],"picked":"Wallop","floor":13.0},{"not_picked":["Sanctity","FollowUp"],"picked":"Wish","floor":14.0},{"not_picked":["SpiritShield","Omniscience"],"picked":"Ragnarok","floor":16.0},{"not_picked":["Evaluate","PathToVictory+1"],"picked":"MentalFortress","floor":18},{"not_picked":["WheelKick","SashWhip","Sanctity"],"picked":"SKIP","floor":24},{"not_picked":["Wireheading","Pray","Consecrate+1"],"picked":"SKIP","floor":25}],"player_experience":530237,"relics_obtained":[{"floor":8.0,"key":"Bag of Marbles"},{"floor":12.0,"key":"Bottled Tornado"},{"floor":25,"key":"MealTicket"}],"event_choices":[{"damage_healed":0.0,"max_hp_gain":0.0,"max_hp_loss":0.0,"gold_gain":0.0,"event_name":"Shining Light","player_choice":"Entered Light","floor":2.0,"gold_loss":0.0,"damage_taken":14.0,"cards_upgraded":["BowlingBash","Strike_P"]},{"damage_healed":0.0,"max_hp_gain":0.0,"max_hp_loss":0.0,"gold_gain":65.0,"event_name":"Golden Wing","player_choice":"Gained Gold","floor":5.0,"gold_loss":0.0,"damage_taken":0.0},{"damage_healed":0,"gold_gain":0,"player_choice":"Read","damage_taken":0,"max_hp_gain":0,"max_hp_loss":0,"event_name":"The Library","floor":19,"gold_loss":0,"cards_obtained":["CutThroughFate"]},{"damage_healed":0,"gold_gain":0,"player_choice":"Shed Blood","damage_taken":18,"max_hp_gain":5,"max_hp_loss":0,"event_name":"Forgotten Altar","floor":20,"gold_loss":0},{"damage_healed":0,"gold_gain":0,"player_choice":"Obtained Relic","damage_taken":0,"relics_obtained":["CeramicFish"],"max_hp_gain":0,"max_hp_loss":0,"event_name":"Addict","floor":21,"gold_loss":85}],"is_beta":false,"boss_relics":[{"not_picked":["Empty Cage","SlaversCollar"],"picked":"Pandora\u0027s Box"}],"items_purged_floors":[],"is_endless":false,"potions_floor_spawned":[3,8,10,14,16,18,24],"killed_by":"Book of Stabbing","ascension_level":5}}