{"host":"tknto047uabgu3zm","time":1611463220,"event":{"mods":["AchievementEnabler","BaseMod","Bestiary","Block Reminder","Colored Map","Colored Powertips","Highlight Path","Minty Spire (QoL Compilation)","MonsterHotkey","Permanent Neow","Random Character Button","Rare Cards Sparkle","Relic Sorter","Relic Stats","StSLib"],"gold_per_floor":[117,117,82,94,114,114,142,158,239,239,257,177,252,252,252,252,252],"floor_reached":16,"language":"ENG","playtime":444,"items_purged":[],"score":195,"play_id":"be048860-c17c-4888-9aa1-96e55c7dec36","local_time":"20210123204020","is_ascension_mode":true,"campfire_choices":[{"data":"Zap","floor":6,"key":"SMITH"},{"data":"Coolheaded","floor":10,"key":"SMITH"},{"floor":15,"key":"REST"}],"circlet_count":0,"master_deck":["AscendersBane","Strike_B","Strike_B","Strike_B","Strike_B","Defend_B","Defend_B","Defend_B","Zap+1","Dualcast","All For One","Go for the Eyes","Chaos","Auto Shields","Ball Lightning","Coolheaded+1","Genetic Algorithm","Biased Cognition","Leap"],"relics":["Cracked Core","Ice Cream","Happy Flower","InkBottle"],"acts_visited":["Exordium"],"potions_floor_usage":[5,16,16],"damage_taken":[{"damage":0,"enemies":"2 Louse","floor":1,"turns":3},{"damage":7,"enemies":"Small Slimes","floor":4,"turns":4},{"damage":0,"enemies":"Jaw Worm","floor":5,"turns":4},{"damage":8,"enemies":"Lagavulin","floor":7,"turns":7},{"damage":2,"enemies":"Exordium Thugs","floor":8,"turns":4},{"damage":7,"enemies":"3 Louse","floor":11,"turns":4},{"damage":47,"enemies":"Slime Boss","floor":16,"turns":6}],"seed_played":"-979419910784231711","potions_obtained":[{"floor":4,"key":"PowerPotion"},{"floor":8,"key":"LiquidMemories"},{"floor":11,"key":"FocusPotion"}],"is_trial":false,"path_per_floor":["M","?","?","M","M","R","E","M","T","R","M","$","?","?","R","B"],"character_chosen":"DEFECT","items_purchased":["Biased Cognition"],"campfire_rested":1,"item_purchase_floors":[12],"current_hp_per_floor":[46,41,58,51,51,51,43,41,41,41,34,34,23,23,44,0,0],"gold":252,"neow_bonus":"THREE_RARE_CARDS","is_daily":false,"chose_seed":false,"campfire_upgraded":2,"win_rate":0.0,"timestamp":1611463220,"path_taken":["M","?","?","M","M","R","E","M","T","R","M","$","?","?","R","BOSS"],"items_purchased_type":["Card"],"build_version":"2020-12-22","purchased_purges":0,"victory":false,"max_hp_per_floor":[71,71,71,71,71,71,71,71,71,71,71,71,71,71,71,71,71],"relic_stats":{"Happy Flower":[4],"counters":[7,32],"obtain_stats":[{"Ice Cream":2,"Happy Flower":7,"Cracked Core":0,"InkBottle":9},{"Ice Cream":1,"Happy Flower":4,"Cracked Core":0,"InkBottle":5},{"Ice Cream":3,"Happy Flower":18,"Cracked Core":0,"InkBottle":22}],"InkBottle":[3]},"card_choices":[{"not_picked":["Machine Learning","Thunder Strike"],"picked":"All For One","floor":0},{"not_picked":["Glacier","Coolheaded"],"picked":"Go for the Eyes","floor":1},{"not_picked":["Steam","Darkness"],"picked":"Chaos","floor":4},{"not_picked":["Steam Power","Sweeping Beam"],"picked":"Auto Shields","floor":5},{"not_picked":["Recycle","Go for the Eyes"],"picked":"Ball Lightning","floor":7},{"not_picked":["Consume","Conserve Battery"],"picked":"Coolheaded","floor":8},{"not_picked":["Recycle","Steam Power"],"picked":"Genetic Algorithm","floor":11}],"player_experience":500015,"relics_obtained":[{"floor":7,"key":"Happy Flower"},{"floor":9,"key":"InkBottle"}],"event_choices":[{"damage_healed":0,"gold_gain":0,"player_choice":"Success","damage_taken":5,"relics_obtained":["Ice Cream"],"max_hp_gain":0,"max_hp_loss":0,"event_name":"Scrap Ooze","floor":2,"gold_loss":0},{"damage_healed":17,"gold_gain":0,"player_choice":"Healed","damage_taken":0,"max_hp_gain":0,"max_hp_loss":0,"event_name":"The Cleric","floor":3,"gold_loss":35},{"damage_healed":0,"gold_gain":75,"player_choice":"Gather Gold","damage_taken":11,"max_hp_gain":0,"max_hp_loss":0,"event_name":"World of Goop","floor":13,"gold_loss":0},{"damage_healed":0,"gold_gain":0,"cards_transformed":["Defend_B"],"player_choice":"Change","damage_taken":0,"max_hp_gain":0,"max_hp_loss":0,"event_name":"Living Wall","floor":14,"gold_loss":0,"cards_obtained":["Leap"]}],"is_beta":false,"boss_relics":[],"items_purged_floors":[],"is_endless":false,"potions_floor_spawned":[4,8,11],"killed_by":"Slime Boss","ascension_level":19}}