{"host":"njcl8kinlkfw245p","time":1611470870,"event":{"mods":["BaseMod","Block Reminder","Colored Map","Googly Eyes","KinomotoSakuraMod(????)","Minty Spire (QoL Compilation)","StSLib","The Senshi","Unceasing Turn Reminder","everything is the same but u backflip on backflip"],"gold_per_floor":[112,124,74,86,86,86,121,133,172,210,239,286,317,340,352,467,479,504,535,140,159,171,171,171,171,171,171,203,403,417,435,435,540,540,560,579,19,19,68,68,95,109,109,109,129,144,64,79,79,79,79,79,23,53,53,53],"floor_reached":55,"language":"ENG","playtime":4397,"items_purged":["theSenshi:SailorKick","theSenshi:SilverCrystal+1"],"score":1171,"play_id":"e9c247a3-0885-49d5-acf8-df37b50c606f","local_time":"20210123224750","is_ascension_mode":true,"campfire_choices":[{"data":"theSenshi:RoseThrow","floor":6.0,"key":"SMITH"},{"floor":8.0,"key":"REST"},{"floor":15.0,"key":"REST"},{"floor":23.0,"key":"REST"},{"floor":25.0,"key":"REST"},{"data":"theSenshi:MoonPrincessHalation","floor":27.0,"key":"SMITH"},{"data":"theSenshi:MoonGorgeousMeditation","floor":32.0,"key":"SMITH"},{"data":"theSenshi:MoonTiaraMagic","floor":40.0,"key":"SMITH"},{"floor":44.0,"key":"RECALL"},{"data":"theSenshi:UranusStrength","floor":49,"key":"SMITH"},{"data":"theSenshi:SailorJupiterAssists","floor":52,"key":"SMITH"}],"circlet_count":0,"master_deck":["AscendersBane","theSenshi:SailorKick","theSenshi:SailorKick","theSenshi:SailorBlock","theSenshi:SailorBlock","theSenshi:SailorBlock","theSenshi:RoseThrow+1","theSenshi:MoonPrismPowerMakeUp+1","theSenshi:PlutosSolemnity","theSenshi:SailorVenusAssists","theSenshi:SailorChibiMoonAssists+1","theSenshi:UranusStrength+1","theSenshi:MoonCosmicPowerMakeUp+1","theSenshi:MoonPrincessHalation+1","theSenshi:SailorJupiterAssists+1","theSenshi:MoonGorgeousMeditation+1","theSenshi:MoonTiaraMagic+1","theSenshi:SailorChibiMoonAssists+1","theSenshi:TallSilhouette","theSenshi:SaturnsMystery+1","theSenshi:UranusStrength+1","theSenshi:MoonHealingEscalation","theSenshi:MoonEternalMakeUp+1","theSenshi:SailorJupiterAssists","theSenshi:SailorSaturnAssists","theSenshi:GatheringStrength+1","theSenshi:KlutzyLuck+1","theSenshi:CrisisMakeUp+1"],"relics":["Black Star","MawBank","Frozen Egg 2","MealTicket","White Beast Statue","Bag of Preparation","The Courier","Bronze Scales","SacredBark","Strange Spoon","Whetstone","Bottled Flame","Bottled Tornado","Ancient Tea Set","Velvet Choker","Toxic Egg 2","Vajra","Ice Cream","Calipers","Ginger","Ornamental Fan","Orichalcum","Oddly Smooth Stone"],"acts_visited":["Exordium","TheCity","TheBeyond","TheEnding"],"potions_floor_usage":[55,55],"damage_taken":[{"damage":2.0,"enemies":"2 Louse","floor":1.0,"turns":3.0},{"damage":0.0,"enemies":"Small Slimes","floor":2.0,"turns":3.0},{"damage":0.0,"enemies":"Jaw Worm","floor":4.0,"turns":3.0},{"damage":29.0,"enemies":"3 Sentries","floor":7.0,"turns":8.0},{"damage":25.0,"enemies":"Lagavulin","floor":10.0,"turns":8.0},{"damage":9.0,"enemies":"Looter","floor":11.0,"turns":3.0},{"damage":28.0,"enemies":"3 Sentries","floor":12.0,"turns":8.0},{"damage":0.0,"enemies":"Red Slaver","floor":13.0,"turns":3.0},{"damage":0.0,"enemies":"Large Slime","floor":14.0,"turns":3.0},{"damage":20.0,"enemies":"Slime Boss","floor":16.0,"turns":12.0},{"damage":26.0,"enemies":"Spheric Guardian","floor":18.0,"turns":4.0},{"damage":35.0,"enemies":"2 Thieves","floor":19.0,"turns":5.0},{"damage":20.0,"enemies":"Snake Plant","floor":21.0,"turns":3.0},{"damage":31.0,"enemies":"Shelled Parasite and Fungi","floor":22.0,"turns":5.0},{"damage":27.0,"enemies":"Book of Stabbing","floor":28.0,"turns":6.0},{"damage":2.0,"enemies":"Centurion and Healer","floor":30.0,"turns":5.0},{"damage":14.0,"enemies":"Snecko","floor":31.0,"turns":5.0},{"damage":32.0,"enemies":"Automaton","floor":33.0,"turns":10.0},{"damage":10.0,"enemies":"Orb Walker","floor":35.0,"turns":5.0},{"damage":12.0,"enemies":"3 Darklings","floor":36.0,"turns":3.0},{"damage":32.0,"enemies":"2 Orb Walkers","floor":39.0,"turns":4.0},{"damage":34.0,"enemies":"Reptomancer","floor":41.0,"turns":3.0},{"damage":6.0,"enemies":"Transient","floor":42.0,"turns":5.0},{"damage":20,"enemies":"Writhing Mass","floor":45,"turns":4},{"damage":27,"enemies":"Jaw Worm Horde","floor":46,"turns":5},{"damage":14,"enemies":"Spire Growth","floor":48,"turns":6},{"damage":51,"enemies":"Time Eater","floor":50,"turns":11},{"damage":81,"enemies":"Shield and Spear","floor":54,"turns":8},{"damage":43,"enemies":"The Heart","floor":55,"turns":3}],"seed_played":"1632506214659557008","potions_obtained":[{"floor":1.0,"key":"Regen Potion"},{"floor":4.0,"key":"SkillPotion"},{"floor":11.0,"key":"SpeedPotion"},{"floor":12.0,"key":"GamblersBrew"},{"floor":13.0,"key":"CultistPotion"},{"floor":14.0,"key":"Regen Potion"},{"floor":18.0,"key":"Swift Potion"},{"floor":19.0,"key":"SkillPotion"},{"floor":21.0,"key":"SteroidPotion"},{"floor":22.0,"key":"Block Potion"},{"floor":28.0,"key":"CultistPotion"},{"floor":31.0,"key":"PowerPotion"},{"floor":33.0,"key":"Swift Potion"},{"floor":35.0,"key":"DistilledChaos"},{"floor":36.0,"key":"Regen Potion"},{"floor":39.0,"key":"Weak Potion"},{"floor":41.0,"key":"Swift Potion"},{"floor":42.0,"key":"Explosive Potion"},{"floor":45,"key":"FearPotion"},{"floor":54,"key":"EssenceOfSteel"}],"is_trial":false,"path_per_floor":["M","M","?","M","?","R","E","R","T","E","M","E","M","M","R","B",null,"M","M","$","M","M","R","?","R","T","R","E","?","M","M","R","B",null,"M","M","$","?","?","R","E","M","T","R","M","M","$","M","R","B",null,"R","$","E","B"],"character_chosen":"THE_SENSHI","items_purchased":["theSenshi:TallSilhouette","theSenshi:SaturnsMystery","Strange Spoon","Whetstone","Toxic Egg 2","Vajra","Ice Cream","theSenshi:CrisisMakeUp+1"],"campfire_rested":4,"item_purchase_floors":[20,20,20,20,37,37,37,53],"current_hp_per_floor":[66,66,66,66,66,66,37,59,59,34,34,6,6,6,28,8,58,53,18,33,24,7,29,15,39,39,39,56,56,54,67,67,76,79,70,72,80,80,53,53,38,60,60,60,45,56,71,75,75,63,76,76,80,4,0,0],"gold":53,"neow_bonus":"BOSS_RELIC","is_daily":false,"chose_seed":false,"campfire_upgraded":6,"win_rate":0.0,"timestamp":1611470870,"path_taken":["M","M","?","M","?","R","E","R","T","E","M","E","M","M","R","BOSS","M","M","$","M","M","R","?","R","T","R","E","?","M","?","R","BOSS","M","M","$","?","?","R","E","M","T","R","M","M","$","M","R","BOSS","R","$","E","BOSS"],"items_purchased_type":["Card","Card","Relic","Relic","Relic","Relic","Relic","Card"],"build_version":"2020-12-22","purchased_purges":2,"victory":false,"max_hp_per_floor":[75,75,75,75,75,75,75,75,75,75,75,75,75,75,75,75,75,75,75,75,75,75,75,80,80,80,80,80,80,80,80,80,80,80,80,80,80,80,80,80,80,80,80,80,80,80,80,80,80,80,80,80,80,80,80,80],"card_choices":[{"not_picked":["theSenshi:SailorMercuryAssists","theSenshi:DramaticEntrance"],"picked":"theSenshi:PlutosSolemnity","floor":1.0},{"not_picked":["theSenshi:SailorMarsAssists","theSenshi:MoonPower"],"picked":"theSenshi:SailorVenusAssists","floor":2.0},{"not_picked":["theSenshi:LunaWiseMentor","theSenshi:OdangoHead"],"picked":"theSenshi:SailorChibiMoonAssists","floor":4.0},{"not_picked":["theSenshi:SilverCrystal+1","theSenshi:SailorVenusAssists"],"picked":"theSenshi:UranusStrength","floor":7.0},{"not_picked":["theSenshi:UranusStrength","theSenshi:LunaWiseMentor"],"picked":"theSenshi:MoonCosmicPowerMakeUp+1","floor":10.0},{"not_picked":["theSenshi:OdangoHead","theSenshi:SailorVenusAssists"],"picked":"theSenshi:MoonPrincessHalation","floor":11.0},{"not_picked":["theSenshi:SteeledNerves+1","theSenshi:LunasBite"],"picked":"theSenshi:SailorJupiterAssists","floor":12.0},{"not_picked":["theSenshi:LateForSchool","theSenshi:EncouragingSpeech"],"picked":"theSenshi:SilverCrystal+1","floor":13.0},{"not_picked":["theSenshi:SailorNeptuneAssists","theSenshi:MoonTwilightFlash","theSenshi:YouCanTalk"],"picked":"SKIP","floor":14.0},{"not_picked":["theSenshi:SailorSaturnAssists","theSenshi:FatedKiss+1"],"picked":"theSenshi:MoonGorgeousMeditation","floor":16.0},{"not_picked":["theSenshi:SchoolBag","theSenshi:MercurysCunning"],"picked":"theSenshi:MoonTiaraMagic","floor":18.0},{"not_picked":["theSenshi:GatheringStrength","theSenshi:SailorMercuryAssists"],"picked":"theSenshi:SailorChibiMoonAssists+1","floor":19.0},{"not_picked":["theSenshi:MoonsReflection","theSenshi:SailorChibiMoonAssists","theSenshi:EncouragingSpeech"],"picked":"SKIP","floor":21.0},{"not_picked":["theSenshi:SupersonicWaves","theSenshi:MoonPrincessHalation"],"picked":"theSenshi:UranusStrength+1","floor":22.0},{"not_picked":["theSenshi:DramaticEntrance","theSenshi:ChibiMoonsLove","theSenshi:LunaWiseMentor"],"picked":"SKIP","floor":28.0},{"not_picked":["theSenshi:TuxedoSmokingBomber","theSenshi:MoonPunch"],"picked":"theSenshi:MoonHealingEscalation","floor":30.0},{"not_picked":["theSenshi:SailorChibiMoonAssists","theSenshi:RainbowMoonHeartAche","theSenshi:MoonSpiralHeartAttack"],"picked":"SKIP","floor":31.0},{"not_picked":["theSenshi:LunaSensingAllies","theSenshi:WarriorOfTheMoon"],"picked":"theSenshi:MoonEternalMakeUp+1","floor":33.0},{"not_picked":["theSenshi:LunaWiseMentor+1","theSenshi:PlutosSolemnity"],"picked":"theSenshi:SailorJupiterAssists","floor":35.0},{"not_picked":["theSenshi:SailorV","theSenshi:VenusGlamour","theSenshi:EncouragingSpeech"],"picked":"SKIP","floor":36.0},{"not_picked":["theSenshi:SailorMercuryAssists+1","theSenshi:TuxedoMaskAssists"],"picked":"theSenshi:SailorSaturnAssists","floor":41.0},{"not_picked":["theSenshi:Overload+1","theSenshi:YouCanTalk+1","theSenshi:SailorUranusAssists"],"picked":"SKIP","floor":42.0},{"not_picked":["theSenshi:SailorUranusAssists+1","theSenshi:Overload+1","theSenshi:MoonPrincessHalation"],"picked":"SKIP","floor":45},{"not_picked":["theSenshi:OdangoHead+1","theSenshi:MoonsReflection+1"],"picked":"theSenshi:GatheringStrength+1","floor":46},{"not_picked":["theSenshi:MoonKick","theSenshi:OdangoHead+1"],"picked":"theSenshi:KlutzyLuck+1","floor":48},{"not_picked":["theSenshi:SteeledNerves+1","theSenshi:SailorMarsAssists","theSenshi:MoonPunch"],"picked":"SKIP","floor":54}],"player_experience":915633,"relics_obtained":[{"floor":7.0,"key":"MawBank"},{"floor":7.0,"key":"Frozen Egg 2"},{"floor":9.0,"key":"MealTicket"},{"floor":10.0,"key":"White Beast Statue"},{"floor":10.0,"key":"Bag of Preparation"},{"floor":12.0,"key":"The Courier"},{"floor":12.0,"key":"Bronze Scales"},{"floor":26.0,"key":"Bottled Flame"},{"floor":28.0,"key":"Bottled Tornado"},{"floor":28.0,"key":"Ancient Tea Set"},{"floor":39.0,"key":"Calipers"},{"floor":41.0,"key":"Ginger"},{"floor":41.0,"key":"Ornamental Fan"},{"floor":54,"key":"Orichalcum"},{"floor":54,"key":"Oddly Smooth Stone"}],"event_choices":[{"cards_removed":["theSenshi:SailorKick"],"damage_healed":0.0,"max_hp_gain":0.0,"max_hp_loss":0.0,"gold_gain":0.0,"event_name":"The Cleric","player_choice":"Card Removal","floor":3.0,"gold_loss":50.0,"damage_taken":0.0},{"damage_healed":0.0,"max_hp_gain":0.0,"max_hp_loss":0.0,"gold_gain":0.0,"event_name":"Living Wall","player_choice":"Grow","floor":5.0,"gold_loss":0.0,"damage_taken":0.0,"cards_upgraded":["theSenshi:MoonPrismPowerMakeUp"]},{"damage_healed":0.0,"max_hp_gain":5.0,"max_hp_loss":0.0,"gold_gain":0.0,"event_name":"Forgotten Altar","player_choice":"Shed Blood","floor":24.0,"gold_loss":0.0,"damage_taken":19.0},{"damage_healed":0.0,"max_hp_gain":0.0,"max_hp_loss":0.0,"gold_gain":200.0,"event_name":"Wheel of Change","player_choice":"Gold","floor":29.0,"gold_loss":0.0,"damage_taken":0.0},{"cards_removed":["theSenshi:SailorBlock"],"damage_healed":0.0,"max_hp_gain":0.0,"max_hp_loss":0.0,"gold_gain":0.0,"event_name":"Falling","player_choice":"Removed Skill","floor":38.0,"gold_loss":0.0,"damage_taken":0.0},{"damage_healed":0.0,"max_hp_gain":0.0,"max_hp_loss":0.0,"gold_gain":0.0,"event_name":"Mysterious Sphere","player_choice":"Fight","floor":39.0,"gold_loss":0.0,"damage_taken":0.0}],"is_beta":false,"boss_relics":[{"not_picked":["SlaversCollar","Ectoplasm"],"picked":"SacredBark"},{"not_picked":["Sozu","theSenshi:MoonKaleidoScopeRelic"],"picked":"Velvet Choker"}],"items_purged_floors":[20,47],"is_endless":false,"potions_floor_spawned":[1,4,10,11,12,13,14,16,18,19,21,22,28,30,31,33,35,36,39,41,42,45,46,48,54],"killed_by":"The Heart","ascension_level":12}}