{"host":"4mwxwqvoirj3cq7x","time":1611450119,"event":{"mods":["BaseMod","Downfall","Minty Spire (QoL Compilation)","StSLib","The Marked"],"gold_per_floor":[99,99,99,24,24,24,24,24,58,69,84,96,115,130,140,140,140],"floor_reached":16,"language":"ZHS","playtime":447,"items_purged":["downfall:Malfunctioning"],"score":107,"play_id":"947bd19a-11b5-4fd8-9123-471923746319","local_time":"20210124090159","is_ascension_mode":true,"campfire_choices":[{"floor":1.0,"key":"RECALL"},{"data":"theMarked:ChainLightning","floor":6.0,"key":"SMITH"},{"data":"theMarked:Strike","floor":8.0,"key":"SMITH"}],"circlet_count":0,"master_deck":["theMarked:Strike","theMarked:Strike","theMarked:Strike","theMarked:Strike","theMarked:Strike+1","theMarked:Defend+1","theMarked:Defend","theMarked:Defend","theMarked:Defend+1","theMarked:SoldierOfQuellstein+1","theMarked:ChainLightning+1","theMarked:Seal","theMarked:BanishingStrike","theMarked:DeterminationOfTheMarked","theMarked:Vacuum"],"relics":["theMarked:ArtifactOfAir","downfall:HeartsMalice","Lizard Tail","Letter Opener"],"acts_visited":["Exordium"],"potions_floor_usage":[],"damage_taken":[{"damage":0.0,"enemies":"Cultist","floor":2.0,"turns":1.0},{"damage":0.0,"enemies":"downfall:FleeingMerchant","floor":4.0,"turns":1.0},{"damage":0.0,"enemies":"Small Slimes","floor":5.0,"turns":1.0},{"damage":15.0,"enemies":"Gremlin Nob","floor":9.0,"turns":4.0},{"damage":1.0,"enemies":"Jaw Worm","floor":10.0,"turns":3.0},{"damage":1.0,"enemies":"2 Fungi Beasts","floor":11.0,"turns":3.0},{"damage":13.0,"enemies":"Large Slime","floor":12.0,"turns":6.0},{"damage":0,"enemies":"3 Louse","floor":13,"turns":2},{"damage":3,"enemies":"Red Slaver","floor":14,"turns":4},{"damage":0,"enemies":"2 Fungi Beasts","floor":15,"turns":3},{"damage":32,"enemies":"WA_ARCHETYPE_RETAIN","floor":16,"turns":7}],"seed_played":"4485203514601846137","potions_obtained":[{"floor":9.0,"key":"SteroidPotion"},{"floor":10.0,"key":"EssenceOfSteel"},{"floor":11.0,"key":"Dexterity Potion"}],"is_trial":false,"path_per_floor":["R","M","?","$","M","R","T","R","E","M","M","M","M","M","M","B"],"character_chosen":"THE_DEFAULT","items_purchased":[],"campfire_rested":0,"item_purchase_floors":[],"current_hp_per_floor":[70,70,70,70,70,70,70,70,55,54,53,40,40,37,37,5,5],"gold":140,"neow_bonus":"THREE_ENEMY_KILL","is_daily":false,"chose_seed":false,"campfire_upgraded":2,"win_rate":0.0,"timestamp":1611450119,"path_taken":["R","M","?","$","M","R","T","R","E","M","M","M","M","M","M","BOSS"],"items_purchased_type":[],"build_version":"2020-12-22","purchased_purges":1,"victory":false,"max_hp_per_floor":[70,70,70,70,70,70,70,70,70,70,70,70,70,70,70,70,70],"card_choices":[{"not_picked":["theMarked:HeightenedSenses","theMarked:Standoff","theMarked:Parkour"],"picked":"SKIP","floor":2.0},{"not_picked":["theMarked:SelfDefenseTraining","theMarked:Static","theMarked:Standoff"],"picked":"SKIP","floor":4.0},{"not_picked":["theMarked:Static","theMarked:Opportunist"],"picked":"theMarked:ChainLightning","floor":5.0},{"not_picked":["theMarked:Panic","theMarked:Opportunist"],"picked":"theMarked:Seal","floor":9.0},{"not_picked":["theMarked:ShockingTouch","theMarked:HeightenedSenses"],"picked":"theMarked:BanishingStrike","floor":10.0},{"not_picked":["theMarked:Parkour","theMarked:SwordAndMagic","theMarked:ChainLightning"],"picked":"SKIP","floor":11.0},{"not_picked":["theMarked:SummonStrength","theMarked:EmpowerWeapon","theMarked:Aftermath"],"picked":"SKIP","floor":12.0},{"not_picked":["theMarked:ElectricStrings","theMarked:ResourceFulStrike","theMarked:Polarize"],"picked":"SKIP","floor":13},{"not_picked":["theMarked:ReduceFriction","theMarked:ElectricStrings"],"picked":"theMarked:DeterminationOfTheMarked","floor":14},{"not_picked":["theMarked:EmpowerWeapon","theMarked:Static"],"picked":"theMarked:Vacuum","floor":15}],"player_experience":618173,"relics_obtained":[{"floor":7.0,"key":"Lizard Tail"},{"floor":9.0,"key":"Letter Opener"}],"event_choices":[],"is_beta":false,"boss_relics":[],"items_purged_floors":[4],"is_endless":false,"potions_floor_spawned":[9,10,11,13,15],"killed_by":"WA_ARCHETYPE_RETAIN","ascension_level":1}}