{"host":"m2106ztvmcgfoyc9","time":1611504298,"event":{"mods":["BaseMod","Minty Spire (QoL Compilation)","Relic Stats"],"gold_per_floor":[216,3,3,3,3,45,45,90,90,90,132,161,161,177,177,279,279,295,317,350,364,364,364,383,383,383,396,396,446,446,446,446],"floor_reached":31,"language":"ENG","playtime":1257,"items_purged":[],"score":546,"play_id":"234a70a4-6951-40b5-9996-d596cac281bc","local_time":"20210124170458","is_ascension_mode":true,"campfire_choices":[{"floor":7,"key":"REST"},{"floor":10,"key":"REST"},{"data":"Deadly Poison","floor":13,"key":"SMITH"},{"data":"Neutralize","floor":15,"key":"SMITH"},{"data":"Wraith Form v2","floor":23,"key":"SMITH"},{"data":"Catalyst","floor":25,"key":"SMITH"},{"floor":28,"key":"REST"},{"floor":30,"key":"REST"}],"circlet_count":0,"master_deck":["AscendersBane","Strike_G","Strike_G","Strike_G","Strike_G","Strike_G","Defend_G","Defend_G","Defend_G+1","Defend_G","Defend_G","Survivor+1","Neutralize+1","Deadly Poison+1","Glass Knife+1","Backflip","Die Die Die","Backflip","Catalyst+1","Wraith Form v2+1","Terror","Deadly Poison","PiercingWail"],"relics":["Ring of the Snake","Golden Idol","CeramicFish","InkBottle","Smiling Mask","CaptainsWheel","Sozu","Blood Vial"],"acts_visited":["Exordium","TheCity"],"potions_floor_usage":[8,11,16,24],"damage_taken":[{"damage":4,"enemies":"Jaw Worm","floor":1,"turns":7},{"damage":32,"enemies":"Lagavulin","floor":6,"turns":6},{"damage":5,"enemies":"3 Sentries","floor":8,"turns":6},{"damage":3,"enemies":"Gremlin Nob","floor":11,"turns":3},{"damage":0,"enemies":"2 Louse","floor":12,"turns":1},{"damage":0,"enemies":"Cultist","floor":14,"turns":3},{"damage":7,"enemies":"The Guardian","floor":16,"turns":12},{"damage":1,"enemies":"3 Byrds","floor":18,"turns":7},{"damage":0,"enemies":"Chosen","floor":19,"turns":4},{"damage":22,"enemies":"Sentry and Sphere","floor":20,"turns":8},{"damage":1,"enemies":"Snecko","floor":21,"turns":5},{"damage":0,"enemies":"Shelled Parasite and Fungi","floor":24,"turns":6},{"damage":5,"enemies":"Centurion and Healer","floor":27,"turns":5},{"damage":38,"enemies":"Gremlin Leader","floor":29,"turns":6},{"damage":6,"enemies":"Slavers","floor":31,"turns":2}],"seed_played":"3258235022099869810","potions_obtained":[{"floor":6,"key":"FearPotion"},{"floor":11,"key":"Dexterity Potion"},{"floor":14,"key":"SpeedPotion"},{"floor":16,"key":"FairyPotion"}],"is_trial":false,"path_per_floor":["M","$","?","?","?","E","R","E","T","R","E","M","R","M","R","B",null,"M","M","M","M","?","R","M","R","T","M","R","E","R","E"],"character_chosen":"THE_SILENT","items_purchased":["Glass Knife","Explosive Potion"],"campfire_rested":4,"item_purchase_floors":[2,2],"current_hp_per_floor":[55,55,35,35,35,3,21,16,16,34,31,31,31,31,31,24,51,50,50,28,27,27,27,27,27,27,22,40,2,20,16,16],"gold":446,"neow_bonus":"HUNDRED_GOLD","is_daily":false,"chose_seed":false,"campfire_upgraded":4,"win_rate":0.0,"timestamp":1611504298,"path_taken":["M","$","?","?","?","E","R","E","T","R","E","M","R","M","R","BOSS","M","M","?","?","?","R","?","R","T","?","R","E","R","E"],"items_purchased_type":["Card","Potion"],"build_version":"2020-12-22","purchased_purges":0,"victory":false,"max_hp_per_floor":[66,66,66,60,60,60,60,60,60,60,60,60,60,60,60,60,60,60,60,60,60,60,60,60,60,60,60,60,60,60,60,60],"relic_stats":{"Sozu":4,"Blood Vial":2,"counters":[15,81],"Golden Idol":76,"CeramicFish":72,"Smiling Mask":0,"obtain_stats":[{"Sozu":17,"Blood Vial":29,"CaptainsWheel":11,"Golden Idol":4,"CeramicFish":6,"Smiling Mask":9,"InkBottle":8,"Ring of the Snake":0},{"Sozu":7,"Blood Vial":14,"CaptainsWheel":4,"Golden Idol":1,"CeramicFish":2,"Smiling Mask":3,"InkBottle":3,"Ring of the Snake":0},{"Sozu":38,"Blood Vial":79,"CaptainsWheel":22,"Golden Idol":7,"CeramicFish":13,"Smiling Mask":19,"InkBottle":19,"Ring of the Snake":0}],"InkBottle":[19],"Ring of the Snake":[30]},"card_choices":[{"not_picked":["Dagger Spray","Cloak And Dagger"],"picked":"Deadly Poison","floor":1},{"not_picked":["Eviscerate","Underhanded Strike"],"picked":"Backflip","floor":6},{"not_picked":["Blur","Backflip"],"picked":"Die Die Die","floor":8},{"not_picked":["Heel Hook","Outmaneuver"],"picked":"Backflip","floor":11},{"not_picked":["Outmaneuver","Escape Plan"],"picked":"Catalyst","floor":12},{"not_picked":["Prepared","Bane","Bullet Time"],"picked":"SKIP","floor":14},{"not_picked":["Grand Finale","Venomology"],"picked":"Wraith Form v2","floor":16},{"not_picked":["Infinite Blades+1","Outmaneuver","Distraction"],"picked":"SKIP","floor":18},{"not_picked":["Backflip","Acrobatics"],"picked":"Terror","floor":19},{"not_picked":["Poisoned Stab","Blur+1"],"picked":"Deadly Poison","floor":20},{"not_picked":["Underhanded Strike","Dagger Spray","Bane"],"picked":"SKIP","floor":21},{"not_picked":["Bane","Prepared","Outmaneuver"],"picked":"SKIP","floor":24},{"not_picked":["Backflip","All Out Attack","Slice"],"picked":"SKIP","floor":27},{"not_picked":["Tactician","Outmaneuver"],"picked":"PiercingWail","floor":29}],"player_experience":980859,"relics_obtained":[{"floor":6,"key":"CeramicFish"},{"floor":8,"key":"InkBottle"},{"floor":9,"key":"Smiling Mask"},{"floor":11,"key":"CaptainsWheel"},{"floor":29,"key":"Blood Vial"}],"event_choices":[{"damage_healed":0,"gold_gain":0,"player_choice":"Entered Light","damage_taken":20,"max_hp_gain":0,"max_hp_loss":0,"event_name":"Shining Light","floor":3,"gold_loss":0,"cards_upgraded":["Survivor","Defend_G"]},{"damage_healed":0,"gold_gain":0,"player_choice":"Lose Max HP","damage_taken":0,"relics_obtained":["Golden Idol"],"max_hp_gain":0,"max_hp_loss":6,"event_name":"Golden Idol","floor":4,"gold_loss":0},{"damage_healed":0,"gold_gain":0,"player_choice":"Upgraded","damage_taken":0,"max_hp_gain":0,"max_hp_loss":0,"event_name":"Upgrade Shrine","floor":5,"gold_loss":0,"cards_upgraded":["Glass Knife"]},{"damage_healed":0,"gold_gain":0,"player_choice":"Got Potions","damage_taken":0,"max_hp_gain":0,"max_hp_loss":0,"event_name":"Lab","floor":22,"gold_loss":0}],"is_beta":false,"boss_relics":[{"not_picked":["Fusion Hammer","Astrolabe"],"picked":"Sozu"}],"items_purged_floors":[],"is_endless":false,"potions_floor_spawned":[6,11,14,16,18,20,24,29],"killed_by":"Slavers","ascension_level":20}}