{"host":"deyrtfrmqzu7hb38","time":1611467659,"event":{"mods":["Act Like it!","BaseMod","Better Note","BetterRewards","Block Reminder","Conspire","Elementarium","Evolution","Fox Events","Friendly Minions","Gold Saver","Infinite Spire","Minty Spire (QoL Compilation)","Rare Cards Sparkle","Relic Filter","Relic Stats","Replay The Spire","Spicy Shops","StSLib","The Death Knight","The Runesmith","Treasure Hunter","Unceasing Turn Reminder","Useless Jewels Mod","Virulent Crown","Wandering Minibosses"],"gold_per_floor":[175,46,121,154,154,185,185,4,131,151,181,196,196,273,273,376,453,467,427,445,445,85,114,124,149,226,258,273,286,286,286,286,381,458,472,492,492,508,112,112,123,123,224,237,3,38,55,80,80,80],"floor_reached":51,"language":"ENG","playtime":6095,"items_purged":["Strike_B","Strike_B","Pride"],"score":1173,"play_id":"788a8b84-d62c-4136-b5fa-b6452b3d5a36","local_time":"20210124135419","is_ascension_mode":true,"campfire_choices":[{"floor":7,"key":"REST"},{"floor":15,"key":"REST"},{"floor":30,"key":"REST"},{"data":"Heatsinks","floor":40,"key":"SMITH"},{"data":"Creative AI","floor":42,"key":"SMITH"}],"circlet_count":0,"master_deck":["Strike_B+1","Defend_B","Defend_B","Defend_B","Zap+1","Dualcast","Gash","Gash","ReplayGash","Gash","Echo Form","Coolheaded+1","ReplayTheSpireMod:Chaos Vortex+1","Heatsinks+1","Gash","Gash","Creative AI+1","All For One","Gash+1","FIFO Queue","Coolheaded+1","Turbo"],"relics":["Cracked Core","EVO:Axolotl","Strawberry","foxEvents:LuckyCharm","ReplayTheSpireMod:TigerMarble","Blue Doll","Pear","Replay:Baseball","Replay:Bottled Flurry","infinitespire:Cupcake","Replay:Bronze Core","Gremlin Food","Ring of Chaos","conspire:TreasureMap","infinitespire:PuzzleCube","Peace Pipe","Pen Nib","Omamori","Prayer Wheel","wanderingMiniBosses:AbyssPearl","Calling Bell","Happy Flower","Darkstone Periapt","Pocketwatch","InkBottle","Bag of Preparation","ReplayFunnel","infinitespire:Midas Blood","ReplayTheSpireMod:Lightbulb"],"acts_visited":["Exordium","TheCity","TheBeyond"],"potions_floor_usage":[8,11,16,18,18,23,23,25,25,33,50,50],"damage_taken":[{"damage":7,"enemies":"Jaw Worm","floor":1,"turns":3},{"damage":11,"enemies":"Colosseum Slavers","floor":4,"turns":4},{"damage":33,"enemies":"Gremlin Nob","floor":6,"turns":4},{"damage":0,"enemies":"2 Louse","floor":10,"turns":2},{"damage":15,"enemies":"Lagavulin","floor":11,"turns":5},{"damage":0,"enemies":"conspire:RoseBush","floor":12,"turns":2},{"damage":43,"enemies":"Fading Forest","floor":16,"turns":11},{"damage":18,"enemies":"Chosen","floor":18,"turns":7},{"damage":22,"enemies":"3 Byrds","floor":20,"turns":4},{"damage":25,"enemies":"Slavers","floor":23,"turns":5},{"damage":0,"enemies":"conspire:HollyBat","floor":24,"turns":4},{"damage":13,"enemies":"Replay:Snechameleon","floor":25,"turns":3},{"damage":30,"enemies":"conspire:SneckoGhost","floor":27,"turns":4},{"damage":3,"enemies":"Centurion and Healer","floor":28,"turns":3},{"damage":2,"enemies":"Shelled Parasite and Fungi","floor":29,"turns":5},{"damage":0,"enemies":"Collector","floor":33,"turns":3},{"damage":0,"enemies":"3 Shapes","floor":35,"turns":4},{"damage":0,"enemies":"3 Darklings","floor":36,"turns":4},{"damage":0,"enemies":"Maw","floor":38,"turns":3},{"damage":0,"enemies":"Sphere and 2 Shapes","floor":41,"turns":2},{"damage":0,"enemies":"Transient","floor":44,"turns":4},{"damage":13,"enemies":"R_Hoarder","floor":46,"turns":6},{"damage":0,"enemies":"Maw","floor":47,"turns":2},{"damage":0,"enemies":"Giant Head","floor":48,"turns":3},{"damage":0,"enemies":"Time Eater","floor":50,"turns":3}],"seed_played":"-7898881063360716732","potions_obtained":[{"floor":6,"key":"Block Potion"},{"floor":11,"key":"Weak Potion"},{"floor":12,"key":"Weak Potion"},{"floor":19,"key":"FairyPotion"},{"floor":19,"key":"Cursed Concoction"},{"floor":19,"key":"DeathKnight:BottledBloodEchoes"},{"floor":20,"key":"Ancient Potion"},{"floor":24,"key":"AttackPotion"},{"floor":29,"key":"SkillPotion"},{"floor":32,"key":"FairyPotion"},{"floor":32,"key":"Flashbang"},{"floor":33,"key":"FocusPotion"},{"floor":36,"key":"SteroidPotion"},{"floor":38,"key":"PowerPotion"}],"is_trial":false,"path_per_floor":["M","$","?","?","?","E","R","$","T","M","E","M","?","T","R","B",null,"M","?","M","AVR","$","E","M","E","T","E","M","M","R","?","R","B",null,"M","M","?","M","$","R","M","R","T","M","$","E","M","E","R","B",null],"character_chosen":"DEFECT","items_purchased":["Gash","Toxic Potion","Fruit Juice","Ring of Chaos","Heatsinks","conspire:TreasureMap","InkBottle","Bag of Preparation","FIFO Queue"],"campfire_rested":3,"item_purchase_floors":[2,8,8,22,22,22,39,39,45],"current_hp_per_floor":[75,75,64,53,53,20,44,49,49,49,44,44,37,37,66,41,97,79,79,57,57,57,32,32,19,19,29,26,24,53,53,53,53,97,97,97,97,97,97,97,97,97,97,97,97,84,84,84,84,84],"gold":80,"neow_bonus":"RANDOM_COMMON_RELIC","is_daily":false,"chose_seed":false,"campfire_upgraded":2,"win_rate":0.0,"timestamp":1611467659,"path_taken":["M","$","?","?","?","E","R","?","T","?","E","M","?","?","R","BOSS","M","?","M","AVR","?","E","?","E","T","E","M","M","R","?","R","BOSS","M","?","?","M","$","R","M","R","T","M","$","E","M","E","R","BOSS"],"items_purchased_type":["Card","Potion","Potion","Relic","Card","Relic","Relic","Relic","Card"],"build_version":"2020-12-22","purchased_purges":3,"victory":true,"max_hp_per_floor":[82,82,82,82,82,82,82,87,87,87,97,97,97,97,97,97,97,97,97,97,97,97,97,97,97,97,97,97,97,97,97,97,97,97,97,97,97,97,97,97,97,97,97,97,97,97,97,97,97,97],"relic_stats":{"Peace Pipe":0,"Darkstone Periapt":0,"Happy Flower":[10],"counters":[25,100],"Prayer Wheel":7,"Pen Nib":[18],"Bag of Preparation":[12],"obtain_stats":[{"Darkstone Periapt":34,"ReplayFunnel":43,"Blue Doll":9,"wanderingMiniBosses:AbyssPearl":29,"Bag of Preparation":39,"EVO:Axolotl":0,"Strawberry":0,"Replay:Bronze Core":21,"Prayer Wheel":29,"Replay:Bottled Flurry":14,"Cracked Core":0,"InkBottle":39,"Gremlin Food":21,"conspire:TreasureMap":22,"Pear":11,"Happy Flower":34,"Ring of Chaos":22,"Pen Nib":26,"Omamori":27,"Peace Pipe":25,"Calling Bell":34,"Replay:Baseball":13,"foxEvents:LuckyCharm":4,"ReplayTheSpireMod:TigerMarble":6,"ReplayTheSpireMod:Lightbulb":48,"infinitespire:PuzzleCube":23,"infinitespire:Cupcake":17,"Pocketwatch":34,"infinitespire:Midas Blood":46},{"Darkstone Periapt":16,"ReplayFunnel":20,"Blue Doll":3,"wanderingMiniBosses:AbyssPearl":15,"Bag of Preparation":19,"EVO:Axolotl":0,"Strawberry":0,"Replay:Bronze Core":9,"Prayer Wheel":15,"Replay:Bottled Flurry":6,"Cracked Core":0,"InkBottle":19,"Gremlin Food":9,"conspire:TreasureMap":9,"Pear":5,"Happy Flower":16,"Ring of Chaos":9,"Pen Nib":12,"Omamori":13,"Peace Pipe":12,"Calling Bell":16,"Replay:Baseball":6,"foxEvents:LuckyCharm":2,"ReplayTheSpireMod:TigerMarble":3,"ReplayTheSpireMod:Lightbulb":24,"infinitespire:PuzzleCube":10,"infinitespire:Cupcake":7,"Pocketwatch":16,"infinitespire:Midas Blood":22},{"Darkstone Periapt":69,"ReplayFunnel":82,"Blue Doll":11,"wanderingMiniBosses:AbyssPearl":66,"Bag of Preparation":80,"EVO:Axolotl":0,"Strawberry":0,"Replay:Bronze Core":42,"Prayer Wheel":66,"Replay:Bottled Flurry":20,"Cracked Core":0,"InkBottle":80,"Gremlin Food":42,"conspire:TreasureMap":42,"Pear":18,"Happy Flower":69,"Ring of Chaos":42,"Pen Nib":54,"Omamori":58,"Peace Pipe":54,"Calling Bell":69,"Replay:Baseball":20,"foxEvents:LuckyCharm":7,"ReplayTheSpireMod:TigerMarble":11,"ReplayTheSpireMod:Lightbulb":97,"infinitespire:PuzzleCube":47,"infinitespire:Cupcake":31,"Pocketwatch":69,"infinitespire:Midas Blood":92}],"InkBottle":[19],"Pocketwatch":[0]},"card_choices":[{"not_picked":["Leap","Turbo"],"picked":"Gash","floor":1},{"not_picked":["Stack","Redo"],"picked":"ReplayGash","floor":6},{"not_picked":["TH:CursedSword","TH:Mimic"],"picked":"SKIP","floor":6},{"not_picked":["TH:CursedSword","TH:Mimic"],"picked":"SKIP","floor":6},{"not_picked":["TH:Mimic","TH:ElvenBoots"],"picked":"SKIP","floor":9},{"not_picked":["Genetic Algorithm","Rebound"],"picked":"Gash","floor":10},{"not_picked":["TH:Mimic","TH:DeckOfManyThings"],"picked":"SKIP","floor":11},{"not_picked":["Leap","BasicCrystalCard","Consume"],"picked":"SKIP","floor":11},{"not_picked":["Steam","Thunder Strike","Turbo"],"picked":"SKIP","floor":12},{"not_picked":["TH:ArmorSpikes","TH:PixieDust"],"picked":"SKIP","floor":14},{"not_picked":["ReplayRNGCard","Creative AI"],"picked":"Echo Form","floor":16},{"not_picked":["Beam Cell","Barrage","Double Energy"],"picked":"SKIP","floor":18},{"not_picked":["Force Field","Hologram"],"picked":"Coolheaded+1","floor":20},{"not_picked":["Amplify","Rip and Tear"],"picked":"Gash","floor":23},{"not_picked":["TH:BikiniMail","TH:Mimic"],"picked":"SKIP","floor":23},{"not_picked":["Ball Lightning","Reprogram+1"],"picked":"Gash","floor":24},{"not_picked":["conspire:Rain+1","Conserve Battery+1"],"picked":"Creative AI","floor":25},{"not_picked":["TH:BikiniMail","TH:CursedSword"],"picked":"SKIP","floor":25},{"not_picked":["TH:BikiniMail","TH:CursedSword"],"picked":"SKIP","floor":25},{"not_picked":["TH:CursedSword","TH:TreasureMap"],"picked":"SKIP","floor":26},{"not_picked":["ReplayTheSpireMod:Calculation Training+1","Streamline"],"picked":"ReplayTheSpireMod:Fabricate Wheel","floor":27},{"not_picked":["TH:ElvenBoots","TH:PixieDust"],"picked":"SKIP","floor":27},{"not_picked":["Compile Driver+1","Streamline","Cold Snap+1"],"picked":"SKIP","floor":28},{"not_picked":["Skim","Leap","Cold Snap"],"picked":"SKIP","floor":29},{"not_picked":["Static Discharge","Coolheaded","Barrage+1"],"picked":"SKIP","floor":29},{"not_picked":["ReplayRNGCard","Amplify"],"picked":"All For One","floor":33},{"not_picked":["Beam Cell+1","Force Field+1","Sweeping Beam"],"picked":"SKIP","floor":35},{"not_picked":["Turbo+1","Redo+1","Beam Cell+1"],"picked":"SKIP","floor":35},{"not_picked":["Panic Button+1","Loop+1"],"picked":"Gash+1","floor":36},{"not_picked":["Hologram+1","Darkness+1","Reprogram+1"],"picked":"SKIP","floor":36},{"not_picked":["Reprogram","Melter+1","Cold Snap"],"picked":"SKIP","floor":38},{"not_picked":["conspire:SharedLibrary+1","BootSequence+1","Tempest+1"],"picked":"SKIP","floor":38},{"not_picked":["Buffer","Turbo+1","Steam Power+1"],"picked":"SKIP","floor":41},{"not_picked":["ReplayTheSpireMod:GoodbyeWorld+1","Rip and Tear+1","ReplayGash"],"picked":"SKIP","floor":41},{"not_picked":["TH:EnergyPotion","TH:ArmorSpikes"],"picked":"SKIP","floor":43},{"not_picked":["Beam Cell","Hologram","Ball Lightning+1"],"picked":"SKIP","floor":44},{"not_picked":["BootSequence+1","Self Repair+1","All For One"],"picked":"SKIP","floor":44},{"not_picked":["TH:Mimic","TH:DeckOfManyThings"],"picked":"SKIP","floor":46},{"not_picked":["Streamline","Turbo","Beam Cell"],"picked":"SKIP","floor":46},{"not_picked":["Turbo","Melter"],"picked":"Coolheaded+1","floor":47},{"not_picked":["Hologram+1","Ball Lightning+1","Conserve Battery"],"picked":"SKIP","floor":47},{"not_picked":["TH:Mimic","TH:ElvenBoots"],"picked":"SKIP","floor":48},{"not_picked":["Hyperbeam","Stack+1","Hologram+1"],"picked":"SKIP","floor":48}],"player_experience":411159,"relics_obtained":[{"floor":4,"key":"foxEvents:LuckyCharm"},{"floor":6,"key":"ReplayTheSpireMod:TigerMarble"},{"floor":9,"key":"Blue Doll"},{"floor":11,"key":"Pear"},{"floor":14,"key":"Replay:Bottled Flurry"},{"floor":23,"key":"infinitespire:PuzzleCube"},{"floor":25,"key":"Peace Pipe"},{"floor":26,"key":"Pen Nib"},{"floor":27,"key":"Omamori"},{"floor":29,"key":"wanderingMiniBosses:AbyssPearl"},{"floor":34,"key":"Happy Flower"},{"floor":34,"key":"Darkstone Periapt"},{"floor":34,"key":"Pocketwatch"},{"floor":43,"key":"ReplayFunnel"},{"floor":46,"key":"infinitespire:Midas Blood"},{"floor":48,"key":"ReplayTheSpireMod:Lightbulb"}],"event_choices":[{"damage_healed":0,"gold_gain":75,"player_choice":"Gather Gold","damage_taken":11,"max_hp_gain":0,"max_hp_loss":0,"event_name":"World of Goop","floor":3,"gold_loss":0},{"damage_healed":0,"gold_gain":0,"player_choice":"Success","damage_taken":7,"relics_obtained":["Replay:Baseball"],"max_hp_gain":0,"max_hp_loss":0,"event_name":"Scrap Ooze","floor":13,"gold_loss":0},{"damage_healed":0,"gold_gain":0,"player_choice":"Bought 3 Potions","damage_taken":0,"max_hp_gain":0,"max_hp_loss":0,"event_name":"The Woman in Blue","floor":19,"gold_loss":0},{"damage_healed":0,"gold_gain":0,"player_choice":"Upgraded","damage_taken":0,"max_hp_gain":0,"max_hp_loss":0,"event_name":"Upgrade Shrine","floor":31,"gold_loss":0,"cards_upgraded":["ReplayTheSpireMod:Chaos Vortex"]},{"cards_removed":["Strike_B"],"damage_healed":0,"gold_gain":0,"player_choice":"Offered Basic","damage_taken":0,"max_hp_gain":0,"max_hp_loss":0,"event_name":"Bonfire Elementals","floor":37,"gold_loss":0}],"is_beta":false,"boss_relics":[{"not_picked":["Nuclear Battery","Runic Dome"],"picked":"infinitespire:Cupcake"},{"not_picked":["Abe\u0027s Treasure","Honey Jar"],"picked":"Calling Bell"}],"items_purged_floors":[2,21,22],"is_endless":false,"potions_floor_spawned":[6,11,12,20,24,29,33,36,38,46,47],"ascension_level":4}}