{"host":"b4vwm7jq6jdk6nca","time":1611502586,"event":{"mods":["Act Like it!","BaseMod","Downfall","Minty Spire (QoL Compilation)","Quick Restart","StSLib","TestMod","The Cursed","[IsaacMod]以撒尖塔","vexMod"],"gold_per_floor":[112,37,56,75,75,75,105,105,131,146,164,164,180,180,180,283,283,295,308,159,159,171,171,199,199,199,227,627,640,651,664,664,664,664],"floor_reached":33,"language":"ZHS","playtime":988,"items_purged":["Defend_G"],"score":614,"play_id":"ddf0591d-709f-4e25-8b20-7591587f7644","local_time":"20210124233626","is_ascension_mode":true,"campfire_choices":[{"data":"DoctorFetus","floor":6.0,"key":"SMITH"},{"data":"Neutralize","floor":8.0,"key":"SMITH"},{"data":"Cloak And Dagger","floor":12.0,"key":"SMITH"},{"data":"Survivor","floor":15.0,"key":"SMITH"},{"data":"Acrobatics","floor":23.0,"key":"SMITH"},{"data":"Envenom","floor":32,"key":"SMITH"}],"circlet_count":0,"master_deck":["Strike_G","Strike_G","Strike_G","Strike_G","Strike_G","Defend_G","Defend_G","Defend_G","Survivor+1","Neutralize+1","DoctorFetus+1","Blade Dance","All Out Attack","Quick Slash","Corpse Explosion","Masterful Stab","Cloak And Dagger+1","Accuracy","Envenom+1","Grand Finale+1","Terror+1","Acrobatics+1","Die Die Die","Venomology","Venomology","Riddle With Holes"],"relics":["Ring of the Snake","testmod-TestBox","HushsDoor","Damocles","testmod-Alchemist","Akabeko","Bag of Preparation","Lantern","hexamod:BolsterEngine","testmod-TurbochargingSystem","Tiny Chest","Sundial","Happy Flower","vexMod:FocusSash","testmod-Prudence","GuppysCollar","GuppysTail","BelialBook","testmod-IndustrialRevolution","Shuriken","vexMod:PaidLearning","Torii","Paper Crane","MealTicket","vexMod:HeadHunter","Bottled Flame","Ornamental Fan","PillsDrop","vexMod:ConsolationPrize","testmod-ArcanaOfDestiny","Ninja Scroll"],"acts_visited":["Exordium","TheCity"],"potions_floor_usage":[29,30,33,33,33,33],"damage_taken":[{"damage":0.0,"enemies":"Jaw Worm","floor":1.0,"turns":1.0},{"damage":0.0,"enemies":"Cultist","floor":3.0,"turns":1.0},{"damage":0.0,"enemies":"Small Slimes","floor":4.0,"turns":1.0},{"damage":12.0,"enemies":"3 Sentries","floor":7.0,"turns":3.0},{"damage":0.0,"enemies":"2 Fungi Beasts","floor":10.0,"turns":2.0},{"damage":0.0,"enemies":"3 Louse","floor":11.0,"turns":1.0},{"damage":0.0,"enemies":"Blue Slaver","floor":13.0,"turns":2.0},{"damage":0.0,"enemies":"The Guardian","floor":16.0,"turns":6.0},{"damage":0.0,"enemies":"3 Byrds","floor":18.0,"turns":2.0},{"damage":0.0,"enemies":"Chosen","floor":19.0,"turns":2.0},{"damage":0.0,"enemies":"3 Cultists","floor":22.0,"turns":2.0},{"damage":0,"enemies":"Book of Stabbing","floor":24,"turns":1},{"damage":0,"enemies":"Slavers","floor":27,"turns":1},{"damage":0,"enemies":"Sentry and Sphere","floor":29,"turns":1},{"damage":0,"enemies":"Cultist and Chosen","floor":30,"turns":1},{"damage":0,"enemies":"Centurion and Healer","floor":31,"turns":1},{"damage":100000000,"enemies":"Champ","floor":33,"turns":2}],"seed_played":"-5410068386894499698","potions_obtained":[{"floor":3.0,"key":"FearPotion"},{"floor":7.0,"key":"Dexterity Potion"},{"floor":10.0,"key":"Weak Potion"},{"floor":13.0,"key":"FearPotion"},{"floor":19.0,"key":"AttackPotion"},{"floor":22.0,"key":"Fire Potion"},{"floor":27,"key":"Swift Potion"},{"floor":31,"key":"SpeedPotion"}],"is_trial":false,"path_per_floor":["M","$","M","M","?","R","E","R","T","M","M","R","M","?","R","B",null,"M","M","$","?","M","R","E","T","T","E","?","M","M","M","R","B"],"character_chosen":"THE_SILENT","items_purchased":["GuppysCollar","GuppysTail","Grand Finale","Terror","BelialBook","vexMod:PaidLearning"],"campfire_rested":0,"item_purchase_floors":[17,17,17,17,17,20],"current_hp_per_floor":[63,63,63,63,63,63,51,51,51,51,51,51,51,51,51,51,30,30,30,30,30,30,30,30,30,30,30,30,30,30,30,30,0,0],"gold":664,"neow_bonus":"THREE_ENEMY_KILL","is_daily":false,"chose_seed":false,"campfire_upgraded":6,"win_rate":0.0,"timestamp":1611502586,"path_taken":["M","$","M","M","?","R","E","R","T","M","M","R","M","?","R","BOSS","M","M","?","?","M","R","E","?","T","E","?","M","M","M","R","BOSS"],"items_purchased_type":["Relic","Relic","Card","Card","Relic","Relic"],"build_version":"2020-12-22","purchased_purges":1,"victory":false,"max_hp_per_floor":[70,70,70,70,70,70,70,70,70,70,70,70,70,70,70,70,30,30,30,30,30,30,30,30,30,30,30,30,30,30,30,30,30,30],"card_choices":[{"not_picked":[],"picked":"DoctorFetus","floor":0.0},{"not_picked":["Choke","Poisoned Stab"],"picked":"Blade Dance","floor":1.0},{"not_picked":["Backflip","Underhanded Strike"],"picked":"All Out Attack","floor":3.0},{"not_picked":["Flying Knee","Underhanded Strike"],"picked":"Quick Slash","floor":4.0},{"not_picked":["Expertise","Endless Agony"],"picked":"Corpse Explosion","floor":7.0},{"not_picked":["Underhanded Strike","Deadly Poison"],"picked":"Masterful Stab","floor":10.0},{"not_picked":["Dagger Throw","Masterful Stab"],"picked":"Cloak And Dagger","floor":11.0},{"not_picked":["Leg Sweep","Masterful Stab"],"picked":"Accuracy","floor":13.0},{"not_picked":["Malaise","Wraith Form v2"],"picked":"Envenom","floor":16.0},{"not_picked":["Poisoned Stab","Quick Slash+1","All Out Attack"],"picked":"SKIP","floor":18.0},{"not_picked":["All Out Attack","Outmaneuver","Tactician+1"],"picked":"SKIP","floor":19.0},{"not_picked":["Dodge and Roll+1","Sucker Punch"],"picked":"Acrobatics","floor":22.0},{"not_picked":["Quick Slash","Poisoned Stab+1"],"picked":"Die Die Die","floor":24},{"not_picked":["Malaise","Bullet Time"],"picked":"Venomology","floor":27},{"not_picked":["Poisoned Stab","Cloak And Dagger"],"picked":"Venomology","floor":27},{"not_picked":["Deadly Poison+1","Quick Slash"],"picked":"Riddle With Holes","floor":29},{"not_picked":["Sucker Punch","PiercingWail+1","Backflip+1"],"picked":"SKIP","floor":30},{"not_picked":["Blade Dance","Flying Knee","Leg Sweep"],"picked":"SKIP","floor":31}],"player_experience":257948,"relics_obtained":[{"floor":1.0,"key":"Akabeko"},{"floor":3.0,"key":"Bag of Preparation"},{"floor":4.0,"key":"Lantern"},{"floor":7.0,"key":"hexamod:BolsterEngine"},{"floor":7.0,"key":"testmod-TurbochargingSystem"},{"floor":9.0,"key":"Tiny Chest"},{"floor":10.0,"key":"Sundial"},{"floor":11.0,"key":"Happy Flower"},{"floor":13.0,"key":"vexMod:FocusSash"},{"floor":18.0,"key":"testmod-IndustrialRevolution"},{"floor":19.0,"key":"Shuriken"},{"floor":22.0,"key":"Torii"},{"floor":24,"key":"Paper Crane"},{"floor":24,"key":"MealTicket"},{"floor":25,"key":"vexMod:HeadHunter"},{"floor":26,"key":"Bottled Flame"},{"floor":27,"key":"Ornamental Fan"},{"floor":27,"key":"PillsDrop"},{"floor":29,"key":"vexMod:ConsolationPrize"},{"floor":30,"key":"testmod-ArcanaOfDestiny"},{"floor":31,"key":"Ninja Scroll"}],"event_choices":[{"damage_healed":0.0,"max_hp_gain":0.0,"max_hp_loss":0.0,"gold_gain":0.0,"event_name":"Scrap Ooze","player_choice":"Fled","floor":14.0,"gold_loss":0.0,"damage_taken":0.0},{"damage_healed":0,"gold_gain":400,"player_choice":"Sell","damage_taken":0,"max_hp_gain":0,"max_hp_loss":0,"event_name":"恩洛斯的盘子","floor":28,"relics_lost":["NeowsBlessing"],"gold_loss":0}],"is_beta":false,"boss_relics":[{"not_picked":["testmod-NegativeEmotionEnhancer","testmod-IncinerationGenerator"],"picked":"testmod-Prudence"},{"not_picked":[]}],"items_purged_floors":[2],"is_endless":false,"potions_floor_spawned":[3,7,10,13,19,22,27,31],"killed_by":"Champ","ascension_level":9}}