{"host":"2e3z4r48quhw80cc","time":1611512713,"event":{"mods":["BaseMod","Minty Spire (QoL Compilation)","Quick Restart","StSLib","SuperFastMode"],"gold_per_floor":[367,381,35,210,226,226,237,265,265,265,265,292,292,292,292,392,392,405,405,422,432,451,451,481,494,494,518,518,518],"floor_reached":28,"language":"KOR","playtime":953,"items_purged":[],"score":387,"play_id":"c52f6855-7229-462d-9574-f0c6d10c09ce","local_time":"20210125032513","is_ascension_mode":true,"campfire_choices":[{"data":"Apotheosis","floor":6.0,"key":"SMITH"},{"floor":10.0,"key":"REST"},{"data":"Zap","floor":15.0,"key":"SMITH"},{"floor":23.0,"key":"REST"}],"circlet_count":0,"master_deck":["Strike_B","Strike_B","Strike_B","Defend_B","Defend_B","Defend_B","Defend_B","Zap+1","Dualcast","Consume","Genetic Algorithm","Apotheosis+1","Defragment","Glacier","Amplify","Reboot","Defragment","Tempest","Heatsinks"],"relics":["Cracked Core","Membership Card","Omamori","Art of War","InkBottle","Unceasing Top","Mummified Hand","SlaversCollar","Darkstone Periapt","Bottled Tornado","PreservedInsect"],"acts_visited":["Exordium","TheCity"],"potions_floor_usage":[],"damage_taken":[{"damage":7.0,"enemies":"Small Slimes","floor":1.0,"turns":3.0},{"damage":2.0,"enemies":"Jaw Worm","floor":2.0,"turns":3.0},{"damage":9.0,"enemies":"2 Louse","floor":5.0,"turns":2.0},{"damage":1.0,"enemies":"Exordium Wildlife","floor":7.0,"turns":3.0},{"damage":29.0,"enemies":"Gremlin Nob","floor":8.0,"turns":4.0},{"damage":12.0,"enemies":"Lagavulin","floor":12.0,"turns":5.0},{"damage":0.0,"enemies":"The Guardian","floor":16.0,"turns":11.0},{"damage":17.0,"enemies":"2 Thieves","floor":18.0,"turns":5.0},{"damage":12.0,"enemies":"3 Byrds","floor":20.0,"turns":5.0},{"damage":3.0,"enemies":"Snecko","floor":21.0,"turns":9.0},{"damage":29.0,"enemies":"3 Cultists","floor":22.0,"turns":7.0},{"damage":10.0,"enemies":"Slavers","floor":24.0,"turns":8.0},{"damage":2.0,"enemies":"Shelled Parasite and Fungi","floor":25.0,"turns":7.0},{"damage":13,"enemies":"Snake Plant","floor":28,"turns":1}],"seed_played":"753754085130136954","potions_obtained":[{"floor":1.0,"key":"SpeedPotion"},{"floor":2.0,"key":"Explosive Potion"},{"floor":8.0,"key":"BlessingOfTheForge"},{"floor":12.0,"key":"Strength Potion"},{"floor":16.0,"key":"Dexterity Potion"},{"floor":20.0,"key":"SteroidPotion"},{"floor":22.0,"key":"Weak Potion"},{"floor":24.0,"key":"LiquidMemories"}],"is_trial":false,"path_per_floor":["M","M","$","?","M","R","M","E","T","R","?","E","T","?","R","B",null,"M","?","M","M","M","R","E","M","T","T","M"],"character_chosen":"DEFECT","items_purchased":["Membership Card","Omamori","Apotheosis","Defragment"],"campfire_rested":2,"item_purchase_floors":[3,3,3,3],"current_hp_per_floor":[43,41,41,41,32,32,31,2,2,24,17,5,5,23,23,23,62,45,45,33,30,1,23,13,11,11,11,0,0],"gold":518,"neow_bonus":"TWO_FIFTY_GOLD","is_daily":false,"chose_seed":false,"campfire_upgraded":2,"win_rate":0.0,"timestamp":1611512713,"path_taken":["M","M","$","?","M","R","M","E","T","R","?","E","?","?","R","BOSS","M","?","M","M","M","R","E","M","T","?","M"],"items_purchased_type":["Relic","Relic","Card","Card"],"build_version":"2020-12-22","purchased_purges":0,"victory":false,"max_hp_per_floor":[75,75,75,75,75,75,75,75,75,75,75,75,75,75,75,75,75,75,75,75,75,75,75,75,75,75,75,75,75],"card_choices":[{"not_picked":["Reprogram","Go for the Eyes"],"picked":"Consume","floor":1.0},{"not_picked":["Go for the Eyes","Force Field"],"picked":"Genetic Algorithm","floor":2.0},{"not_picked":["Coolheaded","Hologram","Stack"],"picked":"SKIP","floor":5.0},{"not_picked":["Turbo","Fusion","Streamline"],"picked":"SKIP","floor":7.0},{"not_picked":["Barrage","Gash","Darkness"],"picked":"SKIP","floor":8.0},{"not_picked":["Defragment","Redo"],"picked":"Glacier","floor":12.0},{"not_picked":["Rainbow","Hyperbeam"],"picked":"Amplify","floor":16.0},{"not_picked":["Compile Driver+1","Rebound","Steam"],"picked":"SKIP","floor":18.0},{"not_picked":["Hologram","Gash","Go for the Eyes"],"picked":"SKIP","floor":20.0},{"not_picked":["Compile Driver+1","Barrage"],"picked":"Reboot","floor":21.0},{"not_picked":["Blizzard","Barrage+1"],"picked":"Defragment","floor":22.0},{"not_picked":["Melter","Cold Snap+1"],"picked":"Tempest","floor":24.0},{"not_picked":["Sweeping Beam+1","Streamline+1"],"picked":"Heatsinks","floor":25.0}],"player_experience":72642,"relics_obtained":[{"floor":8.0,"key":"Art of War"},{"floor":9.0,"key":"InkBottle"},{"floor":12.0,"key":"Unceasing Top"},{"floor":13.0,"key":"Mummified Hand"},{"floor":24.0,"key":"Darkstone Periapt"},{"floor":26.0,"key":"Bottled Tornado"},{"floor":27.0,"key":"PreservedInsect"}],"event_choices":[{"damage_healed":0.0,"max_hp_gain":0.0,"max_hp_loss":0.0,"gold_gain":175.0,"event_name":"Liars Game","player_choice":"AGREE","floor":4.0,"gold_loss":0.0,"damage_taken":0.0,"cards_obtained":["Doubt"]},{"cards_removed":["Strike_B"],"damage_healed":0.0,"max_hp_gain":0.0,"max_hp_loss":0.0,"gold_gain":0.0,"event_name":"Golden Wing","player_choice":"Card Removal","floor":11.0,"gold_loss":0.0,"damage_taken":7.0},{"damage_healed":18.0,"max_hp_gain":0.0,"max_hp_loss":0.0,"gold_gain":0.0,"event_name":"Mushrooms","player_choice":"Healed and dodged fight","floor":14.0,"gold_loss":0.0,"damage_taken":0.0,"cards_obtained":["Parasite"]},{"damage_healed":0.0,"max_hp_gain":0.0,"max_hp_loss":0.0,"gold_gain":0.0,"event_name":"Cursed Tome","player_choice":"Ignored","floor":19.0,"gold_loss":0.0,"damage_taken":0.0}],"is_beta":false,"boss_relics":[{"not_picked":["Runic Pyramid","Empty Cage"],"picked":"SlaversCollar"}],"items_purged_floors":[],"is_endless":false,"potions_floor_spawned":[1,2,8,12,16,20,22,24],"killed_by":"Snake Plant","ascension_level":6}}