{"host":"t0dvmwh9w61bq0j7","time":1611532701,"event":{"mods":["2.2 Compatiblity","AchievementEnabler","BaseMod","Better Note","Block Reminder","Colored Map","DeckTracker","Highlight Path","Jorbs\u0027s Wanderer Trilogy","Minty Spire (QoL Compilation)","Random Character Button","Rare Cards Sparkle","Relic Stats","Spicy Shops","StSLib","The Cursed","The Judge","TheVacant","Transform Curses"],"gold_per_floor":[118,118,68,83,14,39,39,64,64,64,64,64,78,96,96,192,192,208,161,161,179,179,204,204,220,243,243,268,278,297,297,297,396,396,414,263,263,283,303,330,330,357,357,357,375,84,103,103,103,103,103],"floor_reached":50,"language":"POL","playtime":2324,"items_purged":[],"score":630,"play_id":"da50c7ee-eb85-4a1b-a454-024bd982e723","local_time":"20210125005821","is_ascension_mode":true,"campfire_choices":[{"floor":7.0,"key":"REST"},{"floor":10.0,"key":"REST"},{"floor":15.0,"key":"RECALL"},{"floor":24.0,"key":"REST"},{"floor":27.0,"key":"REST"},{"floor":32.0,"key":"REST"},{"floor":41.0,"key":"REST"},{"floor":44.0,"key":"REST"},{"floor":49.0,"key":"REST"}],"circlet_count":0,"master_deck":["theVacant:VacantStarterStrike","theVacant:VacantStarterStrike+1","theVacant:VacantStarterStrike","theVacant:VacantStarterDefend","theVacant:VacantStarterDefend","theVacant:Release+1","theVacant:Crunch+1","theVacant:Whip","theVacant:Sneeze+1","theVacant:Carve","theVacant:BurdenBreak","theVacant:Snowball","theVacant:WaitInWrath","theVacant:SpiritOrb+1","theVacant:TheAnvil","theVacant:GraveDigger+1","theVacant:Fling+1","theVacant:Fling+1","theVacant:Cower","theVacant:ShriekingBlast","theVacant:VoidEmbrace","theVacant:SurpriseAttack","theVacant:Threat","theVacant:ShriekingBlast+1","theVacant:Whip","theVacant:EmbraceDarkness","Sadistic Nature","theVacant:Recover","theVacant:Husk","theVacant:SurpriseAttack+1","theVacant:ShutAway+1"],"relics":["theVacant:BrassGoblet","WingedGreaves","Whetstone","WarpedTongs","Astrolabe","Akabeko","Nunchaku","Lizard Tail","Black Star","Lee\u0027s Waffle","PreservedInsect","Pocketwatch","Letter Opener","War Paint","Darkstone Periapt","Incense Burner"],"acts_visited":["Exordium","TheCity","TheBeyond"],"potions_floor_usage":[50],"damage_taken":[{"damage":0.0,"enemies":"Cultist","floor":1.0,"turns":3.0},{"damage":0.0,"enemies":"Jaw Worm","floor":4.0,"turns":4.0},{"damage":31.0,"enemies":"3 Sentries","floor":6.0,"turns":8.0},{"damage":22.0,"enemies":"Lagavulin","floor":8.0,"turns":6.0},{"damage":3.0,"enemies":"2 Louse","floor":13.0,"turns":2.0},{"damage":18.0,"enemies":"Lots of Slimes","floor":14.0,"turns":5.0},{"damage":33.0,"enemies":"Hexaghost","floor":16.0,"turns":6.0},{"damage":10.0,"enemies":"3 Byrds","floor":18.0,"turns":4.0},{"damage":6.0,"enemies":"Shell Parasite","floor":21.0,"turns":2.0},{"damage":37.0,"enemies":"Slavers","floor":23.0,"turns":3.0},{"damage":28.0,"enemies":"Snecko","floor":25.0,"turns":4.0},{"damage":28.0,"enemies":"Gremlin Leader","floor":28.0,"turns":4.0},{"damage":0.0,"enemies":"Centurion and Healer","floor":29.0,"turns":1.0},{"damage":0.0,"enemies":"Snake Plant","floor":30.0,"turns":1.0},{"damage":30.0,"enemies":"Automaton","floor":33.0,"turns":4.0},{"damage":0.0,"enemies":"3 Darklings","floor":35.0,"turns":1.0},{"damage":20.0,"enemies":"3 Shapes","floor":38.0,"turns":1.0},{"damage":20.0,"enemies":"Sphere and 2 Shapes","floor":39.0,"turns":3.0},{"damage":39.0,"enemies":"Giant Head","floor":40.0,"turns":6.0},{"damage":54.0,"enemies":"Nemesis","floor":42.0,"turns":5.0},{"damage":0.0,"enemies":"3 Darklings","floor":45.0,"turns":1.0},{"damage":23.0,"enemies":"Spire Growth","floor":47.0,"turns":3.0},{"damage":103,"enemies":"Awakened One","floor":50,"turns":6}],"seed_played":"-5314035015301104758","potions_obtained":[{"floor":1.0,"key":"PowerPotion"},{"floor":4.0,"key":"LiquidBronze"},{"floor":6.0,"key":"LiquidMemories"},{"floor":14.0,"key":"SkillPotion"},{"floor":25.0,"key":"Energy Potion"},{"floor":33.0,"key":"Energy Potion"},{"floor":40.0,"key":"Fire Potion"},{"floor":45.0,"key":"Strength Potion"}],"is_trial":false,"path_per_floor":["M","?","?","M","$","E","R","E","T","R","?","$","M","M","R","B",null,"M","$","?","M","?","E","R","M","T","R","E","M","M","?","R","B",null,"M","$","?","M","M","E","R","E","T","R","M","$","M","?","R","B"],"character_chosen":"THE_VACANT","items_purchased":["theVacant:BurdenBreak","theVacant:ShriekingBlast","Lee\u0027s Waffle","Incense Burner"],"campfire_rested":8,"item_purchase_floors":[5,19,36,46],"current_hp_per_floor":[80,80,80,80,80,49,73,51,51,75,75,75,72,54,54,21,80,70,70,70,64,64,27,51,23,23,47,19,19,19,19,43,13,80,80,87,87,67,47,18,44,44,44,70,70,70,52,49,75,0,0],"gold":103,"neow_bonus":"THREE_CARDS","is_daily":false,"chose_seed":false,"campfire_upgraded":0,"win_rate":0.0,"timestamp":1611532701,"path_taken":["M","?","?","M","$","E","R","E","T","R","?","$","?","M","R","BOSS","M","?","?","?","?","E","R","M","T","R","E","?","M","?","R","BOSS","M","$","?","?","M","E","R","E","T","R","M","$","M","?","R","BOSS"],"items_purchased_type":["Card","Card","Relic","Relic"],"build_version":"2020-12-22","purchased_purges":0,"victory":false,"max_hp_per_floor":[80,80,80,80,80,80,80,80,80,80,80,80,80,80,80,80,80,80,80,80,80,80,80,80,80,80,80,80,80,80,80,80,80,80,80,87,87,87,87,87,87,87,87,87,87,87,87,87,87,87,87],"relic_stats":{"Darkstone Periapt":0,"Lee\u0027s Waffle":7,"counters":[23,83],"Astrolabe":["theVacant:GraveDigger","theVacant:Fling","theVacant:Fling"],"PreservedInsect":47,"Whetstone":["theVacant:VacantStarterStrike","theVacant:Crunch"],"Letter Opener":[10],"War Paint":["theVacant:SpiritOrb","theVacant:Sneeze"],"WarpedTongs":[62],"Nunchaku":[10],"Lizard Tail":43,"Black Star":2,"obtain_stats":[{"Darkstone Periapt":43,"Lee\u0027s Waffle":36,"theVacant:BrassGoblet":0,"Astrolabe":17,"PreservedInsect":40,"Incense Burner":46,"Whetstone":8,"Letter Opener":42,"War Paint":42,"Akabeko":23,"WarpedTongs":11,"Nunchaku":26,"Lizard Tail":28,"WingedGreaves":6,"Black Star":34,"Pocketwatch":40},{"Darkstone Periapt":20,"Lee\u0027s Waffle":16,"theVacant:BrassGoblet":0,"Astrolabe":7,"PreservedInsect":19,"Incense Burner":21,"Whetstone":4,"Letter Opener":20,"War Paint":20,"Akabeko":10,"WarpedTongs":4,"Nunchaku":11,"Lizard Tail":12,"WingedGreaves":3,"Black Star":15,"Pocketwatch":19},{"Darkstone Periapt":73,"Lee\u0027s Waffle":58,"theVacant:BrassGoblet":0,"Astrolabe":34,"PreservedInsect":68,"Incense Burner":74,"Whetstone":21,"Letter Opener":73,"War Paint":73,"Akabeko":43,"WarpedTongs":21,"Nunchaku":47,"Lizard Tail":51,"WingedGreaves":15,"Black Star":57,"Pocketwatch":68}],"Pocketwatch":[9]},"card_choices":[{"not_picked":["theVacant:Dig","theVacant:Thoughtseize"],"picked":"theVacant:Whip","floor":0.0},{"not_picked":["theVacant:Jab","theVacant:Fortify"],"picked":"theVacant:Sneeze","floor":1.0},{"not_picked":["theVacant:BellToll","theVacant:FranticBlow"],"picked":"theVacant:Carve","floor":4.0},{"not_picked":["theVacant:Jab","theVacant:Thoughtseize"],"picked":"theVacant:Snowball","floor":6.0},{"not_picked":["theVacant:Fling","theVacant:ShutAway"],"picked":"theVacant:WaitInWrath","floor":8.0},{"not_picked":["theVacant:Dig","theVacant:Enrage","theVacant:PitOfDespair"],"picked":"SKIP","floor":13.0},{"not_picked":["theVacant:Spinshield","theVacant:Hex"],"picked":"theVacant:SpiritOrb","floor":14.0},{"not_picked":["theVacant:DimensionTear","theVacant:Exorcise"],"picked":"theVacant:TheAnvil","floor":16.0},{"not_picked":["theVacant:Enrage","theVacant:Unearth"],"picked":"theVacant:Cower","floor":18.0},{"not_picked":["theVacant:CursedBlast","theVacant:ShriekingBlast"],"picked":"theVacant:VoidEmbrace","floor":21.0},{"not_picked":["theVacant:GraveDigger+1","theVacant:Throttle"],"picked":"theVacant:SurpriseAttack","floor":23.0},{"not_picked":["theVacant:EmptyShield+1","theVacant:Soothe"],"picked":"theVacant:Threat","floor":25.0},{"not_picked":["theVacant:Necromancy","theVacant:Whip+1"],"picked":"theVacant:ShriekingBlast+1","floor":28.0},{"not_picked":["theVacant:EmptyShield","theVacant:FranticBlow"],"picked":"theVacant:Whip","floor":29.0},{"not_picked":["theVacant:EyePoke","theVacant:Thoughtseize"],"picked":"theVacant:EmbraceDarkness","floor":30.0},{"not_picked":["theVacant:Dig","theVacant:Sneeze","theVacant:GraveDigger+1"],"picked":"SKIP","floor":35.0},{"not_picked":["theVacant:ShriekingBlast","theVacant:Dig+1","theVacant:Thoughtseize"],"picked":"SKIP","floor":38.0},{"not_picked":["theVacant:Barrage","theVacant:Jab"],"picked":"theVacant:Recover","floor":39.0},{"not_picked":["theVacant:FiendFrost","theVacant:EmptyShield"],"picked":"theVacant:Husk","floor":40.0},{"not_picked":["theVacant:BrassMagnet+1","theVacant:Anguish+1"],"picked":"theVacant:SurpriseAttack+1","floor":42.0},{"not_picked":["theVacant:LashOut","theVacant:Dig","theVacant:Whip+1"],"picked":"SKIP","floor":45.0},{"not_picked":["theVacant:LashOut","theVacant:TwistFate+1"],"picked":"theVacant:ShutAway+1","floor":47.0}],"player_experience":313745,"relics_obtained":[{"floor":6.0,"key":"WingedGreaves"},{"floor":8.0,"key":"Whetstone"},{"floor":23.0,"key":"Akabeko"},{"floor":26.0,"key":"Nunchaku"},{"floor":28.0,"key":"Lizard Tail"},{"floor":40.0,"key":"PreservedInsect"},{"floor":40.0,"key":"Pocketwatch"},{"floor":42.0,"key":"Letter Opener"},{"floor":42.0,"key":"War Paint"},{"floor":43.0,"key":"Darkstone Periapt"}],"event_choices":[{"damage_healed":0.0,"max_hp_gain":0.0,"max_hp_loss":0.0,"gold_gain":0.0,"event_name":"Living Wall","player_choice":"Grow","floor":2.0,"gold_loss":0.0,"damage_taken":0.0,"cards_upgraded":["theVacant:Release"]},{"cards_removed":["theVacant:VacantStarterStrike"],"damage_healed":0.0,"max_hp_gain":0.0,"max_hp_loss":0.0,"gold_gain":0.0,"event_name":"The Cleric","player_choice":"Card Removal","floor":3.0,"gold_loss":50.0,"damage_taken":0.0},{"damage_healed":0.0,"max_hp_gain":0.0,"max_hp_loss":0.0,"gold_gain":0.0,"event_name":"Accursed Blacksmith","player_choice":"Rummage","floor":11.0,"gold_loss":0.0,"damage_taken":0.0,"relics_obtained":["WarpedTongs"],"cards_obtained":["Pain"]},{"damage_healed":0.0,"max_hp_gain":0.0,"max_hp_loss":0.0,"gold_gain":0.0,"event_name":"Drug Dealer","player_choice":"Obtain J.A.X.","floor":20.0,"gold_loss":0.0,"damage_taken":0.0,"cards_obtained":["J.A.X."]},{"damage_healed":0.0,"max_hp_gain":0.0,"max_hp_loss":0.0,"gold_gain":0.0,"event_name":"N\u0027loth","player_choice":"Ignored","floor":22.0,"gold_loss":0.0,"damage_taken":0.0},{"damage_healed":0.0,"max_hp_gain":0.0,"max_hp_loss":0.0,"gold_gain":0.0,"cards_transformed":["J.A.X."],"event_name":"Transmorgrifier","player_choice":"Transformed","floor":31.0,"gold_loss":0.0,"damage_taken":0.0,"cards_obtained":["Sadistic Nature"]},{"damage_healed":0.0,"max_hp_gain":0.0,"max_hp_loss":0.0,"gold_gain":0.0,"event_name":"SecretPortal","player_choice":"Ignored","floor":37.0,"gold_loss":0.0,"damage_taken":0.0},{"damage_healed":0.0,"max_hp_gain":0.0,"max_hp_loss":0.0,"gold_gain":0.0,"event_name":"Designer","player_choice":"Punched","floor":48.0,"gold_loss":0.0,"damage_taken":3.0}],"is_beta":false,"boss_relics":[{"not_picked":["Fusion Hammer","Cursed Key"],"picked":"Astrolabe"},{"not_picked":["Snecko Eye","Empty Cage"],"picked":"Black Star"}],"items_purged_floors":[],"is_endless":false,"potions_floor_spawned":[1,4,6,14,16,21,25,28,30,33,35,40,45],"killed_by":"Awakened One","ascension_level":3}}