{"host":"dwyzfvnzfcqffr30","time":1611524511,"event":{"mods":["2.2 Compatiblity","Act Like it!","Aspiration","BaseMod","Beaked The Cultist","Better Altar","Better Match","Better Note","Better Sensory Stone","Better Skull","Better Third Choice","Clockwork Mod","Colored Map","Colored Powertips","Conspire","Elementarium","GifTheSpireLib","Halation","Hermit","Hubris","Infinite Spire","Ironclad Rager","Jedi Mod","Menagerie","Mimic Mod","Minty Spire (QoL Compilation)","Permanent Neow","Random Character Button","Reliquary","Replay The Spire","Spicy Shops","Spikes Relics","StSLib","Stuff the Spire","The Construct","The Disciple","The Druid","The Marked","TheFirefly","Trackpad","Wandering Minibosses","vexMod"],"gold_per_floor":[12,32,48,62,62,96,96,135,181,212,212,212,238,238,282,137,137,224,224,258,290,326,367,411,471,471,537,561,614,614,177,219,246,246,339,339,380,420,46,68,83,120,139,139,139],"floor_reached":44,"language":"ENG","playtime":24582,"items_purged":["Delirium"],"score":923,"play_id":"b04d7ec6-b33b-4356-b14e-844199843c98","local_time":"20210124134151","is_ascension_mode":true,"campfire_choices":[{"floor":7,"key":"REST"},{"floor":14,"key":"RECALL"},{"floor":17,"key":"REST"},{"floor":26,"key":"REST"},{"floor":34,"key":"REST"}],"circlet_count":0,"master_deck":["AscendersBane","Bash+1","Twin Strike+1","Twin Strike+1","Twin Strike+1","Twin Strike+1","Twin Strike+1","Iron Wave+1","Iron Wave+1","Iron Wave+1","Iron Wave+1","MasterReality+1","Apotheosis+1","Clash+1","Rage+1","Shockwave+1","Flex+1","hubris:SharpeningStone+1","Berserk+1","Limit Break+1","ReplayTheSpireMod:Stacked+1","Armaments+1","Fire Breathing+1","conspire:Banana+1","Reaper+1","Cleave+1","Metallicize+1","Flex+1"],"relics":["Burning Blood","Toxic Egg 2","Molten Egg 2","Frozen Egg 2","Quantum Egg","infinitespire:EvilPickle","SacredBark","conspire:InfiniteJournal","Bottled Tornado","Menagerie:ShiftingBlessing","Orichalcum","Smiling Mask","Toxic Egg 2","reliquary:BoilingFlask","ReplayTheSpireMod:TigerMarble","CosmicIsotope","reliquary:Bookmark","conspire:Dentures","reliquary:TuningFork","Replay:Rubber Ducky","jedi:leech","reliquary:RedCape","hubris:TinFlute","Letter Opener"],"acts_visited":["Menagerie:Menagerie","TheCity","TheBeyond"],"potions_floor_usage":[6,13,18,20,21,23,29,32,35,37,38,40,41,42],"damage_taken":[{"damage":10,"enemies":"Menagerie:2_RABBITS","floor":1,"turns":3},{"damage":10,"enemies":"Menagerie:WhisperingWraith","floor":2,"turns":3},{"damage":6,"enemies":"Menagerie:MonstrousExperiment","floor":3,"turns":4},{"damage":0,"enemies":"Menagerie:BEAST_MAGE_AND_PROWLING_AMALGAM","floor":4,"turns":3},{"damage":3,"enemies":"Menagerie:VoidReaper","floor":6,"turns":3},{"damage":9,"enemies":"Menagerie:MaskedSummoner","floor":8,"turns":8},{"damage":0,"enemies":"Menagerie:MeltingSalamander","floor":10,"turns":1},{"damage":11,"enemies":"Menagerie:RedMage","floor":13,"turns":3},{"damage":8,"enemies":"Menagerie:VoidReaper","floor":15,"turns":3},{"damage":15,"enemies":"Menagerie:AVATARS","floor":18,"turns":3},{"damage":6,"enemies":"Chosen","floor":20,"turns":3},{"damage":4,"enemies":"2 Thieves","floor":21,"turns":3},{"damage":0,"enemies":"Cultist and Chosen","floor":22,"turns":4},{"damage":0,"enemies":"3 Cultists","floor":23,"turns":4},{"damage":14,"enemies":"Shelled Parasite and Fungi","floor":24,"turns":4},{"damage":30,"enemies":"Replay:Snechameleon","floor":25,"turns":4},{"damage":28,"enemies":"Slavers","floor":27,"turns":5},{"damage":5,"enemies":"Chosen and Byrds","floor":29,"turns":4},{"damage":27,"enemies":"Gremlin Leader","floor":32,"turns":5},{"damage":18,"enemies":"3 Cultists","floor":33,"turns":5},{"damage":18,"enemies":"hubris:MusketHawk","floor":35,"turns":7},{"damage":3,"enemies":"3 Shapes","floor":37,"turns":4},{"damage":22,"enemies":"3 Darklings","floor":38,"turns":6},{"damage":10,"enemies":"Transient","floor":40,"turns":5},{"damage":17,"enemies":"Jaw Worm Horde","floor":41,"turns":4},{"damage":82,"enemies":"Nemesis","floor":42,"turns":9},{"damage":13,"enemies":"3 Darklings","floor":43,"turns":6},{"damage":54,"enemies":"Reptomancer","floor":44,"turns":2}],"seed_played":"7249799271960224726","potions_obtained":[{"floor":2,"key":"Adrenaline Potion"},{"floor":3,"key":"Ancient Potion"},{"floor":8,"key":"Adrenaline Potion"},{"floor":13,"key":"PowerPotion"},{"floor":18,"key":"AttackPotion"},{"floor":22,"key":"Adrenaline Potion"},{"floor":27,"key":"jedi:tentaclejuice"},{"floor":29,"key":"ColorlessPotion"},{"floor":33,"key":"ColorlessPotion"},{"floor":35,"key":"Explosive Potion"},{"floor":40,"key":"conspire:TimeTravelPotion"},{"floor":41,"key":"BloodPotion"}],"is_trial":false,"path_per_floor":["M","M","M","M","?","E","R","E","T","M","PTL","PTL","M","R","E","$","R","B",null,"M","M","M","M","M","E","R","E","T","M","?","$","E","M","R","B",null,"M","M","$","M","M","E","M","E"],"character_chosen":"IRONCLAD","items_purchased":["reliquary:BoilingFlask","ReplayTheSpireMod:TigerMarble","reliquary:TuningFork","Replay:Rubber Ducky","conspire:Banana+1","Fire Potion","hubris:TinFlute","Metallicize+1","Block Potion"],"campfire_rested":4,"item_purchase_floors":[16,16,31,31,31,31,39,39,39],"current_hp_per_floor":[46,42,42,48,36,39,59,56,56,62,62,62,57,57,55,55,68,59,66,66,68,68,68,60,36,56,34,34,35,68,68,50,55,74,64,73,78,65,65,76,82,42,49,0,0],"gold":139,"neow_bonus":"IRONCLAD_BERSERKER","is_daily":false,"chose_seed":false,"campfire_upgraded":0,"win_rate":0.0,"timestamp":1611524511,"path_taken":["M","M","M","M","?","E","R","E","T","?","PTL","PTL","M","R","E","?","R","BOSS","M","M","?","M","M","E","R","E","T","M","?","$","E","M","R","BOSS","M","M","$","M","M","E","M","E"],"items_purchased_type":["Relic","Relic","Relic","Relic","Card","Potion","Relic","Card","Potion"],"build_version":"2020-12-22","purchased_purges":1,"victory":false,"max_hp_per_floor":[68,68,68,68,68,68,68,68,68,68,68,68,68,68,68,68,68,68,68,68,68,68,68,68,68,68,68,68,68,68,68,71,74,74,76,76,78,81,81,84,84,86,88,88,88],"card_choices":[{"not_picked":["Pommel Strike+1","Iron Wave+1"],"picked":"Clash+1","floor":1},{"not_picked":["Life Link+1","Dark Embrace+1"],"picked":"Rage+1","floor":2},{"not_picked":["Heavy Blade+1","Uppercut+1"],"picked":"Shockwave+1","floor":3},{"not_picked":["Intimidate+1","Clothesline+1"],"picked":"Flex+1","floor":4},{"not_picked":["Run Through+1","Replay:Undeath\u0027s Touch+1","Body Slam+1"],"picked":"SKIP","floor":6},{"not_picked":["Twin Strike+1","Battle Trance+1","ReplayTheSpireMod:Strike From Hell+1"],"picked":"SKIP","floor":8},{"not_picked":["Armaments+1","ReplayTheSpireMod:Strike From Hell+1"],"picked":"hubris:SharpeningStone+1","floor":10},{"not_picked":["Wild Strike+1","StuffTheSpire:Resist+1","Shrug It Off+1"],"picked":"SKIP","floor":13},{"not_picked":["Rampage+1","Wild Strike+1"],"picked":"Berserk+1","floor":15},{"not_picked":["Reaper+1","hubris:StunningStrike+1"],"picked":"Limit Break+1","floor":18},{"not_picked":["Whirlwind+1","Iron Wave+1","Battle Trance+1"],"picked":"SKIP","floor":20},{"not_picked":["Pommel Strike+1","Run Through+1"],"picked":"ReplayTheSpireMod:Stacked+1","floor":21},{"not_picked":["Replay:Undeath\u0027s Touch+1","StuffTheSpire:RockThrow+1","True Grit+1"],"picked":"SKIP","floor":22},{"not_picked":["ReplayTheSpireMod:Strike From Hell+1","jedi:suffering+1","Anger+1"],"picked":"SKIP","floor":23},{"not_picked":["Headbutt+1","Twin Strike+1"],"picked":"Armaments+1","floor":24},{"not_picked":["Headbutt+1","Body Slam+1","Armaments+1"],"picked":"SKIP","floor":25},{"not_picked":["Hemokinesis+1","Clothesline+1","Abandon+1"],"picked":"SKIP","floor":27},{"not_picked":["StuffTheSpire:Slingshot+1","ReplayTheSpireMod:Strike From Hell+1"],"picked":"Fire Breathing+1","floor":29},{"not_picked":["Bloodletting+1","Shockwave+1","Blood for Blood+1"],"picked":"SKIP","floor":32},{"not_picked":["Pommel Strike+1","Wild Strike+1","Bloodletting+1"],"picked":"SKIP","floor":33},{"not_picked":["Impervious+1","StuffTheSpire:TitanForm+1"],"picked":"Reaper+1","floor":35},{"not_picked":["Flex+1","Pommel Strike+1"],"picked":"Cleave+1","floor":37},{"not_picked":["hubris:SharpeningStone+1","Uppercut+1","Heavy Blade+1"],"picked":"SKIP","floor":38},{"not_picked":["conspire:Charge+1","Perfected Strike+1"],"picked":"Flex+1","floor":40},{"not_picked":["Intimidate+1","Replay:Undeath\u0027s Touch+1","jedi:MakeshiftSword+1"],"picked":"SKIP","floor":41},{"not_picked":["Burning Pact+1","Thunderclap+1","Rampage+1"],"picked":"SKIP","floor":42},{"not_picked":["Dark Embrace+1","Warcry+1","Twin Strike+1"],"picked":"SKIP","floor":43}],"player_experience":2208115,"relics_obtained":[{"floor":6,"key":"Orichalcum"},{"floor":8,"key":"Smiling Mask"},{"floor":15,"key":"Toxic Egg 2"},{"floor":25,"key":"reliquary:Bookmark"},{"floor":27,"key":"conspire:Dentures"},{"floor":32,"key":"jedi:leech"},{"floor":42,"key":"Letter Opener"}],"event_choices":[{"damage_healed":0,"gold_gain":0,"player_choice":"Simplicity","damage_taken":0,"max_hp_gain":0,"max_hp_loss":9,"event_name":"betterThird:BetterWriting","floor":0,"gold_loss":0},{"damage_healed":0,"gold_gain":0,"player_choice":"Touch","damage_taken":12,"relics_obtained":["Menagerie:ShiftingBlessing"],"max_hp_gain":0,"max_hp_loss":0,"event_name":"Menagerie:LunarGift","floor":5,"gold_loss":0},{"damage_healed":33,"gold_gain":0,"player_choice":"Full Heal","damage_taken":0,"max_hp_gain":0,"max_hp_loss":0,"event_name":"Wheel of Change","floor":30,"gold_loss":0}],"is_beta":false,"boss_relics":[{"not_picked":["vexMod:TanglingVine","vexMod:EndlessSickness"],"picked":"CosmicIsotope"},{"not_picked":["Philosopher\u0027s Stone","trackpad:StolenKidneys"],"picked":"reliquary:RedCape"}],"items_purged_floors":[16],"is_endless":false,"potions_floor_spawned":[2,3,4,8,13,18,22,27,29,33,35,40,41],"killed_by":"Reptomancer","ascension_level":15}}