{"host":"2uowsvn2ljd29942","time":1611486526,"event":{"mods":["BaseMod","Better Third Choice","Block Reminder","Colored Map","Colored Powertips","Dark Map","DeckTracker","Highlight Path","LagranYue(???·?)","Marisa????????","Minty Spire (QoL Compilation)","Permanent Neow","Quick Restart","Random Character Button","Rare Cards Sparkle","Relic Sorter","Relic Stats","StSLib","The Bug Knight","The Cursed","The Exalted","The Senshi","The Servant 0.9.4","WarShipGirlsR/????R mod","Yuri Mod","everything is the same but u backflip on backflip","slay the spire mod where everything is the same but ironclad has a cowboy hat"],"gold_per_floor":[10,10,27,40,65,65,65,91,91,104,24,24,43,58,58,158,158,168,183,183,283,283,283],"floor_reached":22,"language":"ENG","playtime":2934,"items_purged":[],"score":188,"play_id":"e1a5aa7d-9a95-4edf-b3bc-b73bfd3defc8","local_time":"20210124050846","is_ascension_mode":false,"campfire_choices":[{"data":"Combust","floor":6.0,"key":"SMITH"},{"floor":12.0,"key":"REST"},{"data":"Demon Form","floor":15.0,"key":"SMITH"}],"circlet_count":0,"master_deck":["Strike_R","Strike_R","Strike_R","Strike_R","Defend_R","Defend_R","Defend_R","Bash","Combust+1","Perfected Strike","Cleave","Demon Form+1","Seeing Red","Hemokinesis","Inflame","Berserk"],"relics":["Burning Blood","LagranYue:RandomDrawCardRelic","PreservedInsect","White Beast Statue","Bromod:ArcaneGrace"],"acts_visited":["Exordium","TheCity"],"potions_floor_usage":[18,20],"damage_taken":[{"damage":5.0,"enemies":"Small Slimes","floor":1.0,"turns":4.0},{"damage":13.0,"enemies":"Jaw Worm","floor":3.0,"turns":3.0},{"damage":1.0,"enemies":"Cultist","floor":4.0,"turns":3.0},{"damage":36.0,"enemies":"HollowMod:MossKnight","floor":8.0,"turns":6.0},{"damage":5.0,"enemies":"Red Slaver","floor":10.0,"turns":4.0},{"damage":7.0,"enemies":"Looter","floor":13.0,"turns":2.0},{"damage":14.0,"enemies":"Blue Slaver","floor":14.0,"turns":3.0},{"damage":52.0,"enemies":"The Guardian","floor":16.0,"turns":7.0},{"damage":22,"enemies":"Shell Parasite","floor":18,"turns":4},{"damage":33,"enemies":"Spheric Guardian","floor":19,"turns":5},{"damage":0,"enemies":"Snake Plant","floor":20,"turns":1},{"damage":5,"enemies":"Centurion and Healer","floor":22,"turns":3}],"seed_played":"-803077389097734702","potions_obtained":[{"floor":4.0,"key":"FearPotion"},{"floor":8.0,"key":"HeartOfIron"},{"floor":10.0,"key":"Energy Potion"},{"floor":13.0,"key":"Fruit Juice"},{"floor":14.0,"key":"Swift Potion"},{"floor":16.0,"key":"Weak Potion"},{"floor":18,"key":"SmokeBomb"},{"floor":19,"key":"SteroidPotion"}],"is_trial":false,"path_per_floor":["M","?","M","M","T","R","?","E","T","M","$","R","M","M","R","B",null,"M","M","M","?","M"],"character_chosen":"IRONCLAD","items_purchased":["Hemokinesis"],"campfire_rested":1,"item_purchase_floors":[11],"current_hp_per_floor":[80,80,73,78,78,78,78,48,48,49,49,73,77,69,69,23,85,74,53,59,59,56,56],"gold":283,"neow_bonus":"REMOVE_TWO","is_daily":false,"chose_seed":false,"campfire_upgraded":2,"win_rate":0.0,"timestamp":1611486526,"path_taken":["M","?","M","M","?","R","?","E","T","M","$","R","M","M","R","BOSS","M","M","M","?","?"],"items_purchased_type":["Card"],"build_version":"2020-12-22","purchased_purges":0,"victory":false,"max_hp_per_floor":[80,80,80,80,80,80,80,80,80,80,80,80,85,85,85,85,85,85,85,85,85,85,85],"relic_stats":{"counters":[12,45],"PreservedInsect":0,"obtain_stats":[{"Bromod:ArcaneGrace":17,"LagranYue:RandomDrawCardRelic":0,"PreservedInsect":8,"Burning Blood":0,"White Beast Statue":9},{"Bromod:ArcaneGrace":8,"LagranYue:RandomDrawCardRelic":0,"PreservedInsect":4,"Burning Blood":0,"White Beast Statue":4},{"Bromod:ArcaneGrace":32,"LagranYue:RandomDrawCardRelic":0,"PreservedInsect":16,"Burning Blood":0,"White Beast Statue":16}],"Burning Blood":65},"card_choices":[{"not_picked":["Shrug It Off","Shockwave"],"picked":"Combust","floor":1.0},{"not_picked":["Anger","Clash"],"picked":"Perfected Strike","floor":3.0},{"not_picked":["Clothesline","Anger"],"picked":"Cleave","floor":4.0},{"not_picked":["Bloodletting","Searing Blow"],"picked":"Demon Form","floor":8.0},{"not_picked":["Armaments","Second Wind"],"picked":"Seeing Red","floor":10.0},{"not_picked":["Sever Soul","Clash","Pommel Strike"],"picked":"SKIP","floor":13.0},{"not_picked":["Armaments","Fire Breathing"],"picked":"Inflame","floor":14.0},{"not_picked":["Corruption","Bludgeon"],"picked":"Berserk","floor":16.0},{"not_picked":["Thunderclap","Body Slam","Second Wind"],"picked":"SKIP","floor":18},{"not_picked":["Headbutt","Armaments","Twin Strike"],"picked":"SKIP","floor":19}],"player_experience":283083,"relics_obtained":[{"floor":8.0,"key":"PreservedInsect"},{"floor":9.0,"key":"White Beast Statue"}],"event_choices":[{"damage_healed":0.0,"max_hp_gain":0.0,"max_hp_loss":0.0,"gold_gain":0.0,"event_name":"Golden Wing","player_choice":"Ignored","floor":2.0,"gold_loss":0.0,"damage_taken":0.0},{"damage_healed":0.0,"max_hp_gain":0.0,"max_hp_loss":0.0,"gold_gain":0.0,"event_name":"The Woman in Blue","player_choice":"Bought 0 Potions","floor":7.0,"gold_loss":0.0,"damage_taken":0.0},{"damage_healed":0,"gold_gain":100,"player_choice":"Pray","damage_taken":0,"max_hp_gain":0,"max_hp_loss":0,"event_name":"Golden Shrine","floor":21,"gold_loss":0}],"is_beta":false,"boss_relics":[{"not_picked":["Tiny House","Velvet Choker"],"picked":"Bromod:ArcaneGrace"}],"items_purged_floors":[],"is_endless":false,"potions_floor_spawned":[4,8,10,13,14,16,18,19,20],"killed_by":"Centurion and Healer","ascension_level":0}}