{"host":"d73an99q9oevilk5","time":1611482991,"event":{"mods":["2.2 Compatiblity","AchievementEnabler","Act Like it!","Aspiration","BaseMod","Beaked The Cultist","Better Third Choice","BetterRewards","Colored Map","Colored Powertips","Conspire","GifTheSpireLib","Halation","Hubris","Infinite Spire","Mimic Mod","Minty Spire (QoL Compilation)","Quick Restart","Relic Sorter","Replay The Spire","Shop Mod","Spikes Relics","StSLib","Stuff the Spire","The Cursed","The Necromancer","The Saiyan","Waifu the Spire","egg","slay the spire mod where everything is the same but ironclad has a cowboy hat","vexMod"],"gold_per_floor":[109,129,129,142,96,96,107,136,136,136,164,179,208,308,308,409,409,392,412,412,412,412,412,424,424,459,477,28,41,57,86,86,190,190,207,207,227,227,227,252,272,272,272,299,299,309,327,327,327,327],"floor_reached":51,"language":"ENG","playtime":2131,"items_purged":[],"score":622,"play_id":"8c0c5220-582f-407b-8aad-8bd0493e3df7","local_time":"20210124030951","is_ascension_mode":false,"campfire_choices":[{"data":"A Thousand Cuts","floor":6.0,"key":"SMITH"},{"floor":15.0,"key":"REST"},{"data":"After Image","floor":23.0,"key":"SMITH"},{"data":"After Image","floor":25.0,"key":"SMITH"},{"floor":32.0,"key":"REST"},{"data":"ReplayTheSpireMod:Scrap Shanks","floor":42,"key":"SMITH"},{"data":"Blade Dance","floor":49,"key":"SMITH"}],"circlet_count":0,"master_deck":["Strike_G+1","Strike_G","Strike_G","Strike_G","Strike_G","Defend_G","Defend_G","Defend_G","Defend_G","Defend_G","Survivor","Neutralize","A Thousand Cuts+1","StuffTheSpire:DoubleShiv","Backflip","Prepared","Cloak And Dagger","StuffTheSpire:DoubleShiv","ReplayTheSpireMod:Scrap Shanks+1","Outmaneuver","After Image+1","After Image+1","Blade Dance+1","Flying Knee+1","conspire:PoisonWeapons","Phantasmal Killer","Blade Dance","After Image","Slice+1","hubris:Counter+1","Metamorphosis","StuffTheSpire:Shiver+1"],"relics":["Ring of the Snake","vexMod:BarristanHead","Durian","Regal Pillow","Rawhide","WristBlade","aspiration:Lifesprig","infinitespire:CheckeredPen","Mirror","StuffTheSpire:GrapeVine","SlaversCollar","aspiration:Nostalgia","Sizzling Blood","StuffTheSpire:RubySignet","halation:SelfBoilingWater","halation:AfternoonTea","halation:PapillonHeart"],"acts_visited":["Exordium","TheCity","TheBeyond"],"potions_floor_usage":[50,50,50],"damage_taken":[{"damage":0.0,"enemies":"2 Louse","floor":1.0,"turns":3.0},{"damage":6.0,"enemies":"Cultist","floor":2.0,"turns":3.0},{"damage":10.0,"enemies":"Small Slimes","floor":4.0,"turns":3.0},{"damage":0.0,"enemies":"2 Fungi Beasts","floor":7.0,"turns":2.0},{"damage":34.0,"enemies":"Gremlin Nob","floor":8.0,"turns":5.0},{"damage":14.0,"enemies":"3 Sentries","floor":11.0,"turns":3.0},{"damage":2.0,"enemies":"Lots of Slimes","floor":12.0,"turns":2.0},{"damage":0.0,"enemies":"Gremlin Nob","floor":13.0,"turns":4.0},{"damage":30.0,"enemies":"The Guardian","floor":16.0,"turns":15.0},{"damage":9.0,"enemies":"2 Thieves","floor":18.0,"turns":4.0},{"damage":0.0,"enemies":"Spheric Guardian","floor":19.0,"turns":2.0},{"damage":7.0,"enemies":"Snake Plant","floor":24.0,"turns":5.0},{"damage":0.0,"enemies":"Centurion and Healer","floor":26.0,"turns":6.0},{"damage":7.0,"enemies":"Centurion and Healer","floor":27.0,"turns":6.0},{"damage":0.0,"enemies":"conspire:HollyBat","floor":29.0,"turns":8.0},{"damage":3.0,"enemies":"Snake Plant","floor":30.0,"turns":5.0},{"damage":11.0,"enemies":"Slavers","floor":31.0,"turns":5.0},{"damage":25.0,"enemies":"Automaton","floor":33.0,"turns":7.0},{"damage":0.0,"enemies":"Orb Walker","floor":35.0,"turns":3.0},{"damage":12.0,"enemies":"3 Darklings","floor":37.0,"turns":4.0},{"damage":1.0,"enemies":"Giant Head","floor":40.0,"turns":7.0},{"damage":1,"enemies":"Spire Growth","floor":41,"turns":5},{"damage":5,"enemies":"Nightmare","floor":44,"turns":6},{"damage":1,"enemies":"4 Shapes","floor":46,"turns":5},{"damage":1,"enemies":"Transient","floor":47,"turns":5},{"damage":0,"enemies":"Replay:Hell Engine","floor":50,"turns":9}],"seed_played":"2173756205590688053","potions_obtained":[{"floor":1.0,"key":"Toxic Potion"},{"floor":3.0,"key":"Flashbang"},{"floor":3.0,"key":"SteroidPotion"},{"floor":7.0,"key":"LiquidMemories"},{"floor":13.0,"key":"Elixir"},{"floor":24.0,"key":"Venom Potion"},{"floor":27.0,"key":"Poison Potion"},{"floor":31.0,"key":"Weak Potion"},{"floor":44,"key":"EssenceOfSteel"}],"is_trial":false,"path_per_floor":["M","M","?","M","$","R","M","E","T","?","E","M","E","?","R","B",null,"M","M","?","AVR","?","R","M","R","MIM","M","$","M","M","E","R","B",null,"M","AVR","M","$","?","E","M","R","T","NM","?","M","M","?","R","B",null],"character_chosen":"THE_SILENT","items_purchased":["Cloak And Dagger","Footwork","Mirror","Phantasmal Killer"],"campfire_rested":2,"item_purchase_floors":[5,28,28,28],"current_hp_per_floor":[70,64,64,54,54,54,54,20,25,25,11,9,9,9,46,16,75,66,66,66,66,66,66,59,59,59,52,52,52,49,38,75,50,75,75,79,71,71,71,74,77,77,77,76,76,79,79,75,75,75],"gold":327,"neow_bonus":"ONE_RANDOM_RARE_CARD","is_daily":false,"chose_seed":false,"campfire_upgraded":5,"win_rate":0.0,"timestamp":1611482991,"path_taken":["M","M","?","?","$","R","?","E","T","?","E","M","E","?","R","BOSS","M","?","?","AVR","?","R","M","R","MIM","M","$","?","M","E","R","BOSS","M","AVR","M","$","?","E","M","R","T","NM","?","M","M","?","R","BOSS"],"items_purchased_type":["Card","Card","Relic","Card"],"build_version":"2020-12-22","purchased_purges":0,"victory":true,"max_hp_per_floor":[70,70,70,70,70,70,70,70,75,75,75,75,75,75,75,75,75,75,75,75,75,75,75,75,75,75,75,75,75,75,75,75,75,75,75,79,79,79,79,79,79,79,79,79,79,79,79,75,75,75],"card_choices":[{"not_picked":["Escape Plan","StuffTheSpire:ClusterCrunch"],"picked":"StuffTheSpire:DoubleShiv","floor":1.0},{"not_picked":["Underhanded Strike","StuffTheSpire:Sprint"],"picked":"Backflip","floor":2.0},{"not_picked":["Poisoned Stab","StuffTheSpire:Fury"],"picked":"Prepared","floor":4.0},{"not_picked":["hubris:SlightOfHand","StuffTheSpire:ReptileScales","Toxin Wave"],"picked":"SKIP","floor":7.0},{"not_picked":["Eviscerate","Dagger Throw"],"picked":"StuffTheSpire:DoubleShiv","floor":8.0},{"not_picked":["Noxious Fumes","Doppelganger","ReplayTheSpireMod:Scrap Shanks"],"picked":"SKIP","floor":11.0},{"not_picked":["Noxious Fumes","Doppelganger"],"picked":"ReplayTheSpireMod:Scrap Shanks","floor":11.0},{"not_picked":["Flying Knee","StuffTheSpire:Repulse"],"picked":"Outmaneuver","floor":12.0},{"not_picked":["StuffTheSpire:BumpUp","Flechettes"],"picked":"After Image","floor":13.0},{"not_picked":["Tools of the Trade","Glass Knife"],"picked":"After Image","floor":16.0},{"not_picked":["Quick Slash","StuffTheSpire:ClusterCrunch"],"picked":"Blade Dance","floor":18.0},{"not_picked":["Quick Slash","Underhanded Strike+1","Backflip"],"picked":"SKIP","floor":19.0},{"not_picked":["Catalyst+1","hubris:SlightOfHand","Poisoned Stab"],"picked":"SKIP","floor":24.0},{"not_picked":["Sucker Punch","Quick Slash"],"picked":"Flying Knee+1","floor":26.0},{"not_picked":["Bullet Time","Acrobatics"],"picked":"conspire:PoisonWeapons","floor":27.0},{"not_picked":["Deadly Poison","hubris:SlightOfHand","All Out Attack+1"],"picked":"SKIP","floor":29.0},{"not_picked":["Dagger Spray","Finisher"],"picked":"Blade Dance","floor":30.0},{"not_picked":["Acrobatics+1","ReplayTheSpireMod:The Works","StuffTheSpire:Python+1"],"picked":"SKIP","floor":31.0},{"not_picked":["infinitespire:Neurotoxin","aspiration:Lunge"],"picked":"After Image","floor":33.0},{"not_picked":["Calculated Gamble","StuffTheSpire:BumpUp+1","StuffTheSpire:Incursion"],"picked":"SKIP","floor":35.0},{"not_picked":["Sucker Punch","hubris:Sniper+1"],"picked":"Slice+1","floor":37.0},{"not_picked":["Bane+1","ReplayTheSpireMod:The Works+1","ReplayTheSpireMod:Tripwire+1"],"picked":"SKIP","floor":40.0},{"not_picked":["StuffTheSpire:MirrorStance","Deadly Poison+1"],"picked":"hubris:Counter+1","floor":41},{"not_picked":["Toxin Wave","hubris:Sniper+1","Draining Mist"],"picked":"SKIP","floor":44},{"not_picked":["Violence","ReplayTheSpireMod:Brewmster"],"picked":"Metamorphosis","floor":45},{"not_picked":["Masterful Stab","Bouncing Flask+1"],"picked":"StuffTheSpire:Shiver+1","floor":46},{"not_picked":["StuffTheSpire:BumpUp+1","Masterful Stab+1","ShadowRift"],"picked":"SKIP","floor":47}],"player_experience":1773881,"relics_obtained":[{"floor":8.0,"key":"vexMod:BarristanHead"},{"floor":9.0,"key":"Durian"},{"floor":11.0,"key":"Regal Pillow"},{"floor":13.0,"key":"Rawhide"},{"floor":26.0,"key":"infinitespire:CheckeredPen"},{"floor":31.0,"key":"StuffTheSpire:GrapeVine"},{"floor":40.0,"key":"StuffTheSpire:RubySignet"},{"floor":43,"key":"halation:SelfBoilingWater"},{"floor":44,"key":"halation:AfternoonTea"}],"event_choices":[{"damage_healed":0.0,"max_hp_gain":0.0,"max_hp_loss":0.0,"gold_gain":0.0,"event_name":"Lab","player_choice":"Got Potions","floor":3.0,"gold_loss":0.0,"damage_taken":0.0},{"damage_healed":0.0,"max_hp_gain":0.0,"max_hp_loss":0.0,"gold_gain":100.0,"event_name":"Golden Shrine","player_choice":"Pray","floor":14.0,"gold_loss":0.0,"damage_taken":0.0},{"damage_healed":0.0,"max_hp_gain":0.0,"max_hp_loss":0.0,"gold_gain":0.0,"event_name":"Beggar","player_choice":"Ignored","floor":22.0,"gold_loss":0.0,"damage_taken":0.0},{"cards_removed":["Footwork"],"damage_healed":0.0,"max_hp_gain":0.0,"max_hp_loss":0.0,"gold_gain":0.0,"event_name":"Falling","player_choice":"Removed Power","floor":39.0,"gold_loss":0.0,"damage_taken":0.0},{"damage_healed":0,"gold_gain":0,"player_choice":"Memory 1","damage_taken":0,"max_hp_gain":0,"max_hp_loss":0,"event_name":"SensoryStone","floor":45,"gold_loss":0}],"is_beta":false,"boss_relics":[{"not_picked":["Ring of Chaos","Velvet Choker"],"picked":"WristBlade"},{"not_picked":["StuffTheSpire:RunicHypercube","StuffTheSpire:RunicConfusion"],"picked":"SlaversCollar"}],"items_purged_floors":[],"is_endless":false,"potions_floor_spawned":[1,7,12,13,24,27,31,33,44,46,47],"ascension_level":0}}