{"host":"l84l8xigz5v5foa2","time":1611474430,"event":{"mods":["2.2 Compatiblity","AchievementEnabler","BaseMod","Better Note","Better Vampires","Card Filter","Colored Map","DeckTracker","Gremlin Skip","Highlight Path","Keyboard Shortcuts","Minty Spire (QoL Compilation)","Permanent Neow","Quick Restart","Relic Filter","Relic Stats","Shop Mod","StSLib","SuperFastMode","Transform Curses","Unknown Chances"],"gold_per_floor":[117,133,152,122,92,92,16,16,16,16,27,39,49,49,49,124,124,142,16,28,28,28,28,43,43,43,43,56,106,286,305,305,305,305],"floor_reached":33,"language":"KOR","playtime":1154,"items_purged":["Strike_G"],"score":462,"play_id":"7295d2cb-03ad-4255-b017-81392a22c822","local_time":"20210124164710","is_ascension_mode":true,"campfire_choices":[{"data":"Calculated Gamble","floor":6.0,"key":"SMITH"},{"data":"Well Laid Plans","floor":8.0,"key":"SMITH"},{"data":"Corpse Explosion","floor":15.0,"key":"SMITH"},{"data":"Cloak And Dagger","floor":23,"key":"SMITH"},{"data":"Neutralize","floor":25,"key":"SMITH"},{"data":"Reflex","floor":27,"key":"SMITH"},{"data":"A Thousand Cuts","floor":32,"key":"SMITH"}],"circlet_count":0,"master_deck":["AscendersBane","Strike_G","Strike_G","Strike_G","Strike_G","Defend_G","Defend_G","Defend_G","Defend_G","Defend_G","Survivor","Neutralize+1","Bandage Up","PiercingWail","Reflex+1","Calculated Gamble+1","Deflect","Well Laid Plans+1","Corpse Explosion+1","Dagger Throw","Crippling Poison","Die Die Die","Backflip","Blade Dance","Cloak And Dagger+1","Pain","A Thousand Cuts+1"],"relics":["Ring of the Snake","Sozu","WarpedTongs","Sundial"],"acts_visited":["TheCity"],"potions_floor_usage":[20],"damage_taken":[{"damage":9.0,"enemies":"Cultist","floor":1.0,"turns":5.0},{"damage":5.0,"enemies":"Jaw Worm","floor":2.0,"turns":8.0},{"damage":0.0,"enemies":"2 Louse","floor":3.0,"turns":4.0},{"damage":19.0,"enemies":"Exordium Thugs","floor":4.0,"turns":5.0},{"damage":0.0,"enemies":"Looter","floor":5.0,"turns":4.0},{"damage":0.0,"enemies":"Large Slime","floor":11.0,"turns":10.0},{"damage":6.0,"enemies":"Lots of Slimes","floor":12.0,"turns":3.0},{"damage":10.0,"enemies":"Gremlin Gang","floor":13.0,"turns":3.0},{"damage":12.0,"enemies":"Hexaghost","floor":16.0,"turns":11.0},{"damage":5.0,"enemies":"Shell Parasite","floor":18.0,"turns":6.0},{"damage":5,"enemies":"Chosen","floor":20,"turns":5},{"damage":12,"enemies":"Snecko","floor":24,"turns":5},{"damage":12,"enemies":"Centurion and Healer","floor":28,"turns":5},{"damage":16,"enemies":"Cultist and Chosen","floor":31,"turns":6},{"damage":26,"enemies":"Automaton","floor":33,"turns":6}],"seed_played":"-2313514247853260043","potions_obtained":[{"floor":4.0,"key":"CunningPotion"},{"floor":11.0,"key":"DuplicationPotion"},{"floor":13.0,"key":"FearPotion"}],"is_trial":false,"path_per_floor":["M","M","M","M","M","R","$","R","T","?","M","M","M","?","R","B",null,"M","$","M","?","$","R","M","R","T","R","M","?","?","M","R","B"],"character_chosen":"THE_SILENT","items_purchased":["Well Laid Plans","Blade Dance"],"campfire_rested":0,"item_purchase_floors":[7,19],"current_hp_per_floor":[54,53,57,42,46,46,46,46,46,66,66,64,56,56,56,48,62,61,61,60,60,60,60,52,52,52,52,44,44,25,13,13,0,0],"gold":305,"neow_bonus":"RANDOM_COLORLESS","is_daily":false,"chose_seed":false,"campfire_upgraded":7,"win_rate":0.0,"timestamp":1611474430,"path_taken":["M","?","M","M","M","R","$","R","T","?","M","?","M","?","R","BOSS","M","$","M","?","?","R","M","R","T","R","M","?","?","M","R","BOSS"],"items_purchased_type":["Card","Card"],"build_version":"2020-12-22","purchased_purges":1,"victory":false,"max_hp_per_floor":[66,66,66,66,66,66,66,66,66,66,66,66,66,66,66,66,66,66,66,66,66,66,66,66,66,66,66,66,66,66,66,66,66,66],"relic_stats":{"Sozu":3,"counters":[15,86],"Sundial":[2],"obtain_stats":[{"Sozu":17,"Sundial":26,"Ring of the Snake":0,"WarpedTongs":21},{"Sozu":9,"Sundial":12,"Ring of the Snake":0,"WarpedTongs":11},{"Sozu":53,"Sundial":69,"Ring of the Snake":0,"WarpedTongs":64}],"Ring of the Snake":[30],"WarpedTongs":[22]},"card_choices":[{"not_picked":["Madness","Enlightenment"],"picked":"Bandage Up","floor":0.0},{"not_picked":["Bane","Slice"],"picked":"PiercingWail","floor":1.0},{"not_picked":["Flying Knee","PiercingWail"],"picked":"Reflex","floor":2.0},{"not_picked":["Slice","Skewer"],"picked":"Calculated Gamble","floor":3.0},{"not_picked":["Poisoned Stab","Dodge and Roll","Outmaneuver"],"picked":"SKIP","floor":4.0},{"not_picked":["Blur","Catalyst"],"picked":"Deflect","floor":5.0},{"not_picked":["Prepared","Crippling Poison"],"picked":"Corpse Explosion","floor":11.0},{"not_picked":["Backflip","Sucker Punch"],"picked":"Dagger Throw","floor":12.0},{"not_picked":["Acrobatics","Well Laid Plans"],"picked":"Crippling Poison","floor":13.0},{"not_picked":["Malaise","Envenom"],"picked":"Die Die Die","floor":16.0},{"not_picked":["Riddle With Holes","Slice+1"],"picked":"Backflip","floor":18.0},{"not_picked":["Skewer","Deflect"],"picked":"Cloak And Dagger","floor":20},{"not_picked":["Dagger Spray","Dodge and Roll","Outmaneuver"],"picked":"SKIP","floor":24},{"not_picked":["Bane","Eviscerate"],"picked":"A Thousand Cuts","floor":28},{"not_picked":["Flying Knee","Crippling Poison","Blade Dance"],"picked":"SKIP","floor":31}],"player_experience":1419783,"relics_obtained":[{"floor":26,"key":"Sundial"}],"event_choices":[{"damage_healed":20.0,"max_hp_gain":0.0,"max_hp_loss":0.0,"gold_gain":0.0,"event_name":"Wheel of Change","player_choice":"Full Heal","floor":10.0,"gold_loss":0.0,"damage_taken":0.0},{"damage_healed":0.0,"max_hp_gain":0.0,"max_hp_loss":0.0,"gold_gain":0.0,"event_name":"Liars Game","player_choice":"Ignored","floor":14.0,"gold_loss":0.0,"damage_taken":0.0},{"damage_healed":0,"gold_gain":0,"player_choice":"Rummage","damage_taken":0,"relics_obtained":["WarpedTongs"],"max_hp_gain":0,"max_hp_loss":0,"event_name":"Accursed Blacksmith","floor":21,"gold_loss":0,"cards_obtained":["Pain"]},{"damage_healed":0,"gold_gain":50,"player_choice":"Stole From Cult","damage_taken":0,"max_hp_gain":0,"max_hp_loss":0,"event_name":"Nest","floor":29,"gold_loss":0},{"damage_healed":0,"gold_gain":180,"player_choice":"GOLD GOLD ","damage_taken":19,"max_hp_gain":0,"max_hp_loss":0,"event_name":"Knowing Skull","floor":30,"potions_obtained":[],"gold_loss":0,"cards_obtained":[]}],"is_beta":false,"boss_relics":[{"not_picked":["Astrolabe","SlaversCollar"],"picked":"Sozu"}],"items_purged_floors":[19],"is_endless":false,"potions_floor_spawned":[4,11,12,13,18,24,31],"killed_by":"Automaton","ascension_level":15}}