{"host":"cq2iqt18u9swspes","time":1611492646,"event":{"mods":["AchievementEnabler","BaseMod","Colored Map","Minty Spire (QoL Compilation)","StSLib","The Cursed"],"gold_per_floor":[119,132,307,128,128,128,163,163,212,246,261,261,284,302,302,431,431,449,41,41,41,64,64,82,33,33,33,33,48,48,48,48,173,173,194,194,194,194,527,527,527],"floor_reached":40,"language":"ENG","playtime":2498,"items_purged":["Doubt","Injury"],"score":442,"play_id":"93d559f3-9de9-41d9-a7b1-397647fde0c2","local_time":"20210124135046","is_ascension_mode":false,"campfire_choices":[{"floor":12,"key":"REST"},{"floor":15,"key":"REST"},{"floor":23,"key":"REST"},{"floor":28,"key":"REST"},{"floor":32,"key":"REST"}],"circlet_count":0,"master_deck":["Strike_R","Defend_R","Defend_R","Defend_R","Defend_R+1","Dual Wield","Flex","Thunderclap","Shockwave","Anger","Flame Barrier","Thunderclap","Heavy Blade","Inflame","Double Tap","Intimidate+1","Rupture+1","Barricade+1","Body Slam","Shrug It Off","Anger","Rage","Metallicize","Shrug It Off","Sever Soul","True Grit","Demon Form","Body Slam","Writhe"],"relics":["Burning Blood","Shuriken","Lantern","Darkstone Periapt","Astrolabe","Vajra","Pear","Sundial"],"acts_visited":["Exordium","TheCity","TheBeyond"],"potions_floor_usage":[7,14,20,33,33],"damage_taken":[{"damage":2,"enemies":"Small Slimes","floor":1,"turns":6},{"damage":14,"enemies":"Jaw Worm","floor":2,"turns":4},{"damage":37,"enemies":"3 Sentries","floor":7,"turns":8},{"damage":23,"enemies":"Gremlin Nob","floor":10,"turns":5},{"damage":0,"enemies":"2 Louse","floor":11,"turns":3},{"damage":3,"enemies":"2 Fungi Beasts","floor":13,"turns":4},{"damage":9,"enemies":"Exordium Wildlife","floor":14,"turns":4},{"damage":30,"enemies":"The Guardian","floor":16,"turns":10},{"damage":17,"enemies":"Chosen","floor":18,"turns":9},{"damage":8,"enemies":"2 Thieves","floor":20,"turns":4},{"damage":45,"enemies":"3 Cultists","floor":22,"turns":7},{"damage":27,"enemies":"Snecko","floor":24,"turns":7},{"damage":50,"enemies":"Cultist and Chosen","floor":29,"turns":14},{"damage":10,"enemies":"Champ","floor":33,"turns":16},{"damage":56,"enemies":"Orb Walker","floor":35,"turns":6},{"damage":126,"enemies":"Reptomancer","floor":40,"turns":10}],"seed_played":"5532192398685580267","potions_obtained":[{"floor":1,"key":"PowerPotion"},{"floor":10,"key":"DistilledChaos"},{"floor":11,"key":"FairyPotion"},{"floor":20,"key":"FearPotion"},{"floor":29,"key":"Explosive Potion"}],"is_trial":false,"path_per_floor":["M","M","?","$","?","?","E","?","T","E","M","R","M","M","R","B",null,"M","$","M","$","M","R","M","$","T","?","R","M","?","T","R","B",null,"M","?","?","?","?","E"],"character_chosen":"IRONCLAD","items_purchased":["Thunderclap","Shockwave","Vajra","Shrug It Off","Block Potion","Anger","Shrug It Off"],"campfire_rested":5,"item_purchase_floors":[4,4,19,19,19,19,25],"current_hp_per_floor":[80,72,72,72,72,77,46,46,46,29,35,60,63,60,85,61,85,74,74,72,72,33,58,37,37,47,47,75,31,62,62,90,86,95,45,45,75,75,75,0,0],"gold":527,"neow_bonus":"UPGRADE_CARD","is_daily":false,"chose_seed":false,"campfire_upgraded":0,"win_rate":0.0,"timestamp":1611492646,"path_taken":["M","M","?","$","?","?","E","?","T","E","M","R","M","?","R","BOSS","M","$","M","$","M","R","M","$","T","?","R","M","?","?","R","BOSS","M","?","?","?","?","E"],"items_purchased_type":["Card","Card","Relic","Card","Potion","Card","Card"],"build_version":"2020-12-22","purchased_purges":2,"victory":false,"max_hp_per_floor":[80,80,80,80,80,85,85,85,85,85,85,85,85,85,85,85,85,85,85,85,85,85,85,85,85,95,95,95,95,95,95,95,95,95,95,95,101,101,101,101,101],"card_choices":[{"not_picked":["Combust","Blood for Blood"],"picked":"Dual Wield","floor":1},{"not_picked":["Second Wind","Body Slam"],"picked":"Flex","floor":2},{"not_picked":["Clash","Warcry"],"picked":"Anger","floor":7},{"not_picked":["Pommel Strike","Berserk"],"picked":"Flame Barrier","floor":10},{"not_picked":["Warcry","Perfected Strike"],"picked":"Thunderclap","floor":11},{"not_picked":["Armaments","Shrug It Off"],"picked":"Heavy Blade","floor":13},{"not_picked":["Heavy Blade","Flex"],"picked":"Inflame","floor":14},{"not_picked":["Corruption","Impervious"],"picked":"Double Tap","floor":16},{"not_picked":["Warcry","Cleave"],"picked":"Body Slam","floor":18},{"not_picked":["Iron Wave+1","Clash"],"picked":"Rage","floor":20},{"not_picked":["Dark Embrace","Anger"],"picked":"Metallicize","floor":22},{"not_picked":["Second Wind","Corruption","Clothesline"],"picked":"SKIP","floor":24},{"not_picked":["Bloodletting","Pommel Strike"],"picked":"Dark Embrace","floor":29},{"not_picked":["Corruption","Offering"],"picked":"Demon Form","floor":33},{"not_picked":["Twin Strike","Warcry"],"picked":"Body Slam","floor":35}],"player_experience":33033,"relics_obtained":[{"floor":7,"key":"Shuriken"},{"floor":9,"key":"Lantern"},{"floor":10,"key":"Darkstone Periapt"},{"floor":26,"key":"Pear"},{"floor":31,"key":"Sundial"}],"event_choices":[{"damage_healed":0,"gold_gain":175,"player_choice":"AGREE","damage_taken":0,"max_hp_gain":0,"max_hp_loss":0,"event_name":"Liars Game","floor":3,"gold_loss":0,"cards_obtained":["Doubt"]},{"damage_healed":0,"gold_gain":0,"player_choice":"Take Wound","damage_taken":0,"relics_obtained":["Golden Idol"],"max_hp_gain":0,"max_hp_loss":0,"event_name":"Golden Idol","floor":5,"gold_loss":0,"cards_obtained":["Injury"]},{"damage_healed":0,"gold_gain":0,"player_choice":"Donut","damage_taken":0,"max_hp_gain":5,"max_hp_loss":0,"event_name":"Big Fish","floor":6,"gold_loss":0},{"damage_healed":0,"gold_gain":0,"player_choice":"Ignored","damage_taken":0,"max_hp_gain":0,"max_hp_loss":0,"event_name":"Shining Light","floor":8,"gold_loss":0},{"damage_healed":0,"gold_gain":0,"cards_transformed":["Bash","Strike_R"],"player_choice":"Became Test Subject","damage_taken":0,"max_hp_gain":0,"max_hp_loss":0,"event_name":"Drug Dealer","floor":27,"gold_loss":0,"cards_obtained":["Sever Soul","True Grit"]},{"damage_healed":31,"gold_gain":0,"player_choice":"Heal","damage_taken":0,"max_hp_gain":0,"max_hp_loss":0,"event_name":"The Library","floor":30,"gold_loss":0},{"cards_removed":["Dark Embrace"],"damage_healed":0,"gold_gain":0,"player_choice":"Removed Power","damage_taken":0,"max_hp_gain":0,"max_hp_loss":0,"event_name":"Falling","floor":36,"gold_loss":0},{"damage_healed":24,"gold_gain":0,"player_choice":"Writhe","damage_taken":0,"max_hp_gain":0,"max_hp_loss":0,"event_name":"Winding Halls","floor":37,"gold_loss":0,"cards_obtained":["Writhe"]},{"damage_healed":0,"gold_gain":0,"player_choice":"Ignored","damage_taken":0,"max_hp_gain":0,"max_hp_loss":0,"event_name":"Mysterious Sphere","floor":38,"gold_loss":0},{"damage_healed":0,"gold_gain":333,"player_choice":"Gave Idol","damage_taken":0,"max_hp_gain":0,"max_hp_loss":0,"event_name":"The Moai Head","floor":39,"relics_lost":["Golden Idol"],"gold_loss":0}],"is_beta":false,"boss_relics":[{"not_picked":["Velvet Choker","SacredBark"],"picked":"Astrolabe"},{"not_picked":["Coffee Dripper","Fusion Hammer","Philosopher\u0027s Stone"]}],"items_purged_floors":[4,19],"is_endless":false,"potions_floor_spawned":[1,10,11,20,29],"killed_by":"Reptomancer","ascension_level":0}}