{"host":"1ekl8hlbnopmdapi","time":1611447607,"event":{"mods":["AchievementEnabler","BaseMod","Colored Map","Colored Powertips","DeckTracker","Googly Eyes","Highlight Path","Minty Spire (QoL Compilation)","Relic Sorter","StSLib","Synergy Search"],"gold_per_floor":[110,127,145,110,80,109,109,142,165,165,180,197,213,243,243,243,243],"floor_reached":16,"language":"ENG","playtime":340,"items_purged":[],"score":140,"play_id":"5141757c-d0d3-46e1-a3df-776deebb5066","local_time":"20210123192007","is_ascension_mode":true,"campfire_choices":[{"floor":7,"key":"RECALL"},{"floor":10,"key":"REST"},{"floor":15,"key":"REST"}],"circlet_count":0,"master_deck":["Strike_R","Strike_R","Strike_R","Strike_R+1","Strike_R","Defend_R","Defend_R","Defend_R","Defend_R","Bash+1","Iron Wave","Pommel Strike","Armaments","Cleave","Cleave","Ghostly Armor","Pommel Strike","Armaments","Sword Boomerang"],"relics":["Burning Blood","NeowsBlessing","Whetstone","Strawberry","PreservedInsect","Matryoshka"],"acts_visited":["Exordium"],"potions_floor_usage":[6,6,13,14,16],"damage_taken":[{"damage":0,"enemies":"Cultist","floor":1,"turns":1},{"damage":0,"enemies":"Jaw Worm","floor":2,"turns":1},{"damage":0,"enemies":"Small Slimes","floor":3,"turns":1},{"damage":35,"enemies":"Lagavulin","floor":6,"turns":6},{"damage":27,"enemies":"Gremlin Nob","floor":8,"turns":4},{"damage":16,"enemies":"Blue Slaver","floor":11,"turns":3},{"damage":1,"enemies":"3 Louse","floor":12,"turns":3},{"damage":16,"enemies":"Gremlin Gang","floor":13,"turns":3},{"damage":26,"enemies":"Lagavulin","floor":14,"turns":4},{"damage":54,"enemies":"Slime Boss","floor":16,"turns":11}],"seed_played":"2113675804021893084","potions_obtained":[{"floor":3,"key":"Strength Potion"},{"floor":5,"key":"Weak Potion"},{"floor":5,"key":"Swift Potion"},{"floor":8,"key":"LiquidMemories"},{"floor":11,"key":"DuplicationPotion"},{"floor":14,"key":"GamblersBrew"}],"is_trial":false,"path_per_floor":["M","M","M","?","?","E","R","E","T","R","M","M","M","E","R","B"],"character_chosen":"IRONCLAD","items_purchased":[],"campfire_rested":2,"item_purchase_floors":[],"current_hp_per_floor":[80,80,80,80,80,51,51,37,37,63,53,58,48,28,54,0,0],"gold":243,"neow_bonus":"THREE_ENEMY_KILL","is_daily":false,"chose_seed":false,"campfire_upgraded":0,"win_rate":0.0,"timestamp":1611447607,"path_taken":["M","M","?","?","?","E","R","E","T","R","?","M","M","E","R","BOSS"],"items_purchased_type":[],"build_version":"2020-12-22","purchased_purges":0,"victory":false,"max_hp_per_floor":[80,80,80,80,80,80,80,87,87,87,87,87,87,87,87,87,87],"card_choices":[{"not_picked":["Clash","Thunderclap"],"picked":"Iron Wave","floor":1},{"not_picked":["Clash","Clothesline"],"picked":"Pommel Strike","floor":2},{"not_picked":["Twin Strike","Shrug It Off"],"picked":"Armaments","floor":3},{"not_picked":["Thunderclap","Headbutt"],"picked":"Cleave","floor":6},{"not_picked":["Fire Breathing","Berserk"],"picked":"Cleave","floor":8},{"not_picked":["Clash","Headbutt"],"picked":"Ghostly Armor","floor":11},{"not_picked":["Body Slam","Rupture"],"picked":"Pommel Strike","floor":12},{"not_picked":["Warcry","Iron Wave"],"picked":"Armaments","floor":13},{"not_picked":["Clothesline","Body Slam"],"picked":"Sword Boomerang","floor":14}],"player_experience":488117,"relics_obtained":[{"floor":6,"key":"Whetstone"},{"floor":8,"key":"Strawberry"},{"floor":9,"key":"PreservedInsect"},{"floor":14,"key":"Matryoshka"}],"event_choices":[{"damage_healed":0,"gold_gain":0,"player_choice":"Left Gold","damage_taken":0,"max_hp_gain":0,"max_hp_loss":0,"event_name":"World of Goop","floor":4,"gold_loss":35},{"damage_healed":0,"gold_gain":0,"player_choice":"Bought 2 Potions","damage_taken":0,"max_hp_gain":0,"max_hp_loss":0,"event_name":"The Woman in Blue","floor":5,"gold_loss":0}],"is_beta":false,"boss_relics":[],"items_purged_floors":[],"is_endless":false,"potions_floor_spawned":[3,8,11,14],"killed_by":"Slime Boss","ascension_level":3}}