{"host":"ws1rigs6jhqnf67d","time":1611497887,"event":{"mods":["BaseMod","Friendly Minions","KinomotoSakuraMod(ƒæ÷Æ±æ”£)","Kiyohime£®«Âºß£©","Lobotomy","LobotomyExtend","Marisa£®ÏF”Í°°ƒß¿Ì…≥£©","Minty Spire (QoL Compilation)","Remilia£®¿Ÿ√◊¿Ú—«£©","StSLib","The Bug Knight","Youmu£®ªÍ∆«—˝√Œ£©","[IsaacMod]“‘»ˆº‚À˛"],"gold_per_floor":[112,126,146,156,156,182,182,215,215,247,247,264,298,310,310,405,405,449,472,502,526,550,562,609,621,683,695,726,753,794,806,818,925,937,963,975,1002,1029,956,996,1026,1084,1096,1138,1162,1174,1213,1241,1253,1360,1372,1399,1422,1446,1458,1481,1493,1536,1548,1560,1584,1596,1634,1341,1375,1375,1375,1375],"floor_reached":52,"language":"ZHS","playtime":2274,"items_purged":["Normality"],"score":2014,"play_id":"825b06e1-1a0f-40e7-b47e-114bb8bcc7e3","local_time":"20210124221807","is_ascension_mode":true,"campfire_choices":[{"data":"Storm of Steel","floor":7,"key":"SMITH"},{"data":"After Image","floor":15,"key":"SMITH"},{"data":"Blade Dance","floor":6,"key":"SMITH"},{"data":"Cloak And Dagger","floor":8,"key":"SMITH"},{"data":"Riddle With Holes","floor":15,"key":"SMITH"},{"data":"Storm of Steel","floor":29,"key":"SMITH"},{"data":"A Thousand Cuts","floor":32,"key":"SMITH"},{"data":"Terror","floor":40,"key":"SMITH"},{"data":"Storm of Steel","floor":42,"key":"SMITH"},{"data":"Riddle With Holes","floor":45,"key":"SMITH"},{"floor":49,"key":"REST"}],"circlet_count":0,"master_deck":["Strike_G+1","Strike_G+1","Strike_G+1","Strike_G+1","Strike_G+1","Defend_G+1","Defend_G+1","Defend_G+1","Defend_G+1","Defend_G+1","Neutralize","Storm of Steel+1","Riddle With Holes+1","Unload","After Image+1","Cloak And Dagger","Die Die Die","Riddle With Holes+1","A Thousand Cuts+1","CurseOfTheBell","Finisher","Cloak And Dagger+1","Blade Dance+1","Storm of Steel+1","Escape Plan","Choke+1","Storm of Steel+1","Clumsy","Crippling Poison+1","Blade Dance+1","Terror+1","Writhe","Decay","Accuracy"],"relics":["Ring of the Snake","HushsDoor","BelialBook","Pantograph","Darkstone Periapt","Dream Catcher","D6","Tough Bandages","Calling Bell","MawBank","Blue Candle","Du-Vu Doll","LetterFromLob","Strawberry","Bag of Preparation","PokeGo","Cursed Key","RottenBaby","HornCleat","Regal Pillow","TheBean","Oddly Smooth Stone","GuppysTail","Ornamental Fan","Astrolabe","Lantern","ForgetMeNow","DoctorsRemote","Akabeko","NineVolt","Sundial"],"acts_visited":["Exordium","TheCity","TheCity","TheBeyond"],"potions_floor_usage":[10,12,7,24,28,46,50,50],"damage_taken":[{"damage":0,"enemies":"Small Slimes","floor":1,"turns":4},{"damage":8,"enemies":"Cultist","floor":2,"turns":5},{"damage":2,"enemies":"Jaw Worm","floor":3,"turns":3},{"damage":1,"enemies":"Looter","floor":4,"turns":3},{"damage":0,"enemies":"Lagavulin","floor":6,"turns":2},{"damage":2,"enemies":"Gremlin Nob","floor":8,"turns":3},{"damage":9,"enemies":"HollowMod:MossKnight","floor":10,"turns":5},{"damage":0,"enemies":"HollowMod:MossKnight","floor":11,"turns":9},{"damage":0,"enemies":"Large Slime","floor":12,"turns":4},{"damage":0,"enemies":"Gremlin Nob","floor":13,"turns":1},{"damage":0,"enemies":"2 Fungi Beasts","floor":14,"turns":2},{"damage":10,"enemies":"Slime Boss","floor":16,"turns":9},{"damage":0,"enemies":"Cultist","floor":1,"turns":2},{"damage":0,"enemies":"2 Louse","floor":2,"turns":1},{"damage":0,"enemies":"Jaw Worm","floor":3,"turns":2},{"damage":0,"enemies":"3 Louse","floor":4,"turns":1},{"damage":1,"enemies":"Exordium Wildlife","floor":5,"turns":4},{"damage":0,"enemies":"Lagavulin","floor":7,"turns":2},{"damage":0,"enemies":"Looter","floor":11,"turns":1},{"damage":0,"enemies":"3 Louse","floor":12,"turns":1},{"damage":0,"enemies":"Gremlin Nob","floor":13,"turns":2},{"damage":0,"enemies":"Slime Boss","floor":16,"turns":6},{"damage":0,"enemies":"2 Thieves","floor":18,"turns":3},{"damage":1,"enemies":"Shell Parasite","floor":20,"turns":3},{"damage":13,"enemies":"Shelled Parasite and Fungi","floor":21,"turns":3},{"damage":2,"enemies":"Gremlin Leader","floor":23,"turns":4},{"damage":0,"enemies":"3 Cultists","floor":24,"turns":3},{"damage":0,"enemies":"Book of Stabbing","floor":27,"turns":2},{"damage":0,"enemies":"Chosen and Byrds","floor":28,"turns":2},{"damage":0,"enemies":"Gremlin Leader","floor":30,"turns":3},{"damage":0,"enemies":"Centurion and Healer","floor":31,"turns":3},{"damage":0,"enemies":"Automaton","floor":33,"turns":5},{"damage":0,"enemies":"Orb Walker","floor":35,"turns":2},{"damage":0,"enemies":"3 Shapes","floor":36,"turns":2},{"damage":0,"enemies":"3 Darklings","floor":37,"turns":3},{"damage":0,"enemies":"4 Shapes","floor":39,"turns":3},{"damage":10,"enemies":"Giant Head","floor":41,"turns":6},{"damage":0,"enemies":"Spire Growth","floor":44,"turns":3},{"damage":2,"enemies":"Reptomancer","floor":46,"turns":3},{"damage":32,"enemies":"Nemesis","floor":48,"turns":5},{"damage":40,"enemies":"Awakened One","floor":50,"turns":6}],"seed_played":"-2174650154036149886","potions_obtained":[{"floor":1,"key":"Poison Potion"},{"floor":4,"key":"Fire Potion"},{"floor":10,"key":"GhostInAJar"},{"floor":12,"key":"Energy Potion"},{"floor":14,"key":"Energy Potion"},{"floor":5,"key":"Explosive Potion"},{"floor":7,"key":"SpeedPotion"},{"floor":11,"key":"SkillPotion"},{"floor":20,"key":"CultistPotion"},{"floor":24,"key":"Weak Potion"},{"floor":27,"key":"Strength Potion"},{"floor":28,"key":"Fruit Juice"},{"floor":35,"key":"Poison Potion"}],"is_trial":false,"path_per_floor":["M","M","M","M","?","E","R","E","T","E","?","M","E","M","R","B",null,"M","M","M","M","M","M","R","E","R","T","E","M","M","E","?","R","B",null,"M","?","M","M","?","E","M","T","T","E","M","R","E","M","R","B",null,"M","M","M","?","M","R","E","R","T","M","R","E","$","E","R","B",null,null],"character_chosen":"THE_SILENT","items_purchased":["RottenBaby","Akabeko","NineVolt"],"campfire_rested":1,"item_purchase_floors":[17,47,47],"current_hp_per_floor":[63,55,53,52,52,52,52,50,50,41,41,41,41,41,41,56,73,75,75,75,75,74,74,81,81,81,81,81,81,81,83,83,83,67,67,67,66,53,53,51,51,57,63,63,68,68,68,68,68,84,91,91,91,91,97,97,97,87,87,93,93,93,91,91,59,103,63,63],"gold":1375,"neow_bonus":"ONE_RANDOM_RARE_CARD","is_daily":false,"chose_seed":false,"campfire_upgraded":10,"win_rate":0.0,"timestamp":1611497887,"path_taken":["M","M","M","M","?","E","R","E","T","E","?","M","E","M","R","BOSS","M","M","M","M","M","M","R","E","R","T","E","M","M","E","?","R","BOSS","M","?","M","M","?","E","M","?","T","E","M","R","E","M","R","BOSS","M","M","M","?","M","R","E","R","T","M","R","E","$","E","R","BOSS"],"items_purchased_type":["Relic","Relic","Relic"],"build_version":"2020-12-22","purchased_purges":1,"victory":true,"max_hp_per_floor":[70,70,70,70,70,70,70,70,70,70,70,70,70,70,70,70,76,76,76,76,76,76,76,83,83,83,83,83,83,83,83,83,83,67,67,67,67,67,67,67,67,73,79,79,84,84,84,84,84,84,91,91,91,91,97,97,97,97,97,103,103,103,103,103,103,103,103,103],"card_choices":[{"not_picked":["Sucker Punch","Slice"],"picked":"Riddle With Holes","floor":1},{"not_picked":["Dagger Throw","Acrobatics"],"picked":"Bomb","floor":2},{"not_picked":["Dodge and Roll","Backflip"],"picked":"Unload","floor":3},{"not_picked":["Quick Slash","Dagger Spray","Dagger Throw"],"picked":"SKIP","floor":4},{"not_picked":["Well Laid Plans","Bomb"],"picked":"After Image","floor":6},{"not_picked":["Slice","Well Laid Plans","Caltrops"],"picked":"SKIP","floor":8},{"not_picked":["Backflip","Flying Knee"],"picked":"Bomb","floor":10},{"not_picked":["Poisoned Stab","Footwork"],"picked":"Cloak And Dagger","floor":12},{"not_picked":["Flechettes","Slice"],"picked":"Die Die Die","floor":13},{"not_picked":["Backflip","Dodge and Roll"],"picked":"Riddle With Holes","floor":14},{"not_picked":["Corpse Explosion","Grand Finale"],"picked":"A Thousand Cuts","floor":16},{"not_picked":["Slice","Masterful Stab","Doppelganger"],"picked":"SKIP","floor":1},{"not_picked":["Escape Plan","Prepared"],"picked":"Finisher","floor":2},{"not_picked":["PiercingWail","Outmaneuver"],"picked":"Cloak And Dagger","floor":3},{"not_picked":["Flying Knee","Masterful Stab","Eviscerate"],"picked":"SKIP","floor":4},{"not_picked":["Infinite Blades","Bane"],"picked":"Blade Dance","floor":5},{"not_picked":["Dagger Spray","Blur","Dodge and Roll"],"picked":"SKIP","floor":7},{"not_picked":["Dagger Spray","Outmaneuver","Riddle With Holes"],"picked":"SKIP","floor":11},{"not_picked":["Flying Knee","Dagger Spray","Slice"],"picked":"SKIP","floor":12},{"not_picked":["Prepared","Doppelganger","Underhanded Strike"],"picked":"SKIP","floor":13},{"not_picked":["Die Die Die","Grand Finale"],"picked":"Storm of Steel","floor":16},{"not_picked":["Bane","Finisher+1"],"picked":"Escape Plan","floor":18},{"not_picked":["Calculated Gamble","Caltrops","Poisoned Stab"],"picked":"SKIP","floor":20},{"not_picked":["Dodge and Roll","Slice","Deadly Poison"],"picked":"SKIP","floor":21},{"not_picked":["Outmaneuver","Underhanded Strike+1"],"picked":"Choke+1","floor":23},{"not_picked":["Deadly Poison","Deflect","Flechettes"],"picked":"SKIP","floor":24},{"not_picked":["Deflect","Tactician","Well Laid Plans"],"picked":"SKIP","floor":27},{"not_picked":["Dagger Spray","Flying Knee","Eviscerate"],"picked":"SKIP","floor":28},{"not_picked":["Bouncing Flask","Footwork+1","PiercingWail"],"picked":"SKIP","floor":30},{"not_picked":["All Out Attack+1","Expertise","Deflect"],"picked":"SKIP","floor":31},{"not_picked":["Doppelganger","Grand Finale"],"picked":"Storm of Steel","floor":33},{"not_picked":["Dodge and Roll","Flying Knee+1","Backflip"],"picked":"SKIP","floor":35},{"not_picked":["Heel Hook","Deflect"],"picked":"Blade Dance+1","floor":36},{"not_picked":["Well Laid Plans+1","Dagger Throw+1"],"picked":"Terror","floor":37},{"not_picked":["Tactician","Concentrate","All Out Attack+1"],"picked":"SKIP","floor":39},{"not_picked":["Flying Knee","Dodge and Roll+1","Dash"],"picked":"SKIP","floor":41},{"not_picked":["Bullet Time","Dagger Throw+1","Concentrate"],"picked":"SKIP","floor":44},{"not_picked":["Underhanded Strike","Quick Slash+1","Catalyst"],"picked":"SKIP","floor":46},{"not_picked":["Prepared+1","Bane"],"picked":"Accuracy","floor":48}],"player_experience":835873,"relics_obtained":[{"floor":1,"key":"LetterFromLob"},{"floor":6,"key":"Pantograph"},{"floor":8,"key":"Darkstone Periapt"},{"floor":9,"key":"Dream Catcher"},{"floor":10,"key":"D6"},{"floor":13,"key":"Tough Bandages"},{"floor":17,"key":"MawBank"},{"floor":17,"key":"Blue Candle"},{"floor":17,"key":"Du-Vu Doll"},{"floor":1,"key":"LetterFromLob"},{"floor":7,"key":"Strawberry"},{"floor":9,"key":"Bag of Preparation"},{"floor":13,"key":"PokeGo"},{"floor":23,"key":"Regal Pillow"},{"floor":25,"key":"TheBean"},{"floor":26,"key":"Oddly Smooth Stone"},{"floor":27,"key":"GuppysTail"},{"floor":30,"key":"Ornamental Fan"},{"floor":41,"key":"Lantern"},{"floor":43,"key":"ForgetMeNow"},{"floor":46,"key":"DoctorsRemote"},{"floor":48,"key":"Sundial"}],"event_choices":[{"damage_healed":0,"gold_gain":0,"player_choice":"Simplicity","damage_taken":0,"max_hp_gain":0,"max_hp_loss":0,"event_name":"Back to Basics","floor":19,"gold_loss":0,"cards_upgraded":["Strike_G","Strike_G","Strike_G","Strike_G","Strike_G","Defend_G","Defend_G","Defend_G","Defend_G","Defend_G"]},{"damage_healed":0,"gold_gain":0,"player_choice":"Obtained Relic","damage_taken":0,"relics_obtained":["HornCleat"],"max_hp_gain":0,"max_hp_loss":0,"event_name":"Addict","floor":22,"gold_loss":85},{"damage_healed":23,"gold_gain":0,"player_choice":"Writhe","damage_taken":0,"max_hp_gain":0,"max_hp_loss":0,"event_name":"Winding Halls","floor":38,"gold_loss":0,"cards_obtained":["Writhe"]}],"is_beta":false,"boss_relics":[{"not_picked":["Runic Pyramid","Astrolabe"],"picked":"Calling Bell"},{"not_picked":[]},{"not_picked":["Snecko Eye","Fusion Hammer"],"picked":"Cursed Key"},{"not_picked":[]},{"not_picked":["Velvet Choker","Runic Dome"],"picked":"Astrolabe"},{"not_picked":[]}],"items_purged_floors":[34],"is_endless":false,"potions_floor_spawned":[1,4,10,11,12,14,1,5,7,11,20,21,24,27,28,35,41],"ascension_level":9}}