{"host":"c3lc60y5x60jlt1y","time":1611507532,"event":{"mods":["AchievementEnabler","BaseMod","Bestiary","Colored Map","Minty Spire (QoL Compilation)","Quick Restart","StSLib","ojb\u0027s Info Mod"],"gold_per_floor":[12,12,12,27,48,84,84,84,84,107,32,75,96,140,140,236,236,257,257,59,74,95,433,452,452,452,487,487,487,501,522,522,617,617,633,258,310,341,341,372,372,372,422,460,481,505,505,257,257,257],"floor_reached":51,"language":"ENG","playtime":14066,"items_purged":["All For One","Rebound"],"score":1583,"play_id":"65337226-5322-4c9d-9963-4d14f43b9897","local_time":"20210124185852","is_ascension_mode":true,"campfire_choices":[{"data":"White Noise","floor":8.0,"key":"SMITH"},{"data":"Go for the Eyes","floor":15.0,"key":"SMITH"},{"floor":25.0,"key":"REST"},{"data":"Buffer","floor":32.0,"key":"SMITH"},{"floor":42.0,"key":"REST"},{"floor":47.0,"key":"REST"},{"data":"Self Repair","floor":49.0,"key":"PURGE"}],"circlet_count":0,"master_deck":["AscendersBane","Zap","Dualcast","White Noise+1","Go for the Eyes+1","Conserve Battery+1","Chill","Defragment","Glacier","Streamline","Buffer+1","Rebound","Machine Learning","Core Surge","Leap","Coolheaded","Coolheaded","Glacier","Force Field+1","Doom and Gloom+1","BootSequence","Force Field","Storm","Amplify","Turbo","Hyperbeam+1","Fusion","Skim","Core Surge","Madness","Madness","Beam Cell+1","Flash of Steel","Bandage Up","Bandage Up","Aggregate+1","Steam Power+1","Flash of Steel"],"relics":["Cracked Core","FossilizedHelix","Golden Idol","Centennial Puzzle","Letter Opener","Gremlin Horn","Bronze Scales","Pandora\u0027s Box","Tiny Chest","Membership Card","Old Coin","Kunai","Pear","Fusion Hammer","PreservedInsect","Orrery","War Paint","Art of War","Peace Pipe","Prayer Wheel","Potion Belt","Whetstone","Akabeko","Bottled Flame"],"acts_visited":["Exordium","TheCity","TheBeyond"],"potions_floor_usage":[50,50,50,50],"damage_taken":[{"damage":0.0,"enemies":"Jaw Worm","floor":1.0,"turns":2.0},{"damage":0.0,"enemies":"Small Slimes","floor":4.0,"turns":3.0},{"damage":7.0,"enemies":"2 Louse","floor":5.0,"turns":3.0},{"damage":33.0,"enemies":"Gremlin Nob","floor":6.0,"turns":4.0},{"damage":6.0,"enemies":"Lots of Slimes","floor":10.0,"turns":3.0},{"damage":0.0,"enemies":"3 Sentries","floor":12.0,"turns":6.0},{"damage":0.0,"enemies":"Looter","floor":13.0,"turns":3.0},{"damage":3.0,"enemies":"Lagavulin","floor":14.0,"turns":10.0},{"damage":29.0,"enemies":"Hexaghost","floor":16.0,"turns":11.0},{"damage":5.0,"enemies":"Shell Parasite","floor":18.0,"turns":7.0},{"damage":0.0,"enemies":"Spheric Guardian","floor":21.0,"turns":6.0},{"damage":6.0,"enemies":"3 Cultists","floor":22.0,"turns":6.0},{"damage":26.0,"enemies":"Book of Stabbing","floor":23.0,"turns":8.0},{"damage":0.0,"enemies":"Snecko","floor":24.0,"turns":7.0},{"damage":0.0,"enemies":"Gremlin Leader","floor":27.0,"turns":8.0},{"damage":0.0,"enemies":"Centurion and Healer","floor":30.0,"turns":11.0},{"damage":12.0,"enemies":"Snake Plant","floor":31.0,"turns":4.0},{"damage":26.0,"enemies":"Champ","floor":33.0,"turns":32.0},{"damage":0.0,"enemies":"Orb Walker","floor":35.0,"turns":4.0},{"damage":15.0,"enemies":"Mind Bloom Boss Battle","floor":38.0,"turns":9.0},{"damage":0.0,"enemies":"Nemesis","floor":40.0,"turns":7.0},{"damage":21.0,"enemies":"Reptomancer","floor":44.0,"turns":7.0},{"damage":0.0,"enemies":"3 Shapes","floor":45.0,"turns":3.0},{"damage":19,"enemies":"Time Eater","floor":50,"turns":11}],"seed_played":"-1490330867887133766","potions_obtained":[{"floor":1.0,"key":"BlessingOfTheForge"},{"floor":4.0,"key":"Regen Potion"},{"floor":6.0,"key":"EssenceOfDarkness"},{"floor":10.0,"key":"CultistPotion"},{"floor":13.0,"key":"LiquidMemories"},{"floor":18.0,"key":"EssenceOfDarkness"},{"floor":23.0,"key":"DistilledChaos"},{"floor":24.0,"key":"Explosive Potion"},{"floor":30.0,"key":"Ancient Potion"},{"floor":35.0,"key":"Energy Potion"},{"floor":40.0,"key":"Weak Potion"}],"is_trial":false,"path_per_floor":["M","?","?","M","M","E","?","R","T","M","$","E","M","E","R","B",null,"M","?","$","M","M","E","M","R","T","E","?","?","M","M","R","B",null,"M","$","T","?","?","E","?","R","T","E","M","T","R","$","R","B",null],"character_chosen":"DEFECT","items_purchased":["Defragment","Membership Card","PreservedInsect","Orrery","War Paint","Self Repair","Skim","Bottled Flame","Flash of Steel","PotionOfCapacity","Fire Potion"],"campfire_rested":3,"item_purchase_floors":[11,20,36,36,36,36,36,48,48,48,48],"current_hp_per_floor":[64,64,57,57,50,29,50,50,50,44,44,44,44,41,41,12,51,46,46,46,46,40,14,14,33,33,43,43,43,43,31,31,5,57,57,57,57,49,36,43,33,55,55,49,53,53,74,74,74,59],"gold":257,"neow_bonus":"ONE_RARE_RELIC","is_daily":false,"chose_seed":false,"campfire_upgraded":3,"win_rate":0.0,"timestamp":1611507532,"path_taken":["M","?","?","M","M","E","?","R","T","M","$","E","M","E","R","BOSS","M","?","$","M","?","E","M","R","T","E","?","?","M","M","R","BOSS","M","$","?","?","?","E","?","R","T","E","M","?","R","$","R","BOSS"],"items_purchased_type":["Card","Relic","Relic","Relic","Relic","Card","Card","Relic","Card","Potion","Potion"],"build_version":"2020-12-22","purchased_purges":2,"victory":true,"max_hp_per_floor":[71,64,64,64,64,64,64,64,64,64,64,64,64,64,64,64,64,64,64,64,64,64,64,64,64,64,74,74,74,74,74,74,74,74,74,74,74,74,74,74,74,74,74,74,74,74,74,74,74,74],"card_choices":[{"not_picked":["Gash","Stack"],"picked":"White Noise","floor":1.0},{"not_picked":["Redo","Cold Snap"],"picked":"Go for the Eyes","floor":4.0},{"not_picked":["Reprogram","Rip and Tear"],"picked":"Rebound","floor":5.0},{"not_picked":["Meteor Strike","Gash"],"picked":"Conserve Battery","floor":6.0},{"not_picked":["Hello World","Darkness"],"picked":"Chill","floor":10.0},{"not_picked":["Redo","Rebound","Cold Snap"],"picked":"SKIP","floor":12.0},{"not_picked":["Conserve Battery","Steam"],"picked":"Glacier","floor":13.0},{"not_picked":["Steam","Go for the Eyes"],"picked":"Streamline","floor":14.0},{"not_picked":["Rainbow","Core Surge"],"picked":"Buffer","floor":16.0},{"not_picked":["Compile Driver","Steam","Cold Snap"],"picked":"SKIP","floor":18.0},{"not_picked":["Conserve Battery","Leap"],"picked":"Coolheaded","floor":21.0},{"not_picked":["Reprogram","Barrage","Stack"],"picked":"SKIP","floor":22.0},{"not_picked":["Leap","Fusion"],"picked":"Glacier","floor":23.0},{"not_picked":["Streamline+1","Hello World"],"picked":"Force Field","floor":24.0},{"not_picked":["Gash","Barrage"],"picked":"Doom and Gloom+1","floor":27.0},{"not_picked":["Storm","Turbo"],"picked":"Force Field","floor":30.0},{"not_picked":["BootSequence","Blizzard"],"picked":"Storm","floor":31.0},{"not_picked":["All For One","Machine Learning"],"picked":"Amplify","floor":33.0},{"not_picked":["Stack","Chill"],"picked":"Turbo","floor":35.0},{"not_picked":["Conserve Battery","Sweeping Beam"],"picked":"Hyperbeam","floor":36.0},{"not_picked":["Conserve Battery+1","Beam Cell"],"picked":"Fusion","floor":36.0},{"not_picked":["Leap","Sweeping Beam"],"picked":"Core Surge","floor":38.0},{"not_picked":["Sweeping Beam","Double Energy+1"],"picked":"Beam Cell","floor":40.0},{"not_picked":["Jack Of All Trades","The Bomb"],"picked":"Flash of Steel","floor":41.0},{"not_picked":["Mind Blast","Jack Of All Trades"],"picked":"Bandage Up","floor":41.0},{"not_picked":["Blind","Enlightenment"],"picked":"Bandage Up","floor":41.0},{"not_picked":["Go for the Eyes","Steam","Recycle"],"picked":"SKIP","floor":44.0},{"not_picked":["Rebound+1","Undo"],"picked":"Aggregate+1","floor":45.0},{"not_picked":["Rainbow","Genetic Algorithm+1"],"picked":"Steam Power+1","floor":45.0}],"player_experience":8485881,"relics_obtained":[{"floor":6.0,"key":"Centennial Puzzle"},{"floor":9.0,"key":"Letter Opener"},{"floor":12.0,"key":"Gremlin Horn"},{"floor":14.0,"key":"Bronze Scales"},{"floor":23.0,"key":"Old Coin"},{"floor":26.0,"key":"Kunai"},{"floor":27.0,"key":"Pear"},{"floor":37.0,"key":"Art of War"},{"floor":38.0,"key":"Peace Pipe"},{"floor":40.0,"key":"Prayer Wheel"},{"floor":43.0,"key":"Potion Belt"},{"floor":44.0,"key":"Whetstone"},{"floor":46.0,"key":"Akabeko"}],"event_choices":[{"damage_healed":0.0,"max_hp_gain":0.0,"max_hp_loss":7.0,"gold_gain":0.0,"event_name":"Golden Idol","player_choice":"Lose Max HP","floor":2.0,"gold_loss":0.0,"damage_taken":0.0,"relics_obtained":["Golden Idol"]},{"cards_removed":["Strike_B"],"damage_healed":0.0,"max_hp_gain":0.0,"max_hp_loss":0.0,"gold_gain":0.0,"event_name":"Golden Wing","player_choice":"Card Removal","floor":3.0,"gold_loss":0.0,"damage_taken":7.0},{"damage_healed":21.0,"max_hp_gain":0.0,"max_hp_loss":0.0,"gold_gain":0.0,"event_name":"Big Fish","player_choice":"Banana","floor":7.0,"gold_loss":0.0,"damage_taken":0.0},{"cards_removed":["Hello World"],"damage_healed":0.0,"max_hp_gain":0.0,"max_hp_loss":0.0,"gold_gain":0.0,"event_name":"WeMeetAgain","player_choice":"Gave Card","floor":19.0,"gold_loss":0.0,"damage_taken":0.0,"relics_obtained":["Tiny Chest"]},{"damage_healed":0.0,"max_hp_gain":0.0,"max_hp_loss":0.0,"gold_gain":0.0,"event_name":"Vampires","player_choice":"Ignored","floor":28.0,"gold_loss":0.0,"damage_taken":0.0},{"damage_healed":0.0,"max_hp_gain":0.0,"max_hp_loss":0.0,"gold_gain":0.0,"event_name":"Match and Keep!","player_choice":"1 cards matched","floor":29.0,"gold_loss":0.0,"damage_taken":0.0,"cards_obtained":["BootSequence"]},{"damage_healed":0.0,"max_hp_gain":0.0,"max_hp_loss":0.0,"gold_gain":0.0,"event_name":"MindBloom","player_choice":"Fight","floor":38.0,"gold_loss":0.0,"damage_taken":0.0},{"damage_healed":0.0,"max_hp_gain":0.0,"max_hp_loss":0.0,"gold_gain":0.0,"event_name":"Winding Halls","player_choice":"Embrace Madness","floor":39.0,"gold_loss":0.0,"damage_taken":13.0,"cards_obtained":["Madness","Madness"]},{"damage_healed":0.0,"max_hp_gain":0.0,"max_hp_loss":0.0,"gold_gain":0.0,"event_name":"SensoryStone","player_choice":"Memory 3","floor":41.0,"gold_loss":0.0,"damage_taken":10.0}],"is_beta":false,"boss_relics":[{"not_picked":["Black Star","Snecko Eye"],"picked":"Pandora\u0027s Box"},{"not_picked":["SlaversCollar","SacredBark"],"picked":"Fusion Hammer"}],"items_purged_floors":[20,36],"is_endless":false,"potions_floor_spawned":[1,4,6,10,13,18,23,24,30,35,40],"ascension_level":19}}