{"host":"minbhrtlkaoly5f0","time":1611527470,"event":{"mods":["Act Like it!","BaseMod","Colored Map","Minty Spire (QoL Compilation)","Quick Restart","StSLib"],"gold_per_floor":[119,119,135,235,248,273,273,291,291,83,102,121,121,134,134,231,231,247,40,52,52,69,69,81,92,92,92,170,170,170],"floor_reached":29,"language":"ZHS","playtime":874,"items_purged":["Strike_R","Strike_R"],"score":229,"play_id":"6b5ccd7a-f7b8-4741-8c38-d5793cce33ab","local_time":"20210125063110","is_ascension_mode":false,"campfire_choices":[{"data":"Flex","floor":7.0,"key":"SMITH"},{"floor":13.0,"key":"REST"},{"floor":15.0,"key":"REST"},{"floor":23.0,"key":"REST"}],"circlet_count":0,"master_deck":["Strike_R","Strike_R","Strike_R","Defend_R","Defend_R","Defend_R","Defend_R","Bash","Combust+1","Flex+1","Blood for Blood","Clash","Clash","Feel No Pain","Flex","Limit Break","Inflame","Rupture","Sever Soul","Heavy Blade","Flex+1"],"relics":["Black Blood","Toy Ornithopter","InkBottle","Turnip","MutagenicStrength","Ornamental Fan"],"acts_visited":["Exordium","TheCity"],"potions_floor_usage":[29],"damage_taken":[{"damage":13.0,"enemies":"Jaw Worm","floor":1.0,"turns":4.0},{"damage":8.0,"enemies":"Cultist","floor":3.0,"turns":3.0},{"damage":8.0,"enemies":"2 Louse","floor":5.0,"turns":2.0},{"damage":44.0,"enemies":"3 Sentries","floor":6.0,"turns":6.0},{"damage":14.0,"enemies":"Red Slaver","floor":8.0,"turns":2.0},{"damage":11.0,"enemies":"Exordium Thugs","floor":11.0,"turns":4.0},{"damage":15.0,"enemies":"Blue Slaver","floor":12.0,"turns":3.0},{"damage":10.0,"enemies":"Looter","floor":14.0,"turns":2.0},{"damage":60.0,"enemies":"Hexaghost","floor":16.0,"turns":8.0},{"damage":39.0,"enemies":"2 Thieves","floor":18.0,"turns":4.0},{"damage":34.0,"enemies":"Spheric Guardian","floor":20.0,"turns":5.0},{"damage":22.0,"enemies":"Snake Plant","floor":22.0,"turns":4.0},{"damage":32.0,"enemies":"Centurion and Healer","floor":24.0,"turns":6.0},{"damage":28,"enemies":"Sentry and Sphere","floor":25,"turns":5},{"damage":21,"enemies":"Gremlin Leader","floor":29,"turns":3}],"seed_played":"-1882058080124762265","potions_obtained":[{"floor":6.0,"key":"Dexterity Potion"},{"floor":16.0,"key":"DuplicationPotion"},{"floor":18.0,"key":"Strength Potion"},{"floor":25,"key":"Weak Potion"}],"is_trial":false,"path_per_floor":["M","?","M","?","M","E","R","M","T","$","M","M","R","M","R","B",null,"M","$","M","?","M","R","M","M","T","?","T","E"],"character_chosen":"IRONCLAD","items_purchased":["Feel No Pain","Block Potion","BlessingOfTheForge","Rupture","Sever Soul"],"campfire_rested":3,"item_purchase_floors":[10,10,10,19,19],"current_hp_per_floor":[81,81,79,79,77,39,39,31,31,31,31,22,48,44,70,26,88,61,61,39,22,22,49,29,13,13,13,13,0,0],"gold":170,"neow_bonus":"TEN_PERCENT_HP_BONUS","is_daily":false,"chose_seed":false,"campfire_upgraded":1,"win_rate":0.0,"timestamp":1611527470,"path_taken":["M","?","?","?","M","E","R","M","T","$","M","?","R","M","R","BOSS","M","$","M","?","M","R","M","M","T","?","?","E"],"items_purchased_type":["Card","Potion","Potion","Card","Card"],"build_version":"2020-12-22","purchased_purges":2,"victory":false,"max_hp_per_floor":[88,88,88,88,88,88,88,88,88,88,88,88,88,88,88,88,88,88,88,88,93,93,93,93,93,93,93,93,93,93],"card_choices":[{"not_picked":["Shrug It Off","Thunderclap"],"picked":"Combust","floor":1.0},{"not_picked":["Thunderclap","Warcry"],"picked":"Flex","floor":3.0},{"not_picked":["Intimidate","True Grit"],"picked":"Blood for Blood","floor":5.0},{"not_picked":["Disarm","Pommel Strike"],"picked":"Clash","floor":6.0},{"not_picked":["Clothesline","Pommel Strike"],"picked":"Clash","floor":8.0},{"not_picked":["True Grit","Warcry","Power Through"],"picked":"SKIP","floor":11.0},{"not_picked":["Armaments","Shrug It Off","Body Slam"],"picked":"SKIP","floor":12.0},{"not_picked":["Shrug It Off","Body Slam"],"picked":"Flex","floor":14.0},{"not_picked":["Double Tap","Offering"],"picked":"Limit Break","floor":16.0},{"not_picked":["Armaments+1","Burning Pact"],"picked":"Inflame","floor":18.0},{"not_picked":["Anger+1","Flex"],"picked":"Heavy Blade","floor":20.0},{"not_picked":["Carnage+1","Body Slam","Combust"],"picked":"SKIP","floor":22.0},{"not_picked":["Second Wind","Ghostly Armor","Cleave"],"picked":"SKIP","floor":24.0},{"not_picked":["Pommel Strike","Perfected Strike"],"picked":"Flex+1","floor":25}],"player_experience":28895,"relics_obtained":[{"floor":6.0,"key":"Toy Ornithopter"},{"floor":9.0,"key":"InkBottle"},{"floor":26,"key":"Turnip"},{"floor":28,"key":"Ornamental Fan"}],"event_choices":[{"damage_healed":0.0,"max_hp_gain":0.0,"max_hp_loss":0.0,"gold_gain":0.0,"event_name":"Accursed Blacksmith","player_choice":"Forge","floor":2.0,"gold_loss":0.0,"damage_taken":0.0,"cards_upgraded":["Combust"]},{"damage_healed":0.0,"max_hp_gain":0.0,"max_hp_loss":0.0,"gold_gain":100.0,"event_name":"Golden Shrine","player_choice":"Pray","floor":4.0,"gold_loss":0.0,"damage_taken":0.0},{"damage_healed":0.0,"max_hp_gain":5.0,"max_hp_loss":0.0,"gold_gain":0.0,"event_name":"Forgotten Altar","player_choice":"Shed Blood","floor":21.0,"gold_loss":0.0,"damage_taken":22.0},{"damage_healed":0,"gold_gain":0,"player_choice":"Inject Mutagens","damage_taken":0,"relics_obtained":["MutagenicStrength"],"max_hp_gain":0,"max_hp_loss":0,"event_name":"Drug Dealer","floor":27,"gold_loss":0}],"is_beta":false,"boss_relics":[{"not_picked":["Mark of Pain","Busted Crown"],"picked":"Black Blood"}],"items_purged_floors":[10,19],"is_endless":false,"potions_floor_spawned":[6,16,18,25],"killed_by":"Gremlin Leader","ascension_level":0}}