{"host":"d61fcf2p3sjwe6yo","time":1611504854,"event":{"mods":["AchievementEnabler","BaseMod","Colored Map","Downfall","Minty Spire (QoL Compilation)","StSLib","SuperFastMode"],"gold_per_floor":[115,128,228,202,222,222,222,222],"floor_reached":6,"language":"ENG","playtime":679,"items_purged":[],"score":61,"play_id":"a94d1dc1-dbf1-4d64-ae5d-ac2fd502625b","local_time":"20210124191414","is_ascension_mode":false,"campfire_choices":[],"circlet_count":0,"master_deck":["Necronomicurse","champ:Duel","champ:Duel","Doubt","champ:Duel","champ:Duel","champ:Duel","champ:Duel","champ:Duel","champ:Duel","champ:Duel","champ:Duel"],"relics":["champ:ChampionCrown","Necronomicon","Champion Belt","sneckomod:BlankCard"],"acts_visited":["Exordium"],"potions_floor_usage":[],"damage_taken":[{"damage":22,"enemies":"2 Louse","floor":1,"turns":2},{"damage":16,"enemies":"Small Slimes","floor":2,"turns":3},{"damage":34,"enemies":"Small Slimes","floor":3,"turns":3},{"damage":0,"enemies":"Small Slimes","floor":5,"turns":3},{"damage":0,"enemies":"Gremlin Nob","floor":6,"turns":3}],"seed_played":"-5408544058494239698","potions_obtained":[{"floor":2,"key":"SmokeBomb"},{"floor":5,"key":"Swift Potion"}],"is_trial":true,"path_per_floor":["M","M","?","?","M","E"],"character_chosen":"THE_CHAMP","items_purchased":[],"campfire_rested":0,"item_purchase_floors":[],"current_hp_per_floor":[88,82,68,68,68,68,68,68],"gold":222,"neow_bonus":"","is_daily":false,"chose_seed":false,"campfire_upgraded":0,"win_rate":0.0,"timestamp":1611504854,"path_taken":["M","M","?","?","M","E"],"items_purchased_type":[],"build_version":"2020-12-22","purchased_purges":0,"victory":false,"max_hp_per_floor":[90,90,90,90,90,90,90,90],"card_choices":[{"not_picked":["champ:TornadoPunch","champ:BerserkerStyle"],"picked":"champ:FlashCut","floor":1},{"not_picked":["champ:Shatter","champ:DefensiveShout","champ:CrownThrow"],"picked":"SKIP","floor":2},{"not_picked":["champ:DefensiveShout","champ:CrownThrow"],"picked":"champ:Shatter","floor":2},{"not_picked":["champ:ShieldSigil","champ:TornadoPunch"],"picked":"champ:Circumvent","floor":3},{"not_picked":["champ:BladeFlurry","champ:EnragedBash","champ:FalseCounter"],"picked":"SKIP","floor":5}],"player_experience":691869,"relics_obtained":[{"floor":3,"key":"Champion Belt"}],"event_choices":[{"damage_healed":0,"gold_gain":0,"player_choice":"Read","damage_taken":0,"max_hp_gain":0,"max_hp_loss":0,"event_name":"The Library","floor":2,"gold_loss":0,"cards_obtained":["champ:Duel"]},{"damage_healed":0,"gold_gain":0,"player_choice":"Left Gold","damage_taken":0,"max_hp_gain":0,"max_hp_loss":0,"event_name":"World of Goop","floor":4,"gold_loss":26}],"is_beta":false,"boss_relics":[],"items_purged_floors":[],"is_endless":false,"potions_floor_spawned":[2,5],"killed_by":"Gremlin Nob","ascension_level":0}}