{"host":"nbyw9l72shd4wdzc","time":1611467074,"event":{"mods":["AchievementEnabler","Act Like it!","BaseMod","Better Note","BetterRewards","Dio Mod","Downfall","Gold Saver","Hermit","Minty Spire (QoL Compilation)","Rare Cards Sparkle","Robot Space Explorer","StSLib","The Alterego","The Cursed","TheHero"],"gold_per_floor":[110,121,21,21,36,36,111,141,141,141,141,141],"floor_reached":11,"language":"ENG","playtime":604,"items_purged":["animeID:Smash","animeID:DefendMH"],"score":71,"play_id":"34bf97ed-60cd-440f-b935-1aa78f6bf255","local_time":"20210123214434","is_ascension_mode":false,"campfire_choices":[{"floor":6,"key":"REST"}],"circlet_count":0,"master_deck":["animeID:Deku","animeID:Smash+1","animeID:Smash","animeID:Smash","animeID:DefendMH","animeID:DefendMH","animeID:FullCowl","animeID:TodorokiShoto","animeID:Bakugo+1","animeID:Iida","animeID:Stain","animeID:Himiko","animeID:Stain"],"relics":["animeID:HeroCostume","Girya","Regal Pillow","Ice Cream","Incense Burner"],"acts_visited":["Exordium"],"potions_floor_usage":[8,11],"damage_taken":[{"damage":0,"enemies":"2 Louse","floor":1,"turns":3},{"damage":6,"enemies":"Small Slimes","floor":2,"turns":3},{"damage":6,"enemies":"Cultist","floor":5,"turns":3},{"damage":33,"enemies":"Lagavulin","floor":8,"turns":6},{"damage":46,"enemies":"Gremlin Nob","floor":11,"turns":4}],"seed_played":"-1855387864219269307","potions_obtained":[{"floor":1,"key":"Strength Potion"},{"floor":8,"key":"Slimebound:ThreeZeroPotion"}],"is_trial":false,"path_per_floor":["M","M","$","?","M","R","?","E","T","?","E"],"character_chosen":"THE_HERO","items_purchased":["Girya","Regal Pillow","animeID:FullCowl","animeID:TodorokiShoto"],"campfire_rested":1,"item_purchase_floors":[0,0,0,0],"current_hp_per_floor":[40,36,36,21,17,54,43,14,14,14,0,0],"gold":141,"neow_bonus":"","is_daily":false,"chose_seed":false,"campfire_upgraded":0,"win_rate":0.0,"timestamp":1611467074,"path_taken":["M","M","$","?","M","R","?","E","T","?","E"],"items_purchased_type":["Relic","Relic","Card","Card"],"build_version":"2020-12-22","purchased_purges":2,"victory":false,"max_hp_per_floor":[75,75,75,75,75,75,75,75,75,75,75,75],"card_choices":[{"not_picked":["animeID:ToruHagakure","animeID:Muscular"],"picked":"animeID:Bakugo","floor":1},{"not_picked":["animeID:Bakugo","animeID:Mezo"],"picked":"animeID:Iida","floor":2},{"not_picked":["animeID:Tamaki","animeID:Kaminari"],"picked":"animeID:Stain","floor":5},{"not_picked":["animeID:Crystallize","animeID:DelawareSmash"],"picked":"animeID:Himiko","floor":8}],"player_experience":318231,"relics_obtained":[{"floor":8,"key":"Incense Burner"}],"event_choices":[{"damage_healed":0,"gold_gain":0,"player_choice":"Entered Light","damage_taken":15,"max_hp_gain":0,"max_hp_loss":0,"event_name":"Shining Light","floor":4,"gold_loss":0,"cards_upgraded":["animeID:Smash","animeID:Bakugo"]},{"damage_healed":0,"gold_gain":75,"player_choice":"Gather Gold","damage_taken":11,"max_hp_gain":0,"max_hp_loss":0,"event_name":"World of Goop","floor":7,"gold_loss":0},{"damage_healed":0,"gold_gain":0,"cards_transformed":["animeID:DefendMH"],"player_choice":"Transformed","damage_taken":0,"max_hp_gain":0,"max_hp_loss":0,"event_name":"Transmorgrifier","floor":10,"gold_loss":0,"cards_obtained":["animeID:Stain"]}],"is_beta":false,"boss_relics":[],"items_purged_floors":[0,3],"is_endless":false,"potions_floor_spawned":[1,8],"killed_by":"Gremlin Nob","ascension_level":0}}