{"host":"jjgyg020kc87m30c","time":1611478988,"event":{"mods":["BaseMod","Colored Map","Minty Spire (QoL Compilation)","Permanent Neow"],"gold_per_floor":[366,80,80,103,53,53,96,96,119,119,119],"floor_reached":10,"language":"ENG","playtime":434,"items_purged":[],"score":67,"play_id":"02fa6c89-2f80-4997-91a7-fe811e572521","local_time":"20210124180308","is_ascension_mode":true,"campfire_choices":[{"data":"Dagger Spray","floor":6,"key":"SMITH"},{"floor":8,"key":"REST"}],"circlet_count":0,"master_deck":["Strike_G","Strike_G","Strike_G","Strike_G","Strike_G","Defend_G+1","Defend_G","Defend_G","Defend_G","Defend_G+1","Survivor","Neutralize","Dagger Spray+1","Catalyst"],"relics":["Ring of the Snake","The Specimen","Golden Idol","Smiling Mask","War Paint"],"acts_visited":[],"potions_floor_usage":[],"damage_taken":[{"damage":0.0,"enemies":"2 Louse","floor":1.0,"turns":4.0},{"damage":1.0,"enemies":"Jaw Worm","floor":4.0,"turns":6.0},{"damage":32,"enemies":"3 Sentries","floor":7,"turns":11},{"damage":42,"enemies":"Lagavulin","floor":10,"turns":9}],"seed_played":"-2522649025117929544","potions_obtained":[{"floor":7,"key":"SmokeBomb"}],"is_trial":false,"path_per_floor":["M","$","?","M","?","R","E","R","T","E"],"character_chosen":"THE_SILENT","items_purchased":["The Specimen"],"campfire_rested":1,"item_purchase_floors":[2],"current_hp_per_floor":[49,49,49,48,48,48,16,37,37,0,0],"gold":119,"neow_bonus":"TWO_FIFTY_GOLD","is_daily":false,"chose_seed":false,"campfire_upgraded":1,"win_rate":0.0,"timestamp":1611478988,"path_taken":["M","$","?","M","?","R","E","R","T","E"],"items_purchased_type":["Relic"],"build_version":"2020-12-22","purchased_purges":0,"victory":false,"max_hp_per_floor":[70,70,70,70,70,70,70,70,70,70,70],"card_choices":[{"not_picked":["Bane","Sucker Punch"],"picked":"Dagger Spray","floor":1.0},{"not_picked":["Skewer","Slice","Blade Dance"],"picked":"SKIP","floor":4},{"not_picked":["Dagger Spray","Predator"],"picked":"Catalyst","floor":7}],"player_experience":18794,"relics_obtained":[{"floor":7,"key":"Smiling Mask"},{"floor":9,"key":"War Paint"}],"event_choices":[{"damage_healed":0.0,"max_hp_gain":0.0,"max_hp_loss":0.0,"gold_gain":0.0,"event_name":"Golden Idol","player_choice":"Take Wound","floor":3.0,"gold_loss":0.0,"damage_taken":0.0,"relics_obtained":["Golden Idol"],"cards_obtained":["Injury"]},{"cards_removed":["Injury"],"damage_healed":0,"gold_gain":0,"player_choice":"Card Removal","damage_taken":0,"max_hp_gain":0,"max_hp_loss":0,"event_name":"The Cleric","floor":5,"gold_loss":50}],"is_beta":false,"boss_relics":[],"items_purged_floors":[],"is_endless":false,"potions_floor_spawned":[7],"killed_by":"Lagavulin","ascension_level":1}}