{"host":"cjhtzh7tp54jdfyv","time":1611521008,"event":{"mods":["AchievementEnabler","BaseMod","Colored Map","Colored Powertips","Curses Come First","DeckTracker","Filter the Spire","Minty Spire (QoL Compilation)","RNG Fix","Relic Sorter","Relic Stats","StSLib","UnlockEverythingMod","ojb\u0027s Better Paths Mod","ojb\u0027s Info Mod"],"gold_per_floor":[116,126,91,104,29,29,29,52,52,67,100,100,120,155,155,244,244,267,285,285,285,44,44,77,97,97,121,144,184,184,184,184,280,280,296,296,319,319,219,262,262,309,309,349,377,377,186,229,229,229,229,229,229,24,67,67],"floor_reached":57,"language":"ENG","playtime":6634,"items_purged":["Pain","Pain"],"score":2861,"play_id":"97e2ed10-9757-4fc7-8d3c-2c3ca939e353","local_time":"20210124154328","is_ascension_mode":true,"campfire_choices":[{"data":"Eviscerate","floor":6.0,"key":"SMITH"},{"data":"Eviscerate","floor":12.0,"key":"SMITH"},{"data":"Blade Dance","floor":15.0,"key":"SMITH"},{"data":"Tools of the Trade","floor":23.0,"key":"SMITH"},{"data":"Reflex","floor":30.0,"key":"SMITH"},{"data":"Tools of the Trade","floor":32.0,"key":"SMITH"},{"data":"Tactician","floor":41.0,"key":"SMITH"},{"data":"Wraith Form v2","floor":46,"key":"SMITH"},{"floor":49,"key":"RECALL"},{"data":"Well Laid Plans","floor":53,"key":"SMITH"}],"circlet_count":0,"master_deck":["AscendersBane","Strike_G","Strike_G","Strike_G","Defend_G","Defend_G","Defend_G","Defend_G","Defend_G","Survivor","Neutralize","Eviscerate+1","Dash","Terror","Blade Dance+1","Eviscerate+1","Backstab","Slice","Tools of the Trade+1","Predator+1","Tools of the Trade+1","Reflex+1","Endless Agony+1","Dodge and Roll+1","Malaise","Venomology","Tactician+1","Terror+1","Reflex","Wraith Form v2+1","Underhanded Strike+1","Well Laid Plans+1","Phantasmal Killer","Cloak And Dagger+1","Backflip","Concentrate","Sucker Punch+1","Dash","Underhanded Strike","After Image","PiercingWail","Backflip","Backflip+1"],"relics":["Ring of the Snake","Tough Bandages","Golden Idol","Letter Opener","Gremlin Horn","MealTicket","Coffee Dripper","Bottled Tornado","Potion Belt","Vajra","Ornamental Fan","Regal Pillow","Calipers","Empty Cage","WarpedTongs","Orichalcum","CeramicFish","Kunai","Orrery","Lantern","StrikeDummy"],"acts_visited":["Exordium","TheCity","TheBeyond","TheEnding"],"potions_floor_usage":[45,50,51,55,56,56,56,56,56,56,56,56],"damage_taken":[{"damage":3.0,"enemies":"2 Louse","floor":1.0,"turns":5.0},{"damage":3.0,"enemies":"Small Slimes","floor":2.0,"turns":4.0},{"damage":3.0,"enemies":"Jaw Worm","floor":4.0,"turns":4.0},{"damage":20.0,"enemies":"Gremlin Gang","floor":8.0,"turns":6.0},{"damage":3.0,"enemies":"Blue Slaver","floor":10.0,"turns":3.0},{"damage":6.0,"enemies":"Gremlin Nob","floor":11.0,"turns":3.0},{"damage":4.0,"enemies":"Red Slaver","floor":13.0,"turns":4.0},{"damage":5.0,"enemies":"3 Sentries","floor":14.0,"turns":5.0},{"damage":15.0,"enemies":"Slime Boss","floor":16.0,"turns":7.0},{"damage":0.0,"enemies":"Chosen","floor":18.0,"turns":4.0},{"damage":4.0,"enemies":"Shell Parasite","floor":19.0,"turns":2.0},{"damage":18.0,"enemies":"Slavers","floor":24.0,"turns":4.0},{"damage":0.0,"enemies":"3 Cultists","floor":25.0,"turns":4.0},{"damage":11.0,"enemies":"Snake Plant","floor":27.0,"turns":3.0},{"damage":0.0,"enemies":"Centurion and Healer","floor":28.0,"turns":3.0},{"damage":4.0,"enemies":"Gremlin Leader","floor":29.0,"turns":4.0},{"damage":7.0,"enemies":"Automaton","floor":33.0,"turns":6.0},{"damage":0.0,"enemies":"3 Shapes","floor":35.0,"turns":5.0},{"damage":0.0,"enemies":"Orb Walker","floor":37.0,"turns":2.0},{"damage":7.0,"enemies":"Giant Head","floor":40.0,"turns":6.0},{"damage":0.0,"enemies":"Reptomancer","floor":42.0,"turns":5.0},{"damage":0.0,"enemies":"Giant Head","floor":44.0,"turns":6.0},{"damage":9,"enemies":"Jaw Worm Horde","floor":45,"turns":3},{"damage":12,"enemies":"Reptomancer","floor":48,"turns":6},{"damage":3,"enemies":"Donu and Deca","floor":50,"turns":8},{"damage":24,"enemies":"Time Eater","floor":51,"turns":14},{"damage":6,"enemies":"Shield and Spear","floor":55,"turns":8},{"damage":44,"enemies":"The Heart","floor":56,"turns":9}],"seed_played":"2701595587135738578","potions_obtained":[{"floor":8.0,"key":"AttackPotion"},{"floor":10.0,"key":"PowerPotion"},{"floor":13.0,"key":"Fire Potion"},{"floor":16.0,"key":"SpeedPotion"},{"floor":19.0,"key":"CultistPotion"},{"floor":24.0,"key":"GamblersBrew"},{"floor":28.0,"key":"PowerPotion"},{"floor":33.0,"key":"SpeedPotion"},{"floor":35.0,"key":"ColorlessPotion"},{"floor":45,"key":"CultistPotion"},{"floor":48,"key":"Swift Potion"}],"is_trial":false,"path_per_floor":["M","M","?","M","$","R","?","M","T","M","E","R","M","E","R","B",null,"M","M","T","?","$","R","E","M","T","M","M","E","R","?","R","B",null,"M","?","M","?","$","E","R","E","T","E","M","R","$","E","R","B","B",null,"R","$","E","B",null],"character_chosen":"THE_SILENT","items_purchased":["Potion Belt","Reflex","Phantasmal Killer","Orrery","After Image","PiercingWail","Backflip"],"campfire_rested":0,"item_purchase_floors":[22,22,47,47,54,54,54],"current_hp_per_floor":[56,53,66,63,63,63,60,40,40,37,31,31,27,22,22,7,47,47,43,43,43,58,58,40,40,40,29,29,25,25,25,25,18,50,50,50,50,50,60,53,53,53,53,53,44,44,59,47,47,44,20,50,50,60,54,10],"gold":67,"neow_bonus":"ONE_RARE_RELIC","is_daily":false,"chose_seed":false,"campfire_upgraded":9,"win_rate":0.0,"timestamp":1611521008,"path_taken":["M","M","?","M","$","R","?","M","T","M","E","R","M","E","R","BOSS","M","M","?","?","$","R","E","M","T","M","?","E","R","?","R","BOSS","M","?","M","?","?","E","R","E","T","E","M","R","$","E","R","BOSS","BOSS","R","$","E","BOSS"],"items_purchased_type":["Relic","Card","Card","Relic","Card","Card","Card"],"build_version":"2020-12-22","purchased_purges":2,"victory":true,"max_hp_per_floor":[66,66,66,66,66,66,60,60,60,60,60,60,60,60,60,60,60,60,60,60,60,60,60,60,60,60,60,60,60,60,60,60,60,60,60,60,60,60,60,60,60,60,60,60,60,60,60,60,60,60,60,60,60,60,60,60],"relic_stats":{"Regal Pillow":0,"Gremlin Horn":[33,32],"counters":[28,143],"Golden Idol":207,"CeramicFish":126,"Letter Opener":[196],"Orichalcum":[6],"WarpedTongs":[64],"Tough Bandages":[525],"Ornamental Fan":[348],"MealTicket":50,"Kunai":[43],"obtain_stats":[{"Potion Belt":22,"Regal Pillow":29,"Lantern":48,"Calipers":31,"Gremlin Horn":11,"Golden Idol":7,"CeramicFish":42,"Vajra":24,"Letter Opener":9,"Bottled Tornado":20,"Orichalcum":40,"Empty Cage":34,"WarpedTongs":38,"Tough Bandages":0,"Ornamental Fan":26,"Orrery":47,"MealTicket":14,"Coffee Dripper":17,"Kunai":44,"StrikeDummy":55,"Ring of the Snake":0},{"Potion Belt":11,"Regal Pillow":16,"Lantern":24,"Calipers":16,"Gremlin Horn":6,"Golden Idol":3,"CeramicFish":21,"Vajra":12,"Letter Opener":4,"Bottled Tornado":11,"Orichalcum":20,"Empty Cage":17,"WarpedTongs":19,"Tough Bandages":0,"Ornamental Fan":13,"Orrery":23,"MealTicket":8,"Coffee Dripper":9,"Kunai":22,"StrikeDummy":27,"Ring of the Snake":0},{"Potion Belt":47,"Regal Pillow":65,"Lantern":104,"Calipers":65,"Gremlin Horn":25,"Golden Idol":13,"CeramicFish":89,"Vajra":51,"Letter Opener":19,"Bottled Tornado":47,"Orichalcum":84,"Empty Cage":71,"WarpedTongs":78,"Tough Bandages":0,"Ornamental Fan":55,"Orrery":98,"MealTicket":34,"Coffee Dripper":41,"Kunai":95,"StrikeDummy":134,"Ring of the Snake":0}],"Ring of the Snake":[58]},"card_choices":[{"not_picked":["Cloak And Dagger","PiercingWail"],"picked":"Eviscerate","floor":1.0},{"not_picked":["Sucker Punch","Flying Knee"],"picked":"Dash","floor":2.0},{"not_picked":["Expertise","Acrobatics"],"picked":"Terror","floor":4.0},{"not_picked":["Deadly Poison","Slice"],"picked":"Blade Dance","floor":8.0},{"not_picked":["Heel Hook","Footwork","Deadly Poison"],"picked":"SKIP","floor":10.0},{"not_picked":["Outmaneuver","Accuracy"],"picked":"Eviscerate","floor":11.0},{"not_picked":["Die Die Die","Infinite Blades"],"picked":"Backstab","floor":13.0},{"not_picked":["Choke","Deflect"],"picked":"Slice","floor":14.0},{"not_picked":["Unload","Malaise"],"picked":"Tools of the Trade","floor":16.0},{"not_picked":["Expertise","Dodge and Roll"],"picked":"Predator+1","floor":18.0},{"not_picked":["Bane","Flying Knee","Deadly Poison"],"picked":"SKIP","floor":19.0},{"not_picked":["Outmaneuver","PiercingWail","Masterful Stab"],"picked":"SKIP","floor":24.0},{"not_picked":["Quick Slash+1","Riddle With Holes","Bane"],"picked":"SKIP","floor":25.0},{"not_picked":["Slice","Cloak And Dagger"],"picked":"Endless Agony+1","floor":27.0},{"not_picked":["Sucker Punch","PiercingWail"],"picked":"Dodge and Roll+1","floor":28.0},{"not_picked":["Outmaneuver","Slice+1"],"picked":"Malaise","floor":29.0},{"not_picked":["Bullet Time","Grand Finale"],"picked":"Venomology","floor":33.0},{"not_picked":["Dash","Terror"],"picked":"Tactician","floor":35.0},{"not_picked":["Dash","Deflect"],"picked":"Terror+1","floor":37.0},{"not_picked":["Deadly Poison","PiercingWail"],"picked":"Reflex","floor":40.0},{"not_picked":["PiercingWail","Escape Plan+1"],"picked":"Wraith Form v2","floor":42.0},{"not_picked":["Blur","Masterful Stab"],"picked":"Underhanded Strike+1","floor":44.0},{"not_picked":["Deflect","Noxious Fumes"],"picked":"Well Laid Plans","floor":45},{"not_picked":["Reflex","Underhanded Strike"],"picked":"Cloak And Dagger+1","floor":47},{"not_picked":["Heel Hook","Riddle With Holes"],"picked":"Backflip","floor":47},{"not_picked":["Infinite Blades+1","Slice+1"],"picked":"Concentrate","floor":47},{"not_picked":["Bane+1","Deadly Poison"],"picked":"Sucker Punch+1","floor":47},{"not_picked":["Flying Knee","Flechettes"],"picked":"Dash","floor":47},{"not_picked":["Heel Hook","Outmaneuver+1"],"picked":"Underhanded Strike","floor":48},{"not_picked":["Malaise","Slice"],"picked":"Backflip+1","floor":55}],"player_experience":4512174,"relics_obtained":[{"floor":9.0,"key":"Letter Opener"},{"floor":11.0,"key":"Gremlin Horn"},{"floor":14.0,"key":"MealTicket"},{"floor":20.0,"key":"Bottled Tornado"},{"floor":24.0,"key":"Vajra"},{"floor":26.0,"key":"Ornamental Fan"},{"floor":29.0,"key":"Regal Pillow"},{"floor":31.0,"key":"Calipers"},{"floor":40.0,"key":"Orichalcum"},{"floor":42.0,"key":"CeramicFish"},{"floor":44.0,"key":"Kunai"},{"floor":48,"key":"Lantern"},{"floor":55,"key":"StrikeDummy"}],"event_choices":[{"damage_healed":16.0,"max_hp_gain":0.0,"max_hp_loss":0.0,"gold_gain":0.0,"event_name":"The Cleric","player_choice":"Healed","floor":3.0,"gold_loss":35.0,"damage_taken":0.0},{"damage_healed":0.0,"max_hp_gain":0.0,"max_hp_loss":6.0,"gold_gain":0.0,"event_name":"Golden Idol","player_choice":"Lose Max HP","floor":7.0,"gold_loss":0.0,"damage_taken":0.0,"relics_obtained":["Golden Idol"]},{"damage_healed":0.0,"max_hp_gain":0.0,"max_hp_loss":0.0,"gold_gain":0.0,"event_name":"Duplicator","player_choice":"Copied","floor":21.0,"gold_loss":0.0,"damage_taken":0.0,"cards_obtained":["Tools of the Trade"]},{"damage_healed":0.0,"max_hp_gain":0.0,"max_hp_loss":0.0,"gold_gain":0.0,"event_name":"Wheel of Change","player_choice":"Relic","floor":31.0,"gold_loss":0.0,"damage_taken":0.0},{"damage_healed":0.0,"max_hp_gain":0.0,"max_hp_loss":0.0,"gold_gain":0.0,"event_name":"Tomb of Lord Red Mask","player_choice":"Ignored","floor":36.0,"gold_loss":0.0,"damage_taken":0.0},{"damage_healed":0.0,"max_hp_gain":0.0,"max_hp_loss":0.0,"gold_gain":0.0,"event_name":"Accursed Blacksmith","player_choice":"Rummage","floor":38.0,"gold_loss":0.0,"damage_taken":0.0,"relics_obtained":["WarpedTongs"],"cards_obtained":["Pain"]}],"is_beta":false,"boss_relics":[{"not_picked":["Velvet Choker","Calling Bell"],"picked":"Coffee Dripper"},{"not_picked":["SlaversCollar","Runic Dome"],"picked":"Empty Cage"}],"items_purged_floors":[5,39],"is_endless":false,"potions_floor_spawned":[8,10,13,16,19,24,28,33,35,42,45,48],"ascension_level":20}}