{"host":"s5t6tedanf5l3voc","time":1611531105,"event":{"mods":["BaseMod","BetterRewards","Colored Powertips","GifTheSpireLib","Googly Eyes","Infinite Spire","Minty Spire (QoL Compilation)","Shop Mod","StSLib","The Animator"],"gold_per_floor":[117,129,129,160,189,220,220,261,288,314,346,81,108,120,120,195,195,231,231,251,251,266,297,309,336,336,348,382,382,382,24,24,98,98,128,153,171,191,204,204,230,277,277,277,307,319,329,372,372,380,388,388,388,641,649,649],"floor_reached":55,"language":"ENG","playtime":5358,"items_purged":[],"score":2852,"play_id":"a22adc33-1583-4a98-be2b-e2e71f94ae71","local_time":"20210124153145","is_ascension_mode":true,"campfire_choices":[{"floor":15.0,"key":"REST"},{"data":"animator:AcuraAkari","floor":15.0,"key":"SMITH"},{"floor":29.0,"key":"RECALL"},{"floor":32.0,"key":"REST"},{"data":"animator:MetalKnight","floor":32.0,"key":"SMITH"},{"floor":40.0,"key":"REST"},{"data":"animator:AcuraShin","floor":40.0,"key":"SMITH"},{"floor":49.0,"key":"REST"},{"data":"animator:Shiro","floor":49.0,"key":"SMITH"},{"floor":53.0,"key":"REST"},{"data":"1","floor":53.0,"key":"LIFT"}],"circlet_count":0,"master_deck":["AscendersBane","animator:Strike_HitsugiNoChaika","animator:Defend_HitsugiNoChaika","animator:Strike","animator:Strike","animator:Defend","animator:Defend","animator:Defend","animator:AcuraAkari","animator:Gillette","animator:Shichika","animator:ElricEdward","animator:Fredrika","animator:Ara","animator:Kazuma","animator:Guy","animator:Layla","animator:AcuraTooru","animator:Geryuganshoop+1","animator:Wiz","animator:Viivi","animator:ChaikaBohdan","animator:NarberalGamma","animator:Shichika","animator:Guy","animator:Rena+1","animator:MetalKnight+1","animator:TanyaDegurechaff","animator:AcuraShin","animator:Chris","animator:PandorasActor","animator:Fredrika","animator:Verdia","animator:AcuraTooru","animator:Shiro","animator:PandorasActor","animator:GuildGirl","animator:Fredrika"],"relics":["animator:TheWolleyCore","animator:AncientMedallion"],"acts_visited":["TheCity","TheBeyond","TheEnding","EYB:TheUnnamedReign"],"potions_floor_usage":[],"damage_taken":[{"damage":0.0,"enemies":"Jaw Worm","floor":1.0,"turns":3.0},{"damage":0.0,"enemies":"Cultist","floor":2.0,"turns":2.0},{"damage":0.0,"enemies":"2 Louse","floor":4.0,"turns":1.0},{"damage":0.0,"enemies":"Exordium Wildlife","floor":5.0,"turns":3.0},{"damage":4.0,"enemies":"Gremlin Nob","floor":6.0,"turns":3.0},{"damage":10.0,"enemies":"Lagavulin","floor":8.0,"turns":3.0},{"damage":0.0,"enemies":"3 Sentries","floor":10.0,"turns":5.0},{"damage":0.0,"enemies":"Blue Slaver","floor":11.0,"turns":2.0},{"damage":7.0,"enemies":"Nightmare","floor":13.0,"turns":9.0},{"damage":0.0,"enemies":"Exordium Thugs","floor":14.0,"turns":2.0},{"damage":7.0,"enemies":"The Guardian","floor":16.0,"turns":5.0},{"damage":0.0,"enemies":"Spheric Guardian","floor":18.0,"turns":2.0},{"damage":0.0,"enemies":"2 Thieves","floor":20.0,"turns":3.0},{"damage":0.0,"enemies":"Centurion and Healer","floor":22.0,"turns":3.0},{"damage":7.0,"enemies":"Book of Stabbing","floor":23.0,"turns":4.0},{"damage":10.0,"enemies":"Snake Plant","floor":24.0,"turns":3.0},{"damage":0.0,"enemies":"Gremlin Leader","floor":25.0,"turns":4.0},{"damage":0.0,"enemies":"Snecko","floor":27.0,"turns":2.0},{"damage":0.0,"enemies":"Slavers","floor":28.0,"turns":4.0},{"damage":0.0,"enemies":"Champ","floor":33.0,"turns":6.0},{"damage":0.0,"enemies":"Orb Walker","floor":35.0,"turns":3.0},{"damage":13.0,"enemies":"Mind Bloom Boss Battle","floor":36.0,"turns":5.0},{"damage":0.0,"enemies":"3 Shapes","floor":37.0,"turns":3.0},{"damage":0.0,"enemies":"Transient","floor":38.0,"turns":6.0},{"damage":0.0,"enemies":"3 Darklings","floor":39.0,"turns":5.0},{"damage":0.0,"enemies":"Jaw Worm Horde","floor":41.0,"turns":3.0},{"damage":15.0,"enemies":"Nightmare","floor":42.0,"turns":5.0},{"damage":7.0,"enemies":"Reptomancer","floor":45.0,"turns":6.0},{"damage":0.0,"enemies":"4 Shapes","floor":46.0,"turns":4.0},{"damage":0.0,"enemies":"3 Darklings","floor":47.0,"turns":5.0},{"damage":0.0,"enemies":"Giant Head","floor":48.0,"turns":5.0},{"damage":43.0,"enemies":"Time Eater","floor":50.0,"turns":10.0},{"damage":8.0,"enemies":"Awakened One","floor":51.0,"turns":10.0},{"damage":103,"enemies":"animator:UNNAMED_HAT","floor":55,"turns":13}],"seed_played":"-5171228019495933416","potions_obtained":[{"floor":1.0,"key":"SneckoOil"},{"floor":2.0,"key":"Explosive Potion"},{"floor":4.0,"key":"Explosive Potion"},{"floor":8.0,"key":"Explosive Potion"},{"floor":13.0,"key":"Dexterity Potion"},{"floor":16.0,"key":"SkillPotion"}],"is_trial":false,"path_per_floor":["M","M","?","M","M","E","?","E","T","E","M","$","NM","M","R","B",null,"M","?","M","?","M","E","M","E","T","M","E","R","?","$","R","B",null,"M","?","M","M","M","R","M","NM","T","AVR","E","M","M","E","R","B","B",null,"R","??","M"],"character_chosen":"THE_ANIMATOR","items_purchased":["Lee\u0027s Waffle","Mercury Hourglass","infinitespire:ShieldingShard","animator:ShionDessert","infinitespire:Magic Flask","Toxic Egg 2","infinitespire:Bottled Soul","animator:TanyaDegurechaff","Boot"],"campfire_rested":5,"item_purchase_floors":[0,0,0,0,0,0,12,31,31],"current_hp_per_floor":[67,67,67,67,67,63,63,53,53,54,54,54,48,48,68,62,68,68,68,70,70,70,70,60,60,60,60,60,60,60,60,79,79,79,79,66,66,66,67,80,80,65,65,65,58,58,58,58,80,37,29,67,80,91,0,0],"gold":649,"neow_bonus":"","is_daily":false,"chose_seed":false,"campfire_upgraded":4,"win_rate":0.0,"timestamp":1611531105,"path_taken":["M","M","?","?","M","E","?","E","T","E","M","?","NM","M","R","BOSS","M","?","M","?","M","E","M","E","T","?","E","R","?","$","R","BOSS","M","?","M","M","M","R","M","NM","T","AVR","E","M","M","E","R","BOSS","BOSS","R","??","M"],"items_purchased_type":["Relic","Relic","Relic","Relic","Relic","Relic","Relic","Card","Relic"],"build_version":"2020-12-22","purchased_purges":0,"victory":false,"max_hp_per_floor":[67,67,67,67,67,67,67,67,67,68,68,68,69,69,69,70,70,70,70,72,72,72,79,79,79,79,79,79,79,79,79,79,79,79,79,79,79,79,80,80,80,80,80,80,80,80,80,80,80,80,80,80,80,91,91,91],"card_choices":[{"not_picked":["animator:TsurugaMeisai+1","animator:SilverFang+1"],"picked":"animator:Shichika+1","floor":1.0},{"not_picked":["animator:Spearman","animator:Cocytus","animator:Emonzaemon"],"picked":"SKIP","floor":2.0},{"not_picked":["animator:Ciel+1","animator:Add+1"],"picked":"animator:ElricEdward","floor":4.0},{"not_picked":["animator:Guy+1","animator:Gillette"],"picked":"animator:Fredrika+1","floor":5.0},{"not_picked":["animator:Sloth","animator:Sonic+1"],"picked":"animator:Ara","floor":6.0},{"not_picked":["animator:Lu","animator:LizardPriest+1"],"picked":"animator:Kazuma+1","floor":8.0},{"not_picked":["animator:LeleiLaLalena+1","animator:NarberalGamma+1"],"picked":"animator:Guy+1","floor":10.0},{"not_picked":["animator:Guy+1","animator:Gillette"],"picked":"animator:Layla","floor":11.0},{"not_picked":["animator:Chung+1","animator:Ara"],"picked":"animator:AcuraTooru","floor":13.0},{"not_picked":["animator:PandorasActor+1","animator:Elsword"],"picked":"animator:Geryuganshoop+1","floor":14.0},{"not_picked":["animator:Saitama+1","animator:Elesis"],"picked":"animator:Wiz+1","floor":16.0},{"not_picked":["animator:Sloth","animator:LizardPriest+1"],"picked":"animator:Viivi","floor":18.0},{"not_picked":["animator:Layla","animator:Viivi"],"picked":"animator:ChaikaBohdan","floor":20.0},{"not_picked":["animator:Evileye+1","animator:Priestess+1"],"picked":"animator:NarberalGamma+1","floor":22.0},{"not_picked":["animator:Azekura+1","animator:YunYun"],"picked":"animator:Shichika+1","floor":23.0},{"not_picked":["animator:Guy+1","animator:ChaikaBohdan","animator:ElricAlphonse+1"],"picked":"SKIP","floor":24.0},{"not_picked":["animator:ChaikaBohdan","animator:Viivi"],"picked":"animator:Guy+1","floor":25.0},{"not_picked":["animator:DolaCouronne+1","animator:Tet+1"],"picked":"animator:Rena+1","floor":27.0},{"not_picked":["animator:Vanir","animator:Scar"],"picked":"animator:MetalKnight","floor":28.0},{"not_picked":["animator:Elesis","animator:Eve"],"picked":"animator:AcuraShin","floor":33.0},{"not_picked":["animator:Guy+1","animator:Nanami+1"],"picked":"animator:Chris","floor":35.0},{"not_picked":["animator:Shichika+1","animator:Viivi"],"picked":"animator:PandorasActor+1","floor":36.0},{"not_picked":["animator:Rena+1","animator:Viivi"],"picked":"animator:Fredrika+1","floor":38.0},{"not_picked":["animator:Geryuganshoop+1","animator:Gillette"],"picked":"animator:Verdia+1","floor":39.0},{"not_picked":["animator:Verdia+1","animator:NarberalGamma+1"],"picked":"animator:AcuraTooru","floor":41.0},{"not_picked":["animator:Darkness","animator:ElricEdward+1"],"picked":"animator:Shiro","floor":45.0},{"not_picked":["animator:Viivi","animator:Gillette"],"picked":"animator:PandorasActor+1","floor":46.0},{"not_picked":["animator:Kazuma+1","animator:DolaCouronne+1"],"picked":"animator:GuildGirl+1","floor":47.0},{"not_picked":["animator:Viivi","animator:ChaikaBohdan"],"picked":"animator:Fredrika+1","floor":48.0}],"player_experience":909966,"relics_obtained":[{"floor":6.0,"key":"Champion Belt"},{"floor":8.0,"key":"Ancient Tea Set"},{"floor":10.0,"key":"Anchor"},{"floor":13.0,"key":"Happy Flower"},{"floor":23.0,"key":"Strawberry"},{"floor":25.0,"key":"White Beast Statue"},{"floor":26.0,"key":"Orichalcum"},{"floor":28.0,"key":"Girya"},{"floor":36.0,"key":"infinitespire:Joker Card"},{"floor":42.0,"key":"Bottled Flame"},{"floor":43.0,"key":"StoneCalendar"},{"floor":45.0,"key":"Ginger"},{"floor":48.0,"key":"Darkstone Periapt"},{"floor":54.0,"key":"animator:TheWolleyCore"},{"floor":54.0,"key":"animator:AncientMedallion"}],"event_choices":[{"damage_healed":0.0,"max_hp_gain":0.0,"max_hp_loss":0.0,"gold_gain":0.0,"event_name":"Accursed Blacksmith","player_choice":"Rummage","floor":3.0,"gold_loss":0.0,"damage_taken":0.0,"relics_obtained":["WarpedTongs"],"cards_obtained":["Pain"]},{"cards_removed":["Pain"],"damage_healed":0.0,"max_hp_gain":0.0,"max_hp_loss":0.0,"gold_gain":0.0,"event_name":"Living Wall","player_choice":"Forget","floor":7.0,"gold_loss":0.0,"damage_taken":0.0},{"damage_healed":0.0,"max_hp_gain":0.0,"max_hp_loss":0.0,"gold_gain":0.0,"event_name":"Beggar","player_choice":"Ignored","floor":19.0,"gold_loss":0.0,"damage_taken":0.0},{"damage_healed":0.0,"max_hp_gain":0.0,"max_hp_loss":0.0,"gold_gain":0.0,"event_name":"Vampires","player_choice":"Ignored","floor":21.0,"gold_loss":0.0,"damage_taken":0.0},{"cards_removed":["animator:Strike"],"damage_healed":0.0,"max_hp_gain":0.0,"max_hp_loss":0.0,"gold_gain":0.0,"event_name":"Back to Basics","player_choice":"Elegance","floor":30.0,"gold_loss":0.0,"damage_taken":0.0},{"damage_healed":0.0,"max_hp_gain":0.0,"max_hp_loss":0.0,"gold_gain":0.0,"event_name":"MindBloom","player_choice":"Fight","floor":36.0,"gold_loss":0.0,"damage_taken":0.0}],"is_beta":false,"boss_relics":[{"not_picked":["animator:CursedBlade","Astrolabe"],"picked":"Sozu"},{"not_picked":["Velvet Choker","Busted Crown"],"picked":"Mark of Pain"}],"items_purged_floors":[],"is_endless":false,"potions_floor_spawned":[1,2,4,8,13,16,18,22,23,27,28,33,35,36,37,38,39,41,42,45,46,47,48],"killed_by":"animator:UNNAMED_HAT","ascension_level":20}}