{"host":"hszimsrtxxc2k25w","time":1611511289,"event":{"mods":["AchievementEnabler","BaseMod","Colored Map","DeckTracker","Minty Spire (QoL Compilation)","Rare Cards Sparkle","SuperFastMode"],"gold_per_floor":[113,132,207,217,217,217,142,142,142,174,174,193,193,203,203,280,280,291,191,211,223,223,223,223,223],"floor_reached":24,"language":"KOR","playtime":424,"items_purged":["Strike_R","Wild Strike"],"score":392,"play_id":"daf3c4bb-9560-4a90-add9-4954bb02e98c","local_time":"20210125030129","is_ascension_mode":true,"campfire_choices":[{"data":"Hemokinesis","floor":6.0,"key":"SMITH"},{"data":"Bash","floor":8.0,"key":"SMITH"},{"data":"Blood for Blood","floor":13.0,"key":"SMITH"},{"floor":15.0,"key":"RECALL"},{"floor":23,"key":"REST"}],"circlet_count":0,"master_deck":["AscendersBane","Strike_R","Strike_R","Defend_R","Defend_R","Defend_R","Defend_R","Bash+1","Hemokinesis+1","Blood for Blood+1","Corruption","Dual Wield+1"],"relics":["Burning Blood","NeowsBlessing","Sundial","Magic Flower","Runic Pyramid","Enchiridion"],"acts_visited":["Exordium","TheCity"],"potions_floor_usage":[24],"damage_taken":[{"damage":0.0,"enemies":"2 Louse","floor":1.0,"turns":2.0},{"damage":0.0,"enemies":"Small Slimes","floor":2.0,"turns":1.0},{"damage":0.0,"enemies":"Cultist","floor":4.0,"turns":1.0},{"damage":10.0,"enemies":"Gremlin Nob","floor":10.0,"turns":3.0},{"damage":15.0,"enemies":"Lots of Slimes","floor":12.0,"turns":6.0},{"damage":9.0,"enemies":"Large Slime","floor":14.0,"turns":4.0},{"damage":56.0,"enemies":"The Guardian","floor":16.0,"turns":8.0},{"damage":30.0,"enemies":"3 Byrds","floor":18.0,"turns":5.0},{"damage":4.0,"enemies":"Chosen","floor":20.0,"turns":3.0},{"damage":17.0,"enemies":"Centurion and Healer","floor":21.0,"turns":4.0},{"damage":37,"enemies":"Slavers","floor":24,"turns":4}],"seed_played":"1365734592991831626","potions_obtained":[{"floor":4.0,"key":"Regen Potion"},{"floor":12.0,"key":"ElixirPotion"},{"floor":14.0,"key":"Swift Potion"},{"floor":18.0,"key":"Block Potion"}],"is_trial":false,"path_per_floor":["M","M","?","M","?","R","$","R","T","E","?","M","R","M","R","B",null,"M","$","M","M","?","R","E"],"character_chosen":"IRONCLAD","items_purchased":[],"campfire_rested":1,"item_purchase_floors":[],"current_hp_per_floor":[74,75,64,70,70,70,70,70,70,66,66,60,60,60,60,13,60,39,39,44,36,15,37,0,0],"gold":223,"neow_bonus":"THREE_ENEMY_KILL","is_daily":false,"chose_seed":false,"campfire_upgraded":3,"win_rate":0.0,"timestamp":1611511289,"path_taken":["M","M","?","M","?","R","$","R","T","E","?","?","R","?","R","BOSS","M","$","M","M","?","R","E"],"items_purchased_type":[],"build_version":"2020-12-22","purchased_purges":2,"victory":false,"max_hp_per_floor":[75,75,75,75,75,75,75,75,75,75,75,75,75,75,75,75,75,75,75,75,75,75,75,75,75],"card_choices":[{"not_picked":["Inflame","Heavy Blade"],"picked":"Wild Strike","floor":1.0},{"not_picked":["Inflame","Warcry","Clash"],"picked":"SKIP","floor":2.0},{"not_picked":["Body Slam","Flex"],"picked":"Hemokinesis","floor":4.0},{"not_picked":["Infernal Blade","Twin Strike","Armaments"],"picked":"SKIP","floor":10.0},{"not_picked":["Warcry","Inflame"],"picked":"Blood for Blood","floor":12.0},{"not_picked":["Thunderclap","Seeing Red","Twin Strike"],"picked":"SKIP","floor":14.0},{"not_picked":["Barricade","Demon Form"],"picked":"Corruption","floor":16.0},{"not_picked":["Perfected Strike","True Grit"],"picked":"Dual Wield+1","floor":18.0},{"not_picked":["Havoc","Inflame","Searing Blow"],"picked":"SKIP","floor":20.0},{"not_picked":["Sword Boomerang","Armaments","Thunderclap"],"picked":"SKIP","floor":21.0}],"player_experience":638390,"relics_obtained":[{"floor":9.0,"key":"Sundial"},{"floor":10.0,"key":"Magic Flower"},{"floor":22,"key":"Enchiridion"}],"event_choices":[{"damage_healed":0.0,"max_hp_gain":0.0,"max_hp_loss":0.0,"gold_gain":75.0,"event_name":"World of Goop","player_choice":"Gather Gold","floor":3.0,"gold_loss":0.0,"damage_taken":11.0},{"cards_removed":["Strike_R"],"damage_healed":0.0,"max_hp_gain":0.0,"max_hp_loss":0.0,"gold_gain":0.0,"event_name":"Living Wall","player_choice":"Forget","floor":5.0,"gold_loss":0.0,"damage_taken":0.0},{"cards_removed":["Strike_R"],"damage_healed":0.0,"max_hp_gain":0.0,"max_hp_loss":0.0,"gold_gain":0.0,"event_name":"Bonfire Elementals","player_choice":"Offered Basic","floor":11.0,"gold_loss":0.0,"damage_taken":0.0},{"damage_healed":0,"gold_gain":0,"player_choice":"Obtained Book","damage_taken":21,"max_hp_gain":0,"max_hp_loss":0,"event_name":"Cursed Tome","floor":22,"gold_loss":0}],"is_beta":false,"boss_relics":[{"not_picked":["Runic Dome","Black Blood"],"picked":"Runic Pyramid"}],"items_purged_floors":[7,19],"is_endless":false,"potions_floor_spawned":[4,12,14,18],"killed_by":"Slavers","ascension_level":20}}