{"host":"syozzdlzcqop4jia","time":1611459258,"event":{"mods":["BaseMod","Colored Powertips","Minty Spire (QoL Compilation)","Quick Restart"],"gold_per_floor":[119,119,132,132,144,144,171,191,191,206,225,282,301,301,301,301,301],"floor_reached":16,"language":"ENG","playtime":3156,"items_purged":[],"score":114,"play_id":"900bef13-cb4f-4624-9c79-7478a0351d65","local_time":"20210124043418","is_ascension_mode":true,"campfire_choices":[{"data":"Body Slam","floor":6,"key":"SMITH"},{"data":"Perfected Strike","floor":15,"key":"SMITH"}],"circlet_count":0,"master_deck":["Strike_R","Strike_R","Strike_R","Strike_R","Strike_R","Defend_R","Defend_R","Defend_R","Defend_R","Bash+1","Shrug It Off","Fire Breathing","Body Slam+1","Metallicize","Cleave","Perfected Strike+1","Body Slam+1","Entrench+1"],"relics":["Burning Blood","Sundial","Blue Candle","Meat on the Bone","Nunchaku"],"acts_visited":["Exordium"],"potions_floor_usage":[7,12],"damage_taken":[{"damage":1,"enemies":"Cultist","floor":1,"turns":3},{"damage":9,"enemies":"Jaw Worm","floor":3,"turns":5},{"damage":3,"enemies":"Small Slimes","floor":5,"turns":4},{"damage":14,"enemies":"3 Sentries","floor":7,"turns":5},{"damage":8,"enemies":"2 Fungi Beasts","floor":8,"turns":4},{"damage":3,"enemies":"Looter","floor":10,"turns":3},{"damage":16,"enemies":"Large Slime","floor":11,"turns":7},{"damage":25,"enemies":"Gremlin Nob","floor":12,"turns":5},{"damage":13,"enemies":"Blue Slaver","floor":13,"turns":3},{"damage":10,"enemies":"Slime Boss","floor":16,"turns":5}],"seed_played":"-5046415074785937667","potions_obtained":[{"floor":5,"key":"Regen Potion"},{"floor":7,"key":"SteroidPotion"},{"floor":12,"key":"Energy Potion"},{"floor":13,"key":"Regen Potion"}],"is_trial":false,"path_per_floor":["M","?","M","?","M","R","E","M","T","M","M","?","M","?","R","B"],"character_chosen":"IRONCLAD","items_purchased":[],"campfire_rested":0,"item_purchase_floors":[],"current_hp_per_floor":[88,88,85,82,85,85,88,86,86,88,78,59,52,34,34,24,24],"gold":301,"neow_bonus":"TEN_PERCENT_HP_BONUS","is_daily":false,"chose_seed":false,"campfire_upgraded":2,"win_rate":0.0,"timestamp":1611459258,"path_taken":["M","?","M","?","M","R","E","M","T","M","M","?","M","?","R","BOSS"],"items_purchased_type":[],"build_version":"2020-12-22","purchased_purges":0,"victory":false,"max_hp_per_floor":[88,88,88,88,88,88,88,88,88,88,88,88,88,88,88,88,88],"card_choices":[{"not_picked":["Armaments","True Grit"],"picked":"Shrug It Off","floor":1},{"not_picked":["Uppercut","Flame Barrier"],"picked":"Fire Breathing","floor":3},{"not_picked":["Shockwave","Fire Breathing"],"picked":"Body Slam","floor":5},{"not_picked":["Bloodletting","Spot Weakness"],"picked":"Metallicize","floor":7},{"not_picked":["Headbutt","Rage"],"picked":"Cleave","floor":8},{"not_picked":["Entrench","Dark Embrace"],"picked":"Perfected Strike","floor":10},{"not_picked":["Headbutt","Burning Pact","Dual Wield"],"picked":"SKIP","floor":11},{"not_picked":["Havoc","Evolve"],"picked":"Body Slam","floor":12},{"not_picked":["Shrug It Off","Combust"],"picked":"Entrench","floor":13}],"player_experience":334833,"relics_obtained":[{"floor":7,"key":"Blue Candle"},{"floor":9,"key":"Meat on the Bone"}],"event_choices":[{"damage_healed":0,"gold_gain":0,"player_choice":"Grow","damage_taken":0,"max_hp_gain":0,"max_hp_loss":0,"event_name":"Living Wall","floor":2,"gold_loss":0,"cards_upgraded":["Bash"]},{"damage_healed":0,"gold_gain":0,"player_choice":"Success","damage_taken":3,"relics_obtained":["Sundial"],"max_hp_gain":0,"max_hp_loss":0,"event_name":"Scrap Ooze","floor":4,"gold_loss":0},{"damage_healed":0,"gold_gain":30,"player_choice":"Searched \u00273\u0027 times","damage_taken":0,"relics_obtained":["Nunchaku"],"max_hp_gain":0,"max_hp_loss":0,"event_name":"Dead Adventurer","floor":12,"gold_loss":0},{"damage_healed":0,"gold_gain":0,"player_choice":"Entered Light","damage_taken":18,"max_hp_gain":0,"max_hp_loss":0,"event_name":"Shining Light","floor":14,"gold_loss":0,"cards_upgraded":["Body Slam","Entrench"]}],"is_beta":false,"boss_relics":[],"items_purged_floors":[],"is_endless":false,"potions_floor_spawned":[5,7,12,13],"killed_by":"Slime Boss","ascension_level":2}}