{"host":"5v9rfzf5qju8k9wy","time":1611461755,"event":{"mods":["Act Like it!","BaseMod","Gensokyo","GungeonMod","Hermit","Marisa£®ÏF”Í°°ƒß¿Ì…≥£©","Minty Spire (QoL Compilation)","StSLib"],"gold_per_floor":[119,4,4,4,4,4,30,55,55,55,55,55,55],"floor_reached":12,"language":"ZHS","playtime":336,"items_purged":[],"score":66,"play_id":"4cc40837-020a-4a99-9030-ae441375a27f","local_time":"20210124121555","is_ascension_mode":false,"campfire_choices":[{"data":"DemoMod:ManualReload","floor":6,"key":"SMITH"},{"data":"DemoMod:Polaris","floor":11,"key":"SMITH"}],"circlet_count":0,"master_deck":["DemoMod:Strike_Huntress","DemoMod:Strike_Huntress","DemoMod:Strike_Huntress","DemoMod:Defend_Huntress","DemoMod:Defend_Huntress","DemoMod:Defend_Huntress","DemoMod:Defend_Huntress","DemoMod:Roll","DemoMod:ManualReload+1","DemoMod:RustySidearm","DemoMod:CrossBow","DemoMod:HuntsMan+1","DemoMod:SkilledReload","DemoMod:Polaris+1"],"relics":["DemoMod:Dog","CeramicFish","DemoMod:GnawedKey","Gensokyo:CelestialsFlawlessClothing","DemoMod:MeltedRock","HornCleat"],"acts_visited":["Gensokyo:Gensokyo"],"potions_floor_usage":[],"damage_taken":[{"damage":9,"enemies":"Gensokyo:Gryphon","floor":1,"turns":4},{"damage":11,"enemies":"Gensokyo:2_Kodama","floor":7,"turns":5},{"damage":0,"enemies":"Gensokyo:3_Fairies","floor":8,"turns":3},{"damage":7,"enemies":"Gensokyo:Aya","floor":12,"turns":5}],"seed_played":"7897095055096330522","potions_obtained":[],"is_trial":false,"path_per_floor":["M","$","?","?","T","R","M","M","T","$","R","E"],"character_chosen":"HUNTRESS","items_purchased":["DemoMod:GnawedKey"],"campfire_rested":0,"item_purchase_floors":[2],"current_hp_per_floor":[61,61,44,44,44,44,33,33,33,33,33,26,26],"gold":55,"neow_bonus":"RANDOM_COMMON_RELIC","is_daily":false,"chose_seed":false,"campfire_upgraded":2,"win_rate":0.0,"timestamp":1611461755,"path_taken":["M","?","?","?","?","R","M","?","T","?","R","E"],"items_purchased_type":["Relic"],"build_version":"2020-12-22","purchased_purges":0,"victory":false,"max_hp_per_floor":[70,70,70,70,70,70,70,70,70,70,70,70,70],"card_choices":[{"not_picked":["DemoMod:Ejector","DemoMod:BattleInHaste"],"picked":"DemoMod:HuntsMan","floor":1},{"not_picked":["DemoMod:EasyReloadBullets","DemoMod:BoxingGlove"],"picked":"DemoMod:SkilledReload","floor":7},{"not_picked":["DemoMod:Ejector","DemoMod:Unity"],"picked":"DemoMod:Polaris","floor":8}],"player_experience":103782,"relics_obtained":[{"floor":5,"key":"DemoMod:MeltedRock"},{"floor":9,"key":"HornCleat"}],"event_choices":[],"is_beta":false,"boss_relics":[],"items_purged_floors":[],"is_endless":false,"potions_floor_spawned":[],"killed_by":"Gensokyo:Aya","ascension_level":0}}