{"host":"exhp4inpfmbngj23","time":1611532626,"event":{"mods":["Abigail Mod","BaseMod","Beaked The Cultist","Downfall","Friendly Minions","Kiyohime????","Minty Spire (QoL Compilation)","StSLib","The Alterego"],"gold_per_floor":[99,113,98,98,198,216,216,236,136,164,64,78,78,78,91,191,191,191,202,212,127,143,143,221,221,121,121,134,151,251,7,21,116,116,116,133,146,160,210,210,210,210,244,244,274,129,129,163,177,177,177,212,41,41,41,41,41,41],"floor_reached":56,"language":"ENG","playtime":6806,"items_purged":[],"score":835,"play_id":"28da330f-f3db-4e4b-816b-3cd4d1b01620","local_time":"20210124155706","is_ascension_mode":false,"campfire_choices":[{"floor":1,"key":"RECALL"},{"data":"bronze:Replicate","floor":9,"key":"SMITH"},{"floor":11,"key":"REST"},{"data":"bronze:BurnOut","floor":18,"key":"SMITH"},{"data":"bronze:Fortify","floor":23,"key":"SMITH"},{"data":"bronze:Boost","floor":26,"key":"SMITH"},{"data":"bronze:Fortify","floor":35,"key":"SMITH"},{"floor":40,"key":"REST"},{"data":"bronze:InfiniteBeams","floor":47,"key":"SMITH"},{"floor":54,"key":"REST"}],"circlet_count":0,"master_deck":["bronze:Strike","bronze:Strike","bronze:Defend","bronze:Defend","bronze:Replicate+1","bronze:Goto","bronze:WhirlingStrike","bronze:BitShift","downfall:Haunted","downfall:Haunted","bronze:Boost+1","bronze:Invalidate+1","bronze:DelayedGuard+1","bronze:GetLatest+1","bronze:Assembly+1","bronze:OilSpill","bronze:BurnOut+1","bronze:Repair+1","bronze:SpaghettiCode+1","bronze:Virus+1","bronze:Boost+1","bronze:Overheat","bronze:WhirlingStrike","bronze:Terminator+1","bronze:Fortify+1","bronze:Fortify+1","bronze:InfiniteBeams+1","bronze:ChildClass+1","bronze:DonuBeam","bronze:DecaBeam+1","bronze:Overload+1","bronze:MaxOutput","bronze:FindAndReplace+1","bronze:MaxOutput","bronze:Format+1","bronze:WhirlingStrike","bronze:BitShift+1","bronze:Format+1","expansioncontent:PrepareCrush+1","bronze:FineTuning+1","bronze:Repair+1","bronze:WhirlingStrike","bronze:Boost+1","Parasite","bronze:BronzeOrb+1","bronze:FineTuning+1"],"relics":["Busted Crown","Darkstone Periapt","Toxic Egg 2","downfall:HeartBlessingRed","Blue Candle","downfall:HeartBlessingGreen","Astrolabe","downfall:HeartBlessingBlue","beaked:MawFillet","Thread and Needle","Oddly Smooth Stone","Lizard Tail","Nunchaku","MawBank","Chemical X","Eternal Feather","beaked:ShinyBauble","Lantern","Strawberry"],"acts_visited":["Exordium","TheCity","TheBeyond","TheEnding"],"potions_floor_usage":[19,30,30,37,38,38,43,46,52,55],"damage_taken":[{"damage":1,"enemies":"Cultist","floor":2,"turns":3},{"damage":5,"enemies":"downfall:FleeingMerchant","floor":3,"turns":4},{"damage":1,"enemies":"Jaw Worm","floor":6,"turns":3},{"damage":3,"enemies":"Small Slimes","floor":8,"turns":3},{"damage":31,"enemies":"3 Sentries","floor":10,"turns":5},{"damage":18,"enemies":"Exordium Thugs","floor":12,"turns":3},{"damage":2,"enemies":"Large Slime","floor":15,"turns":5},{"damage":38,"enemies":"DF_ARCHETYPE_STREAMLINE","floor":16,"turns":9},{"damage":0,"enemies":"Chosen","floor":19,"turns":2},{"damage":22,"enemies":"Snecko","floor":20,"turns":5},{"damage":0,"enemies":"downfall:FleeingMerchant","floor":21,"turns":4},{"damage":0,"enemies":"Centurion and Healer","floor":22,"turns":3},{"damage":28,"enemies":"Snake Plant","floor":28,"turns":5},{"damage":2,"enemies":"Shelled Parasite and Fungi","floor":29,"turns":4},{"damage":49,"enemies":"Shelled Parasite and Fungi","floor":30,"turns":5},{"damage":0,"enemies":"downfall:FleeingMerchant","floor":31,"turns":4},{"damage":14,"enemies":"Cultist and Chosen","floor":32,"turns":4},{"damage":27,"enemies":"WA_ARCHETYPE_CALM","floor":33,"turns":8},{"damage":0,"enemies":"3 Darklings","floor":36,"turns":3},{"damage":39,"enemies":"3 Shapes","floor":37,"turns":3},{"damage":42,"enemies":"Sphere and 2 Shapes","floor":38,"turns":5},{"damage":14,"enemies":"Sphere and 2 Shapes","floor":39,"turns":5},{"damage":43,"enemies":"beaked:SuperParasite","floor":43,"turns":8},{"damage":46,"enemies":"Reptomancer","floor":45,"turns":9},{"damage":0,"enemies":"downfall:FleeingMerchant","floor":46,"turns":3},{"damage":16,"enemies":"beaked:SuperParasite","floor":48,"turns":6},{"damage":0,"enemies":"Writhing Mass","floor":49,"turns":4},{"damage":104,"enemies":"IC_BLOCK_ARCHETYPE","floor":50,"turns":8},{"damage":93,"enemies":"downfall:CharBossMerchant","floor":52,"turns":10},{"damage":68,"enemies":"downfall:NeowBoss","floor":55,"turns":12},{"damage":61,"enemies":"downfall:NeowBossFinal","floor":56,"turns":5}],"seed_played":"-395487328865821202","potions_obtained":[{"floor":12,"key":"champ:CounterPotion"},{"floor":15,"key":"Energy Potion"},{"floor":29,"key":"EssenceOfSteel"},{"floor":30,"key":"Dexterity Potion"},{"floor":32,"key":"bronze:BuildAFunctionPotion"},{"floor":33,"key":"hexamod:SoulburnPotion"},{"floor":36,"key":"Dexterity Potion"},{"floor":39,"key":"hexamod:SoulburnPotion"},{"floor":43,"key":"Block Potion"},{"floor":48,"key":"Regen Potion"},{"floor":52,"key":"hexamod:SoulburnPotion"}],"is_trial":false,"path_per_floor":["R","M","$","?","?","M","T","M","R","E","R","M","?","?","M","B",null,"R","M","M","$","M","R","T","?","R","?","M","M","?","$","M","B",null,"R","M","M","M","?","R","T","T","E","?","E","$","R","E","M","B",null,"E","$","R","B","B"],"character_chosen":"THE_AUTOMATON","items_purchased":["bronze:Terminator+1","bronze:FindAndReplace+1","bronze:MaxOutput","Chemical X","Eternal Feather","bronze:Repair+1","bronze:WhirlingStrike","Strawberry","bronze:FineTuning+1"],"campfire_rested":3,"item_purchase_floors":[21,31,31,46,46,46,46,53,53],"current_hp_per_floor":[70,69,64,76,76,75,75,72,72,41,65,47,47,47,45,7,82,82,82,60,70,80,80,80,80,90,90,72,80,41,51,47,30,92,92,92,53,21,7,34,34,34,1,1,43,53,77,81,98,4,98,24,31,89,41,0,0,0],"gold":41,"neow_bonus":"BOSS_RELIC","is_daily":false,"chose_seed":false,"campfire_upgraded":6,"win_rate":0.0,"timestamp":1611532626,"path_taken":["R","M","$","?","?","M","T","M","R","E","R","?","?","?","M","BOSS","R","M","M","$","M","R","T","?","R","?","M","M","?","$","M","BOSS","R","M","M","M","?","R","T","?","E","?","E","?","R","E","M","BOSS","E","$","R","BOSS","BOSS"],"items_purchased_type":["Card","Card","Card","Relic","Relic","Card","Card","Relic","Card"],"build_version":"2020-12-22","purchased_purges":0,"victory":false,"max_hp_per_floor":[70,70,70,82,82,82,82,82,82,82,82,82,82,82,82,82,82,82,82,82,82,82,82,82,82,92,92,92,92,92,92,92,92,92,92,92,92,92,92,92,92,92,92,92,92,92,92,92,98,98,98,98,105,105,105,105,105,105],"card_choices":[{"not_picked":[],"picked":"bronze:WhirlingStrike","floor":2},{"not_picked":[],"picked":"bronze:BitShift","floor":3},{"not_picked":[],"picked":"bronze:Boost","floor":6},{"not_picked":[],"picked":"bronze:Invalidate+1","floor":8},{"not_picked":[],"picked":"bronze:DelayedGuard+1","floor":10},{"not_picked":[],"picked":"bronze:GetLatest+1","floor":12},{"not_picked":[],"picked":"bronze:OilSpill","floor":15},{"not_picked":[],"picked":"bronze:BurnOut","floor":16},{"not_picked":[],"picked":"bronze:Boost+1","floor":19},{"not_picked":[],"picked":"bronze:Overheat","floor":20},{"not_picked":[],"picked":"bronze:WhirlingStrike","floor":21},{"not_picked":[],"picked":"bronze:Fortify","floor":22},{"not_picked":[],"picked":"bronze:InfiniteBeams","floor":28},{"not_picked":[],"picked":"bronze:ChildClass+1","floor":29},{"not_picked":[],"picked":"bronze:DonuBeam","floor":30},{"not_picked":[],"picked":"bronze:DecaBeam+1","floor":30},{"not_picked":[],"picked":"bronze:Overload+1","floor":30},{"not_picked":[],"picked":"bronze:MaxOutput","floor":31},{"not_picked":["bronze:WildBeam"],"picked":"SKIP","floor":32},{"not_picked":[],"picked":"bronze:Format+1","floor":33},{"not_picked":[],"picked":"bronze:WhirlingStrike","floor":36},{"not_picked":["bronze:Turbo+1"],"picked":"SKIP","floor":37},{"not_picked":["bronze:Safeguard+1"],"picked":"SKIP","floor":38},{"not_picked":[],"picked":"bronze:BitShift+1","floor":39},{"not_picked":[],"picked":"bronze:Format+1","floor":43},{"not_picked":[],"picked":"expansioncontent:PrepareCrush+1","floor":44},{"not_picked":["bronze:BuggyMess+1"],"picked":"SKIP","floor":45},{"not_picked":[],"picked":"bronze:FineTuning+1","floor":46},{"not_picked":[],"picked":"bronze:Boost+1","floor":48},{"not_picked":[],"picked":"bronze:BronzeOrb+1","floor":49},{"not_picked":["bronze:WildBeam"],"picked":"SKIP","floor":52}],"player_experience":2035803,"relics_obtained":[{"floor":7,"key":"Toxic Egg 2"},{"floor":10,"key":"Blue Candle"},{"floor":39,"key":"Thread and Needle"},{"floor":41,"key":"Oddly Smooth Stone"},{"floor":42,"key":"Lizard Tail"},{"floor":43,"key":"Nunchaku"},{"floor":45,"key":"MawBank"},{"floor":48,"key":"beaked:ShinyBauble"},{"floor":52,"key":"Lantern"}],"event_choices":[{"damage_healed":0,"gold_gain":0,"player_choice":"Ignored","damage_taken":0,"max_hp_gain":0,"max_hp_loss":0,"event_name":"Ghosts","floor":25,"gold_loss":0},{"damage_healed":0,"gold_gain":0,"player_choice":"Read","damage_taken":0,"max_hp_gain":0,"max_hp_loss":0,"event_name":"The Library","floor":27,"gold_loss":0,"cards_obtained":["bronze:Fortify"]}],"is_beta":false,"boss_relics":[{"not_picked":["Velvet Choker","Snecko Eye"],"picked":"Astrolabe"},{"not_picked":["Cursed Key","Calling Bell"],"picked":"beaked:MawFillet"}],"items_purged_floors":[],"is_endless":false,"potions_floor_spawned":[12,15,29,30,32,33,36,39,43,48,52],"killed_by":"downfall:NeowBossFinal","ascension_level":0}}