{"host":"q57ekfojy3i00x9o","time":1611485142,"event":{"mods":["Arknights The Spire","Aspiration","BaseMod","Colored Map","Energized Spire","Hermit","Minty Spire (QoL Compilation)","Quick Restart","Spicy Shops","Spikes Relics","StSLib","slay the spire mod where everything is the same but ironclad has a cowboy hat"],"gold_per_floor":[109,109,121,121,137,154,154,5,5,15,15,15,115,126,126,226,226,238,136,155,135,51,51,80,80,106,125,145,164,181,192,192,295,295,315,369,369,369,34,65,65,78,78,89,89,103,0,0,0,0],"floor_reached":51,"language":"RUS","playtime":2205,"items_purged":["Injury"],"score":739,"play_id":"8d92b94a-8cd9-48f3-8af0-9341aa92fa94","local_time":"20210124154542","is_ascension_mode":false,"campfire_choices":[{"data":"ats:Echo Reverb","floor":7.0,"key":"SMITH"},{"data":"ats:Apocalypse","floor":11.0,"key":"SMITH"},{"data":"ats:Armor Crushing Shot","floor":15.0,"key":"SMITH"},{"data":"ats:Rat Pack","floor":23.0,"key":"SMITH"},{"data":"ats:Emotion Absorption","floor":25.0,"key":"SMITH"},{"data":"ats:Defend","floor":32.0,"key":"SMITH"},{"data":"ats:Healing Strengthening","floor":41,"key":"SMITH"},{"data":"ats:Calcification","floor":45,"key":"SMITH"},{"data":"ats:Guard Mode","floor":49,"key":"SMITH"}],"circlet_count":0,"master_deck":["ats:Strike C","ats:Strike G","ats:Strike S","ats:Strike V","ats:Armor Crushing Shot+1","ats:Defend","ats:Defend","ats:Defend+1","ats:Defend","ats:Emotion Absorption+1","ats:Very Hot Blade+1","ats:Consecutive Shot Auto+1","ats:Closed Bolt Burst Fire+1","ats:Echo Reverb+1","ats:Apocalypse+1","ats:Overload+1","ats:Rat Pack+1","ats:Shell Defense+1","ats:Leaping Hammer+1","ats:Blood Oath+1","ats:Sashimi Platter+1","ats:Revitalization","ats:Hammer On+1","Pain","ats:Collapsing Strike+1","ats:Blood Oath+1","ats:Poison Spread+1","ats:Ignite+1","ats:Consecutive Shot Auto+1","ats:Calcification+1","ats:Hammer On+1","ats:Guard Mode+1","ats:Magnetic Hammer+1","ats:Sword Rain+1","ats:Healing Strengthening+1","ats:Consecutive Shot Auto+1","ats:Sunburst+1","ats:Nebulous Foxfire","ats:Explosion Area Strengthen+1","Decay","ats:Consecutive Shot Auto+1","ats:Healing Drone+1"],"relics":["ats:Sanity","NeowsBlessing","Molten Egg 2","ClockworkSouvenir","Rawhide","Cursed Key","ats:Originium","Ornamental Fan","Regal Pillow","ats:Omniscience","aspiration:HatOfInfinitePower","Orrery","ats:Defend","aspiration:StickyExplosives_weak","GiantMaggot","Red Mask"],"acts_visited":["Exordium","TheCity","TheBeyond"],"potions_floor_usage":[33,33,33,40,50],"damage_taken":[{"damage":0.0,"enemies":"Small Slimes","floor":1.0,"turns":1.0},{"damage":0.0,"enemies":"Jaw Worm","floor":3.0,"turns":1.0},{"damage":0.0,"enemies":"Cultist","floor":5.0,"turns":1.0},{"damage":21.0,"enemies":"Large Slime","floor":6.0,"turns":5.0},{"damage":2.0,"enemies":"Exordium Thugs","floor":10.0,"turns":4.0},{"damage":12.0,"enemies":"Lots of Slimes","floor":14.0,"turns":3.0},{"damage":36.0,"enemies":"Hexaghost","floor":16.0,"turns":10.0},{"damage":8.0,"enemies":"Shell Parasite","floor":18.0,"turns":5.0},{"damage":9.0,"enemies":"2 Thieves","floor":20.0,"turns":3.0},{"damage":23.0,"enemies":"Gremlin Leader","floor":24.0,"turns":7.0},{"damage":7.0,"enemies":"Centurion and Healer","floor":27.0,"turns":5.0},{"damage":19.0,"enemies":"Snake Plant","floor":28.0,"turns":3.0},{"damage":11.0,"enemies":"Cultist and Chosen","floor":29.0,"turns":4.0},{"damage":15.0,"enemies":"Snecko","floor":30.0,"turns":4.0},{"damage":2.0,"enemies":"Centurion and Healer","floor":31.0,"turns":5.0},{"damage":89,"enemies":"Champ","floor":33,"turns":8},{"damage":0,"enemies":"3 Shapes","floor":35,"turns":4},{"damage":62,"enemies":"2 Orb Walkers","floor":36,"turns":7},{"damage":39,"enemies":"Reptomancer","floor":40,"turns":7},{"damage":0,"enemies":"Orb Walker","floor":42,"turns":2},{"damage":0,"enemies":"Jaw Worm Horde","floor":44,"turns":4},{"damage":3,"enemies":"Transient","floor":46,"turns":5},{"damage":203,"enemies":"Awakened One","floor":50,"turns":18}],"seed_played":"-7480053626409176361","potions_obtained":[{"floor":3.0,"key":"DuplicationPotion"},{"floor":14.0,"key":"Dexterity Potion"},{"floor":16.0,"key":"BlessingOfTheForge"},{"floor":18.0,"key":"AttackPotion"},{"floor":21.0,"key":"Fire Potion"},{"floor":27.0,"key":"CultistPotion"},{"floor":31.0,"key":"SteroidPotion"},{"floor":36,"key":"Regen Potion"},{"floor":40,"key":"SneckoOil"},{"floor":46,"key":"GamblersBrew"}],"is_trial":false,"path_per_floor":["M","?","M","?","M","M","R","$","T","M","R","$","?","M","R","B",null,"M","$","M","?","$","R","E","R","T","M","M","M","M","M","R","B",null,"M","?","?","?","$","E","R","M","T","M","R","M","?","?","R","B",null],"character_chosen":"DOCTOR_CLASS","items_purchased":["ClockworkSouvenir","ats:Leaping Hammer+1","ats:Sashimi Platter+1","ats:Revitalization","Orrery","ats:Sunburst+1","ats:Defend"],"campfire_rested":0,"item_purchase_floors":[8,19,22,22,39,39,39],"current_hp_per_floor":[72,72,72,72,72,51,51,51,51,49,49,49,49,44,44,22,72,64,64,55,55,55,55,65,65,65,72,71,68,62,70,70,11,72,72,29,63,60,60,50,50,53,53,60,60,59,59,59,59,30],"gold":0,"neow_bonus":"THREE_ENEMY_KILL","is_daily":false,"chose_seed":false,"campfire_upgraded":9,"win_rate":0.0,"timestamp":1611485142,"path_taken":["M","?","M","?","M","M","R","$","T","?","R","$","?","M","R","BOSS","M","$","M","?","$","R","E","R","T","?","M","M","M","M","R","BOSS","M","?","?","?","$","E","R","M","T","?","R","M","?","?","R","BOSS"],"items_purchased_type":["Relic","Card","Card","Card","Relic","Card","Card"],"build_version":"2020-12-22","purchased_purges":1,"victory":true,"max_hp_per_floor":[72,72,72,72,72,72,72,72,72,72,72,72,72,72,72,72,72,72,72,72,72,72,72,72,72,72,72,72,72,72,72,72,72,72,72,72,63,60,60,60,60,60,60,60,60,60,60,60,60,60],"card_choices":[{"not_picked":["ats:Guard Mode","ats:Absolute Focus"],"picked":"ats:Very Hot Blade","floor":1.0},{"not_picked":["ats:Hammer On+1","ats:Leaping Hammer+1"],"picked":"ats:Consecutive Shot Auto+1","floor":3.0},{"not_picked":["ats:Flame Of Heaven","ats:Poison Spread+1"],"picked":"ats:Closed Bolt Burst Fire+1","floor":5.0},{"not_picked":["ats:Blood Oath+1","ats:Counter Healing Mode"],"picked":"ats:Echo Reverb","floor":6.0},{"not_picked":["ats:Serious Mode","ats:Cat Scratch+1"],"picked":"ats:Apocalypse","floor":10.0},{"not_picked":["ats:Steam Pump","ats:Closed Bolt Burst Fire+1"],"picked":"ats:Overload+1","floor":14.0},{"not_picked":["ats:Roar Of Ursus","ats:Ambush"],"picked":"ats:Rat Pack","floor":16.0},{"not_picked":["ats:Defend Order","ats:LN2 Cannon+1"],"picked":"ats:Shell Defense+1","floor":18.0},{"not_picked":["ats:Cat Scratch+1","ats:Serious Mode+1"],"picked":"ats:Blood Oath+1","floor":20.0},{"not_picked":["ats:Guard Mode+1","ats:Powerful Strike+1"],"picked":"ats:Hammer On+1","floor":24.0},{"not_picked":["ats:Phantom","ats:Absolute Focus"],"picked":"ats:Collapsing Strike+1","floor":27.0},{"not_picked":["ats:Literary Storm","ats:Ambush"],"picked":"ats:Blood Oath+1","floor":28.0},{"not_picked":["ats:Very Hot Blade+1","ats:Consecutive Shot Auto+1"],"picked":"ats:Poison Spread+1","floor":29.0},{"not_picked":["ats:Consecutive Shot Auto+1","ats:Leaping Hammer+1"],"picked":"ats:Ignite+1","floor":30.0},{"not_picked":["ats:Rat Pack","ats:Shell Defense"],"picked":"ats:Consecutive Shot Auto+1","floor":31.0},{"not_picked":["ats:Fractured Body","ats:Soul Rend"],"picked":"ats:Calcification","floor":33},{"not_picked":["ats:Collapsing Strike+1","ats:Beaten Up"],"picked":"ats:Hammer On+1","floor":35},{"not_picked":["ats:Absolute Focus+1","ats:Poison Spread+1"],"picked":"ats:Guard Mode","floor":36},{"not_picked":["ats:Mental Burst+1","ats:Leaping Hammer+1"],"picked":"ats:Magnetic Hammer+1","floor":39},{"not_picked":["ats:Poison Spread+1","ats:Revitalization+1"],"picked":"ats:Sword Rain+1","floor":39},{"not_picked":["ats:Hammer On+1","ats:Automatic Cover+1"],"picked":"ats:Healing Strengthening","floor":39},{"not_picked":["ats:Sword Rain+1","ats:Revitalization"],"picked":"ats:Consecutive Shot Auto+1","floor":39},{"not_picked":["ats:Soul Absorption+1","ats:LN2 Cannon+1"],"picked":"ats:Nebulous Foxfire","floor":40},{"not_picked":["ats:Blood Oath+1","ats:Rapid Magazine+1"],"picked":"ats:Explosion Area Strengthen+1","floor":42},{"not_picked":["ats:Literary Storm","ats:Leaping Hammer+1"],"picked":"ats:Consecutive Shot Auto+1","floor":44},{"not_picked":["ats:Blood Oath+1","ats:Automatic Cover+1"],"picked":"ats:Healing Drone+1","floor":46}],"player_experience":720380,"relics_obtained":[{"floor":9.0,"key":"Rawhide"},{"floor":24.0,"key":"ats:Originium"},{"floor":24.0,"key":"Ornamental Fan"},{"floor":26.0,"key":"Regal Pillow"},{"floor":36,"key":"aspiration:HatOfInfinitePower"},{"floor":40,"key":"ats:Originium"},{"floor":40,"key":"aspiration:StickyExplosives_weak"},{"floor":43,"key":"GiantMaggot"}],"event_choices":[{"damage_healed":0.0,"max_hp_gain":0.0,"max_hp_loss":0.0,"gold_gain":0.0,"event_name":"Accursed Blacksmith","player_choice":"Forge","floor":4.0,"gold_loss":0.0,"damage_taken":0.0,"cards_upgraded":["ats:Very Hot Blade"]},{"damage_healed":0.0,"max_hp_gain":0.0,"max_hp_loss":0.0,"gold_gain":100.0,"event_name":"Golden Shrine","player_choice":"Pray","floor":13.0,"gold_loss":0.0,"damage_taken":0.0},{"damage_healed":0.0,"max_hp_gain":0.0,"max_hp_loss":0.0,"gold_gain":0.0,"event_name":"The Woman in Blue","player_choice":"Bought 1 Potion","floor":21.0,"gold_loss":0.0,"damage_taken":0.0},{"damage_healed":0,"gold_gain":0,"player_choice":"Fight","damage_taken":0,"max_hp_gain":0,"max_hp_loss":0,"event_name":"Mysterious Sphere","floor":36,"gold_loss":0},{"damage_healed":63,"gold_gain":0,"player_choice":"Heal","damage_taken":0,"max_hp_gain":0,"max_hp_loss":9,"event_name":"The Moai Head","floor":37,"gold_loss":0},{"damage_healed":0,"gold_gain":0,"player_choice":"Max HP","damage_taken":0,"max_hp_gain":0,"max_hp_loss":3,"event_name":"Winding Halls","floor":38,"gold_loss":0},{"damage_healed":0,"gold_gain":0,"player_choice":"Paid","damage_taken":0,"relics_obtained":["Red Mask"],"max_hp_gain":0,"max_hp_loss":0,"event_name":"Tomb of Lord Red Mask","floor":47,"gold_loss":103},{"damage_healed":0,"gold_gain":0,"player_choice":"Ignored","damage_taken":0,"max_hp_gain":0,"max_hp_loss":0,"event_name":"SecretPortal","floor":48,"gold_loss":0}],"is_beta":false,"boss_relics":[{"not_picked":["Tiny House","SlaversCollar"],"picked":"Cursed Key"},{"not_picked":["Calling Bell","Snecko Eye"],"picked":"ats:Omniscience"}],"items_purged_floors":[19],"is_endless":false,"potions_floor_spawned":[3,14,16,18,27,31,36,40,46],"ascension_level":0}}