{"host":"syozzdlzcqop4jia","time":1611452502,"event":{"mods":["BaseMod","Colored Powertips","Minty Spire (QoL Compilation)","Quick Restart"],"gold_per_floor":[113,63,63,82,182,182,193,223,305,305,332,345,345,357,357,458,458,458,68,38,38,38,38,38,38,38,38,38,15,15,15,15,15,15],"floor_reached":33,"language":"ENG","playtime":3994,"items_purged":[],"score":272,"play_id":"0f0f30e1-e62d-4081-b10b-4d836860125d","local_time":"20210124024142","is_ascension_mode":true,"campfire_choices":[{"data":"Heavy Blade","floor":6,"key":"SMITH"},{"floor":10,"key":"REST"},{"data":"Heavy Blade","floor":13,"key":"SMITH"},{"data":"Flex","floor":15,"key":"SMITH"},{"data":"Double Tap","floor":23,"key":"SMITH"},{"data":"Inflame","floor":25,"key":"SMITH"},{"floor":32,"key":"REST"}],"circlet_count":0,"master_deck":["Strike_R","Strike_R","Strike_R","Strike_R","Defend_R","Defend_R","Defend_R","Defend_R","Bash","Heavy Blade+1","Flex+1","Shrug It Off","Flex","Rage","Anger","Heavy Blade+1","Shrug It Off","Double Tap+1","Perfected Strike","Inflame+1","Anger","Carnage","Heavy Blade","Demon Form","Flex","Iron Wave+1","Thunderclap+1"],"relics":["Burning Blood","Ornamental Fan","Bag of Preparation","Sundial","Odd Mushroom","Ectoplasm","Bird Faced Urn","CeramicFish"],"acts_visited":["Exordium","TheCity"],"potions_floor_usage":[8,16,20,28,33,33],"damage_taken":[{"damage":7,"enemies":"Jaw Worm","floor":1,"turns":3},{"damage":3,"enemies":"Small Slimes","floor":4,"turns":3},{"damage":1,"enemies":"Cultist","floor":7,"turns":3},{"damage":27,"enemies":"Lagavulin","floor":8,"turns":9},{"damage":16,"enemies":"The Mushroom Lair","floor":11,"turns":4},{"damage":0,"enemies":"2 Fungi Beasts","floor":12,"turns":2},{"damage":2,"enemies":"3 Louse","floor":14,"turns":4},{"damage":59,"enemies":"Slime Boss","floor":16,"turns":14},{"damage":5,"enemies":"3 Byrds","floor":18,"turns":6},{"damage":9,"enemies":"2 Thieves","floor":20,"turns":2},{"damage":17,"enemies":"Sentry and Sphere","floor":24,"turns":4},{"damage":18,"enemies":"Cultist and Chosen","floor":28,"turns":5},{"damage":21,"enemies":"Snake Plant","floor":30,"turns":3},{"damage":26,"enemies":"3 Cultists","floor":31,"turns":5},{"damage":29,"enemies":"Collector","floor":33,"turns":6}],"seed_played":"5589130065431663645","potions_obtained":[{"floor":1,"key":"Dexterity Potion"},{"floor":8,"key":"HeartOfIron"},{"floor":16,"key":"FearPotion"},{"floor":24,"key":"Swift Potion"},{"floor":30,"key":"Energy Potion"},{"floor":31,"key":"LiquidBronze"}],"is_trial":false,"path_per_floor":["M","?","T","M","?","R","M","E","T","R","?","M","R","M","R","B",null,"M","$","M","?","?","R","M","R","T","?","M","$","M","M","R","B"],"character_chosen":"IRONCLAD","items_purchased":["Bird Faced Urn","Inflame","Anger","Flex"],"campfire_rested":2,"item_purchase_floors":[19,19,19,29],"current_hp_per_floor":[79,79,79,80,80,80,80,59,59,80,70,76,76,80,80,27,80,80,80,79,79,79,79,69,69,69,69,59,59,46,28,52,25,25],"gold":15,"neow_bonus":"THREE_CARDS","is_daily":false,"chose_seed":false,"campfire_upgraded":5,"win_rate":0.0,"timestamp":1611452502,"path_taken":["M","?","?","M","?","R","?","E","T","R","?","M","R","M","R","BOSS","M","$","M","?","?","R","M","R","T","?","M","$","M","M","R","BOSS"],"items_purchased_type":["Relic","Card","Card","Card"],"build_version":"2020-12-22","purchased_purges":0,"victory":false,"max_hp_per_floor":[80,80,80,80,80,80,80,80,80,80,80,80,80,80,80,80,80,80,80,80,80,80,80,80,80,80,80,80,80,80,80,80,80,80],"card_choices":[{"not_picked":["Wild Strike","Burning Pact"],"picked":"Heavy Blade","floor":0},{"not_picked":["Havoc","True Grit"],"picked":"Flex","floor":1},{"not_picked":["Headbutt","Clash"],"picked":"Shrug It Off","floor":4},{"not_picked":["Clothesline","Wild Strike"],"picked":"Flex","floor":7},{"not_picked":["Clash","Berserk"],"picked":"Rage","floor":8},{"not_picked":["Second Wind","Body Slam"],"picked":"Anger","floor":11},{"not_picked":["Metallicize","Perfected Strike"],"picked":"Heavy Blade","floor":12},{"not_picked":["Clash","Iron Wave"],"picked":"Shrug It Off","floor":14},{"not_picked":["Feed","Reaper"],"picked":"Double Tap","floor":16},{"not_picked":["Havoc","Clothesline"],"picked":"Perfected Strike","floor":18},{"not_picked":["Searing Blow","Havoc+1"],"picked":"Carnage","floor":20},{"not_picked":["Pommel Strike+1","Perfected Strike"],"picked":"Heavy Blade","floor":24},{"not_picked":["True Grit","Pommel Strike"],"picked":"Demon Form","floor":28},{"not_picked":["Fire Breathing","Headbutt"],"picked":"Iron Wave+1","floor":30},{"not_picked":["Armaments","Headbutt"],"picked":"Thunderclap+1","floor":31}],"player_experience":334833,"relics_obtained":[{"floor":3,"key":"Ornamental Fan"},{"floor":8,"key":"Bag of Preparation"},{"floor":9,"key":"Sundial"},{"floor":11,"key":"Odd Mushroom"},{"floor":26,"key":"CeramicFish"}],"event_choices":[{"cards_removed":["Strike_R"],"damage_healed":0,"gold_gain":0,"player_choice":"Card Removal","damage_taken":0,"max_hp_gain":0,"max_hp_loss":0,"event_name":"The Cleric","floor":2,"gold_loss":50},{"damage_healed":0,"gold_gain":100,"player_choice":"Pray","damage_taken":0,"max_hp_gain":0,"max_hp_loss":0,"event_name":"Golden Shrine","floor":5,"gold_loss":0},{"damage_healed":0,"gold_gain":0,"player_choice":"Fought Mushrooms","damage_taken":0,"max_hp_gain":0,"max_hp_loss":0,"event_name":"Mushrooms","floor":11,"gold_loss":0},{"damage_healed":0,"gold_gain":99,"player_choice":"Stole From Cult","damage_taken":0,"max_hp_gain":0,"max_hp_loss":0,"event_name":"Nest","floor":22,"gold_loss":0},{"damage_healed":0,"gold_gain":0,"player_choice":"Ignored","damage_taken":0,"max_hp_gain":0,"max_hp_loss":0,"event_name":"Ghosts","floor":27,"gold_loss":0}],"is_beta":false,"boss_relics":[{"not_picked":["Cursed Key","Coffee Dripper"],"picked":"Ectoplasm"}],"items_purged_floors":[],"is_endless":false,"potions_floor_spawned":[1,8,16,24,30,31],"killed_by":"Collector","ascension_level":2}}