{"host":"ees9py5fbpv5lclk","time":1611463468,"event":{"mods":["AchievementEnabler","BaseMod","Challenge The Spire","Colored Map","Colored Powertips","Conspire","Downfall","Hermit","Infinite Spire","Minty Spire (QoL Compilation)","Replay The Spire","Shop Mod","StSLib","SuperFastMode","The Bug Knight","The Cursed","The Servant 0.9.4"],"gold_per_floor":[110,121,121,134,144,144,144,144,192,217,217,226,248,248,248],"floor_reached":14,"language":"ENG","playtime":1232,"items_purged":[],"score":82,"play_id":"d1e489e2-9035-47d5-ae9f-9436d0d9f865","local_time":"20210123234428","daily_mods":["Heirloom","DeadlyEvents","Uncertain Future"],"is_ascension_mode":false,"campfire_choices":[{"data":"Exchange","floor":7,"key":"SMITH"},{"data":"GearUp","floor":11,"key":"SMITH"}],"circlet_count":0,"master_deck":["Strike_S","Strike_S","Strike_S","Strike_S","Defend_S","Defend_S","Defend_S","Defend_S","KidneyShot","Exchange+1","BottledTime","DualDimension+1","TimeWarp","Rewind+1","FastForward+1","TimeWarp"],"relics":["Uniform","Torii","Toxic Egg 2","Blue Doll","CeramicFish"],"acts_visited":["Exordium"],"potions_floor_usage":[],"damage_taken":[{"damage":0,"enemies":"Small Slimes","floor":1,"turns":3},{"damage":2,"enemies":"2 Louse","floor":2,"turns":4},{"damage":1,"enemies":"conspire:RoseBush","floor":4,"turns":4},{"damage":0,"enemies":"2 Fungi Beasts","floor":5,"turns":4},{"damage":0,"enemies":"Looter","floor":10,"turns":4},{"damage":2,"enemies":"Lots of Slimes","floor":13,"turns":6},{"damage":48,"enemies":"Gremlin Nob","floor":14,"turns":5}],"seed_played":"-7067461528116825119","potions_obtained":[{"floor":1,"key":"Flashbang"},{"floor":5,"key":"Guardian:BlockOnCardUsePotion"}],"is_trial":true,"path_per_floor":["M","M","?","M","M","T","R","$","T","M","R","?","M","E"],"character_chosen":"THE_SERVANT","items_purchased":[],"campfire_rested":0,"item_purchase_floors":[],"current_hp_per_floor":[65,63,51,50,50,50,50,50,50,50,50,50,48,0,0],"gold":248,"neow_bonus":"","is_daily":false,"chose_seed":false,"campfire_upgraded":2,"win_rate":0.0,"timestamp":1611463468,"path_taken":["M","M","?","M","M","?","R","$","T","M","R","?","M","E"],"items_purchased_type":[],"build_version":"2020-12-22","purchased_purges":0,"victory":false,"max_hp_per_floor":[65,65,65,65,65,65,65,65,65,65,65,65,65,65,65],"card_choices":[{"not_picked":["ShiftingGears","Potential"],"picked":"BottledTime","floor":1},{"not_picked":["Gouge","FastForward"],"picked":"GearUp","floor":2},{"not_picked":["Ricochet","FastForward+1"],"picked":"DualDimension+1","floor":4},{"not_picked":["Unruled","DoubleEdge"],"picked":"TimeWarp","floor":5},{"not_picked":["RealityMarble","Collapse"],"picked":"Rewind+1","floor":10},{"not_picked":["Unruled","Spin"],"picked":"TimeWarp","floor":13}],"player_experience":107770,"relics_obtained":[{"floor":6,"key":"Blue Doll"},{"floor":9,"key":"CeramicFish"}],"event_choices":[{"damage_healed":0,"gold_gain":0,"player_choice":"Success","damage_taken":12,"relics_obtained":["Toxic Egg 2"],"max_hp_gain":0,"max_hp_loss":0,"event_name":"Scrap Ooze","floor":3,"gold_loss":0}],"is_beta":false,"boss_relics":[],"items_purged_floors":[],"is_endless":false,"potions_floor_spawned":[1,5],"killed_by":"Gremlin Nob","ascension_level":0}}