{"host":"bc298c4gavna5tx2","time":1611467190,"event":{"mods":["ATMod(阿瑾Mod)","Act Like it!","BaseMod","Challenge The Spire","Lobotomy","Minty Spire (QoL Compilation)","MostiFishMod","Quarter Circle Forward PUNCH!","Quick Restart","Replay The Spire","Spicy Shops","StSLib","【功能Mod】混沌之环修复补丁","【功能Mod】聪明的最终Boss","【遗物卡牌】REMEMod"],"gold_per_floor":[118,68,84,84,94,94,105,136,136,170,170,196,50,65,65,161,161,177,177,232,246,246,274,32,32,32,94,94,168,188,188,188,331,331,391,406,505,519,539,539,566,579,626,659,659,659,24,24,24,69,69],"floor_reached":50,"language":"ZHS","playtime":2270,"items_purged":["Laetitia"],"score":1234,"play_id":"925ac65f-96ce-446d-8861-ddd24745e8f7","local_time":"20210124134630","is_ascension_mode":true,"campfire_choices":[{"data":"Bash","floor":6.0,"key":"SMITH"},{"data":"MostiFishMod:RainCloud","floor":11.0,"key":"SMITH"},{"data":"AT_BodySlamDance","floor":15,"key":"SMITH"},{"data":"Limit Break","floor":25,"key":"SMITH"},{"floor":28,"key":"RECALL"},{"data":"MostiFishMod:PerfectStrikeMKII","floor":32,"key":"SMITH"},{"data":"Cleave","floor":40,"key":"SMITH"},{"data":"Immolate","floor":49,"key":"SMITH"}],"circlet_count":0,"master_deck":["Strike_R+1","Strike_R+1","Strike_R+1","Strike_R+1","Strike_R+1","Defend_R","Defend_R","Defend_R","Defend_R","Bash+1","Berserk","AT_FamilyPortrait+1","Clash","WallGazer","Cleave+1","NakedNest","AT_BodySlamDance+1","MostiFishMod:RainCloud+1","BlackSwan","MostiFishMod:PerfectStrikeMKII+1","Limit Break+1","FairyFestival","Exhume+1","DespairKnight","Anger","Immolate+1","NothingThere","MostiFishMod:RacingGame+1","OldLady","REME_ACTH+1","DreamingCurrent","FieryBird","Yin","SilentOrchestra","Scorched","LittleHelper","REME_PuzzleBox+1"],"relics":["Burning Blood","AT_ATBox","DaveBox","REME_ComplimentaryCards","PatriotShield","CogitoBucket","SynthV:TestCard","Ornamental Fan","AT_ForceNature","Art of War","AT_BellDemon","Happy Flower","qcfpunch:Not_Strongest_Fighting_Style_Guidebook","Coffee Dripper","Toxic Egg 2","ReplayTheSpireMod:Ring of Challenge","Ring of Panic","ReplayTheSpireMod:Spearhead","DianPoetry","AT_SpeedBoots","Turnip","Replay:Bottled Eggs","Paper Frog","TreeSap","qcfpunch:Army_Boots","Omamori","Replay:Accelerometer","CaptainsWheel","Oddly Smooth Stone","qcfpunch:Red_Beret","ShadowXiaoBlade","Ancient Tea Set","Blue Candle","AtMidnight","HellTrain","REME_PuzzleBoxRelic","Champion Belt","Replay:Bottled Flurry","Eternal Feather","Shuriken","Ginger","Yang_Lob","Vajra","Strawberry","Orichalcum","Charon\u0027s Ashes","Onion Ring","Magic Flower","HandDrill"],"acts_visited":["Exordium","TheCity","TheBeyond"],"potions_floor_usage":[14,16,18,29,50,50],"damage_taken":[{"damage":0.0,"enemies":"2 Louse","floor":1.0,"turns":2.0},{"damage":0.0,"enemies":"Small Slimes","floor":3.0,"turns":3.0},{"damage":0.0,"enemies":"Cultist","floor":5.0,"turns":2.0},{"damage":0.0,"enemies":"Large Slime","floor":7.0,"turns":2.0},{"damage":2.0,"enemies":"3 Sentries","floor":8.0,"turns":2.0},{"damage":2.0,"enemies":"Lagavulin","floor":10.0,"turns":2.0},{"damage":1.0,"enemies":"3 Sentries","floor":12.0,"turns":2.0},{"damage":3,"enemies":"Gremlin Gang","floor":14,"turns":1},{"damage":0,"enemies":"The Guardian","floor":16,"turns":3},{"damage":1,"enemies":"2 Thieves","floor":18,"turns":1},{"damage":1,"enemies":"3 Byrds","floor":20,"turns":4},{"damage":1,"enemies":"Shelled Parasite and Fungi","floor":21,"turns":2},{"damage":9,"enemies":"Gremlin Leader","floor":23,"turns":2},{"damage":23,"enemies":"Chosen and Byrds","floor":27,"turns":3},{"damage":29,"enemies":"Book of Stabbing","floor":29,"turns":1},{"damage":1,"enemies":"Snecko","floor":30,"turns":2},{"damage":1,"enemies":"Champ","floor":33,"turns":1},{"damage":0,"enemies":"Orb Walker","floor":35,"turns":1},{"damage":1,"enemies":"3 Darklings","floor":36,"turns":2},{"damage":31,"enemies":"2 Orb Walkers","floor":37,"turns":2},{"damage":4,"enemies":"Sphere and 2 Shapes","floor":38,"turns":1},{"damage":12,"enemies":"4 Shapes","floor":39,"turns":1},{"damage":0,"enemies":"Nemesis","floor":41,"turns":1},{"damage":120,"enemies":"Transient","floor":42,"turns":3},{"damage":15,"enemies":"R_Hoarder","floor":44,"turns":1},{"damage":159,"enemies":"Replay:Hell Engine","floor":50,"turns":2}],"seed_played":"503967937810314568","potions_obtained":[{"floor":3.0,"key":"SkillPotion"},{"floor":7.0,"key":"Energy Potion"},{"floor":12.0,"key":"REME_GoldPotion"},{"floor":14,"key":"Adrenaline Potion"},{"floor":18,"key":"Venom Potion"},{"floor":23,"key":"Adrenaline Potion"},{"floor":29,"key":"AttackPotion"},{"floor":30,"key":"Strength Potion"}],"is_trial":false,"path_per_floor":["M","?","M","?","M","R","M","E","T","E","R","E","$","M","R","B",null,"M","?","M","M","?","E","$","R","T","M","R","E","M","?","R","B",null,"M","M","?","M","M","R","E","M","T","E","?","?","$","$","R","B"],"character_chosen":"IRONCLAD","items_purchased":["AT_BellDemon","Replay:Bottled Eggs","Onion Ring","Magic Flower","HandDrill"],"campfire_rested":0,"item_purchase_floors":[13,24,47,47,47],"current_hp_per_floor":[78,78,80,64,70,70,76,80,80,80,80,80,80,80,80,80,80,80,80,80,80,80,77,77,77,77,80,80,77,80,80,80,80,80,80,80,80,80,80,80,80,80,87,87,87,83,83,83,83,0,0],"gold":69,"neow_bonus":"","is_daily":false,"chose_seed":false,"campfire_upgraded":7,"win_rate":0.0,"timestamp":1611467190,"path_taken":["M","?","M","?","M","R","M","E","T","E","R","E","$","M","R","BOSS","M","?","M","M","?","E","$","R","T","M","R","E","?","?","R","BOSS","M","M","?","M","M","R","E","M","T","E","?","?","?","$","R","BOSS"],"items_purchased_type":["Relic","Relic","Relic","Relic","Relic"],"build_version":"2020-12-22","purchased_purges":1,"victory":false,"max_hp_per_floor":[80,80,80,80,80,80,80,80,80,80,80,80,80,80,80,80,80,80,80,80,80,80,80,80,80,80,80,80,80,80,80,80,80,80,80,80,80,80,80,80,80,80,87,87,87,83,83,83,83,83,83],"card_choices":[{"not_picked":["CherryBlossoms","BeautyBeast"],"picked":"CrumblingArmor","floor":1.0},{"not_picked":["Evolve","Havoc"],"picked":"Clash","floor":1.0},{"not_picked":["SpiderBud","HeroicMonk"],"picked":"BeautyBeast","floor":3.0},{"not_picked":["Warcry","Burning Pact","Clothesline","Thunderclap","AT_DiedThrough"],"picked":"SKIP","floor":3.0},{"not_picked":["Warcry","Burning Pact","Clothesline","Thunderclap","AT_DiedThrough"],"picked":"SKIP","floor":3.0},{"not_picked":["CherryBlossoms","Porccubus"],"picked":"WallGazer","floor":5.0},{"not_picked":["Infernal Blade","Dark Embrace","AT_CaressingTears","Run Through"],"picked":"Cleave","floor":5.0},{"not_picked":["UniverseFragment","Bloodbath"],"picked":"NakedNest","floor":7.0},{"not_picked":["Massacre","True Grit","Battle Trance","Armaments","AT_GerminateFire"],"picked":"SKIP","floor":7.0},{"not_picked":["Massacre","True Grit","Battle Trance","Armaments","AT_GerminateFire"],"picked":"SKIP","floor":7.0},{"not_picked":["ReplayTheSpireMod:Limb From Limb","Shrug It Off","Clash","Flex"],"picked":"AT_BodySlamDance","floor":8.0},{"not_picked":["MostiFishMod:BrandingRite","Carnage","Inflame","MostiFishMod:#F4004"],"picked":"MostiFishMod:RainCloud","floor":10.0},{"not_picked":["CrumblingArmor","Bloodbath"],"picked":"BlackSwan","floor":10.0},{"not_picked":["Sword Boomerang","Anger","Iron Wave","Dark Embrace"],"picked":"MostiFishMod:PerfectStrikeMKII","floor":12.0},{"not_picked":["Armaments","Clash","Perfected Strike","Cleave","Twin Strike"],"picked":"SKIP","floor":14},{"not_picked":["UniverseFragment","ShyLook"],"picked":"DreamingCurrent","floor":16},{"not_picked":["Hemogenesis","MostiFishMod:NewArrival","Brutality","Double Tap"],"picked":"Limit Break","floor":16},{"not_picked":["Mercenary","FieryBird"],"picked":"FairyFestival","floor":18},{"not_picked":["Wild Strike","Body Slam+1","Perfected Strike+1","Warcry+1"],"picked":"Exhume+1","floor":18},{"not_picked":["OldLady","Murderer"],"picked":"DespairKnight","floor":20},{"not_picked":["Rampage","Run Through","Flex+1","Clash","Thunderclap+1"],"picked":"SKIP","floor":20},{"not_picked":["Rampage","Run Through","Flex+1","Clash","Thunderclap+1"],"picked":"SKIP","floor":20},{"not_picked":["LittlePrince","RedShoes","LaLuna"],"picked":"Singing Bowl","floor":21},{"not_picked":["Cleave","Rage+1","MostiFishMod:BrandingRite+1","Dark Embrace","Limit Break+1"],"picked":"SKIP","floor":21},{"not_picked":["MHz","Yin"],"picked":"NothingThere","floor":23},{"not_picked":["Cleave","Dark Embrace","Armaments+1","Body Slam","Shrug It Off+1"],"picked":"SKIP","floor":23},{"not_picked":["Cleave","Dark Embrace","Armaments+1","Body Slam","Shrug It Off+1"],"picked":"SKIP","floor":23},{"not_picked":["True Grit+1","Clothesline","Flex+1","Rampage+1","Heavy Blade"],"picked":"SKIP","floor":27},{"not_picked":["Heavy Blade","Carnage","Pommel Strike","Anger"],"picked":"MostiFishMod:RacingGame+1","floor":29},{"not_picked":["OldLady","SpiderBud"],"picked":"Porccubus","floor":30},{"not_picked":["Anger","AT_DiedThrough+1","Wild Strike","Heavy Blade","Shrug It Off+1"],"picked":"SKIP","floor":30},{"not_picked":["Anger","AT_DiedThrough+1","Wild Strike","Heavy Blade","Shrug It Off+1"],"picked":"SKIP","floor":30},{"not_picked":["LaLuna","HeroicMonk"],"picked":"OldLady","floor":33},{"not_picked":["REME_TheLastStrike","Demon Form","AT_Dispersion","Barricade"],"picked":"REME_ACTH+1","floor":33},{"not_picked":["Porccubus","FieryBird"],"picked":"Laetitia","floor":35},{"not_picked":["Clash+1","MostiFishMod:#F4004+1","Anger+1","Wild Strike+1","Pommel Strike+1"],"picked":"SKIP","floor":35},{"not_picked":["Clash+1","MostiFishMod:#F4004+1","Anger+1","Wild Strike+1","Pommel Strike+1"],"picked":"SKIP","floor":35},{"not_picked":["SpiderBud","LaLuna"],"picked":"DreamingCurrent","floor":36},{"not_picked":["Replay:Undeath\u0027s Touch","Massacre+1","Body Slam","ReplayTheSpireMod:LeadingStrike","AT_BodySlamDance+1"],"picked":"SKIP","floor":36},{"not_picked":["BigBird","Rudolta"],"picked":"FieryBird","floor":37},{"not_picked":["Murderer","GalaxyChild"],"picked":"Yin","floor":38},{"not_picked":["Run Through","Clothesline","Body Slam+1","Anger+1","Pommel Strike"],"picked":"SKIP","floor":38},{"not_picked":["Run Through","Clothesline","Body Slam+1","Anger+1","Pommel Strike"],"picked":"SKIP","floor":38},{"not_picked":["ReplayTheSpireMod:Stacked+1","Flex+1","Juggernaut","Warcry+1","Inflame"],"picked":"SKIP","floor":39},{"not_picked":["ReplayTheSpireMod:Stacked+1","Flex+1","Juggernaut","Warcry+1","Inflame"],"picked":"SKIP","floor":39},{"not_picked":["SnowQueen","VoidDream"],"picked":"SilentOrchestra","floor":41},{"not_picked":["Iron Wave+1","AT_BodySlamDance+1","Headbutt","Flex+1","Run Through"],"picked":"SKIP","floor":41},{"not_picked":["Iron Wave+1","AT_BodySlamDance+1","Headbutt","Flex+1","Run Through"],"picked":"SKIP","floor":41},{"not_picked":["Scarecrow","Freischutz"],"picked":"Scorched","floor":42},{"not_picked":["Clash+1","Perfected Strike+1","Sentinel+1","Hemokinesis","Warcry+1"],"picked":"SKIP","floor":42},{"not_picked":["Clash+1","Perfected Strike+1","Sentinel+1","Hemokinesis","Warcry+1"],"picked":"SKIP","floor":42},{"not_picked":["Clash+1","Perfected Strike+1","Sentinel+1","Hemokinesis","Warcry+1"],"picked":"SKIP","floor":42},{"not_picked":["Freischutz","WhitesApple"],"picked":"LittleHelper","floor":44},{"not_picked":["Anger","Iron Wave+1","Twin Strike","Sword Boomerang","Pommel Strike"],"picked":"SKIP","floor":44},{"not_picked":["Anger","Iron Wave+1","Twin Strike","Sword Boomerang","Pommel Strike"],"picked":"SKIP","floor":44},{"not_picked":["Discovery+1","ReplayTheSpireMod:Private Reserves+1","Replay:Bootleg Shield Generator+1","Flash of Steel"],"picked":"REME_PuzzleBox+1","floor":45}],"player_experience":108322,"relics_obtained":[{"floor":1.0,"key":"SynthV:TestCard"},{"floor":8.0,"key":"Ornamental Fan"},{"floor":10.0,"key":"AT_ForceNature"},{"floor":12.0,"key":"Art of War"},{"floor":14,"key":"Happy Flower"},{"floor":16,"key":"qcfpunch:Not_Strongest_Fighting_Style_Guidebook"},{"floor":18,"key":"Toxic Egg 2"},{"floor":19,"key":"ReplayTheSpireMod:Ring of Challenge"},{"floor":19,"key":"Ring of Panic"},{"floor":20,"key":"ReplayTheSpireMod:Spearhead"},{"floor":21,"key":"DianPoetry"},{"floor":23,"key":"AT_SpeedBoots"},{"floor":23,"key":"Turnip"},{"floor":26,"key":"Paper Frog"},{"floor":27,"key":"qcfpunch:Army_Boots"},{"floor":29,"key":"Omamori"},{"floor":29,"key":"Replay:Accelerometer"},{"floor":30,"key":"CaptainsWheel"},{"floor":33,"key":"Oddly Smooth Stone"},{"floor":33,"key":"qcfpunch:Red_Beret"},{"floor":35,"key":"Ancient Tea Set"},{"floor":36,"key":"Blue Candle"},{"floor":36,"key":"AtMidnight"},{"floor":37,"key":"REME_PuzzleBoxRelic"},{"floor":37,"key":"Champion Belt"},{"floor":38,"key":"Replay:Bottled Flurry"},{"floor":39,"key":"Eternal Feather"},{"floor":41,"key":"Shuriken"},{"floor":41,"key":"Ginger"},{"floor":42,"key":"Vajra"},{"floor":43,"key":"Strawberry"},{"floor":44,"key":"Orichalcum"},{"floor":44,"key":"Charon\u0027s Ashes"}],"event_choices":[{"cards_removed":["CrumblingArmor"],"damage_healed":0.0,"max_hp_gain":0.0,"max_hp_loss":0.0,"gold_gain":0.0,"event_name":"The Cleric","player_choice":"Card Removal","floor":2.0,"gold_loss":50.0,"damage_taken":0.0},{"damage_healed":0.0,"max_hp_gain":0.0,"max_hp_loss":0.0,"gold_gain":0.0,"event_name":"Shining Light","player_choice":"Entered Light","floor":4.0,"gold_loss":0.0,"damage_taken":16.0,"cards_upgraded":["AT_FamilyPortrait","Strike_R"]},{"damage_healed":0,"gold_gain":0,"cards_transformed":["DreamingCurrent","BeautyBeast"],"player_choice":"Became Test Subject","damage_taken":0,"max_hp_gain":0,"max_hp_loss":0,"event_name":"Drug Dealer","floor":22,"gold_loss":0,"cards_obtained":["Anger","Immolate"]},{"cards_removed":["Porccubus"],"damage_healed":0,"gold_gain":0,"player_choice":"Purged","damage_taken":0,"max_hp_gain":0,"max_hp_loss":0,"event_name":"Purifier","floor":31,"gold_loss":0},{"damage_healed":0,"gold_gain":0,"player_choice":"Fight","damage_taken":0,"max_hp_gain":0,"max_hp_loss":0,"event_name":"Mysterious Sphere","floor":37,"gold_loss":0},{"damage_healed":0,"gold_gain":0,"player_choice":"Memory 1","damage_taken":0,"max_hp_gain":0,"max_hp_loss":0,"event_name":"SensoryStone","floor":45,"gold_loss":0},{"damage_healed":0,"gold_gain":0,"player_choice":"Max HP","damage_taken":0,"max_hp_gain":0,"max_hp_loss":4,"event_name":"Winding Halls","floor":46,"gold_loss":0}],"is_beta":false,"boss_relics":[{"not_picked":["Replay:Drink Me","xbg"],"picked":"Coffee Dripper"},{"not_picked":["Abe\u0027s Treasure","MostiFishMod:Hod"],"picked":"ShadowXiaoBlade"}],"items_purged_floors":[47],"is_endless":false,"potions_floor_spawned":[3,7,12,14,18,20,23,29,30,37,39,44],"killed_by":"Replay:Hell Engine","ascension_level":8}}