{"host":"9l4mw5jqza9qz9hr","time":1611492152,"event":{"mods":["AchievementEnabler","Always Whale","BaseMod","Colored Map","Minty Spire (QoL Compilation)","StSLib","SuperFastMode"],"gold_per_floor":[116,2,2,2,2,28,28,55,55,55,65,65,100,119,119,191,191,205,223,235,249,267,267,278,278,278,290,290,290],"floor_reached":28,"language":"KOR","playtime":870,"items_purged":["Strike_B"],"score":508,"play_id":"1cffbb27-f6d1-48bc-8dab-2b84c1b5fc78","local_time":"20210124214232","is_ascension_mode":true,"campfire_choices":[{"data":"Zap","floor":7,"key":"SMITH"},{"data":"Rainbow","floor":10,"key":"SMITH"},{"data":"Barrage","floor":15,"key":"SMITH"},{"floor":23,"key":"REST"}],"circlet_count":0,"master_deck":["AscendersBane","Zap+1","Dualcast","Ball Lightning","Capacitor","Barrage+1","Rainbow+1","Turbo","Conserve Battery","Go for the Eyes","Seek","Fission","Darkness","Tempest","Steam","Sweeping Beam","Capacitor","Lockon","Loop","Hologram","Seek","Coolheaded"],"relics":["Cracked Core","NeowsBlessing","Kunai","Thread and Needle","Du-Vu Doll","Bird Faced Urn","Lizard Tail","Pandora\u0027s Box","Symbiotic Virus"],"acts_visited":["Exordium","TheCity"],"potions_floor_usage":[],"damage_taken":[{"damage":0,"enemies":"Cultist","floor":1,"turns":1},{"damage":0,"enemies":"3 Sentries","floor":6,"turns":2},{"damage":0,"enemies":"Gremlin Nob","floor":8,"turns":1},{"damage":0,"enemies":"Jaw Worm","floor":11,"turns":2},{"damage":18,"enemies":"3 Sentries","floor":13,"turns":7},{"damage":0,"enemies":"Small Slimes","floor":14,"turns":3},{"damage":14,"enemies":"Slime Boss","floor":16,"turns":11},{"damage":3,"enemies":"Shell Parasite","floor":18,"turns":5},{"damage":5,"enemies":"Spheric Guardian","floor":19,"turns":3},{"damage":22,"enemies":"Snake Plant","floor":20,"turns":4},{"damage":18,"enemies":"Shelled Parasite and Fungi","floor":21,"turns":3},{"damage":30,"enemies":"Centurion and Healer","floor":22,"turns":7},{"damage":83,"enemies":"Chosen and Byrds","floor":24,"turns":8},{"damage":13,"enemies":"Snecko","floor":27,"turns":4},{"damage":0,"enemies":"Slavers","floor":28,"turns":1}],"seed_played":"9183107024623468264","potions_obtained":[{"floor":1,"key":"PotionOfCapacity"},{"floor":14,"key":"FairyPotion"},{"floor":20,"key":"LiquidBronze"},{"floor":24,"key":"Dexterity Potion"}],"is_trial":false,"path_per_floor":["M","$","?","$","T","E","R","E","T","R","M","?","E","M","R","B",null,"M","M","M","M","M","R","M","?","T","M","E"],"character_chosen":"DEFECT","items_purchased":["Capacitor"],"campfire_rested":1,"item_purchase_floors":[2],"current_hp_per_floor":[64,64,43,43,43,43,43,43,43,43,45,45,29,29,29,17,58,59,58,40,28,4,25,9,9,9,2,2,2],"gold":290,"neow_bonus":"THREE_ENEMY_KILL","is_daily":false,"chose_seed":false,"campfire_upgraded":3,"win_rate":0.0,"timestamp":1611492152,"path_taken":["M","?","?","?","?","E","R","E","T","R","M","?","E","?","R","BOSS","M","M","?","M","M","R","M","?","T","?","E"],"items_purchased_type":["Card"],"build_version":"2020-12-22","purchased_purges":1,"victory":false,"max_hp_per_floor":[71,71,71,71,71,71,71,71,71,71,71,71,71,71,71,71,71,71,71,71,71,71,71,71,71,71,71,71,71],"card_choices":[{"not_picked":["Auto Shields","Turbo"],"picked":"Ball Lightning","floor":1},{"not_picked":["Undo","Beam Cell"],"picked":"Barrage","floor":6},{"not_picked":["Beam Cell","Melter"],"picked":"Rainbow","floor":8},{"not_picked":["Recycle","Blizzard"],"picked":"Turbo","floor":11},{"not_picked":["Chaos","BootSequence"],"picked":"Conserve Battery","floor":13},{"not_picked":["Leap","Cold Snap"],"picked":"Go for the Eyes","floor":14},{"not_picked":["Rainbow","All For One"],"picked":"Seek","floor":16},{"not_picked":["Doom and Gloom","Scrape"],"picked":"Lockon","floor":18},{"not_picked":["Recycle+1","Turbo","Gash"],"picked":"SKIP","floor":19},{"not_picked":["Force Field","Turbo"],"picked":"Loop","floor":20},{"not_picked":["Steam","Conserve Battery","Ball Lightning"],"picked":"SKIP","floor":21},{"not_picked":["Compile Driver","Streamline"],"picked":"Hologram","floor":22},{"not_picked":["Storm","Auto Shields"],"picked":"Seek","floor":24},{"not_picked":["Cold Snap","Compile Driver"],"picked":"Coolheaded","floor":27}],"player_experience":241978,"relics_obtained":[{"floor":5,"key":"Kunai"},{"floor":6,"key":"Thread and Needle"},{"floor":8,"key":"Du-Vu Doll"},{"floor":9,"key":"Bird Faced Urn"},{"floor":13,"key":"Lizard Tail"},{"floor":26,"key":"Symbiotic Virus"}],"event_choices":[{"damage_healed":0,"gold_gain":0,"player_choice":"Entered Light","damage_taken":21,"max_hp_gain":0,"max_hp_loss":0,"event_name":"Shining Light","floor":3,"gold_loss":0,"cards_upgraded":["Defend_B","Defend_B"]},{"damage_healed":0,"gold_gain":0,"player_choice":"0 cards matched","damage_taken":0,"max_hp_gain":0,"max_hp_loss":0,"event_name":"Match and Keep!","floor":12,"gold_loss":0,"cards_obtained":[]},{"cards_removed":["Auto Shields"],"damage_healed":0,"gold_gain":0,"player_choice":"Purged","damage_taken":0,"max_hp_gain":0,"max_hp_loss":0,"event_name":"Purifier","floor":25,"gold_loss":0}],"is_beta":false,"boss_relics":[{"not_picked":["Coffee Dripper","Fusion Hammer"],"picked":"Pandora\u0027s Box"}],"items_purged_floors":[2],"is_endless":false,"potions_floor_spawned":[1,14,18,20,24,27],"killed_by":"Slavers","ascension_level":15}}