{"host":"39i3emxub3h8uyq3","time":1611524921,"event":{"mods":["AchievementEnabler","BaseMod","Clockwork Mod","Colored Map","Downfall","Glutton Mod","Gold Saver","Minty Spire (QoL Compilation)","StSLib","TheHeartMod"],"gold_per_floor":[371,371,371,387,213,213,184,58,58,58,58,58,72,93,93,222,222,240,95,110,130,230,230,249,249,274,274,298,314,95,115,115,115,115],"floor_reached":33,"language":"ENG","playtime":3177,"items_purged":["Injury"],"score":237,"play_id":"71e37335-1832-4958-a340-fbd5be2900d6","local_time":"20210124164841","is_ascension_mode":false,"campfire_choices":[{"data":"Cleave","floor":6,"key":"SMITH"},{"data":"Fire Breathing","floor":10,"key":"SMITH"},{"floor":12,"key":"REST"},{"data":"Anger","floor":15,"key":"SMITH"},{"floor":23,"key":"REST"},{"floor":25,"key":"REST"},{"data":"Fire Breathing","floor":27,"key":"SMITH"},{"floor":32,"key":"REST"}],"circlet_count":0,"master_deck":["Strike_R+1","Strike_R","Strike_R+1","Strike_R","Strike_R","Defend_R","Defend_R","Defend_R","Defend_R","Bash","Double Tap+1","Cleave+1","Iron Wave","Shrug It Off","Sword Boomerang","Fire Breathing+1","Clothesline","Intimidate","Anger+1","Immolate","Shrug It Off+1","Armaments+1","Clothesline","Fire Breathing+1","Thunderclap+1","Cleave","Rampage","Metallicize+1"],"relics":["Burning Blood","Golden Idol","InkBottle","Runic Pyramid","Lee\u0027s Waffle","Blood Vial","Chemical X"],"acts_visited":["Exordium","TheCity"],"potions_floor_usage":[16,21],"damage_taken":[{"damage":0,"enemies":"Small Slimes","floor":1,"turns":3},{"damage":6,"enemies":"Jaw Worm","floor":4,"turns":4},{"damage":0,"enemies":"2 Louse","floor":13,"turns":2},{"damage":0,"enemies":"2 Fungi Beasts","floor":14,"turns":3},{"damage":32,"enemies":"Slime Boss","floor":16,"turns":8},{"damage":27,"enemies":"2 Thieves","floor":18,"turns":3},{"damage":20,"enemies":"3 Byrds","floor":20,"turns":5},{"damage":16,"enemies":"Snake Plant","floor":21,"turns":5},{"damage":22,"enemies":"Chosen and Byrds","floor":24,"turns":7},{"damage":23,"enemies":"Cultist and Chosen","floor":28,"turns":6},{"damage":8,"enemies":"Snecko","floor":29,"turns":5},{"damage":56,"enemies":"3 Cultists","floor":31,"turns":6},{"damage":67,"enemies":"Champ","floor":33,"turns":14}],"seed_played":"4206645066452842737","potions_obtained":[{"floor":13,"key":"Block Potion"},{"floor":18,"key":"hexamod:SoulburnPotion"},{"floor":28,"key":"champ:CounterPotion"}],"is_trial":false,"path_per_floor":["M","?","?","M","$","R","?","$","T","R","?","R","M","M","R","B",null,"M","$","M","M","?","R","M","R","T","R","M","M","$","M","R","B"],"character_chosen":"IRONCLAD","items_purchased":["Shrug It Off","Sword Boomerang","Fire Breathing","Clothesline","Lee\u0027s Waffle","Rampage","Chemical X"],"campfire_rested":4,"item_purchase_floors":[5,5,8,8,19,30,30],"current_hp_per_floor":[80,80,80,80,80,80,80,80,80,80,64,80,80,80,80,54,80,59,87,73,63,63,87,71,87,87,87,70,70,70,22,48,0,0],"gold":115,"neow_bonus":"ONE_RANDOM_RARE_CARD","is_daily":false,"chose_seed":true,"campfire_upgraded":4,"win_rate":0.0,"timestamp":1611524921,"path_taken":["M","?","?","M","$","R","?","$","T","R","?","R","M","?","R","BOSS","M","?","M","M","?","R","M","R","T","R","M","M","$","?","R","BOSS"],"items_purchased_type":["Card","Card","Card","Card","Relic","Card","Relic"],"build_version":"2020-12-22","purchased_purges":1,"victory":false,"max_hp_per_floor":[80,80,80,80,80,80,80,80,80,80,80,80,80,80,80,80,80,80,87,87,87,87,87,87,87,87,87,87,87,87,87,87,87,87],"card_choices":[{"not_picked":["Uppercut","Flex"],"picked":"Cleave","floor":1},{"not_picked":["Dark Embrace","Rupture"],"picked":"Iron Wave","floor":4},{"not_picked":["Evolve","Warcry"],"picked":"Intimidate","floor":13},{"not_picked":["Body Slam","Twin Strike"],"picked":"Anger","floor":14},{"not_picked":["Corruption","Impervious"],"picked":"Immolate","floor":16},{"not_picked":["Perfected Strike","Burning Pact"],"picked":"Shrug It Off+1","floor":18},{"not_picked":["Headbutt","Anger+1"],"picked":"Armaments+1","floor":20},{"not_picked":["Disarm+1","Bloodletting"],"picked":"Clothesline","floor":21},{"not_picked":["Rupture+1","Headbutt+1"],"picked":"Fire Breathing","floor":24},{"not_picked":["Carnage","Perfected Strike"],"picked":"Thunderclap+1","floor":28},{"not_picked":["Dropkick+1","Sword Boomerang"],"picked":"Cleave","floor":29},{"not_picked":["Iron Wave+1","Twin Strike"],"picked":"Metallicize+1","floor":31}],"player_experience":42056,"relics_obtained":[{"floor":9,"key":"InkBottle"},{"floor":26,"key":"Blood Vial"}],"event_choices":[{"damage_healed":0,"gold_gain":0,"player_choice":"Grow","damage_taken":0,"max_hp_gain":0,"max_hp_loss":0,"event_name":"Living Wall","floor":2,"gold_loss":0,"cards_upgraded":["Double Tap"]},{"damage_healed":0,"gold_gain":0,"player_choice":"Take Wound","damage_taken":0,"relics_obtained":["Golden Idol"],"max_hp_gain":0,"max_hp_loss":0,"event_name":"Golden Idol","floor":3,"gold_loss":0,"cards_obtained":["Injury"]},{"damage_healed":0,"gold_gain":0,"player_choice":"Left Gold","damage_taken":0,"max_hp_gain":0,"max_hp_loss":0,"event_name":"World of Goop","floor":7,"gold_loss":29},{"damage_healed":0,"gold_gain":0,"player_choice":"Entered Light","damage_taken":16,"max_hp_gain":0,"max_hp_loss":0,"event_name":"Shining Light","floor":11,"gold_loss":0,"cards_upgraded":["Strike_R","Strike_R"]},{"damage_healed":0,"gold_gain":100,"player_choice":"Pray","damage_taken":0,"max_hp_gain":0,"max_hp_loss":0,"event_name":"Golden Shrine","floor":22,"gold_loss":0}],"is_beta":false,"boss_relics":[{"not_picked":["Fusion Hammer","Runic Cube"],"picked":"Runic Pyramid"}],"items_purged_floors":[5],"is_endless":false,"potions_floor_spawned":[13,18,28],"killed_by":"Champ","ascension_level":0}}