{"host":"KYO","time":1611491004,"event":{"mods":["ATMod(°¢èªMod)","BaseMod","Minty Spire (QoL Compilation)","Permanent Neow","Replay The Spire","Shop Mod","StSLib","SuperFastMode","TestMod","[IsaacMod]ÒÔÈö¼âËþ","¡¾ÒÅÎï¿¨ÅÆ¡¿REMEMod"],"gold_per_floor":[118,118,138,156,156,191,116,116,116,137,137],"floor_reached":10,"language":"ZHS","playtime":448,"items_purged":["Regret"],"score":182,"play_id":"06f5864e-3f01-4bd7-bc8f-a9bc839a447b","local_time":"20210124202324","is_ascension_mode":true,"campfire_choices":[],"circlet_count":0,"master_deck":["AscendersBane","Strike_P","Strike_P","Strike_P","Strike_P","Defend_P","Defend_P","Defend_P","Defend_P","Eruption+1","Vigilance","Bomb","Writhe","Finesse","LikeWater","Replay:DivineShield"],"relics":["PureWater","HushsDoor","AT_ATBox","REME_ComplimentaryCards","testmod-TestBox","MoneyPower","testmod-Laevatain","Replay:WaspNest","ReplayTheSpireMod:Lightbulb","AnarchistCookbook","SalivaCoin"],"acts_visited":["Exordium"],"potions_floor_usage":[6],"damage_taken":[{"damage":2.0,"enemies":"2 Louse","floor":1.0,"turns":3.0},{"damage":5,"enemies":"Cultist","floor":3,"turns":4},{"damage":15,"enemies":"Jaw Worm","floor":4,"turns":4},{"damage":0,"enemies":"Gremlin Nob","floor":6,"turns":2},{"damage":58,"enemies":"3 Sentries","floor":10,"turns":4}],"seed_played":"6803903799556769590","potions_obtained":[{"floor":1.0,"key":"Explosive Potion"},{"floor":3,"key":"Venom Potion"},{"floor":4,"key":"FearPotion"}],"is_trial":false,"path_per_floor":["M","?","M","M","?","E","$","?","T","E"],"character_chosen":"WATCHER","items_purchased":[],"campfire_rested":0,"item_purchase_floors":[],"current_hp_per_floor":[59,59,54,39,24,24,24,24,24,0,0],"gold":137,"neow_bonus":"REMOVE_CARD","is_daily":false,"chose_seed":false,"campfire_upgraded":0,"win_rate":0.0,"timestamp":1611491004,"path_taken":["M","?","M","M","?","E","$","?","T","E"],"items_purchased_type":[],"build_version":"2020-12-18","purchased_purges":1,"victory":false,"max_hp_per_floor":[68,68,68,68,68,68,68,68,68,68,68],"card_choices":[{"not_picked":[],"picked":"Bomb","floor":0.0},{"not_picked":["ThirdEye","Weave"],"picked":"LikeWater","floor":1.0},{"not_picked":["Evaluate","SignatureMove","EmptyBody"],"picked":"SKIP","floor":3},{"not_picked":["Wallop","BowlingBash"],"picked":"Replay:DivineShield","floor":4},{"not_picked":["WreathOfFlame","Replay:DivineShield","REME_WorshipGod"],"picked":"SKIP","floor":6}],"player_experience":668707,"relics_obtained":[{"floor":6,"key":"AnarchistCookbook"},{"floor":9,"key":"SalivaCoin"}],"event_choices":[{"damage_healed":0,"gold_gain":0,"player_choice":"Gave Potion","damage_taken":0,"relics_obtained":["Replay:WaspNest"],"max_hp_gain":0,"max_hp_loss":0,"event_name":"WeMeetAgain","floor":2,"gold_loss":0},{"damage_healed":0,"gold_gain":0,"player_choice":"Grow","damage_taken":0,"max_hp_gain":0,"max_hp_loss":0,"event_name":"Living Wall","floor":8,"gold_loss":0,"cards_upgraded":["Eruption"]}],"is_beta":true,"boss_relics":[],"items_purged_floors":[7],"is_endless":false,"potions_floor_spawned":[1,3,4],"killed_by":"3 Sentries","ascension_level":20}}