{"host":"8fnghcq8tvbg6z9e","time":1611467918,"event":{"mods":["Ascension Reborn","BaseMod","Conspire","Downfall","Minty Spire (QoL Compilation)","Quick Restart","Replay The Spire","Spicy Shops","StSLib"],"gold_per_floor":[99,99,99,99,47,58,105,138,48,62,62,77,139,139,149,252,252,52,62,82,82,182,194,194,394,45,65,65,65,65,65,81,81,81,95,198,198,198,216,230,242,142,201,227,243,37,54,104,124,124,139,155,155],"floor_reached":54,"language":"ZHS","playtime":2891,"items_purged":["Slimebound:Strike_Slimebound","downfall:Haunted","Slimebound:Tackle","Slimebound:CorrosiveSpit"],"score":766,"play_id":"5b0b949f-9171-45eb-8f60-96b20406ec7b","local_time":"20210124135838","is_ascension_mode":false,"campfire_choices":[{"floor":1.0,"key":"RECALL"},{"data":"Slimebound:OneTwoCombo","floor":11,"key":"SMITH"},{"floor":18,"key":"DIG"},{"data":"Slimebound:MassRepurpose","floor":31,"key":"SMITH"},{"data":"Slimebound:SplitLeeching","floor":38,"key":"SMITH"},{"floor":50,"key":"REST"}],"circlet_count":0,"master_deck":["Slimebound:Split+1","Slimebound:SplitAcid","Slimebound:MassFeed","Slimebound:Schlurp","Slimebound:OneTwoCombo+1","Slimebound:SlimeSpikes","Slimebound:SplitAcid","Slimebound:SplitLeeching+1","Slimebound:LevelUp","Slimebound:MassRepurpose+1","Slimebound:FirmFortitude","Slimebound:SelfFormingGoo","Slimebound:ForwardTackle","Slimebound:ItLooksTasty","Slimebound:Repurpose","Slimebound:SplitBruiser+1","Slimebound:SplitBruiser+1","Slimebound:SlimeTap+1","Slimebound:OozeBath","Slimebound:OneTwoCombo","Slimebound:SplitAcid+1","Slimebound:SplitLeeching+1","Slimebound:SplitBruiser+1","Slimebound:SplitMire+1"],"relics":["Slimebound:AbsorbEndCombat","downfall:HeartsMalice","Dead Branch","Juzu Bracelet","Pandora\u0027s Box","downfall:HeartBlessingRed","downfall:HeartBlessingBlue","Dream Catcher","Ring of Hypnosis","ReplayTheSpireMod:Ring of Collecting","Incense Burner","Question Card","Ring of Fury","Shovel","Ice Cream","Lee\u0027s Waffle","Slimebound:TarBlob","Anchor","Blue Candle","ReplayTheSpireMod:Ring of Addiction","Oddly Smooth Stone","Toy Ornithopter","Chameleon Ring","Potion Belt","Ring of Greed","Bottled Flame","Tiny Chest","Golden Idol"],"acts_visited":["Exordium","TheCity","TheBeyond"],"potions_floor_usage":[12,12,12,15,19,20,23,40,47,53],"damage_taken":[{"damage":0.0,"enemies":"Small Slimes","floor":2.0,"turns":1.0},{"damage":0.0,"enemies":"Cultist","floor":3.0,"turns":1.0},{"damage":0.0,"enemies":"downfall:FleeingMerchant","floor":5.0,"turns":1.0},{"damage":4.0,"enemies":"Jaw Worm","floor":6.0,"turns":4.0},{"damage":30.0,"enemies":"Gremlin Nob","floor":8.0,"turns":4.0},{"damage":5.0,"enemies":"downfall:FleeingMerchant","floor":9.0,"turns":4.0},{"damage":3.0,"enemies":"Blue Slaver","floor":10.0,"turns":4.0},{"damage":4,"enemies":"Large Slime","floor":12,"turns":4},{"damage":14,"enemies":"Gremlin Nob","floor":13,"turns":4},{"damage":10,"enemies":"Exordium Wildlife","floor":15,"turns":5},{"damage":23,"enemies":"IC_STATUS_ARCHETYPE","floor":16,"turns":7},{"damage":17,"enemies":"Spheric Guardian","floor":19,"turns":4},{"damage":6,"enemies":"3 Byrds","floor":20,"turns":3},{"damage":13,"enemies":"WA_ARCHETYPE_RETAIN","floor":22,"turns":4},{"damage":30,"enemies":"Snake Plant","floor":23,"turns":3},{"damage":5,"enemies":"downfall:FleeingMerchant","floor":26,"turns":4},{"damage":5,"enemies":"Sentry and Sphere","floor":27,"turns":3},{"damage":1,"enemies":"conspire:HollyBat","floor":32,"turns":7},{"damage":0,"enemies":"Cultist and Chosen","floor":35,"turns":4},{"damage":20,"enemies":"SI_MIRROR_ARCHETYPE","floor":36,"turns":6},{"damage":0,"enemies":"3 Shapes","floor":39,"turns":1},{"damage":18,"enemies":"3 Darklings","floor":40,"turns":2},{"damage":24,"enemies":"Maw","floor":41,"turns":4},{"damage":0,"enemies":"downfall:FleeingMerchant","floor":42,"turns":1},{"damage":0,"enemies":"Sphere and 2 Shapes","floor":45,"turns":1},{"damage":2,"enemies":"3 Darklings","floor":47,"turns":2},{"damage":1,"enemies":"Jaw Worm Horde","floor":49,"turns":2},{"damage":0,"enemies":"Transient","floor":51,"turns":5},{"damage":0,"enemies":"4 Shapes","floor":52,"turns":1},{"damage":27,"enemies":"DF_ARCHETYPE_ORBS","floor":53,"turns":4}],"seed_played":"5555530586997997425","potions_obtained":[{"floor":6.0,"key":"Swift Potion"},{"floor":10,"key":"EntropicBrew"},{"floor":12,"key":"FearPotion"},{"floor":15,"key":"LiquidBronze"},{"floor":19,"key":"Fire Potion"},{"floor":35,"key":"Energy Potion"},{"floor":36,"key":"Fire Potion"},{"floor":41,"key":"Adrenaline Potion"},{"floor":43,"key":"Doom Potion"},{"floor":47,"key":"Languid Potion"},{"floor":52,"key":"Ancient Potion"}],"is_trial":false,"path_per_floor":["R","M","M","?","$","M","T","E","$","M","R","M","?","?","M","B",null,"R","M","M","?","?","M","T","?","$","M","?","PTL","PTL","R","M","?","?","M","B",null,"R","M","M","M","$","?","T","M","$","M","?","M","R","M","M","B",null],"character_chosen":"SLIMEBOUND","items_purchased":["Slimebound:Schlurp","Ice Cream","Lee\u0027s Waffle","Anchor","Potion Belt","Fire Potion"],"campfire_rested":1,"item_purchase_floors":[5,26,26,42,46,46],"current_hp_per_floor":[65,65,65,65,65,67,67,40,41,42,42,42,30,30,40,25,68,78,61,55,55,47,21,21,21,88,86,86,86,86,86,93,93,93,94,80,94,94,94,76,63,65,27,27,27,27,35,35,34,64,72,72,58],"gold":155,"neow_bonus":"THREE_ENEMY_KILL","is_daily":false,"chose_seed":false,"campfire_upgraded":3,"win_rate":0.0,"timestamp":1611467918,"path_taken":["R","M","M","?","$","?","T","E","?","?","R","M","?","?","M","BOSS","R","M","M","?","?","M","T","?","$","M","?","PTL","PTL","R","M","?","?","M","BOSS","R","M","M","M","$","?","T","M","$","M","?","M","R","M","M","BOSS"],"items_purchased_type":["Card","Relic","Relic","Relic","Relic","Potion"],"build_version":"2020-12-22","purchased_purges":4,"victory":true,"max_hp_per_floor":[65,65,65,65,65,68,68,68,68,68,68,68,68,68,68,68,68,78,78,78,78,81,81,81,81,88,91,91,91,91,91,94,94,94,94,94,94,94,94,94,97,97,97,97,97,97,100,100,100,100,98,98,98],"card_choices":[{"not_picked":["Slimebound:HauntingLick","Slimebound:TongueLash","Slimebound:ItLooksTasty"],"picked":"SKIP","floor":2.0},{"not_picked":["Slimebound:ViciousTackle","Slimebound:GoopTackle"],"picked":"Slimebound:SplitAcid","floor":3.0},{"not_picked":["Slimebound:Schlurp","Slimebound:HauntingLick"],"picked":"Slimebound:MassFeed","floor":5.0},{"not_picked":["Slimebound:Replication","Slimebound:Schlurp","Slimebound:SamplingLick"],"picked":"SKIP","floor":6.0},{"not_picked":["Slimebound:SamplingLick","Slimebound:ComboTackle"],"picked":"Slimebound:OneTwoCombo","floor":8.0},{"not_picked":["Slimebound:BestDefense","Slimebound:LeadByExample"],"picked":"Slimebound:SlimeSpikes","floor":9.0},{"not_picked":["Slimebound:Schlurp","Slimebound:SamplingLick","Slimebound:FinishingTackle"],"picked":"SKIP","floor":10},{"not_picked":["Slimebound:DivideAndConquer","Slimebound:ComboTackle"],"picked":"Slimebound:SplitAcid","floor":12},{"not_picked":["Slimebound:Gluttony","Slimebound:SlimeBarrage"],"picked":"Slimebound:SplitLeeching","floor":13},{"not_picked":["Slimebound:Grow","Slimebound:FormOfPuddle"],"picked":"Slimebound:LevelUp","floor":15},{"not_picked":["Slimebound:RallyTheTroops","Slimebound:MinionMaster"],"picked":"Slimebound:MassRepurpose","floor":16},{"not_picked":["Slimebound:RainOfGoop","Slimebound:LivingWall"],"picked":"Slimebound:Repurpose","floor":19},{"not_picked":["Slimebound:GoopTackle","Slimebound:RejuvenatingLick+1"],"picked":"Slimebound:SplitBruiser+1","floor":20},{"not_picked":["Slimebound:SlimeSpikes","Slimebound:Overexert"],"picked":"Slimebound:SplitBruiser+1","floor":22},{"not_picked":["Slimebound:LivingWall","Slimebound:SplitAcid","Slimebound:AcidTongue"],"picked":"Slimebound:SlimeTap+1","floor":23},{"not_picked":["Slimebound:ViciousTackle","Slimebound:DisruptingSlam+1","Slimebound:SplitBruiser","Slimebound:FinishingTackle"],"picked":"SKIP","floor":26},{"not_picked":["Slimebound:BestDefense","Slimebound:GoopSpray","Slimebound:SamplingLick","Slimebound:RollThrough"],"picked":"SKIP","floor":27},{"not_picked":["Slimebound:FinishingTackle+1","Slimebound:ComboTackle","Slimebound:Chomp+1","Slimebound:SamplingLick"],"picked":"SKIP","floor":32},{"not_picked":["Slimebound:LeechEnergy+1","Slimebound:Prepare","Slimebound:BestDefense+1","Slimebound:Gluttony"],"picked":"SKIP","floor":35},{"not_picked":["Slimebound:Teamwork","Slimebound:MinionMaster","Slimebound:MassFeed"],"picked":"Slimebound:OneTwoCombo","floor":36},{"not_picked":["Slimebound:HauntingLick","Slimebound:ItLooksTasty+1","Slimebound:SpikyOuterGoop+1"],"picked":"Slimebound:SplitAcid+1","floor":39},{"not_picked":["Slimebound:Schlurp+1","Slimebound:HauntingLick+1","Slimebound:SamplingLick","Slimebound:LeechEnergy"],"picked":"SKIP","floor":40},{"not_picked":["Slimebound:FlameTackle+1","Slimebound:SpikyOuterGoop","Slimebound:SlimeSpikes+1","Slimebound:RollThrough+1"],"picked":"SKIP","floor":41},{"not_picked":["Slimebound:SamplingLick+1","Slimebound:Chomp+1","Slimebound:LeechingTouch","Slimebound:GrowthPunch+1"],"picked":"SKIP","floor":42},{"not_picked":["Slimebound:SplitAcid","Slimebound:GoopSpray+1","Slimebound:LeechEnergy"],"picked":"Slimebound:SplitLeeching+1","floor":45},{"not_picked":["Slimebound:GrowthPunch","Slimebound:PressTheAttack","Slimebound:RainOfGoop+1"],"picked":"Slimebound:SplitBruiser+1","floor":47},{"not_picked":["Slimebound:SamplingLick","Slimebound:SplitBruiser","Slimebound:GoopSpray+1"],"picked":"Slimebound:SplitMire+1","floor":49},{"not_picked":["Slimebound:TongueLash+1","Slimebound:OozeBath","Slimebound:Schlurp+1","Slimebound:Dissolve"],"picked":"SKIP","floor":51},{"not_picked":["Slimebound:DisruptingSlam","Slimebound:Schlurp","Slimebound:FlameTackle+1","Slimebound:SlimeSpikes+1"],"picked":"SKIP","floor":52}],"player_experience":168614,"relics_obtained":[{"floor":8.0,"key":"Dead Branch"},{"floor":13,"key":"Juzu Bracelet"},{"floor":18,"key":"Dream Catcher"},{"floor":21,"key":"Ring of Hypnosis"},{"floor":21,"key":"ReplayTheSpireMod:Ring of Collecting"},{"floor":22,"key":"Incense Burner"},{"floor":22,"key":"Question Card"},{"floor":24,"key":"Ring of Fury"},{"floor":24,"key":"Shovel"},{"floor":43,"key":"Blue Candle"},{"floor":44,"key":"ReplayTheSpireMod:Ring of Addiction"},{"floor":44,"key":"Oddly Smooth Stone"},{"floor":44,"key":"Toy Ornithopter"},{"floor":44,"key":"Chameleon Ring"},{"floor":48,"key":"Ring of Greed"},{"floor":48,"key":"Bottled Flame"},{"floor":48,"key":"Tiny Chest"},{"floor":48,"key":"Golden Idol"}],"event_choices":[{"damage_healed":0.0,"max_hp_gain":0.0,"max_hp_loss":0.0,"gold_gain":0.0,"event_name":"Accursed Blacksmith","player_choice":"Forge","floor":4.0,"gold_loss":0.0,"damage_taken":0.0,"cards_upgraded":["Slimebound:Split"]},{"damage_healed":0,"gold_gain":0,"player_choice":"Read","damage_taken":0,"max_hp_gain":0,"max_hp_loss":0,"event_name":"The Library","floor":33,"gold_loss":0,"cards_obtained":["Slimebound:OozeBath"]}],"is_beta":false,"boss_relics":[{"not_picked":["bronze:MakeshiftBattery","Astrolabe"],"picked":"Pandora\u0027s Box"},{"not_picked":["Fusion Hammer","Calling Bell"],"picked":"Slimebound:TarBlob"}],"items_purged_floors":[9,26,42,42],"is_endless":false,"potions_floor_spawned":[6,10,12,15,19,35,36,41,45,47,52],"ascension_level":0}}