{"host":"udyc8f81k2jocuhg","time":1611496837,"event":{"mods":["2.2 Compatiblity","BaseMod","Better Third Choice","Colored Powertips","Conspire","Custom Start","GifTheSpireLib","Hermit","Minty Spire (QoL Compilation)","Permanent Neow","Quick Restart","Relic Filter","Relic Stats","Replay The Spire","Shop Mod","Spikes Relics","StSLib","Stuff the Spire"],"gold_per_floor":[113,113,137,155,179,179,179],"floor_reached":6,"language":"ENG","playtime":445,"items_purged":[],"score":68,"play_id":"197b3d2a-ceb1-43dd-b90d-1ec0e9214fa9","local_time":"20210124150037","is_ascension_mode":true,"campfire_choices":[],"circlet_count":0,"master_deck":["AscendersBane","Strike_G","Strike_G","Strike_G","Strike_G","Strike_G","Defend_G","Defend_G","Defend_G","Defend_G","Defend_G","Survivor","Neutralize","Cloak And Dagger","Deflect"],"relics":["Sozu","Golden Idol"],"acts_visited":["Exordium"],"potions_floor_usage":[],"damage_taken":[{"damage":1,"enemies":"Jaw Worm","floor":1,"turns":5},{"damage":2,"enemies":"Small Slimes","floor":3,"turns":4},{"damage":0,"enemies":"2 Louse","floor":4,"turns":3},{"damage":4,"enemies":"Large Slime","floor":5,"turns":10},{"damage":34,"enemies":"3 Sentries","floor":6,"turns":11}],"seed_played":"1062629812217405711","potions_obtained":[],"is_trial":false,"path_per_floor":["M","?","M","M","M","E"],"character_chosen":"THE_SILENT","items_purchased":[],"campfire_rested":0,"item_purchase_floors":[],"current_hp_per_floor":[58,35,33,33,29,0,0],"gold":179,"neow_bonus":"BOSS_RELIC","is_daily":false,"chose_seed":false,"campfire_upgraded":0,"win_rate":0.0,"timestamp":1611496837,"path_taken":["M","?","M","M","M","E"],"items_purchased_type":[],"build_version":"2020-12-22","purchased_purges":0,"victory":false,"max_hp_per_floor":[66,66,66,66,66,66,66],"relic_stats":{"Sozu":1,"counters":[5,33],"Golden Idol":14,"obtain_stats":[{"Sozu":0,"Golden Idol":2,"Ring of the Snake":0},{"Sozu":0,"Golden Idol":1,"Ring of the Snake":0},{"Sozu":0,"Golden Idol":5,"Ring of the Snake":0}]},"card_choices":[{"not_picked":["Deadly Poison","StuffTheSpire:BumpUp"],"picked":"Cloak And Dagger","floor":1},{"not_picked":["StuffTheSpire:Shiver","Dagger Throw","ReplayTheSpireMod:Exploit Weakness"],"picked":"SKIP","floor":3},{"not_picked":["StuffTheSpire:Shiver","Bane"],"picked":"Deflect","floor":4},{"not_picked":["ReplayTheSpireMod:Scrap Shanks","Deadly Poison","Hidden Blade"],"picked":"SKIP","floor":5}],"player_experience":2024553,"relics_obtained":[],"event_choices":[{"damage_healed":0,"gold_gain":0,"player_choice":"Take Damage","damage_taken":23,"relics_obtained":["Golden Idol"],"max_hp_gain":0,"max_hp_loss":0,"event_name":"Golden Idol","floor":2,"gold_loss":0}],"is_beta":false,"boss_relics":[],"items_purged_floors":[],"is_endless":false,"potions_floor_spawned":[3],"killed_by":"3 Sentries","ascension_level":16}}