{"host":"kywtqy4o43fs5yna","time":1611493619,"event":{"mods":["AchievementEnabler","Act Like it!","BaseMod","Better Note","BetterRewards","Colored Map","Minty Spire (QoL Compilation)","Quick Restart","Rare Cards Sparkle","StSLib","SuperFastMode"],"gold_per_floor":[117,127,302,320,320,351,351,380,380,391,408,421,435,288,288,384,384,403,403,421,114,114,114,114],"floor_reached":23,"language":"RUS","playtime":1152,"items_purged":["Dualcast","Doubt"],"score":248,"play_id":"ab4bf621-ab38-4c0b-b2a2-0f25b00f619f","local_time":"20210124230659","is_ascension_mode":true,"campfire_choices":[{"floor":7,"key":"REST"},{"floor":15,"key":"REST"}],"circlet_count":0,"master_deck":["Strike_B","Strike_B","Strike_B","Defend_B","Defend_B","Defend_B","Defend_B","Zap","Electrodynamics","Redo","Turbo+1","Beam Cell","Conserve Battery","Zap+1","Ball Lightning","Barrage","Stack","Hello World","Ball Lightning","Multi-Cast","Reinforced Body+1","Turbo+1","Self Repair+1","Heatsinks+1","Amplify","Redo"],"relics":["Cracked Core","Torii","Runic Capacitor","Pear","Regal Pillow","Mummified Hand","Fusion Hammer","War Paint","Orrery"],"acts_visited":["Exordium","TheCity"],"potions_floor_usage":[6,8,23,23],"damage_taken":[{"damage":1,"enemies":"2 Louse","floor":1,"turns":3},{"damage":1,"enemies":"Cultist","floor":2,"turns":3},{"damage":0,"enemies":"Small Slimes","floor":4,"turns":3},{"damage":27,"enemies":"Gremlin Nob","floor":6,"turns":4},{"damage":20,"enemies":"3 Sentries","floor":8,"turns":4},{"damage":6,"enemies":"2 Fungi Beasts","floor":10,"turns":3},{"damage":7,"enemies":"Red Slaver","floor":11,"turns":3},{"damage":1,"enemies":"Looter","floor":12,"turns":3},{"damage":0,"enemies":"3 Louse","floor":13,"turns":2},{"damage":34,"enemies":"The Guardian","floor":16,"turns":8},{"damage":36,"enemies":"3 Byrds","floor":18,"turns":4},{"damage":24,"enemies":"2 Thieves","floor":20,"turns":3},{"damage":13,"enemies":"Gremlin Leader","floor":23,"turns":1}],"seed_played":"-8036258764731833219","potions_obtained":[{"floor":1,"key":"Strength Potion"},{"floor":2,"key":"EssenceOfDarkness"},{"floor":4,"key":"GamblersBrew"},{"floor":13,"key":"Dexterity Potion"},{"floor":16,"key":"Explosive Potion"}],"is_trial":false,"path_per_floor":["M","M","?","M","?","E","R","E","T","M","M","M","M","$","R","B",null,"M","?","M","$","?","E"],"character_chosen":"DEFECT","items_purchased":["Torii","Electrodynamics","Runic Capacitor","Redo","Ball Lightning","War Paint","Orrery"],"campfire_rested":2,"item_purchase_floors":[0,0,0,0,14,21,21],"current_hp_per_floor":[39,38,38,38,38,21,46,26,26,20,13,12,12,12,52,18,85,49,33,9,9,9,0,0],"gold":114,"neow_bonus":"","is_daily":false,"chose_seed":false,"campfire_upgraded":0,"win_rate":0.0,"timestamp":1611493619,"path_taken":["M","M","?","M","?","E","R","E","T","M","?","M","M","?","R","BOSS","M","?","M","$","?","E"],"items_purchased_type":["Relic","Card","Relic","Card","Card","Relic","Relic"],"build_version":"2020-12-22","purchased_purges":2,"victory":false,"max_hp_per_floor":[75,75,75,75,75,85,85,85,85,85,85,85,85,85,85,85,85,85,90,90,90,90,90,90],"card_choices":[{"not_picked":["Coolheaded","Hologram"],"picked":"Turbo","floor":1},{"not_picked":["Rebound","Streamline"],"picked":"Beam Cell","floor":2},{"not_picked":["FTL","Coolheaded"],"picked":"Conserve Battery","floor":4},{"not_picked":["Rebound","Redo"],"picked":"Ball Lightning","floor":6},{"not_picked":["Electrodynamics","Leap"],"picked":"Barrage","floor":8},{"not_picked":["Steam","Force Field"],"picked":"Stack","floor":10},{"not_picked":["FTL","Steam"],"picked":"Hello World","floor":11},{"not_picked":["Fission","Cold Snap","Compile Driver"],"picked":"SKIP","floor":12},{"not_picked":["Cold Snap","Rip and Tear","Force Field"],"picked":"SKIP","floor":13},{"not_picked":["All For One","Hyperbeam"],"picked":"Multi-Cast","floor":16},{"not_picked":["Force Field","Leap"],"picked":"Reinforced Body+1","floor":18},{"not_picked":["Steam+1","Gash"],"picked":"Turbo+1","floor":20},{"not_picked":["Force Field","Conserve Battery"],"picked":"Self Repair+1","floor":21},{"not_picked":["Leap","Beam Cell"],"picked":"Heatsinks+1","floor":21},{"not_picked":["Rebound","Hologram"],"picked":"Amplify","floor":21},{"not_picked":["Gash","Go for the Eyes"],"picked":"Redo","floor":21}],"player_experience":189311,"relics_obtained":[{"floor":6,"key":"Pear"},{"floor":8,"key":"Regal Pillow"},{"floor":9,"key":"Mummified Hand"}],"event_choices":[{"damage_healed":0,"gold_gain":175,"player_choice":"AGREE","damage_taken":0,"max_hp_gain":0,"max_hp_loss":0,"event_name":"Liars Game","floor":3,"gold_loss":0,"cards_obtained":["Doubt"]},{"damage_healed":0,"gold_gain":0,"player_choice":"1 cards matched","damage_taken":0,"max_hp_gain":0,"max_hp_loss":0,"event_name":"Match and Keep!","floor":5,"gold_loss":0,"cards_obtained":["Zap"]},{"damage_healed":0,"gold_gain":0,"player_choice":"Shed Blood","damage_taken":21,"max_hp_gain":5,"max_hp_loss":0,"event_name":"Forgotten Altar","floor":19,"gold_loss":0},{"cards_removed":["Strike_B"],"damage_healed":0,"gold_gain":0,"player_choice":"Purged","damage_taken":0,"max_hp_gain":0,"max_hp_loss":0,"event_name":"Purifier","floor":22,"gold_loss":0}],"is_beta":false,"boss_relics":[{"not_picked":["FrozenCore","Busted Crown"],"picked":"Fusion Hammer"}],"items_purged_floors":[0,14],"is_endless":false,"potions_floor_spawned":[1,2,4,13,16],"killed_by":"Gremlin Leader","ascension_level":2}}