{"host":"w5vfr18i2ft1pzo2","time":1611523031,"event":{"mods":["AchievementEnabler","Act Like it!","Aspiration","BaseMod","Better Debug","Better Third Choice","BetterRewards","Colored Map","Colored Powertips","Conspire","Curses Come First","DNKmod","Defuse TimeMaze Blight","Dota2Spire","Elementarium","Energized Spire","Evolution","Force Act Four","Fox Events","Friendly Minions","Gensokyo","GifTheSpireLib","Gold Saver","Halation","Hallownest","Hubris","Hyrulean Relics","Infinite Spire","Jedi Mod","Marisa????????","Minty Spire (QoL Compilation)","MostiFishMod","Poor People Problems","Prisma Mod","Reimu??????","Relic Filter Mod","Reliquary","Remilia??????","Replay The Spire","RumiaBox-????????","SacredBarkPlus","Shop Mod","Small Relic Pack","Spicy Shops","Spikes Relics","Spire Arcade","StS++","StSLib","Stuff the Spire","SuperFastMode","Synergy Search","The Animator","The Blue Laboratory","The Servant 0.9.4","Trackpad","Treasure Hunter","Uncapped","Wandering Minibosses","Yakumo Yukari mod","noobMod","vexMod","??????REMEMod"],"gold_per_floor":[911,911,930,21,36,71,71,6,80,100,127,138,151,185,185,287,287,304,320,320,334,434,434,460,460,460,478,493,493,504,522,522,622,622,633,633,252,252,271,271,301,320,343,343,343,370,370,385,385,386,386,386,676,726,781,781,781,144,220,301,301,63,163,236,236,3,118,118,123],"floor_reached":70,"language":"ENG","playtime":2264,"items_purged":["Defend_RM","Strike_RM","Defend_RM"],"score":1808,"play_id":"6d22cb66-f80a-4393-b67f-22804b87ca37","local_time":"20210125051711","is_ascension_mode":true,"campfire_choices":[{"floor":15,"key":"RECALL"},{"data":"VampireSweep","floor":23,"key":"SMITH"},{"data":"MostiFishMod:KnuckleDown","floor":32,"key":"SMITH"},{"data":"HeartBreak","floor":40,"key":"SMITH"},{"data":"ScarletDevil","floor":45,"key":"SMITH"},{"data":"BloodRain","floor":47,"key":"SMITH"},{"data":"BatForm","floor":49,"key":"SMITH"},{"data":"Septette","floor":52,"key":"SMITH"},{"data":"ScarletDream","floor":68,"key":"SMITH"}],"circlet_count":0,"master_deck":["Strike_RM","Defend_RM+1","RedMoon","ScarletShoot","MostiFishMod:KnuckleDown+1","Ultimatum","Septette+1","ScarletDevil","ScarletNetherworld+1","ScarletNetherworld+1","HeartBreak+1","MastersStateliness+1","MastersStateliness+1","ScarletDream+1","TH:DeckOfManyThings+1","UnderTheZenith","ScarletDevil","TricksterDevil+1","RedMagic","Stigmanizer+1","BatForm+1","ScarletImprint+1","CeilingFear+1","ScarletSymphony+1","VampireSweep+1","TH:DeckOfManyThings","Maim+1","DiffusionOfMisfortune+1","Discovery+1","TH:TreasureMap+1","ScarletDevil+1","ScarletDream+1","TwelveNightmare+1","UnstableMagic+1","VampireClaw","TH:DeckOfManyThings+1","BloodRain+1","ScarletSymphony+1","MostiFishMod:ButterFly+1","ScarletNetherworld+1","ScarletCoffin+1","CharismaGuard+1","TH:DeckOfManyThings+1","BatForm+1","ScarletImprint+1","TH:CopperCoins+1","TH:TreasureMap+1","BloodRain+1","Stigmanizer","Septette+1","Ultimatum+1","TransientEternity+1","HunterOfTheNight+1","GlobalNightmare+1","GlobalNightmare+1","ScarletImprint+1","MastersStateliness","VampirishNight+1","TH:TreasureMap+1","TwelveNightmare+1","MostiFishMod:ForestofLight+1","ScarletSymphony+1"],"relics":["animator:TheWolleyCore","animator:AncientMedallion"],"acts_visited":["Exordium","TheCity","TheBeyond","TheEnding","EYB:TheUnnamedReign"],"potions_floor_usage":[6,28,30,33,39],"damage_taken":[{"damage":0,"enemies":"Small Slimes","floor":1,"turns":1},{"damage":0,"enemies":"Cultist","floor":3,"turns":1},{"damage":0,"enemies":"conspire:RoseBush","floor":5,"turns":1},{"damage":0,"enemies":"3 Sentries","floor":6,"turns":3},{"damage":1,"enemies":"Large Slime","floor":10,"turns":4},{"damage":0,"enemies":"Lagavulin","floor":11,"turns":2},{"damage":12,"enemies":"conspire:2 RoseBushes","floor":12,"turns":3},{"damage":0,"enemies":"Exordium Thugs","floor":13,"turns":3},{"damage":0,"enemies":"Gremlin Nob","floor":14,"turns":2},{"damage":0,"enemies":"Hexaghost","floor":16,"turns":2},{"damage":0,"enemies":"Spheric Guardian","floor":18,"turns":1},{"damage":0,"enemies":"Shell Parasite","floor":19,"turns":2},{"damage":0,"enemies":"Centurion and Healer","floor":21,"turns":1},{"damage":0,"enemies":"conspire:Head Lice","floor":24,"turns":2},{"damage":0,"enemies":"conspire:HollyBat","floor":27,"turns":5},{"damage":0,"enemies":"Shelled Parasite and Fungi","floor":28,"turns":1},{"damage":0,"enemies":"Cultist and Chosen","floor":30,"turns":1},{"damage":0,"enemies":"Centurion and Healer","floor":31,"turns":1},{"damage":0,"enemies":"Champ","floor":33,"turns":2},{"damage":0,"enemies":"3 Darklings","floor":35,"turns":3},{"damage":0,"enemies":"Orb Walker","floor":39,"turns":2},{"damage":0,"enemies":"Giant Head","floor":41,"turns":2},{"damage":20,"enemies":"4 Shapes","floor":42,"turns":1},{"damage":0,"enemies":"R_Hoarder","floor":46,"turns":3},{"damage":0,"enemies":"Writhing Mass","floor":48,"turns":2},{"damage":0,"enemies":"Awakened One","floor":50,"turns":4},{"damage":7,"enemies":"animator:TRIPLE_SHAPES_WEAK","floor":54,"turns":3},{"damage":0,"enemies":"animator:UNNAMED_HAT","floor":55,"turns":2},{"damage":50,"enemies":"animator:LARGE_WISP","floor":59,"turns":3},{"damage":15,"enemies":"animator:UNNAMED_CULTIST_2","floor":60,"turns":4},{"damage":61,"enemies":"animator:ULTIMATE_CUBE","floor":63,"turns":5},{"damage":2,"enemies":"animator:ULTIMATE_CRYSTAL","floor":67,"turns":3}],"seed_played":"-745961214081554731","potions_obtained":[{"floor":3,"key":"LiquidMemories"},{"floor":6,"key":"jedi:StrikingPotion"},{"floor":10,"key":"EssenceOfSteel"},{"floor":11,"key":"blueLaboratory:BottleOfRum"},{"floor":14,"key":"ZuzhouPotion:ReiMu"},{"floor":24,"key":"blueLaboratory:FruitPunch"},{"floor":31,"key":"blueLaboratory:FruitPunch"},{"floor":39,"key":"blueLaboratory:FrostheartPotion"},{"floor":54,"key":"animator:FalseLifePotion"},{"floor":55,"key":"animator:FalseLifePotion"},{"floor":59,"key":"animator:FalseLifePotion"}],"is_trial":false,"path_per_floor":["M","?","M","$","M","E","?","$","T","M","E","M","M","E","R","B",null,"M","M","?","M","?","R","E","?","T","M","M","AVR","M","M","R","B",null,"M","?","$","?","M","R","E","M","T","?","R","E","R","M","R","B",null,"R","??","M","M","T","?","$","M","M","?","$","E","T","?","$","E","R","B",null],"character_chosen":"REMILIA","items_purchased":["ScarletDevil","ScarletNetherworld","Happy Flower","reliquary:TuningFork","TimeFreeze","vexMod:Spyglass","aspiration:TomeofQuesting","MastersStateliness","MostiFishMod:ButterFly","blueLaboratory:FruitPunch","ScarletNetherworld","HunterOfTheNight","GlobalNightmare","animator:AncientMedallion","animator:AncientMedallion","animator:AncientMedallion","TwelveNightmare+1","MostiFishMod:ForestofLight"],"campfire_rested":0,"item_purchase_floors":[4,4,4,4,4,4,4,8,37,37,37,58,58,58,58,62,66,66],"current_hp_per_floor":[77,77,80,80,84,89,89,89,89,93,99,92,97,110,110,119,119,124,129,129,134,134,134,139,139,139,144,149,149,156,161,161,168,168,173,173,173,173,180,180,185,174,174,139,139,156,156,170,170,191,205,205,100,100,100,100,100,100,50,83,95,95,61,61,61,61,93,93,92],"gold":123,"neow_bonus":"THREE_ENEMY_KILL","is_daily":false,"chose_seed":false,"campfire_upgraded":8,"win_rate":0.0,"timestamp":1611523031,"path_taken":["M","?","?","$","M","E","?","$","T","?","E","M","M","E","R","BOSS","M","M","?","?","?","R","E","?","T","M","M","AVR","M","M","R","BOSS","M","?","?","?","M","R","E","M","T","?","R","E","R","M","R","BOSS","R","??","M","M","T","?","$","M","M","?","$","E","T","?","$","E","R","BOSS"],"items_purchased_type":["Card","Card","Relic","Relic","Relic","Relic","Relic","Card","Card","Potion","Card","Card","Card","Relic","Relic","Relic","Card","Card"],"build_version":"2020-12-22","purchased_purges":3,"victory":true,"max_hp_per_floor":[77,77,80,80,84,89,89,89,89,94,99,104,109,114,114,119,119,124,129,129,134,134,134,139,139,139,144,149,149,156,161,161,168,168,173,173,173,173,180,180,185,190,190,190,190,195,195,200,200,205,205,205,100,100,100,100,100,100,100,100,100,100,100,100,100,100,100,100,100],"card_choices":[{"not_picked":["BloodyMagicSquare","RedNightlessCastle"],"picked":"Ultimatum","floor":1},{"not_picked":["ForbiddenFruit","StarOfDavid","RedRainbow","DevilSight"],"picked":"Septette","floor":3},{"not_picked":["DevilSight","SuperhumanBloodyKnife","VampireSweep","BloodyTrap","DiffusionOfMisfortune"],"picked":"SKIP","floor":3},{"not_picked":["BloodHunter","ForbiddenFruit","BloodAndWine","NightDance"],"picked":"ScarletNetherworld","floor":5},{"not_picked":["MastersStateliness","NightDance","MillenniumVampire","VampireKiss"],"picked":"HeartBreak","floor":6},{"not_picked":["TH:CopperCoins","TH:PixieDust","TH:EnergyPotion","TH:Mimic"],"picked":"SKIP","floor":6},{"not_picked":["TH:EnergyPotion","TH:CopperCoins","TH:CursedSword","TH:BikiniMail"],"picked":"SKIP","floor":9},{"not_picked":["RedRainbow","BombardNight","EndlessAdversity","UnstableMagic"],"picked":"ScarletDream","floor":10},{"not_picked":["TH:Mimic","TH:ArmorSpikes","TH:EnergyPotion"],"picked":"TH:DeckOfManyThings","floor":11},{"not_picked":["Septette","BlasphemousPunishment","SuperhumanBloodyKnife","FavorOfDestiny"],"picked":"UnderTheZenith","floor":11},{"not_picked":["MastersStateliness","VampireKiss","CharismaGuard","VampirishNight"],"picked":"ScarletDevil","floor":12},{"not_picked":["VampireKiss","ScarletDevil","NightDance","RedRainbow"],"picked":"TricksterDevil","floor":12},{"not_picked":["MastersStateliness","FavorOfDestiny","VampireKiss","BloodAndWine"],"picked":"RedMagic","floor":13},{"not_picked":["AfternoonTea","LeisurelyOfLord","EndlessAdversity","ScarletDevilSign"],"picked":"Stigmanizer","floor":14},{"not_picked":["TH:CursedSword","TH:ArmorSpikes","TH:Mimic","TH:CopperCoins"],"picked":"SKIP","floor":14},{"not_picked":["ForecastOfChange","BloodyHallows","HellCatastrophe","TransientEternity"],"picked":"BatForm","floor":16},{"not_picked":["UnstableMagic+1","ScarletDevil+1","UnderTheZenith","AfternoonTea"],"picked":"ScarletImprint","floor":18},{"not_picked":["ScarletDevil","BombardNight","ScarletImprint+1","CharismaGuard"],"picked":"CeilingFear","floor":19},{"not_picked":["DiffusionOfMisfortune+1","RedMagic","NightDance","RedRainbow"],"picked":"ScarletSymphony","floor":21},{"not_picked":["EndlessAdversity","RedRainbow","AfternoonTea","FavorOfDestiny","NightDance"],"picked":"SKIP","floor":21},{"not_picked":["TH:PixieDust","TH:CopperCoins","TH:BikiniMail"],"picked":"TH:DeckOfManyThings","floor":24},{"not_picked":["DevilSight","BadLadyScramble","UnstableMagic","MastersStateliness"],"picked":"Maim","floor":24},{"not_picked":["TH:TreasureMap","TH:ElvenBoots","TH:BikiniMail","TH:Mimic"],"picked":"SKIP","floor":26},{"not_picked":["TH:ElvenBoots","TH:BikiniMail","TH:Mimic"],"picked":"TH:TreasureMap","floor":26},{"not_picked":["VampireKiss","ScarletSymphony+1","Ultimatum","Septette"],"picked":"ScarletDevil","floor":27},{"not_picked":["Stigmanizer","MastersStateliness+1","VampireKiss","ScarletDevilSign"],"picked":"ScarletDream+1","floor":28},{"not_picked":["BloodyMagicSquare","ScarletDevil+1","ScarletImprint+1","CeilingFear"],"picked":"TwelveNightmare","floor":30},{"not_picked":["ScarletDevilSign","BloodHunter","ScarletDevil","VampireSweep+1"],"picked":"UnstableMagic","floor":31},{"not_picked":["TH:BikiniMail","TH:TreasureMap","TH:ArmorSpikes"],"picked":"TH:DeckOfManyThings","floor":33},{"not_picked":["HellCatastrophe","TransientEternity","ChaoticDestiny","TricksterDevil"],"picked":"BloodRain","floor":33},{"not_picked":["AfternoonTea+1","ScarletDream+1","NightDance+1","VampireClaw"],"picked":"ScarletSymphony","floor":35},{"not_picked":["DiffusionOfMisfortune","FavorOfDestiny","ScarletDream","BlasphemousPunishment+1"],"picked":"CharismaGuard+1","floor":39},{"not_picked":["TH:BikiniMail","TH:CursedSword","TH:Mimic"],"picked":"TH:DeckOfManyThings","floor":41},{"not_picked":["UltimateOffering+1","ScarletImprint+1","ScarletDream+1","FavorOfDestiny"],"picked":"BatForm","floor":41},{"not_picked":["UnstableMagic+1","StarOfDavid+1","UnderTheZenith","DiffusionOfMisfortune"],"picked":"ScarletImprint+1","floor":42},{"not_picked":["TH:EnergyPotion","TH:CursedSword","TH:Mimic"],"picked":"TH:CopperCoins","floor":43},{"not_picked":["TH:CursedSword","TH:ArmorSpikes","TH:Mimic"],"picked":"TH:TreasureMap","floor":46},{"not_picked":["NightDance+1","DiffusionOfMisfortune","VampireKiss","VampireSweep+1"],"picked":"BloodRain","floor":46},{"not_picked":["AfternoonTea+1","ScarletDream+1","BlasphemousPunishment+1","MiserableFate+1"],"picked":"Stigmanizer+1","floor":48},{"not_picked":["DiffusionOfMisfortune","DevilSight+1"],"picked":"Septette","floor":54},{"not_picked":["UnstableMagic","BloodyTrap"],"picked":"Ultimatum","floor":55},{"not_picked":["TH:Mimic","TH:ArmorSpikes"],"picked":"SKIP","floor":56},{"not_picked":["ChaoticDestiny+1","HeartBreak+1"],"picked":"TransientEternity+1","floor":57},{"not_picked":["BloodyTrap","MastersStateliness"],"picked":"ScarletImprint","floor":59},{"not_picked":["BloodAndWine","BombardNight","BloodHunter+1"],"picked":"SKIP","floor":59},{"not_picked":["BombardNight+1","BloodHunter+1"],"picked":"MastersStateliness","floor":60},{"not_picked":["AfternoonTea","DiffusionOfMisfortune"],"picked":"VampirishNight","floor":63},{"not_picked":["TH:Mimic"],"picked":"TH:TreasureMap","floor":63},{"not_picked":["TH:ArmorSpikes","TH:PixieDust"],"picked":"SKIP","floor":64},{"not_picked":["ForbiddenFruit","FavorOfDestiny"],"picked":"ScarletSymphony+1","floor":67},{"not_picked":["TH:EnergyPotion","TH:BikiniMail"],"picked":"SKIP","floor":67}],"player_experience":484313,"relics_obtained":[{"floor":1,"key":"SynthV:TestCard"},{"floor":6,"key":"Replay:PocketPolymizer"},{"floor":11,"key":"Orichalcum"},{"floor":14,"key":"infinitespire:Beetle Shell"},{"floor":24,"key":"StuffTheSpire:Barrel"},{"floor":26,"key":"StSpp:SailingBoat"},{"floor":27,"key":"wanderingMiniBosses:CarrionFlame"},{"floor":41,"key":"infinitespire:Lucky Rock"},{"floor":43,"key":"reliquary:Boomerang"},{"floor":46,"key":"vexMod:FocusSash"},{"floor":53,"key":"animator:TheWolleyCore"},{"floor":53,"key":"animator:AncientMedallion"},{"floor":56,"key":"animator:AncientMedallion"},{"floor":63,"key":"animator:AncientMedallion"},{"floor":63,"key":"animator:AncientMedallion"},{"floor":64,"key":"animator:AncientMedallion"},{"floor":67,"key":"animator:AncientMedallion"}],"event_choices":[{"cards_removed":["Defend_RM"],"damage_healed":0,"gold_gain":0,"player_choice":"Offered Basic","damage_taken":0,"max_hp_gain":0,"max_hp_loss":0,"event_name":"Bonfire Elementals","floor":2,"gold_loss":0},{"damage_healed":0,"gold_gain":0,"player_choice":"1 cards matched","damage_taken":0,"max_hp_gain":0,"max_hp_loss":0,"event_name":"Match and Keep!","floor":7,"gold_loss":0,"cards_obtained":["MastersStateliness"]},{"damage_healed":0,"gold_gain":100,"player_choice":"Pray","damage_taken":0,"max_hp_gain":0,"max_hp_loss":0,"event_name":"Golden Shrine","floor":22,"gold_loss":0},{"damage_healed":0,"gold_gain":0,"player_choice":"2 cards matched","damage_taken":0,"max_hp_gain":0,"max_hp_loss":0,"event_name":"Match and Keep!","floor":25,"gold_loss":0,"cards_obtained":["DiffusionOfMisfortune","Discovery"]},{"damage_healed":0,"gold_gain":0,"player_choice":"2 cards matched","damage_taken":0,"max_hp_gain":0,"max_hp_loss":0,"event_name":"Match and Keep!","floor":25,"gold_loss":0,"cards_obtained":["DiffusionOfMisfortune","Discovery"]},{"damage_healed":0,"gold_gain":0,"player_choice":"2 cards matched","damage_taken":0,"max_hp_gain":0,"max_hp_loss":0,"event_name":"Match and Keep!","floor":25,"gold_loss":0,"cards_obtained":["DiffusionOfMisfortune","Discovery"]}],"is_beta":false,"boss_relics":[{"not_picked":["RhineCircuit","energizedSpire:SpiderWeb"],"picked":"conspire:RunicOctahedron"},{"not_picked":["Coffee Dripper","jedi:paperlyon"],"picked":"reliquary:RedPaperclip"}],"items_purged_floors":[29,37,37],"is_endless":false,"potions_floor_spawned":[3,6,10,11,14,18,21,24,27,31,39,42,54,60],"ascension_level":2}}