{"host":"c2bue2hyafvtxka5","time":1611504008,"event":{"mods":["BaseMod","Hermit","Minty Spire (QoL Compilation)","StSLib","The Cursed","The Disciple","The Necromancer","The Servant 0.9.4"],"gold_per_floor":[111,122,132,4,79,93,106,106,106,106,118,118,143,159,159,159,159],"floor_reached":16,"language":"ENG","playtime":790,"items_purged":["Strike_S"],"score":104,"play_id":"e2d5a35e-4562-41e9-8ed7-70b090b06dd1","local_time":"20210124110008","is_ascension_mode":false,"campfire_choices":[{"data":"Exchange","floor":8,"key":"SMITH"},{"floor":15,"key":"REST"}],"circlet_count":0,"master_deck":["Strike_S","Strike_S","Strike_S","Defend_S+1","Defend_S+1","Defend_S","Defend_S","KidneyShot","Exchange+1","Ricochet","Alleviate","Ricochet","ShatteredReality","Alleviate","SilverBlades+1","Hightail","RealityMarble"],"relics":["Uniform","War Paint","Strawberry","White Beast Statue","Regal Pillow"],"acts_visited":["Exordium"],"potions_floor_usage":[16,16,16],"damage_taken":[{"damage":0,"enemies":"Small Slimes","floor":1,"turns":3},{"damage":0,"enemies":"Jaw Worm","floor":2,"turns":5},{"damage":0,"enemies":"2 Louse","floor":3,"turns":3},{"damage":4,"enemies":"Large Slime","floor":6,"turns":6},{"damage":4,"enemies":"3 Louse","floor":7,"turns":2},{"damage":0,"enemies":"Looter","floor":11,"turns":3},{"damage":5,"enemies":"3 Sentries","floor":13,"turns":7},{"damage":11,"enemies":"Lots of Slimes","floor":14,"turns":4},{"damage":80,"enemies":"Hexaghost","floor":16,"turns":21}],"seed_played":"4696430922964796273","potions_obtained":[{"floor":1,"key":"SpeedPotion"},{"floor":6,"key":"Block Potion"},{"floor":7,"key":"Block Potion"},{"floor":13,"key":"Fire Potion"}],"is_trial":false,"path_per_floor":["M","M","M","$","?","M","M","R","T","T","M","?","E","M","R","B"],"character_chosen":"THE_SERVANT","items_purchased":["ShatteredReality"],"campfire_rested":1,"item_purchase_floors":[4],"current_hp_per_floor":[65,65,65,65,54,50,46,46,53,53,53,53,48,37,72,0,0],"gold":159,"neow_bonus":"RANDOM_COMMON_RELIC","is_daily":false,"chose_seed":false,"campfire_upgraded":1,"win_rate":0.0,"timestamp":1611504008,"path_taken":["M","M","M","$","?","M","M","R","T","?","M","?","E","M","R","BOSS"],"items_purchased_type":["Card"],"build_version":"2020-12-22","purchased_purges":1,"victory":false,"max_hp_per_floor":[65,65,65,65,65,65,65,65,72,72,72,72,72,72,72,72,72],"card_choices":[{"not_picked":["Moonlight","ShatteredReality"],"picked":"Ricochet","floor":1},{"not_picked":["Starlight","Rearm"],"picked":"Alleviate","floor":2},{"not_picked":["DoubleEdge","Solidify"],"picked":"Ricochet","floor":3},{"not_picked":["StarChef","Rewind","Collapse"],"picked":"SKIP","floor":6},{"not_picked":["Revamp","TimeWarp"],"picked":"Alleviate","floor":7},{"not_picked":["Rearm","GearUp"],"picked":"SilverBlades","floor":11},{"not_picked":["Foresight","StarChef"],"picked":"Hightail","floor":13},{"not_picked":["Unruled","WasteNot"],"picked":"RealityMarble","floor":14}],"player_experience":95214,"relics_obtained":[{"floor":9,"key":"Strawberry"},{"floor":10,"key":"White Beast Statue"},{"floor":13,"key":"Regal Pillow"}],"event_choices":[{"damage_healed":0,"gold_gain":75,"player_choice":"Gather Gold","damage_taken":11,"max_hp_gain":0,"max_hp_loss":0,"event_name":"World of Goop","floor":5,"gold_loss":0},{"damage_healed":0,"gold_gain":0,"player_choice":"Grow","damage_taken":0,"max_hp_gain":0,"max_hp_loss":0,"event_name":"Living Wall","floor":12,"gold_loss":0,"cards_upgraded":["SilverBlades"]}],"is_beta":false,"boss_relics":[],"items_purged_floors":[4],"is_endless":false,"potions_floor_spawned":[1,6,7,11,13,14],"killed_by":"Hexaghost","ascension_level":0}}