{"host":"nx6ib2o6hmd449ys","time":1611495453,"event":{"mods":["2.2 Compatiblity","Act Like it!","Arknights The Spire","Aspiration","BaseMod","BetterRewards","CCEM","Colorless Booster Pack","Conjunction","Conspire","Dota2Spire","Downfall","Energized Spire","Fox Events","Friendly Minions","Gensokyo","GifTheSpireLib","Halation","HornydragonMod","Hubris","Infinite Spire","Jedi Mod","Marisa????????","Minty Spire (QoL Compilation)","MostiFishMod","Quick Restart","RRrroohrrRGHHhhh!!","Rare Cards Sparkle","RatMod","Reliquary","Replay The Spire","RumiaBox-????????","Shop Mod","Small Relic Pack","Spicy Shops","Spikes Relics","Spire Arcade","StS++","StSLib","Stuff the Spire","TestMod","The Blue Laboratory","The Dragonkin","The Factory","The Jungle","Wandering Minibosses","Wide Potions","[IsaacMod]????","noobMod","sanctuary","vexMod","??????REMEMod"],"gold_per_floor":[111,188,198,198,198,229,263,273,298,324,324,337,367,383,383,486,486,501,501,501,520,535,36,36,18,18,18,815,1135,1135,1150,1150,1249,1249,1268,1001030,1041,1068,1068,1068,1068,1068,1084,1097,1114,1114,1114,1114],"floor_reached":50,"language":"ENG","playtime":2969,"items_purged":["Decay","StuffTheSpire:GnomedCurse","Writhe","jedi:frostbite"],"score":1077,"play_id":"5de1f54f-5894-4b4b-9bfa-15dd0c63578e","local_time":"20210124143733","is_ascension_mode":false,"campfire_choices":[{"data":"ReplayTheSpireMod:Faulty Equipment","floor":24,"key":"SMITH"},{"data":"theDragonkin:RevelationBreath","floor":27,"key":"SMITH"},{"data":"theDragonkin:MiasmicBreath","floor":32,"key":"SMITH"},{"data":"theDragonkin:GooGrip","floor":41,"key":"SMITH"},{"data":"StuffTheSpire:Vigor","floor":45,"key":"SMITH"},{"data":"theDragonkin:HolyFlask","floor":49,"key":"SMITH"}],"circlet_count":0,"master_deck":["theDragonkin:Strike","theDragonkin:Strike","theDragonkin:Strike","theDragonkin:Strike","theDragonkin:Defend","theDragonkin:Defend","theDragonkin:Defend","theDragonkin:Defend","theDragonkin:BlazingBreath","testmod-Wormhole+1","theDragonkin:FlameWard+1","theDragonkin:GooGrip+1","theDragonkin:SandBreath","StuffTheSpire:Perfection","StuffTheSpire:CelestialWarden+1","infinitespire:Gouge","theDragonkin:PlagueSwipe","theDragonkin:ChainsOfTruth","theDragonkin:FlameBreath","theDragonkin:HolyFlask+1","theDragonkin:AcidBreath","theDragonkin:MoltenBreath","theDragonkin:ShieldBash+1","theDragonkin:Smaugs_Smog+1","theDragonkin:RevelationBreath+1","theDragonkin:MiasmicBreath+1","StuffTheSpire:Brawn","theDragonkin:HolyWordBarrier","theDragonkin:HolyWordBarrier","theDragonkin:DivineStorm+1","theDragonkin:AncestralSeance+1","StuffTheSpire:Brawn","theDragonkin:HolySmite+1","theDragonkin:Ravage+1","StuffTheSpire:Vigor+1","theDragonkin:Sizzle+1"],"relics":["theDragonkin:GarnetScale","testmod-TestBox","ice","HushsDoor","DaveBox","REME_ComplimentaryCards","DeadEye","BrkXgEgg","testmod-Faith","reliquary:BrokenClock","StuffTheSpire:Saxophone","Bronze Scales","WingedGreaves","SynthV:TestCard","halation:EternalFortune","Dota2Spire:Vanguard","Void","reliquary:RosewoodLute","Dota2Spire:BladeMail","The Courier","SlaversCollar","GuppysHairball","infinitespire:Lucky Rock","aspiration:DSix","jedi:Pinwheel","jedi:arcanewood","HornCleat","infinitespire:PuzzleCube","wanderingMiniBosses:MasterThiefsPresence","DiscerningMonocle","HaiYi:Twilight","Cursed Key","Damocles","Juzu Bracelet","halation:QuantumPhysicsTextbook","halation:Jellyphish","rorgmod:The Boot","Toy Ornithopter","Simple Rune","GodSword6","StSpp:SailorCap","reliquary:TatteredRug","infinitespire:Broken Mirror","LugNut","hubris:Teleporter","MagicDraw1","MoreBug","Chameleon Ring","Dota2Spire:EtherealBlade","hubris:SphereOfDissonance","testmod-OneHitWonder","DeathBook","reliquary:OuijaBoard","aspiration:Lifesprig","infinitespire:Eraser","theDragonkin:MukySludge","CrustySpines","testmod-BlackFramedGlasses","StuffTheSpire:Mouthbags","RoseTintedShades","halation:KoshaPiece","testmod-ArcanaOfDestiny","Replay:Accelerometer","reliquary:Buckler","Onion Ring","jedi:shrinkray","Bag of Marbles","TheBean","infinitespire:EmpoweringShard","REME_LowDesire","Replay:Baseball","theDragonkin:EmberCore","StuffTheSpire:Experiment12","Bottled Flame","Replay:Wax Seal"],"acts_visited":["Exordium","Gensokyo:Gensokyo","Gensokyo:Gensokyoer"],"potions_floor_usage":[6,13,18,33,33],"damage_taken":[{"damage":3,"enemies":"Gensokyo:3_Fairies","floor":1,"turns":4},{"damage":2,"enemies":"Gensokyo:Gryphon","floor":3,"turns":2},{"damage":1,"enemies":"Gensokyo:Mamizou","floor":6,"turns":6},{"damage":0,"enemies":"Gensokyo:Cirno","floor":7,"turns":6},{"damage":0,"enemies":"Gensokyo:2_Kodama","floor":8,"turns":3},{"damage":0,"enemies":"Gensokyo:Aya","floor":10,"turns":5},{"damage":0,"enemies":"Gensokyo:2_Rabbits","floor":12,"turns":2},{"damage":0,"enemies":"Gensokyo:Cirno","floor":13,"turns":5},{"damage":0,"enemies":"Gensokyo:3_Kodama","floor":14,"turns":2},{"damage":0,"enemies":"Gensokyo:Reimu","floor":16,"turns":4},{"damage":0,"enemies":"Gensokyo:3_Dogs","floor":18,"turns":4},{"damage":0,"enemies":"Gensokyo:AngelMirror","floor":21,"turns":2},{"damage":0,"enemies":"Gensokyo:Wraith","floor":22,"turns":3},{"damage":2,"enemies":"Gensokyo:Chomper_and_Gloop","floor":28,"turns":11},{"damage":2,"enemies":"Gensokyo:Slime_Group","floor":29,"turns":4},{"damage":0,"enemies":"Gensokyo:Wraith","floor":31,"turns":5},{"damage":0,"enemies":"Gensokyo:Eiki","floor":33,"turns":6},{"damage":0,"enemies":"Gensokyo:3_Bats","floor":35,"turns":2},{"damage":0,"enemies":"Gensokyo:AncientGuardian","floor":38,"turns":2},{"damage":0,"enemies":"Nightmare","floor":40,"turns":2},{"damage":0,"enemies":"Gensokyo:AtlasGolem","floor":46,"turns":2},{"damage":0,"enemies":"Gensokyo:Dusk_and_Dawn","floor":47,"turns":2},{"damage":0,"enemies":"Gensokyo:3_Boulders","floor":48,"turns":1},{"damage":1,"enemies":"Gensokyo:Scarlet_Devils","floor":50,"turns":6}],"seed_played":"332140509218153991","potions_obtained":[{"floor":1,"key":"Fire Potion"},{"floor":3,"key":"Energy Potion"},{"floor":7,"key":"blueLaboratory:HummingbirdPotion"},{"floor":8,"key":"GamblersBrew"},{"floor":22,"key":"Adrenaline Potion"},{"floor":28,"key":"blueLaboratory:HeartbeatPotion"},{"floor":46,"key":"LiquidMemories"}],"is_trial":false,"path_per_floor":["M","?","M","?","?","E","E","M","T","E","T","M","E","M","R","B",null,"M","?","?","M","M","$","R","COS","T","R","M","M","AVR","M","R","B",null,"M","$","M","NM","R","T","AVR","R","M","M","M","R","B"],"character_chosen":"THE_DRAGONKIN","items_purchased":["reliquary:BrokenClock","StuffTheSpire:Saxophone","Bronze Scales","hubris:SlimyHat","GuppysHairball","aspiration:DSix","jedi:Pinwheel","jedi:arcanewood","HornCleat","Damocles","halation:QuantumPhysicsTextbook","halation:Jellyphish","rorgmod:The Boot","Toy Ornithopter","Simple Rune","GodSword6","StSpp:SailorCap","reliquary:TatteredRug","infinitespire:Broken Mirror","LugNut","hubris:Teleporter","MagicDraw1","MoreBug","Chameleon Ring","Dota2Spire:EtherealBlade","hubris:SphereOfDissonance","testmod-OneHitWonder","DeathBook","reliquary:OuijaBoard","aspiration:Lifesprig","infinitespire:Eraser","theDragonkin:MukySludge","CrustySpines","testmod-BlackFramedGlasses","StuffTheSpire:Mouthbags","RoseTintedShades","halation:KoshaPiece","testmod-ArcanaOfDestiny","Replay:Accelerometer","reliquary:Buckler","Onion Ring"],"campfire_rested":0,"item_purchase_floors":[0,0,0,0,17,23,23,23,23,34,36,36,36,36,36,36,36,36,36,36,36,36,36,36,36,36,36,36,36,36,36,36,36,36,36,36,36,36,36,36,36],"current_hp_per_floor":[42,27,25,28,28,27,27,27,27,27,27,30,30,30,30,30,81,81,66,74,74,74,74,74,74,74,74,72,70,70,70,70,70,71,71,71,71,71,71,71,71,71,71,71,71,71,71,71],"gold":1114,"neow_bonus":"","is_daily":false,"chose_seed":false,"campfire_upgraded":6,"win_rate":0.0,"timestamp":1611495453,"path_taken":["M","?","?","?","?","E","E","M","T","E","?","M","E","M","R","BOSS","M","?","?","M","?","$","R","COS","T","R","?","M","AVR","M","R","BOSS","M","$","M","NM","R","T","AVR","?","M","M","M","R","BOSS"],"items_purchased_type":["Relic","Relic","Relic","Relic","Relic","Relic","Relic","Relic","Relic","Relic","Relic","Relic","Relic","Relic","Relic","Relic","Relic","Relic","Relic","Relic","Relic","Relic","Relic","Relic","Relic","Relic","Relic","Relic","Relic","Relic","Relic","Relic","Relic","Relic","Relic","Relic","Relic","Relic","Relic","Relic","Relic"],"build_version":"2020-12-13","purchased_purges":4,"victory":false,"max_hp_per_floor":[85,85,85,88,88,88,88,88,88,88,88,91,91,91,91,91,81,81,81,81,81,81,81,81,81,81,81,81,81,81,81,81,81,71,71,71,71,71,71,71,71,71,71,71,71,71,71,71],"card_choices":[{"not_picked":[],"picked":"ChaosCard","floor":0},{"not_picked":["theDragonkin:DivineFire","theDragonkin:SlowBurn"],"picked":"theDragonkin:GooGrip","floor":1},{"not_picked":["theDragonkin:EmberSwipe","theDragonkin:FlameWard","theDragonkin:CorrosiveBelch","theDragonkin:DivineJolt"],"picked":"theDragonkin:SandBreath","floor":3},{"not_picked":["Replay:Fractal Strike","infinitespire:Execution"],"picked":"infinitespire:Gouge","floor":5},{"not_picked":["theDragonkin:FlameWard","theDragonkin:HolyWordBarrier","theDragonkin:Flashpoint","theDragonkin:Condemnation+1"],"picked":"theDragonkin:PlagueSwipe","floor":6},{"not_picked":["theDragonkin:DivineJolt","theDragonkin:LightArmor","theDragonkin:PrismaticBreath","theDragonkin:SandBreath"],"picked":"theDragonkin:ChainsOfTruth","floor":7},{"not_picked":["theDragonkin:PlagueSwipe","theDragonkin:HolyWordBarrier","theDragonkin:DivineJolt","theDragonkin:SandBreath"],"picked":"theDragonkin:FlameBreath","floor":8},{"not_picked":["theDragonkin:SlowBurn","theDragonkin:FlameBreath","theDragonkin:HolyShock","theDragonkin:PrismaticBreath"],"picked":"theDragonkin:HolyFlask","floor":10},{"not_picked":["theDragonkin:DivineFire","theDragonkin:DivineVision","theDragonkin:FlameWard","theDragonkin:EmberSwipe"],"picked":"theDragonkin:AcidBreath","floor":12},{"not_picked":["theDragonkin:AcidArmor","theDragonkin:PrismaticBreath","theDragonkin:ShieldGlare","theDragonkin:EmberSwipe"],"picked":"theDragonkin:MoltenBreath","floor":13},{"not_picked":["theDragonkin:DivineBreath","theDragonkin:MoltenBreath","theDragonkin:DivinePrayer","theDragonkin:ControlledBreath"],"picked":"theDragonkin:ShieldBash+1","floor":14},{"not_picked":["theDragonkin:Condemnation+1","theDragonkin:Detox+1","theDragonkin:CrusaderForm+1","theDragonkin:FlashofLight+1"],"picked":"theDragonkin:Smaugs_Smog+1","floor":16},{"not_picked":["theDragonkin:HallowedGround","theDragonkin:ControlledBreath","theDragonkin:DivineJolt","theDragonkin:AcidBreath","theDragonkin:MagnussCorona"],"picked":"SKIP","floor":18},{"not_picked":["theDragonkin:CrusaderForm+1","theDragonkin:HolyBarrier","theDragonkin:StormFront","theDragonkin:BurningRage"],"picked":"theDragonkin:RevelationBreath","floor":21},{"not_picked":["theDragonkin:FlameBreath+1","theDragonkin:VoiceofOrder","theDragonkin:EmberSwipe","theDragonkin:DivineFire"],"picked":"theDragonkin:MiasmicBreath","floor":22},{"not_picked":["theDragonkin:ChainsOfTruth","theDragonkin:HolyWordBarrier+1","theDragonkin:FlashofLight+1","theDragonkin:DivineFire","theDragonkin:MoltenBreath"],"picked":"SKIP","floor":28},{"not_picked":["theDragonkin:FlameBreath","theDragonkin:MoltenBreath","theDragonkin:VoiceofOrder","theDragonkin:AcidRain+1"],"picked":"theDragonkin:HolyWordBarrier","floor":29},{"not_picked":["theDragonkin:MiasmicBreath","theDragonkin:FlameBreath+1","theDragonkin:DivineBreath","theDragonkin:SandBreath+1"],"picked":"theDragonkin:HolyWordBarrier","floor":31},{"not_picked":["theDragonkin:AshenArmor+1","theDragonkin:BurnAfterReading+1","theDragonkin:CinderStorm+1","theDragonkin:Condemnation+1"],"picked":"theDragonkin:DivineStorm+1","floor":33},{"not_picked":["theDragonkin:ControlledBreath","theDragonkin:CorrosiveBelch+1","theDragonkin:VoiceofOrder+1","theDragonkin:MiasmicBreath"],"picked":"theDragonkin:AncestralSeance+1","floor":35},{"not_picked":["theDragonkin:RevelationBreath+1","theDragonkin:ControlledBreath","theDragonkin:DeepBreath+1","theDragonkin:AcidBreath+1","theDragonkin:DivineFire"],"picked":"SKIP","floor":38},{"not_picked":["theDragonkin:DivineJolt+1","theDragonkin:AcidArmor","theDragonkin:CinderStorm+1","theDragonkin:Ashfall"],"picked":"theDragonkin:Ravage+1","floor":40},{"not_picked":["theDragonkin:HolyWordBarrier","theDragonkin:GooGrip","theDragonkin:ShieldGlare+1","theDragonkin:AcidBreath","testmod-ConditionedReflex"],"picked":"theDragonkin:Sizzle+1","floor":46},{"not_picked":["theDragonkin:DivineFire","theDragonkin:DeepBreath+1","theDragonkin:ControlledBreath+1","theDragonkin:DivineBreath","theDragonkin:DivineJolt","Chrysalis+1"],"picked":"SKIP","floor":47},{"not_picked":["theDragonkin:HammerOfWrath+1","theDragonkin:HolyShock","theDragonkin:BurningRage+1","theDragonkin:StormFront","theDragonkin:TwinBreath+1","Dramatic Entrance+1"],"picked":"SKIP","floor":48}],"player_experience":349269,"relics_obtained":[{"floor":1,"key":"SynthV:TestCard"},{"floor":6,"key":"Dota2Spire:Vanguard"},{"floor":7,"key":"Void"},{"floor":9,"key":"reliquary:RosewoodLute"},{"floor":10,"key":"Dota2Spire:BladeMail"},{"floor":12,"key":"halation:EternalFortune"},{"floor":13,"key":"The Courier"},{"floor":26,"key":"infinitespire:PuzzleCube"},{"floor":28,"key":"wanderingMiniBosses:MasterThiefsPresence"},{"floor":35,"key":"Juzu Bracelet"},{"floor":38,"key":"jedi:shrinkray"},{"floor":40,"key":"Bag of Marbles"},{"floor":40,"key":"TheBean"},{"floor":43,"key":"infinitespire:EmpoweringShard"},{"floor":44,"key":"Replay:Baseball"},{"floor":44,"key":"theDragonkin:EmberCore"},{"floor":46,"key":"StuffTheSpire:Experiment12"},{"floor":47,"key":"Bottled Flame"},{"floor":48,"key":"Replay:Wax Seal"}],"event_choices":[],"is_beta":false,"boss_relics":[{"not_picked":["relicPack:KazumaCape","StSpp:FireArrow"],"picked":"SlaversCollar"},{"not_picked":[]},{"not_picked":["halation:SmartPhone","JellyFishMachine"],"picked":"Cursed Key"},{"not_picked":[]}],"items_purged_floors":[23,30,36,44],"is_endless":true,"potions_floor_spawned":[1,3,7,8,10,22,28,31,46,47],"killed_by":"Gensokyo:Scarlet_Devils","ascension_level":0}}