{"host":"609l7sx3bs4zmbf1","time":1611467541,"event":{"mods":["AchievementEnabler","Aspiration","BaseMod","Bestiary","Better Altar","Better Match","Better Note","Better Sensory Stone","Better Skull","Better Third Choice","BetterRewards","Conspire","GifTheSpireLib","Hero for Fun","Hubris","Minty Spire (QoL Compilation)","Rare Cards Sparkle","Spicy Shops","StSLib","Stuff the Spire","The Blue Laboratory","Uncapped","Waifu the Spire","vexMod"],"gold_per_floor":[115,126,101,101,119,0,0,0,46,60,79,95,110,135,135,238,238,251,251,264,264,453,453,480,517,544,565,565,599,33,59,59,173,173,192,192,218,123,140,140,140,140],"floor_reached":41,"language":"ENG","playtime":3653,"items_purged":[],"score":450,"play_id":"c93a33b3-537a-4998-a255-81117d97fb20","local_time":"20210123235221","is_ascension_mode":false,"campfire_choices":[{"floor":8,"key":"RECALL"},{"data":"Zap","floor":15,"key":"SMITH"},{"data":"Chill","floor":23,"key":"SMITH"},{"floor":28,"key":"REST"},{"floor":32,"key":"REST"},{"data":"Rainbow","floor":40,"key":"SMITH"}],"circlet_count":0,"master_deck":["Strike_B","Strike_B","Strike_B","Strike_B","Defend_B","Defend_B","Defend_B","Defend_B","Zap+1","Dualcast","StuffTheSpire:Coldhearted","Cold Snap","Glacier","Enlightenment","Chill","hubris:Ukulele","conspire:Rain","Rip and Tear+1","Biased Cognition","Ball Lightning","Redo+1","Strike_B","Strike_B","Strike_B","Defend_B","Defend_B","Defend_B","Defend_B","Zap+1","Dualcast","StuffTheSpire:Coldhearted","Cold Snap+1","Glacier","Enlightenment","Chill+1","hubris:Ukulele","conspire:Rain","Rip and Tear","Biased Cognition","Ball Lightning","Redo+1","Hello World","Conserve Battery","Barrage","Lockon+1","Rainbow+1","Machine Learning","Turbo+1","Barrage"],"relics":["Cracked Core","aspiration:Nostalgia","PureWater","Omamori","StuffTheSpire:GrapeVine","aspiration:SecretTechniqueScroll","CeramicFish","Whetstone","StuffTheSpire:ColdMirror","StuffTheSpire:Gunfinga","HandDrill","Toy Ornithopter","Singing Bowl"],"acts_visited":["Exordium","TheCity","TheBeyond"],"potions_floor_usage":[5,10,11,11,16,16,27,31,31,31,39,41,41],"damage_taken":[{"damage":7,"enemies":"Small Slimes","floor":1,"turns":3},{"damage":0,"enemies":"Cultist","floor":2,"turns":3},{"damage":0,"enemies":"2 Louse","floor":5,"turns":2},{"damage":0,"enemies":"Lots of Slimes","floor":10,"turns":6},{"damage":0,"enemies":"Exordium Wildlife","floor":11,"turns":5},{"damage":3,"enemies":"Blue Slaver","floor":12,"turns":3},{"damage":10,"enemies":"Gremlin Gang","floor":13,"turns":5},{"damage":4,"enemies":"Slime Boss","floor":16,"turns":17},{"damage":1,"enemies":"Shell Parasite","floor":18,"turns":6},{"damage":9,"enemies":"2 Thieves","floor":20,"turns":4},{"damage":26,"enemies":"Snake Plant","floor":24,"turns":5},{"damage":1,"enemies":"Book of Stabbing","floor":25,"turns":5},{"damage":4,"enemies":"3 Cultists","floor":27,"turns":6},{"damage":48,"enemies":"Slavers","floor":29,"turns":6},{"damage":0,"enemies":"Chosen and Byrds","floor":31,"turns":4},{"damage":52,"enemies":"hubris:MusketHawk","floor":33,"turns":7},{"damage":0,"enemies":"3 Shapes","floor":35,"turns":4},{"damage":6,"enemies":"Orb Walker","floor":37,"turns":3},{"damage":9,"enemies":"Writhing Mass","floor":39,"turns":6},{"damage":104,"enemies":"Giant Head","floor":41,"turns":9}],"seed_played":"8282479357185402901","potions_obtained":[{"floor":1,"key":"ColorlessPotion"},{"floor":4,"key":"blueLaboratory:ExaltedPotion"},{"floor":4,"key":"Weak Potion"},{"floor":5,"key":"blueLaboratory:BottleOfVodka"},{"floor":10,"key":"Strength Potion"},{"floor":12,"key":"blueLaboratory:FrostheartPotion"},{"floor":24,"key":"CultistPotion"},{"floor":29,"key":"Fire Potion"},{"floor":33,"key":"blueLaboratory:BottledHope"},{"floor":35,"key":"conspire:TimeTravelPotion"},{"floor":39,"key":"Fire Potion"}],"is_trial":false,"path_per_floor":["M","M","?","?","M","?","?","R","T","M","M","M","M","T","R","B",null,"M","?","M","?","?","R","M","E","T","M","R","E","$","M","R","B",null,"M","?","M","?","M","R","E"],"character_chosen":"DEFECT","items_purchased":["StuffTheSpire:Gunfinga","HandDrill","Toy Ornithopter","Explosive Potion","Weak Potion"],"campfire_rested":2,"item_purchase_floors":[30,30,30,30,30],"current_hp_per_floor":[68,68,68,68,68,74,78,78,78,78,78,75,65,65,65,61,81,80,80,71,71,71,71,45,44,44,40,64,16,16,31,55,3,81,81,81,75,75,73,73,0,0],"gold":140,"neow_bonus":"NOSTALGIA","is_daily":false,"chose_seed":false,"campfire_upgraded":3,"win_rate":0.0,"timestamp":1611467541,"path_taken":["M","M","?","?","?","?","?","R","T","?","M","M","M","?","R","BOSS","M","?","M","?","?","R","M","E","T","M","R","E","$","?","R","BOSS","M","?","M","?","M","R","E"],"items_purchased_type":["Relic","Relic","Relic","Potion","Potion"],"build_version":"2020-12-22","purchased_purges":0,"victory":false,"max_hp_per_floor":[75,75,75,75,75,81,81,81,81,81,81,81,81,81,81,81,81,81,81,81,81,81,81,81,81,81,81,81,81,81,81,81,81,81,81,81,81,81,83,83,83,83],"card_choices":[{"not_picked":["Hello World","Glacier"],"picked":"StuffTheSpire:Coldhearted","floor":1},{"not_picked":["StuffTheSpire:ShieldGenerator","Gash"],"picked":"Cold Snap","floor":2},{"not_picked":["Gash","Sweeping Beam"],"picked":"Glacier","floor":5},{"not_picked":["Self Repair","StuffTheSpire:Plugnplay"],"picked":"Chill","floor":10},{"not_picked":["Tempest","Turbo"],"picked":"hubris:Ukulele","floor":11},{"not_picked":["FTL","Conserve Battery"],"picked":"conspire:Rain","floor":12},{"not_picked":["Turbo","Stack"],"picked":"Rip and Tear","floor":13},{"not_picked":["StuffTheSpire:ForEach","Thunder Strike"],"picked":"Biased Cognition","floor":16},{"not_picked":["Conserve Battery","Streamline"],"picked":"Ball Lightning","floor":18},{"not_picked":["Darkness+1","Coolheaded"],"picked":"Redo+1","floor":20},{"not_picked":["StuffTheSpire:ShieldGenerator","StuffTheSpire:LoadUp"],"picked":"Hello World","floor":24},{"not_picked":["Cold Snap+1","StuffTheSpire:Plugnplay"],"picked":"Conserve Battery","floor":25},{"not_picked":["Compile Driver","Coolheaded"],"picked":"Barrage","floor":27},{"not_picked":["Barrage","Consume"],"picked":"Lockon+1","floor":29},{"not_picked":["StuffTheSpire:Plugnplay","Rebound"],"picked":"Rainbow","floor":31},{"not_picked":["Thunder Strike","Meteor Strike"],"picked":"Machine Learning","floor":33},{"not_picked":["Recycle","Go for the Eyes"],"picked":"Turbo+1","floor":35},{"not_picked":["Cold Snap","Redo"],"picked":"Barrage","floor":37},{"not_picked":["Doom and Gloom+1","Compile Driver","StuffTheSpire:Plugnplay"],"picked":"Singing Bowl","floor":39}],"player_experience":413590,"relics_obtained":[{"floor":9,"key":"Omamori"},{"floor":14,"key":"StuffTheSpire:GrapeVine"},{"floor":25,"key":"Whetstone"},{"floor":29,"key":"StuffTheSpire:ColdMirror"}],"event_choices":[{"damage_healed":0,"gold_gain":0,"player_choice":"Got Potions","damage_taken":0,"max_hp_gain":0,"max_hp_loss":0,"event_name":"Lab","floor":4,"gold_loss":0},{"damage_healed":0,"gold_gain":0,"player_choice":"RENOUNCE","damage_taken":119,"max_hp_gain":0,"max_hp_loss":0,"event_name":"betterThird:BetterSerpent","floor":6,"gold_loss":119,"cards_obtained":["Enlightenment"]},{"damage_healed":4,"gold_gain":0,"player_choice":"LEAVE ","damage_taken":0,"relics_obtained":[],"max_hp_gain":0,"max_hp_loss":0,"event_name":"betterSkull:BetterSkull","floor":7,"gold_loss":0,"cards_upgraded":[]},{"cards_removed":["Enlightenment"],"damage_healed":0,"gold_gain":0,"player_choice":"Give","damage_taken":0,"max_hp_gain":0,"max_hp_loss":0,"event_name":"betterNote:BetterNote","floor":19,"gold_loss":0,"cards_obtained":["None"]},{"damage_healed":0,"gold_gain":0,"player_choice":"Opened","damage_taken":0,"relics_obtained":["CeramicFish"],"max_hp_gain":0,"max_hp_loss":0,"event_name":"The Mausoleum","floor":21,"gold_loss":0,"cards_obtained":["Writhe"]},{"cards_removed":["Strike_B"],"damage_healed":0,"gold_gain":0,"player_choice":"Removed Attack","damage_taken":0,"max_hp_gain":0,"max_hp_loss":0,"event_name":"Falling","floor":36,"gold_loss":0},{"damage_healed":0,"gold_gain":0,"player_choice":"Paid Gold","damage_taken":0,"relics_obtained":["Singing Bowl"],"max_hp_gain":0,"max_hp_loss":0,"event_name":"WeMeetAgain","floor":38,"gold_loss":95}],"is_beta":false,"boss_relics":[{"not_picked":["Fusion Hammer","hubris:TerracottaHorce"],"picked":"aspiration:SecretTechniqueScroll"},{"not_picked":["hubris:BlackHole","Coffee Dripper","Velvet Choker"]}],"items_purged_floors":[],"is_endless":false,"potions_floor_spawned":[1,5,10,12,24,29,33,35,39],"killed_by":"Giant Head","ascension_level":0}}