{"host":"06zl5b70p3f7ye3v","time":1611452482,"event":{"mods":["AchievementEnabler","BaseMod","Colored Map","Curses Come First","Minty Spire (QoL Compilation)","StSLib","SuperFastMode"],"gold_per_floor":[109,119,119,133,149,176,176,226,226,253,2,22,40,56,56,56,56],"floor_reached":16,"language":"ENG","playtime":455,"items_purged":[],"score":228,"play_id":"d138ef63-e5bb-440a-a51b-da4d64f5d6ed","local_time":"20210123204122","is_ascension_mode":true,"campfire_choices":[{"data":"Fiend Fire","floor":7,"key":"SMITH"},{"data":"Armaments","floor":15,"key":"SMITH"}],"circlet_count":0,"master_deck":["AscendersBane","Strike_R","Strike_R","Strike_R","Strike_R","Strike_R","Defend_R","Defend_R","Defend_R","Defend_R","Bash","Cleave","Carnage","Second Wind","Perfected Strike","Fiend Fire+1","Combust","Armaments+1","Uppercut","Hemokinesis","Rampage","Armaments","Double Tap"],"relics":["Burning Blood","Sundial","Prayer Wheel","Turnip","Orichalcum"],"acts_visited":["Exordium"],"potions_floor_usage":[1,10,12,14,14,16],"damage_taken":[{"damage":4,"enemies":"Small Slimes","floor":1,"turns":4},{"damage":6,"enemies":"Cultist","floor":2,"turns":3},{"damage":7,"enemies":"2 Louse","floor":4,"turns":3},{"damage":21,"enemies":"Exordium Wildlife","floor":5,"turns":3},{"damage":20,"enemies":"3 Sentries","floor":6,"turns":8},{"damage":35,"enemies":"Lagavulin","floor":10,"turns":5},{"damage":12,"enemies":"Large Slime","floor":12,"turns":4},{"damage":7,"enemies":"Gremlin Gang","floor":13,"turns":3},{"damage":2,"enemies":"Blue Slaver","floor":14,"turns":2},{"damage":29,"enemies":"Hexaghost","floor":16,"turns":7}],"seed_played":"-1348838613573737296","potions_obtained":[{"floor":1,"key":"Fruit Juice"},{"floor":6,"key":"Strength Potion"},{"floor":10,"key":"Weak Potion"},{"floor":13,"key":"ColorlessPotion"},{"floor":14,"key":"EssenceOfSteel"}],"is_trial":false,"path_per_floor":["M","M","?","M","M","E","R","?","T","E","$","M","M","M","R","B"],"character_chosen":"IRONCLAD","items_purchased":["Orichalcum","Armaments","Block Potion"],"campfire_rested":0,"item_purchase_floors":[11,11,11],"current_hp_per_floor":[82,82,87,86,71,57,57,57,57,28,28,22,21,25,25,0,0],"gold":56,"neow_bonus":"TEN_PERCENT_HP_BONUS","is_daily":false,"chose_seed":false,"campfire_upgraded":2,"win_rate":0.0,"timestamp":1611452482,"path_taken":["M","M","?","M","M","E","R","?","T","E","$","M","M","M","R","BOSS"],"items_purchased_type":["Relic","Card","Potion"],"build_version":"2020-12-22","purchased_purges":0,"victory":false,"max_hp_per_floor":[87,87,92,92,92,92,92,92,92,92,92,92,92,92,92,92,92],"card_choices":[{"not_picked":["Disarm","Havoc"],"picked":"Cleave","floor":1},{"not_picked":["Metallicize","Evolve"],"picked":"Carnage","floor":2},{"not_picked":["Sword Boomerang","Iron Wave"],"picked":"Second Wind","floor":4},{"not_picked":["Metallicize","Iron Wave"],"picked":"Perfected Strike","floor":5},{"not_picked":["Disarm","True Grit"],"picked":"Fiend Fire","floor":6},{"not_picked":["Blood for Blood","Heavy Blade"],"picked":"Combust","floor":10},{"not_picked":["Iron Wave","Anger"],"picked":"Uppercut","floor":12},{"not_picked":["Sword Boomerang","Infernal Blade"],"picked":"Hemokinesis","floor":12},{"not_picked":["Perfected Strike","Cleave"],"picked":"Rampage","floor":13},{"not_picked":["Anger","Warcry","Iron Wave"],"picked":"SKIP","floor":13},{"not_picked":["Rupture","Clothesline"],"picked":"Armaments","floor":14},{"not_picked":["Entrench","Armaments"],"picked":"Double Tap","floor":14}],"player_experience":990049,"relics_obtained":[{"floor":6,"key":"Sundial"},{"floor":9,"key":"Prayer Wheel"},{"floor":10,"key":"Turnip"}],"event_choices":[{"damage_healed":0,"gold_gain":0,"player_choice":"Donut","damage_taken":0,"max_hp_gain":5,"max_hp_loss":0,"event_name":"Big Fish","floor":3,"gold_loss":0},{"damage_healed":0,"gold_gain":50,"player_choice":"Pray","damage_taken":0,"max_hp_gain":0,"max_hp_loss":0,"event_name":"Golden Shrine","floor":8,"gold_loss":0}],"is_beta":false,"boss_relics":[],"items_purged_floors":[],"is_endless":false,"potions_floor_spawned":[1,6,10,13,14],"killed_by":"Hexaghost","ascension_level":20}}