{"host":"z89hp9g41jphfk9d","time":1611458311,"event":{"mods":["Act Like it!","BaseMod","Gensokyo","GifTheSpireLib","Gremlin Mod","HololiveMod","KinomotoSakuraMod(ƒæ÷Æ±æ”£)","LagranYue(¿≠∏Ò¿ °§‘¬)","Luminous","Marisa£®ÏF”Í°°ƒß¿Ì…≥£©","Minty Spire (QoL Compilation)","Reimu£®≤©¿ˆ¡È√Œ£©","Replay The Spire","Spicy Shops","StSLib","The Bug Knight","The Construct","The Cursed","The Servant 0.9.4","Yakumo Yukari mod"],"gold_per_floor":[117,132,64,75,94,94,126,21,71,101,113,113,113,127,127,127,127],"floor_reached":16,"language":"ZHS","playtime":1098,"items_purged":[],"score":112,"play_id":"e83e8d00-de5a-4f9c-9cbc-48951ab92db6","local_time":"20210124111831","is_ascension_mode":false,"campfire_choices":[{"data":"Gremlin:Mockery","floor":6,"key":"SMITH"}],"circlet_count":0,"master_deck":["Gremlin:Strike","Gremlin:Strike","Gremlin:Strike","Gremlin:Defend","Gremlin:Defend","Gremlin:Defend","Gremlin:Defend","Gremlin:TagTeam","Gremlin:GremlinDance","Dark Shackles","Gremlin:Jeer","Gremlin:Tricksy","Gremlin:ArmsTheft","Gremlin:Mockery+1","Gremlin:GremlinMeal","Gremlin:FollowThrough","Gremlin:Enthusiasm","Gremlin:Irritability","Gremlin:FlipOut","Gremlin:PourSalt"],"relics":["Gremlin:GremlinKnob","LagranYue:RandomDrawCardRelic","The Courier","Gremlin:StolenMerchandise","Strawberry","Juzu Bracelet"],"acts_visited":["Gensokyo:Gensokyo"],"potions_floor_usage":[11,14,16,16],"damage_taken":[{"damage":0,"enemies":"Gensokyo:3_Fairies","floor":1,"turns":4},{"damage":7,"enemies":"Gensokyo:2_Kodama","floor":2,"turns":4},{"damage":5,"enemies":"Gensokyo:Gryphon","floor":4,"turns":4},{"damage":9,"enemies":"Gensokyo:CorruptedTreant","floor":5,"turns":4},{"damage":82,"enemies":"Gensokyo:Mamizou","floor":7,"turns":14},{"damage":6,"enemies":"Gensokyo:Cirno","floor":10,"turns":8},{"damage":10,"enemies":"Gensokyo:Kitsune","floor":11,"turns":3},{"damage":5,"enemies":"Gensokyo:VengefulSpirit","floor":14,"turns":5},{"damage":56,"enemies":"Gensokyo:Yukari","floor":16,"turns":9}],"seed_played":"-8420253945617971696","potions_obtained":[{"floor":4,"key":"Regen Potion"},{"floor":10,"key":"Explosive Potion"},{"floor":11,"key":"Dexterity Potion"},{"floor":14,"key":"Energy Potion"}],"is_trial":false,"path_per_floor":["M","M","$","M","M","R","E","$","T","E","M","R","?","M","R","B"],"character_chosen":"GREMLIN","items_purchased":["Gremlin:ArmsTheft","Gremlin:StolenMerchandise","Gremlin:Enthusiasm","Gremlin:Irritability"],"campfire_rested":0,"item_purchase_floors":[3,8,8,8],"current_hp_per_floor":[20,17,17,15,15,15,17,17,19,14,4,4,4,7,7,0,0],"gold":127,"neow_bonus":"RANDOM_COLORLESS","is_daily":false,"chose_seed":false,"campfire_upgraded":1,"win_rate":0.0,"timestamp":1611458311,"path_taken":["M","M","$","M","M","R","E","$","T","E","M","R","?","M","R","BOSS"],"items_purchased_type":["Card","Relic","Card","Card"],"build_version":"2020-12-22","purchased_purges":0,"victory":false,"max_hp_per_floor":[20,20,20,20,20,20,20,20,22,22,22,21,21,21,20,20,20],"card_choices":[{"not_picked":["Purity","Forethought"],"picked":"Dark Shackles","floor":0},{"not_picked":["Gremlin:Dazzle","Gremlin:GremlinArms"],"picked":"Gremlin:Jeer","floor":1},{"not_picked":["Gremlin:Changeo","Gremlin:DaggerDance"],"picked":"Gremlin:Tricksy","floor":2},{"not_picked":["Gremlin:GlitterGuard","Gremlin:BurlyBlow"],"picked":"Gremlin:Mockery","floor":4},{"not_picked":["Gremlin:BulkUp","Gremlin:Presto"],"picked":"Gremlin:GremlinMeal","floor":5},{"not_picked":["Gremlin:PourSalt","Gremlin:GlitterGuard"],"picked":"Gremlin:FollowThrough","floor":7},{"not_picked":["Gremlin:TwistTheKnife","Gremlin:Pinprick"],"picked":"Gremlin:FlipOut","floor":10},{"not_picked":["Gremlin:Astound","Gremlin:Glimmer","Gremlin:ArmsTheft"],"picked":"SKIP","floor":11},{"not_picked":["Gremlin:FollowThrough","Gremlin:Irritability"],"picked":"Gremlin:PourSalt","floor":14}],"player_experience":108007,"relics_obtained":[{"floor":7,"key":"The Courier"},{"floor":9,"key":"Strawberry"},{"floor":10,"key":"Juzu Bracelet"}],"event_choices":[],"is_beta":false,"boss_relics":[],"items_purged_floors":[],"is_endless":false,"potions_floor_spawned":[4,10,11,14],"killed_by":"Gensokyo:Yukari","ascension_level":0}}