{"host":"ifd7sfhtlbe34qll","time":1611465547,"event":{"mods":["2.2 Compatiblity","Act Like it!","Bard","BaseMod","Beaked The Cultist","Block Reminder","Colored Map","Curses Come First","Downfall","Hermit","Highlight Path","Marisa（霧雨　魔理沙）","Minty Spire (QoL Compilation)","Potion Indicator Mod","Quick Restart","Random Character Button","Relic Stats","StSLib","Wide Potions"],"gold_per_floor":[117,132,145,145,168,181,256,299,299,77,77,117,135,11,11,137,137,152,112,137,152,152,152,188,188,237,273,273,273],"floor_reached":28,"language":"ENG","playtime":4717,"items_purged":["bard:Strike","bard:Strike"],"score":268,"play_id":"60eda7d5-68d9-4b36-a1db-45f86f443705","local_time":"20210123231907","is_ascension_mode":false,"campfire_choices":[{"data":"bard:DiscordantVoice","floor":11.0,"key":"SMITH"},{"data":"bard:PrismaticSpray","floor":15.0,"key":"SMITH"},{"floor":23,"key":"REST"},{"floor":25,"key":"REST"}],"circlet_count":0,"master_deck":["bard:Defend","bard:Defend","bard:Riposte","bard:Inspire","bard:ViciousMockery","bard:Thunderwave","bard:PrismaticSpray+1","bard:EchoEcho","bard:DiscordantVoice+1","bard:GlyphOfWarding","bard:Accelerando","bard:MantleOfInspiration","bard:Sonata","bard:HarmoniousVoice","bard:EchoEcho","bard:Rhapsody","bard:DeathMetal+1","bard:DiscordantVoice+1","bard:StudiedStrike+1","bard:Fermata+1","bard:PhantasmalForce","bard:GreaterMagicWeapon","bard:Rest+1","bard:BucklerBash+1"],"relics":["bard:PitchPipe","bard:BagPipes","Golden Idol","Unceasing Top","Gambling Chip","Lizard Tail","Astrolabe","Girya","Orichalcum","Bottled Flame"],"acts_visited":["Exordium","TheCity"],"potions_floor_usage":[24,24],"damage_taken":[{"damage":0.0,"enemies":"Small Slimes","floor":1.0,"turns":3.0},{"damage":0.0,"enemies":"Jaw Worm","floor":2.0,"turns":3.0},{"damage":0.0,"enemies":"2 Louse","floor":3.0,"turns":3.0},{"damage":4.0,"enemies":"Red Slaver","floor":5.0,"turns":2.0},{"damage":9.0,"enemies":"3 Louse","floor":6.0,"turns":4.0},{"damage":5.0,"enemies":"Lagavulin","floor":8.0,"turns":5.0},{"damage":4.0,"enemies":"Gremlin Nob","floor":12.0,"turns":4.0},{"damage":10.0,"enemies":"Lots of Slimes","floor":13.0,"turns":3.0},{"damage":15.0,"enemies":"The Guardian","floor":16.0,"turns":11.0},{"damage":28.0,"enemies":"Shell Parasite","floor":18.0,"turns":4.0},{"damage":14.0,"enemies":"3 Byrds","floor":20.0,"turns":3.0},{"damage":20,"enemies":"Centurion and Healer","floor":21,"turns":7},{"damage":40,"enemies":"Book of Stabbing","floor":24,"turns":5},{"damage":55,"enemies":"Gremlin Leader","floor":27,"turns":8},{"damage":14,"enemies":"Snake Plant","floor":28,"turns":2}],"seed_played":"6250844923743821703","potions_obtained":[{"floor":2.0,"key":"Swift Potion"},{"floor":13.0,"key":"EssenceOfSteel"},{"floor":16.0,"key":"Energy Potion"},{"floor":19.0,"key":"Energy Potion"},{"floor":19.0,"key":"Ancient Potion"},{"floor":19.0,"key":"Fire Potion"},{"floor":21,"key":"Regen Potion"}],"is_trial":false,"path_per_floor":["M","M","M","?","M","M","?","E","T","$","R","E","M","$","R","B",null,"M","?","M","M","?","R","E","R","T","E","M"],"character_chosen":"BARD","items_purchased":["bard:Accelerando","bard:MantleOfInspiration","bard:EchoEcho"],"campfire_rested":2,"item_purchase_floors":[10,10,14],"current_hp_per_floor":[77,77,77,71,67,58,47,42,42,42,42,38,28,28,28,13,71,43,43,29,9,9,30,4,25,25,11,0,0],"gold":273,"neow_bonus":"TEN_PERCENT_HP_BONUS","is_daily":false,"chose_seed":false,"campfire_upgraded":2,"win_rate":0.0,"timestamp":1611465547,"path_taken":["M","M","M","?","M","M","?","E","T","$","R","E","M","?","R","BOSS","M","?","M","?","?","R","E","R","T","E","M"],"items_purchased_type":["Card","Card","Card"],"build_version":"2020-12-22","purchased_purges":2,"victory":false,"max_hp_per_floor":[77,77,77,71,71,71,71,71,71,71,71,71,71,71,71,71,71,71,71,71,71,71,71,71,71,71,71,71,71],"relic_stats":{"Lizard Tail":35,"counters":[15,67],"Golden Idol":79,"Gambling Chip":[23],"Astrolabe":["bard:DeathMetal","bard:DiscordantVoice","bard:StudiedStrike"],"Orichalcum":[36],"obtain_stats":[{"bard:BagPipes":0,"Girya":24,"Lizard Tail":12,"Bottled Flame":27,"bard:PitchPipe":0,"Golden Idol":4,"Gambling Chip":9,"Astrolabe":17,"Orichalcum":26,"Unceasing Top":8},{"bard:BagPipes":0,"Girya":13,"Lizard Tail":7,"Bottled Flame":14,"bard:PitchPipe":0,"Golden Idol":3,"Gambling Chip":6,"Astrolabe":9,"Orichalcum":13,"Unceasing Top":6},{"bard:BagPipes":0,"Girya":57,"Lizard Tail":24,"Bottled Flame":65,"bard:PitchPipe":0,"Golden Idol":9,"Gambling Chip":20,"Astrolabe":38,"Orichalcum":57,"Unceasing Top":20}],"Unceasing Top":[0]},"card_choices":[{"not_picked":["bard:BucklerBash","bard:LifeDrain"],"picked":"bard:ViciousMockery","floor":1.0},{"not_picked":["bard:InspiringSong","bard:Gamble"],"picked":"bard:Thunderwave","floor":2.0},{"not_picked":["bard:InspiringSong","bard:QuickSong"],"picked":"bard:PrismaticSpray","floor":3.0},{"not_picked":["bard:SongBolt","bard:BucklerBash"],"picked":"bard:EchoEcho","floor":5.0},{"not_picked":["bard:TinyHut","bard:EchoEcho"],"picked":"bard:DiscordantVoice","floor":6.0},{"not_picked":["bard:TinyHut","bard:LingeringPerformance"],"picked":"bard:GlyphOfWarding","floor":8.0},{"not_picked":["bard:InspiringSong","bard:Flourish"],"picked":"bard:Sonata","floor":12.0},{"not_picked":["bard:Gamble","bard:PhantasmalForce"],"picked":"bard:HarmoniousVoice","floor":13.0},{"not_picked":["bard:SplendidForm","bard:Improv"],"picked":"bard:Rhapsody","floor":16.0},{"not_picked":["bard:ViciousMockery+1","bard:EnGarde"],"picked":"bard:Fermata+1","floor":18.0},{"not_picked":["bard:StudiedStrike","bard:SongBolt"],"picked":"bard:PhantasmalForce","floor":20.0},{"not_picked":["bard:LingeringEcho","bard:CuttingWords"],"picked":"bard:GreaterMagicWeapon","floor":21},{"not_picked":["bard:SongBolt","bard:GuardPoint"],"picked":"bard:Rest+1","floor":24},{"not_picked":["bard:CuttingWords","bard:ViciousMockery"],"picked":"bard:BucklerBash+1","floor":27}],"player_experience":1712339,"relics_obtained":[{"floor":8.0,"key":"Unceasing Top"},{"floor":9.0,"key":"Gambling Chip"},{"floor":12.0,"key":"Lizard Tail"},{"floor":24,"key":"Girya"},{"floor":26,"key":"Orichalcum"},{"floor":27,"key":"Bottled Flame"}],"event_choices":[{"damage_healed":0.0,"max_hp_gain":0.0,"max_hp_loss":6.0,"gold_gain":0.0,"event_name":"Golden Idol","player_choice":"Lose Max HP","floor":4.0,"gold_loss":0.0,"damage_taken":0.0,"relics_obtained":["Golden Idol"]},{"damage_healed":0.0,"max_hp_gain":0.0,"max_hp_loss":0.0,"gold_gain":75.0,"event_name":"World of Goop","player_choice":"Gather Gold","floor":7.0,"gold_loss":0.0,"damage_taken":11.0},{"damage_healed":0.0,"max_hp_gain":0.0,"max_hp_loss":0.0,"gold_gain":0.0,"event_name":"The Woman in Blue","player_choice":"Bought 3 Potions","floor":19.0,"gold_loss":0.0,"damage_taken":0.0},{"cards_removed":["bard:Defend"],"damage_healed":0,"gold_gain":0,"player_choice":"Card Removal","damage_taken":0,"max_hp_gain":0,"max_hp_loss":0,"event_name":"Wheel of Change","floor":22,"gold_loss":0}],"is_beta":false,"boss_relics":[{"not_picked":["Pandora\u0027s Box","beaked:SacredDeck"],"picked":"Astrolabe"}],"items_purged_floors":[10,14],"is_endless":false,"potions_floor_spawned":[2,6,13,16,20,21],"killed_by":"Snake Plant","ascension_level":0}}