{"host":"o9ks9zgjwk1fcyk2","time":1611448672,"event":{"mods":["A Magickal Journey","AchievementEnabler","Aspiration","BaseMod","BetterRewards","Colored Map","Colored Powertips","Conspire","DeckTracker","Downfall","Friendly Minions","GifTheSpireLib","Halation","Highlight Path","Hubris","Infinite Spire","Ironclad Rager","Minty Spire (QoL Compilation)","Permanent Neow","Quarter Circle Forward PUNCH!","Quick Restart","READ ME - Guardian Mod","Relic Sorter","Replay The Spire","StSLib","Stuff the Spire","The Alterego","The Construct","The Cursed","The Disciple","The Forsaken","The Jungle","The Marked","The Mystic","vexMod"],"gold_per_floor":[111,111,111,125,141,141,151,151,175,175,175,191,208,241,241,241,241],"floor_reached":16,"language":"ENG","playtime":933,"items_purged":[],"score":102,"play_id":"f26b9e66-d4d6-4596-9fa4-829f22c7382f","local_time":"20210124003752","is_ascension_mode":false,"campfire_choices":[{"data":"alterego_mod:Impale","floor":6,"key":"SMITH"},{"data":"alterego_mod:BigMeatyClaws","floor":8,"key":"SMITH"},{"data":"alterego_mod:Valentines","floor":11,"key":"SMITH"},{"data":"alterego_mod:PainIsPleasure","floor":15,"key":"SMITH"}],"circlet_count":0,"master_deck":["alterego_mod:Strike+1","alterego_mod:Strike","alterego_mod:Strike","alterego_mod:Defend","alterego_mod:Defend","alterego_mod:Defend","alterego_mod:Impale+1","alterego_mod:BigMeatyClaws+1","alterego_mod:BrynhildrsRune","alterego_mod:VirginLaserPalladion+1","alterego_mod:DiscoLights+1","alterego_mod:Valentines+1","alterego_mod:Mirror","alterego_mod:Rip","alterego_mod:BoobPocket","alterego_mod:PainIsPleasure+1","alterego_mod:BusterCard"],"relics":["alterego_mod:MasochisticConstitution","qcfpunch:Black_Training_Shirt","Whetstone"],"acts_visited":["Exordium"],"potions_floor_usage":[7,14,16],"damage_taken":[{"damage":1,"enemies":"Jaw Worm","floor":1,"turns":3},{"damage":8,"enemies":"2 Louse","floor":4,"turns":4},{"damage":0,"enemies":"Small Slimes","floor":5,"turns":3},{"damage":8,"enemies":"Exordium Thugs","floor":7,"turns":5},{"damage":5,"enemies":"3 Louse","floor":12,"turns":2},{"damage":2,"enemies":"Looter","floor":13,"turns":4},{"damage":28,"enemies":"Lagavulin","floor":14,"turns":5},{"damage":56,"enemies":"The Guardian","floor":16,"turns":10}],"seed_played":"5909207797707225908","potions_obtained":[{"floor":1,"key":"AttackPotion"},{"floor":7,"key":"Regen Potion"},{"floor":12,"key":"Ancient Potion"},{"floor":13,"key":"ColorlessPotion"}],"is_trial":false,"path_per_floor":["M","?","?","M","M","R","M","R","T","?","R","M","M","E","R","B"],"character_chosen":"The_Alterego","items_purchased":[],"campfire_rested":0,"item_purchase_floors":[],"current_hp_per_floor":[70,70,70,63,63,63,56,56,56,56,56,52,51,36,36,0,0],"gold":241,"neow_bonus":"TRANSFORM_CARD","is_daily":false,"chose_seed":false,"campfire_upgraded":4,"win_rate":0.0,"timestamp":1611448672,"path_taken":["M","?","?","M","M","R","M","R","T","?","R","?","M","E","R","BOSS"],"items_purchased_type":[],"build_version":"2020-12-22","purchased_purges":0,"victory":false,"max_hp_per_floor":[71,71,71,72,72,72,73,73,73,73,73,74,75,76,76,76,76],"card_choices":[{"not_picked":["alterego_mod:Belle","alterego_mod:Complex"],"picked":"alterego_mod:DiscoLights","floor":1},{"not_picked":["alterego_mod:SakuraPetals","alterego_mod:Skirt"],"picked":"alterego_mod:Valentines","floor":4},{"not_picked":["alterego_mod:PurpleHair","alterego_mod:IndependentAction"],"picked":"alterego_mod:Mirror","floor":5},{"not_picked":["alterego_mod:GoddessCore","alterego_mod:DiscoLights"],"picked":"alterego_mod:Rip","floor":7},{"not_picked":["alterego_mod:Skirt","alterego_mod:Clap"],"picked":"alterego_mod:PainIsPleasure","floor":12},{"not_picked":["alterego_mod:Maid","alterego_mod:DeftHands","alterego_mod:MagicResistance"],"picked":"SKIP","floor":13},{"not_picked":["alterego_mod:Santa","alterego_mod:Cooking"],"picked":"alterego_mod:BusterCard","floor":14}],"player_experience":318882,"relics_obtained":[{"floor":9,"key":"qcfpunch:Black_Training_Shirt"},{"floor":14,"key":"Whetstone"}],"event_choices":[{"damage_healed":0,"gold_gain":0,"player_choice":"Leave","damage_taken":0,"max_hp_gain":0,"max_hp_loss":0,"event_name":"conspire:Investor","floor":2,"gold_loss":0},{"damage_healed":0,"gold_gain":0,"cards_transformed":["alterego_mod:Strike"],"player_choice":"Transformed","damage_taken":0,"max_hp_gain":0,"max_hp_loss":0,"event_name":"Transmorgrifier","floor":10,"gold_loss":0,"cards_obtained":["alterego_mod:BoobPocket"]}],"is_beta":false,"boss_relics":[],"items_purged_floors":[],"is_endless":false,"potions_floor_spawned":[1,7,12,13],"killed_by":"The Guardian","ascension_level":0}}