{"host":"ebj6lkgm8suah319","time":1611503668,"event":{"mods":["2.2 Compatiblity","AchievementEnabler","BaseMod","Block Reminder","Colored Map","Colored Powertips","Minty Spire (QoL Compilation)","Quick Restart","Rare Cards Sparkle","Relic Stats","SuperFastMode"],"gold_per_floor":[367,377,4,4,17,17,17,48,96,96,129,144,144,161,161,238,238,254,254,254,17,32,32,32],"floor_reached":23,"language":"ENG","playtime":650,"items_purged":["Strike_R","Strike_R"],"score":388,"play_id":"036006b1-712e-4a63-8ccb-66fc0e816fb5","local_time":"20210124105428","is_ascension_mode":true,"campfire_choices":[{"data":"True Grit","floor":6.0,"key":"SMITH"},{"floor":10.0,"key":"REST"},{"data":"Pommel Strike","floor":15.0,"key":"SMITH"}],"circlet_count":0,"master_deck":["AscendersBane","Strike_R","Strike_R","Defend_R+1","Defend_R","Defend_R","Defend_R+1","Bash+1","Pommel Strike+1","Wild Strike+1","True Grit+1","Clothesline+1","Evolve","Dark Embrace","Immolate","RitualDagger","Inflame","Inflame","Shrug It Off","Spot Weakness"],"relics":["Burning Blood","White Beast Statue","War Paint","Whetstone","Eternal Feather","Coffee Dripper"],"acts_visited":["Exordium","TheCity"],"potions_floor_usage":[22,22,23],"damage_taken":[{"damage":7.0,"enemies":"Cultist","floor":1.0,"turns":4.0},{"damage":7.0,"enemies":"Small Slimes","floor":2.0,"turns":4.0},{"damage":0.0,"enemies":"Jaw Worm","floor":5.0,"turns":3.0},{"damage":63.0,"enemies":"3 Sentries","floor":8.0,"turns":14.0},{"damage":19.0,"enemies":"Lagavulin","floor":11.0,"turns":8.0},{"damage":0.0,"enemies":"3 Louse","floor":12.0,"turns":4.0},{"damage":6.0,"enemies":"2 Fungi Beasts","floor":14.0,"turns":4.0},{"damage":32.0,"enemies":"The Guardian","floor":16.0,"turns":16.0},{"damage":6.0,"enemies":"Chosen","floor":18.0,"turns":6.0},{"damage":12,"enemies":"3 Byrds","floor":22,"turns":3},{"damage":47,"enemies":"Book of Stabbing","floor":23,"turns":7}],"seed_played":"-4826601469076607756","potions_obtained":[{"floor":1.0,"key":"Block Potion"},{"floor":5.0,"key":"SpeedPotion"},{"floor":8.0,"key":"ColorlessPotion"},{"floor":11.0,"key":"SpeedPotion"},{"floor":12.0,"key":"ElixirPotion"},{"floor":14.0,"key":"PowerPotion"},{"floor":16.0,"key":"LiquidMemories"},{"floor":22,"key":"EssenceOfSteel"}],"is_trial":false,"path_per_floor":["M","M","$","?","M","R","?","E","T","R","E","M","?","M","R","B",null,"M","?","?","$","M","E"],"character_chosen":"IRONCLAD","items_purchased":["White Beast Statue","True Grit","Inflame","Shrug It Off"],"campfire_rested":1,"item_purchase_floors":[3,3,21,21],"current_hp_per_floor":[67,66,66,66,68,68,68,11,11,31,18,24,46,46,55,29,58,58,52,52,52,46,0,0],"gold":32,"neow_bonus":"TWO_FIFTY_GOLD","is_daily":false,"chose_seed":false,"campfire_upgraded":2,"win_rate":0.0,"timestamp":1611503668,"path_taken":["M","M","$","?","?","R","?","E","T","R","E","M","?","M","R","BOSS","M","?","?","$","M","E"],"items_purchased_type":["Relic","Card","Card","Card"],"build_version":"2020-12-22","purchased_purges":2,"victory":false,"max_hp_per_floor":[68,68,68,68,68,68,68,68,68,68,68,68,68,68,68,68,68,68,68,68,68,68,68,68],"relic_stats":{"counters":[11,73],"Eternal Feather":9,"Whetstone":["Clothesline","Bash"],"War Paint":["Defend_R","Defend_R"],"obtain_stats":[{"Eternal Feather":11,"Coffee Dripper":17,"Whetstone":9,"War Paint":8,"Burning Blood":0,"White Beast Statue":3},{"Eternal Feather":5,"Coffee Dripper":8,"Whetstone":4,"War Paint":4,"Burning Blood":0,"White Beast Statue":2},{"Eternal Feather":33,"Coffee Dripper":57,"Whetstone":25,"War Paint":25,"Burning Blood":0,"White Beast Statue":8}],"Burning Blood":56},"card_choices":[{"not_picked":["Searing Blow","True Grit"],"picked":"Pommel Strike","floor":1.0},{"not_picked":["Headbutt","Shrug It Off"],"picked":"Wild Strike","floor":2.0},{"not_picked":["True Grit","Warcry","Pummel"],"picked":"SKIP","floor":5.0},{"not_picked":["Reckless Charge","Double Tap"],"picked":"Clothesline","floor":8.0},{"not_picked":["Perfected Strike","Anger","Heavy Blade"],"picked":"SKIP","floor":11.0},{"not_picked":["Twin Strike","Intimidate"],"picked":"Evolve","floor":12.0},{"not_picked":["Rupture","Pummel"],"picked":"Dark Embrace","floor":14.0},{"not_picked":["Double Tap","Feed"],"picked":"Immolate","floor":16.0},{"not_picked":["Perfected Strike","Iron Wave+1","Havoc"],"picked":"SKIP","floor":18.0},{"not_picked":["Thunderclap","Clash"],"picked":"Spot Weakness","floor":22}],"player_experience":63809,"relics_obtained":[{"floor":8.0,"key":"War Paint"},{"floor":9.0,"key":"Whetstone"},{"floor":11.0,"key":"Eternal Feather"}],"event_choices":[{"cards_removed":["Strike_R"],"damage_healed":0.0,"max_hp_gain":0.0,"max_hp_loss":0.0,"gold_gain":0.0,"event_name":"Purifier","player_choice":"Purged","floor":4.0,"gold_loss":0.0,"damage_taken":0.0},{"damage_healed":0.0,"max_hp_gain":0.0,"max_hp_loss":0.0,"gold_gain":0.0,"event_name":"Living Wall","player_choice":"Grow","floor":7.0,"gold_loss":0.0,"damage_taken":0.0,"cards_upgraded":["Wild Strike"]},{"damage_healed":22.0,"max_hp_gain":0.0,"max_hp_loss":0.0,"gold_gain":0.0,"event_name":"Big Fish","player_choice":"Banana","floor":13.0,"gold_loss":0.0,"damage_taken":0.0},{"damage_healed":0.0,"max_hp_gain":0.0,"max_hp_loss":0.0,"gold_gain":0.0,"event_name":"Nest","player_choice":"Joined the Cult","floor":19.0,"gold_loss":0.0,"damage_taken":6.0,"cards_obtained":["RitualDagger"]},{"damage_healed":0.0,"max_hp_gain":0.0,"max_hp_loss":0.0,"gold_gain":0.0,"event_name":"The Library","player_choice":"Read","floor":20.0,"gold_loss":0.0,"damage_taken":0.0,"cards_obtained":["Inflame"]}],"is_beta":false,"boss_relics":[{"not_picked":["Runic Cube","SlaversCollar"],"picked":"Coffee Dripper"}],"items_purged_floors":[3,21],"is_endless":false,"potions_floor_spawned":[1,5,8,11,12,14,16,18,22],"killed_by":"Book of Stabbing","ascension_level":19}}