{"host":"2se5dq1do2gp0x9k","time":1611473424,"event":{"mods":["AchievementEnabler","BaseMod","Block Reminder","Colored Map","Colored Powertips","Minty Spire (QoL Compilation)","Relic Stats","StSLib","SuperFastMode"],"gold_per_floor":[118,118,131,14,30,30,55,55,55,68,68,68,33,5,5,76,76,92,68,68,68,114,114,145,145,172,172,172],"floor_reached":27,"language":"ENG","playtime":5575,"items_purged":["Strike_G"],"score":454,"play_id":"22985e60-9079-4985-9165-6fa370bca3f2","local_time":"20210123233024","is_ascension_mode":true,"campfire_choices":[{"data":"Well Laid Plans","floor":6,"key":"SMITH"},{"data":"Tactician","floor":8,"key":"SMITH"},{"data":"Noxious Fumes","floor":12,"key":"SMITH"},{"data":"Neutralize","floor":15,"key":"SMITH"},{"data":"Wraith Form v2","floor":23,"key":"SMITH"}],"circlet_count":0,"master_deck":["AscendersBane","Strike_G+1","Strike_G+1","Strike_G","Defend_G","Defend_G","Defend_G","Defend_G","Defend_G","Survivor","Neutralize+1","Dagger Throw","Well Laid Plans+1","Underhanded Strike","Tactician+1","Expertise","Noxious Fumes+1","Outmaneuver","Wraith Form v2+1","Dagger Throw","Underhanded Strike","Blur"],"relics":["Ring of the Snake","NeowsBlessing","Incense Burner","TungstenRod","Runic Pyramid","Smiling Mask","Bottled Tornado","Nilry\u0027s Codex","Whetstone"],"acts_visited":["Exordium","TheCity"],"potions_floor_usage":[16],"damage_taken":[{"damage":0,"enemies":"Jaw Worm","floor":1,"turns":1},{"damage":0,"enemies":"2 Louse","floor":3,"turns":1},{"damage":0,"enemies":"Small Slimes","floor":5,"turns":1},{"damage":43,"enemies":"Lagavulin","floor":7,"turns":11},{"damage":1,"enemies":"Exordium Wildlife","floor":10,"turns":5},{"damage":21,"enemies":"The Guardian","floor":16,"turns":11},{"damage":7,"enemies":"Spheric Guardian","floor":18,"turns":6},{"damage":0,"enemies":"2 Thieves","floor":19,"turns":4},{"damage":12,"enemies":"Book of Stabbing","floor":24,"turns":7},{"damage":18,"enemies":"Slavers","floor":27,"turns":7}],"seed_played":"-5751347180200556368","potions_obtained":[{"floor":1,"key":"Explosive Potion"},{"floor":7,"key":"SpeedPotion"},{"floor":10,"key":"Poison Potion"},{"floor":24,"key":"Weak Potion"}],"is_trial":false,"path_per_floor":["M","?","M","$","M","R","E","R","T","M","?","R","?","$","R","B",null,"M","M","?","?","T","R","E","?","T","E"],"character_chosen":"THE_SILENT","items_purchased":["Tactician","Outmaneuver"],"campfire_rested":0,"item_purchase_floors":[4,14],"current_hp_per_floor":[59,59,59,59,59,59,16,16,16,15,15,15,31,31,31,10,52,45,45,45,45,45,45,33,16,16,0,0],"gold":172,"neow_bonus":"THREE_ENEMY_KILL","is_daily":false,"chose_seed":false,"campfire_upgraded":5,"win_rate":0.0,"timestamp":1611473424,"path_taken":["M","?","M","$","M","R","E","R","T","M","?","R","?","$","R","BOSS","M","M","?","?","?","R","E","?","T","E"],"items_purchased_type":["Card","Card"],"build_version":"2020-12-22","purchased_purges":1,"victory":false,"max_hp_per_floor":[66,66,66,66,66,66,66,66,66,66,66,66,66,66,66,66,66,66,66,66,66,66,66,66,66,66,66,66],"relic_stats":{"counters":[10,54],"Whetstone":["Strike_G","Strike_G"],"Smiling Mask":0,"obtain_stats":[{"NeowsBlessing":0,"Nilry\u0027s Codex":25,"Incense Burner":7,"Whetstone":26,"Bottled Tornado":24,"Smiling Mask":22,"TungstenRod":9,"Ring of the Snake":0,"Runic Pyramid":17},{"NeowsBlessing":0,"Nilry\u0027s Codex":9,"Incense Burner":4,"Whetstone":9,"Bottled Tornado":9,"Smiling Mask":8,"TungstenRod":4,"Ring of the Snake":0,"Runic Pyramid":6},{"NeowsBlessing":0,"Nilry\u0027s Codex":47,"Incense Burner":14,"Whetstone":47,"Bottled Tornado":47,"Smiling Mask":40,"TungstenRod":14,"Ring of the Snake":0,"Runic Pyramid":30}],"TungstenRod":30,"Ring of the Snake":[20]},"card_choices":[{"not_picked":["Finisher","Flying Knee"],"picked":"Dagger Throw","floor":1},{"not_picked":["Heel Hook","Tactician"],"picked":"Underhanded Strike","floor":3},{"not_picked":["Flechettes","Deflect"],"picked":"Expertise","floor":5},{"not_picked":["Expertise","Dodge and Roll","Deadly Poison"],"picked":"SKIP","floor":7},{"not_picked":["Backstab","Flying Knee"],"picked":"Noxious Fumes","floor":10},{"not_picked":["Doppelganger","Glass Knife"],"picked":"Wraith Form v2","floor":16},{"not_picked":["Skewer","Choke"],"picked":"Dagger Throw","floor":18},{"not_picked":["Cloak And Dagger","Expertise","Poisoned Stab"],"picked":"SKIP","floor":19},{"not_picked":["Sucker Punch","Flying Knee"],"picked":"Blur","floor":24}],"player_experience":3950714,"relics_obtained":[{"floor":7,"key":"Incense Burner"},{"floor":9,"key":"TungstenRod"},{"floor":22,"key":"Smiling Mask"},{"floor":24,"key":"Bottled Tornado"},{"floor":25,"key":"Nilry\u0027s Codex"},{"floor":26,"key":"Whetstone"}],"event_choices":[{"damage_healed":0,"gold_gain":0,"cards_transformed":["Strike_G"],"player_choice":"Change","damage_taken":0,"max_hp_gain":0,"max_hp_loss":0,"event_name":"Living Wall","floor":2,"gold_loss":0,"cards_obtained":["Well Laid Plans"]},{"damage_healed":0,"gold_gain":0,"player_choice":"Fled","damage_taken":0,"max_hp_gain":0,"max_hp_loss":0,"event_name":"Scrap Ooze","floor":11,"gold_loss":0},{"damage_healed":16,"gold_gain":0,"player_choice":"Healed","damage_taken":0,"max_hp_gain":0,"max_hp_loss":0,"event_name":"The Cleric","floor":13,"gold_loss":35},{"damage_healed":0,"gold_gain":0,"player_choice":"Read","damage_taken":0,"max_hp_gain":0,"max_hp_loss":0,"event_name":"The Library","floor":20,"gold_loss":0,"cards_obtained":["Underhanded Strike"]},{"damage_healed":0,"gold_gain":0,"player_choice":"Ignored","damage_taken":0,"max_hp_gain":0,"max_hp_loss":0,"event_name":"The Mausoleum","floor":21,"gold_loss":0},{"damage_healed":0,"gold_gain":0,"player_choice":"Obtained Book","damage_taken":21,"max_hp_gain":0,"max_hp_loss":0,"event_name":"Cursed Tome","floor":25,"gold_loss":0}],"is_beta":false,"boss_relics":[{"not_picked":["Sozu","Calling Bell"],"picked":"Runic Pyramid"}],"items_purged_floors":[4],"is_endless":false,"potions_floor_spawned":[1,7,10,24],"killed_by":"Slavers","ascension_level":20}}