{"host":"3a1ypf1irl30q4k8","time":1611524189,"event":{"mods":["AchievementEnabler","BaseMod","Bestiary","Colored Map","Minty Spire (QoL Compilation)","Relic Stats"],"gold_per_floor":[109,109,133,149,172,172,186,186,259,295,295,271,271,290,290,414,414,435,459,459,477,498,498,537,550,575,575,590,515,77,96,96,96,96],"floor_reached":33,"language":"ENG","playtime":1529,"items_purged":["Strike_R"],"score":325,"play_id":"ef15f2c7-7ca1-4e5f-acc1-551ae1766891","local_time":"20210124213629","is_ascension_mode":true,"campfire_choices":[{"data":"Clothesline","floor":6,"key":"SMITH"},{"data":"Whirlwind","floor":8,"key":"SMITH"},{"data":"Seeing Red","floor":11,"key":"SMITH"},{"data":"Thunderclap","floor":13,"key":"SMITH"},{"data":"Hemokinesis","floor":15,"key":"SMITH"},{"data":"Body Slam","floor":23,"key":"SMITH"},{"floor":27,"key":"REST"},{"floor":32,"key":"REST"}],"circlet_count":0,"master_deck":["Strike_R","Strike_R","Strike_R","Defend_R","Defend_R","Defend_R","Defend_R","Bash+1","Whirlwind+1","Shrug It Off","True Grit","Clothesline+1","Thunderclap+1","Seeing Red+1","Hemokinesis+1","Offering","Body Slam+1","Flex","Uppercut+1","Pommel Strike","Dark Embrace+1","Battle Trance","Disarm","Fire Breathing"],"relics":["Burning Blood","Golden Idol","InkBottle","Ice Cream","Runic Cube","Juzu Bracelet","Toy Ornithopter","Paper Frog"],"acts_visited":["Exordium","TheCity"],"potions_floor_usage":[7,16,19,21,22,28,31,33],"damage_taken":[{"damage":10,"enemies":"Small Slimes","floor":1,"turns":4},{"damage":0,"enemies":"2 Louse","floor":3,"turns":2},{"damage":0,"enemies":"Cultist","floor":4,"turns":3},{"damage":11,"enemies":"Lots of Slimes","floor":5,"turns":2},{"damage":12,"enemies":"Exordium Wildlife","floor":7,"turns":8},{"damage":24,"enemies":"Gremlin Nob","floor":10,"turns":5},{"damage":1,"enemies":"Blue Slaver","floor":14,"turns":3},{"damage":28,"enemies":"Hexaghost","floor":16,"turns":9},{"damage":4,"enemies":"3 Byrds","floor":18,"turns":4},{"damage":8,"enemies":"Chosen","floor":19,"turns":4},{"damage":36,"enemies":"Snecko","floor":21,"turns":5},{"damage":8,"enemies":"Shelled Parasite and Fungi","floor":22,"turns":1},{"damage":35,"enemies":"Book of Stabbing","floor":24,"turns":4},{"damage":23,"enemies":"Centurion and Healer","floor":25,"turns":6},{"damage":17,"enemies":"Cultist and Chosen","floor":28,"turns":4},{"damage":19,"enemies":"3 Cultists","floor":31,"turns":5},{"damage":66,"enemies":"Collector","floor":33,"turns":6}],"seed_played":"-6303825313802689095","potions_obtained":[{"floor":1,"key":"Regen Potion"},{"floor":5,"key":"BlessingOfTheForge"},{"floor":10,"key":"BloodPotion"},{"floor":16,"key":"Weak Potion"},{"floor":18,"key":"Swift Potion"},{"floor":21,"key":"Fire Potion"},{"floor":28,"key":"Block Potion"},{"floor":31,"key":"BloodPotion"}],"is_trial":false,"path_per_floor":["M","?","M","M","M","R","M","R","T","E","R","?","R","M","R","B",null,"M","M","?","M","M","R","E","M","T","R","M","?","$","M","R","B"],"character_chosen":"IRONCLAD","items_purchased":["Paper Frog","Disarm","Fire Breathing"],"campfire_rested":2,"item_purchase_floors":[30,30,30],"current_hp_per_floor":[76,74,74,74,69,69,74,74,74,56,56,56,56,61,61,39,74,74,72,72,56,54,54,25,8,8,30,24,24,24,16,38,0,0],"gold":96,"neow_bonus":"UPGRADE_CARD","is_daily":false,"chose_seed":false,"campfire_upgraded":6,"win_rate":0.0,"timestamp":1611524189,"path_taken":["M","?","M","M","M","R","M","R","T","E","R","?","R","M","R","BOSS","M","M","?","?","?","R","E","M","T","R","M","?","$","M","R","BOSS"],"items_purchased_type":["Relic","Card","Card"],"build_version":"2020-12-22","purchased_purges":1,"victory":false,"max_hp_per_floor":[80,74,74,74,74,74,74,74,74,74,74,74,74,74,74,74,74,74,74,74,74,74,74,74,74,74,74,74,74,74,74,74,74,74],"relic_stats":{"counters":[17,75],"Golden Idol":87,"Juzu Bracelet":0,"obtain_stats":[{"Ice Cream":10,"Golden Idol":2,"Juzu Bracelet":24,"Burning Blood":0,"InkBottle":9,"Toy Ornithopter":26,"Runic Cube":17,"Paper Frog":30},{"Ice Cream":6,"Golden Idol":1,"Juzu Bracelet":13,"Burning Blood":0,"InkBottle":5,"Toy Ornithopter":14,"Runic Cube":8,"Paper Frog":15},{"Ice Cream":24,"Golden Idol":4,"Juzu Bracelet":54,"Burning Blood":0,"InkBottle":19,"Toy Ornithopter":60,"Runic Cube":36,"Paper Frog":64}],"Burning Blood":80,"InkBottle":[16],"Toy Ornithopter":15,"Runic Cube":[36]},"card_choices":[{"not_picked":["Carnage","Havoc"],"picked":"Whirlwind","floor":1},{"not_picked":["Cleave","Clash"],"picked":"Shrug It Off","floor":3},{"not_picked":["Second Wind","Clash"],"picked":"True Grit","floor":4},{"not_picked":["Immolate","Heavy Blade"],"picked":"Clothesline","floor":5},{"not_picked":["Wild Strike","Sword Boomerang"],"picked":"Thunderclap","floor":7},{"not_picked":["Flex","Bloodletting"],"picked":"Seeing Red","floor":10},{"not_picked":["Thunderclap","Cleave"],"picked":"Hemokinesis","floor":14},{"not_picked":["Exhume","Limit Break"],"picked":"Offering","floor":16},{"not_picked":["Thunderclap","True Grit"],"picked":"Combust","floor":18},{"not_picked":["Heavy Blade","Clothesline+1"],"picked":"Body Slam","floor":19},{"not_picked":["Perfected Strike","Evolve"],"picked":"Uppercut+1","floor":21},{"not_picked":["Cleave","Clothesline+1"],"picked":"Pommel Strike","floor":22},{"not_picked":["Clash","Exhume"],"picked":"Dark Embrace+1","floor":24},{"not_picked":["Havoc","Whirlwind","Pommel Strike"],"picked":"SKIP","floor":25},{"not_picked":["Spot Weakness","Dark Embrace+1"],"picked":"Battle Trance","floor":28},{"not_picked":["Intimidate","Dropkick+1","Battle Trance"],"picked":"SKIP","floor":31}],"player_experience":1194028,"relics_obtained":[{"floor":9,"key":"InkBottle"},{"floor":10,"key":"Ice Cream"},{"floor":24,"key":"Juzu Bracelet"},{"floor":26,"key":"Toy Ornithopter"}],"event_choices":[{"damage_healed":0,"gold_gain":0,"player_choice":"Lose Max HP","damage_taken":0,"relics_obtained":["Golden Idol"],"max_hp_gain":0,"max_hp_loss":6,"event_name":"Golden Idol","floor":2,"gold_loss":0},{"damage_healed":0,"gold_gain":0,"player_choice":"Left Gold","damage_taken":0,"max_hp_gain":0,"max_hp_loss":0,"event_name":"World of Goop","floor":12,"gold_loss":24},{"damage_healed":0,"gold_gain":0,"cards_transformed":["Combust"],"player_choice":"Transformed","damage_taken":0,"max_hp_gain":0,"max_hp_loss":0,"event_name":"Transmorgrifier","floor":20,"gold_loss":0,"cards_obtained":["Flex"]},{"cards_removed":["Strike_R"],"damage_healed":0,"gold_gain":0,"player_choice":"Gave Gold","damage_taken":0,"max_hp_gain":0,"max_hp_loss":0,"event_name":"Beggar","floor":29,"gold_loss":75}],"is_beta":false,"boss_relics":[{"not_picked":["Mark of Pain","Runic Dome"],"picked":"Runic Cube"}],"items_purged_floors":[30],"is_endless":false,"potions_floor_spawned":[1,5,10,16,18,21,28,31],"killed_by":"Collector","ascension_level":4}}