{"host":"qekv59dthhdg54sz","time":1611465301,"event":{"mods":["AchievementEnabler","BaseMod","Colored Map","DeckTracker","KOR Keyword Fix","Minty Spire (QoL Compilation)","Rare Cards Sparkle","StSLib","SuperFastMode"],"gold_per_floor":[13,26,37,37,51,51,69,88,133,133,133,133,133,58,58,58,58],"floor_reached":16,"language":"KOR","playtime":223,"items_purged":["Strike_B"],"score":184,"play_id":"7d424194-34b2-4a5c-9420-d4f9983e9f21","local_time":"20210124141501","is_ascension_mode":true,"campfire_choices":[{"floor":6,"key":"REST"},{"data":"Double Energy","floor":12,"key":"SMITH"},{"data":"Zap","floor":15,"key":"SMITH"}],"circlet_count":0,"master_deck":["AscendersBane","Strike_B","Strike_B","Defend_B","Defend_B","Defend_B","Zap+1","Dualcast","Barrage","Storm","Double Energy+1","Cold Snap","Ball Lightning","Compile Driver"],"relics":["Cracked Core","Strawberry","Golden Idol"],"acts_visited":["Exordium"],"potions_floor_usage":[16,16],"damage_taken":[{"damage":1,"enemies":"Cultist","floor":1,"turns":3},{"damage":17,"enemies":"2 Louse","floor":2,"turns":3},{"damage":4,"enemies":"Small Slimes","floor":3,"turns":4},{"damage":25,"enemies":"3 Louse","floor":5,"turns":4},{"damage":12,"enemies":"Blue Slaver","floor":7,"turns":3},{"damage":12,"enemies":"Looter","floor":8,"turns":3},{"damage":22,"enemies":"Hexaghost","floor":16,"turns":7}],"seed_played":"1307284735538883198","potions_obtained":[{"floor":1,"key":"AttackPotion"},{"floor":3,"key":"Dexterity Potion"}],"is_trial":false,"path_per_floor":["M","M","M","$","M","R","M","M","T","?","?","R","?","$","R","B"],"character_chosen":"DEFECT","items_purchased":[],"campfire_rested":1,"item_purchase_floors":[],"current_hp_per_floor":[63,46,42,42,17,38,26,14,21,14,14,14,14,14,14,0,0],"gold":58,"neow_bonus":"TRANSFORM_TWO_CARDS","is_daily":false,"chose_seed":false,"campfire_upgraded":2,"win_rate":0.0,"timestamp":1611465301,"path_taken":["M","M","?","$","M","R","M","M","T","?","?","R","?","$","R","BOSS"],"items_purchased_type":[],"build_version":"2020-12-22","purchased_purges":1,"victory":false,"max_hp_per_floor":[71,71,71,71,71,71,71,71,78,78,71,71,71,71,71,71,71],"card_choices":[{"not_picked":["Rip and Tear","Auto Shields"],"picked":"Storm","floor":1},{"not_picked":["Tempest","Sweeping Beam"],"picked":"Double Energy","floor":2},{"not_picked":["Lockon","Go for the Eyes"],"picked":"Cold Snap","floor":3},{"not_picked":["Redo","Chaos"],"picked":"Ball Lightning","floor":5},{"not_picked":["Blizzard","Turbo","Rebound"],"picked":"SKIP","floor":7},{"not_picked":["Fission","Genetic Algorithm"],"picked":"Compile Driver","floor":8}],"player_experience":818517,"relics_obtained":[{"floor":9,"key":"Strawberry"}],"event_choices":[{"cards_removed":["Fission"],"damage_healed":0,"gold_gain":0,"player_choice":"Card Removal","damage_taken":7,"max_hp_gain":0,"max_hp_loss":0,"event_name":"Golden Wing","floor":10,"gold_loss":0},{"damage_healed":0,"gold_gain":0,"player_choice":"Lose Max HP","damage_taken":0,"relics_obtained":["Golden Idol"],"max_hp_gain":0,"max_hp_loss":7,"event_name":"Golden Idol","floor":11,"gold_loss":0},{"damage_healed":0,"gold_gain":0,"player_choice":"Ignored","damage_taken":0,"max_hp_gain":0,"max_hp_loss":0,"event_name":"Shining Light","floor":13,"gold_loss":0}],"is_beta":false,"boss_relics":[],"items_purged_floors":[14],"is_endless":false,"potions_floor_spawned":[1,3],"killed_by":"Hexaghost","ascension_level":20}}