{"host":"0cm5wy4nhuju7tij","time":1611468110,"event":{"mods":["100% Spire Juice","2.2 Compatiblity","AchievementEnabler","Aspiration","BaseMod","Better Third Choice","BetterRewards","CCEM","CapriCore","Colored Powertips","Curses Come First","Custom Start","Displayed Cursed Tome","Downfall","Energized Spire","Evolution","Filter the Spire","Highlight Path","Jess\u0027s Bottle","Minty Spire (QoL Compilation)","Permanent Neow","Poor People Problems","Relic Stats","Shop Mod","Spicy Shops","StSLib","The Cursed","The Dragonkin","The Juggle"],"gold_per_floor":[109,124,140,155,165,165,197,197,197,156,156,189,189,205,205,310,310,325,48,63,81,95,127,127,155,155,155,43,70,70,87,87,185,185,202,218,218,228,72,72,105,115,115,115,145,145,162,175,175,175],"floor_reached":51,"language":"ENG","playtime":4476,"items_purged":[],"score":1070,"play_id":"a539edba-15ab-43a5-bf17-841bce1ccdd4","local_time":"20210124010150","is_ascension_mode":true,"campfire_choices":[{"data":"TheCursedMod:ParallelWorld","floor":6,"key":"SMITH"},{"data":"TheCursedMod:HellfireBreathing","floor":8,"key":"SMITH"},{"data":"TheCursedMod:NeowsMight","floor":13,"key":"SMITH"},{"data":"TheCursedMod:Hemoplague","floor":15,"key":"SMITH"},{"floor":24,"key":"REST"},{"floor":27,"key":"REST"},{"floor":30,"key":"REST"},{"floor":32,"key":"REST"},{"data":"Metallicize","floor":40,"key":"SMITH"},{"floor":44,"key":"REST"},{"floor":46,"key":"REST"},{"floor":49,"key":"REST"}],"circlet_count":0,"master_deck":["TheCursedMod:CleanUpWorkshop","TheCursedMod:CursedAmulet","TheCursedMod:HellfireBreathing+1","TheCursedMod:HellfireBreathing","TheCursedMod:SpitefulPlan","TheCursedMod:LuckyCharm","TheCursedMod:CursedSpellbook","TheCursedMod:NeowsMight+1","TheCursedMod:ParallelWorld+1","TheCursedMod:FleshFromBone","TheCursedMod:TacticalStrike","TheCursedMod:SpreadPlague","TheCursedMod:SpitefulStrike","TheCursedMod:CursedShiv","TheCursedMod:CursedBlade","TheCursedMod:CursedArmor","TheCursedMod:SpitefulStrike","TheCursedMod:Hemoplague+1","TheCursedMod:CollectTribute+1","TheCursedMod:SmokeScreen","TheCursedMod:HellsGateOpen","TheCursedMod:SurpriseAttack","TheCursedMod:TroublousMinions","TheCursedMod:SurpriseAttack","Anger","TheCursedMod:HellfireBreathing+1","Inflame","Metallicize+1","TheCursedMod:Grudge","Fire Breathing","TheCursedMod:Evocation+1","TheCursedMod:Stretching+1","TheCursedMod:CursedAmulet+1","Metallicize+1","TheCursedMod:CursedSpellbook+1"],"relics":["TheCursedMod:BlackMagicAdvanced","EVO:Axolotl","Darkstone Periapt","Akabeko","aspiration:IroncladSkillbook","aspiration:Nostalgia","Slimebound:AbsorbEndCombat","WingedGreaves","Vajra","Nunchaku","Sundial","aspiration:FutureDiary","Potion Belt","Bag of Preparation","Pantograph","CCEMRelics:Pendulum"],"acts_visited":["Exordium","TheCity","TheBeyond"],"potions_floor_usage":[29,45,45,45],"damage_taken":[{"damage":2,"enemies":"2 Louse","floor":1,"turns":2},{"damage":14,"enemies":"Small Slimes","floor":2,"turns":3},{"damage":0,"enemies":"Cultist","floor":3,"turns":3},{"damage":3,"enemies":"Red Slaver","floor":4,"turns":2},{"damage":1,"enemies":"Looter","floor":5,"turns":2},{"damage":3,"enemies":"Lagavulin","floor":7,"turns":5},{"damage":0,"enemies":"3 Sentries","floor":12,"turns":5},{"damage":0,"enemies":"Exordium Thugs","floor":14,"turns":4},{"damage":0,"enemies":"Hexaghost","floor":16,"turns":6},{"damage":0,"enemies":"Spheric Guardian","floor":18,"turns":4},{"damage":12,"enemies":"Chosen","floor":20,"turns":4},{"damage":10,"enemies":"Centurion and Healer","floor":21,"turns":5},{"damage":0,"enemies":"3 Cultists","floor":22,"turns":4},{"damage":42,"enemies":"Slavers","floor":23,"turns":5},{"damage":25,"enemies":"Gremlin Leader","floor":25,"turns":4},{"damage":28,"enemies":"Slavers","floor":29,"turns":5},{"damage":33,"enemies":"Sentry and Sphere","floor":31,"turns":5},{"damage":20,"enemies":"Automaton","floor":33,"turns":7},{"damage":8,"enemies":"3 Darklings","floor":35,"turns":5},{"damage":5,"enemies":"Orb Walker","floor":36,"turns":4},{"damage":25,"enemies":"Sphere and 2 Shapes","floor":38,"turns":5},{"damage":13,"enemies":"Reptomancer","floor":41,"turns":5},{"damage":15,"enemies":"Transient","floor":42,"turns":5},{"damage":32,"enemies":"Giant Head","floor":45,"turns":6},{"damage":45,"enemies":"Writhing Mass","floor":47,"turns":5},{"damage":5,"enemies":"Maw","floor":48,"turns":5},{"damage":25,"enemies":"Awakened One","floor":50,"turns":11}],"seed_played":"8417714832878060248","potions_obtained":[{"floor":3,"key":"Swift Potion"},{"floor":12,"key":"Guardian:BlockOnCardUsePotion"},{"floor":18,"key":"Block Potion"},{"floor":31,"key":"FairyPotion"},{"floor":41,"key":"Swift Potion"},{"floor":42,"key":"Block Potion"},{"floor":47,"key":"Fruit Juice"}],"is_trial":false,"path_per_floor":["M","M","M","M","M","R","E","R","T","?","?","E","R","M","R","B",null,"M","$","M","M","M","E","R","E","T","R","$","E","R","M","R","B",null,"M","M","?","M","$","R","E","M","T","R","E","R","M","M","R","B",null],"character_chosen":"THE_CURSED","items_purchased":["TheCursedMod:HellsGateOpen","TheCursedMod:SurpriseAttack","aspiration:Nostalgia","Metallicize","Potion Belt"],"campfire_rested":7,"item_purchase_floors":[19,19,19,28,39],"current_hp_per_floor":[66,52,52,49,48,48,45,45,45,45,45,45,45,45,45,45,68,72,72,64,58,62,24,46,25,25,47,47,23,45,16,38,22,62,58,57,57,36,36,36,27,16,16,38,10,32,24,23,45,49],"gold":175,"neow_bonus":"TRANSFORM_CARD","is_daily":false,"chose_seed":false,"campfire_upgraded":5,"win_rate":0.0,"timestamp":1611468110,"path_taken":["M","M","M","M","M","R","E","R","T","?","?","E","R","M","R","BOSS","M","$","?","M","M","E","R","E","T","R","?","E","R","M","R","BOSS","M","M","?","M","$","R","E","?","T","R","E","R","M","M","R","BOSS"],"items_purchased_type":["Card","Card","Relic","Card","Relic"],"build_version":"2020-12-22","purchased_purges":0,"victory":true,"max_hp_per_floor":[75,75,75,75,75,75,75,75,75,75,75,75,75,75,75,75,75,75,75,75,75,75,75,75,75,75,75,75,75,75,75,75,75,75,75,75,75,75,75,75,75,75,75,75,75,75,75,75,75,75],"relic_stats":{"Darkstone Periapt":0,"Nunchaku":[12],"counters":[27,119],"Sundial":[8],"Pantograph":25,"Bag of Preparation":[10],"obtain_stats":[{"Darkstone Periapt":7,"Potion Belt":39,"TheCursedMod:BlackMagicAdvanced":0,"aspiration:Nostalgia":19,"Vajra":25,"CCEMRelics:Pendulum":45,"Bag of Preparation":41,"EVO:Axolotl":0,"Akabeko":12,"aspiration:IroncladSkillbook":17,"Nunchaku":26,"Sundial":29,"Pantograph":43,"WingedGreaves":23,"Slimebound:AbsorbEndCombat":19,"aspiration:FutureDiary":34},{"Darkstone Periapt":6,"Potion Belt":21,"TheCursedMod:BlackMagicAdvanced":0,"aspiration:Nostalgia":10,"Vajra":15,"CCEMRelics:Pendulum":24,"Bag of Preparation":22,"EVO:Axolotl":0,"Akabeko":7,"aspiration:IroncladSkillbook":9,"Nunchaku":15,"Sundial":16,"Pantograph":23,"WingedGreaves":14,"Slimebound:AbsorbEndCombat":10,"aspiration:FutureDiary":18},{"Darkstone Periapt":17,"Potion Belt":83,"TheCursedMod:BlackMagicAdvanced":0,"aspiration:Nostalgia":33,"Vajra":54,"CCEMRelics:Pendulum":99,"Bag of Preparation":88,"EVO:Axolotl":0,"Akabeko":22,"aspiration:IroncladSkillbook":30,"Nunchaku":54,"Sundial":59,"Pantograph":93,"WingedGreaves":51,"Slimebound:AbsorbEndCombat":33,"aspiration:FutureDiary":71}]},"card_choices":[{"not_picked":["TheCursedMod:WearCloak","TheCursedMod:FleshFromBone"],"picked":"TheCursedMod:TacticalStrike","floor":1},{"not_picked":["TheCursedMod:ReleasedKnowledge","TheCursedMod:FleshFromBone"],"picked":"TheCursedMod:SpreadPlague","floor":2},{"not_picked":["TheCursedMod:FuryStrike","TheCursedMod:Obscuration"],"picked":"TheCursedMod:SpitefulStrike","floor":3},{"not_picked":["TheCursedMod:CircleOfWindfury","TheCursedMod:BloodBarrier"],"picked":"TheCursedMod:CursedShiv","floor":4},{"not_picked":["TheCursedMod:TacticalStrike","TheCursedMod:ReleasedKnowledge"],"picked":"TheCursedMod:CursedBlade","floor":5},{"not_picked":["TheCursedMod:RavingStaff","TheCursedMod:AshesToAshes"],"picked":"TheCursedMod:CursedArmor","floor":7},{"not_picked":["TheCursedMod:Wield","TheCursedMod:RavingStaff"],"picked":"TheCursedMod:SpitefulStrike","floor":12},{"not_picked":["TheCursedMod:AshesToAshes","TheCursedMod:CircleOfAmplification"],"picked":"TheCursedMod:Hemoplague","floor":14},{"not_picked":["TheCursedMod:CursedRelics","TheCursedMod:DemonicPact"],"picked":"TheCursedMod:CollectTribute","floor":16},{"not_picked":["TheCursedMod:SaltUponWound+1","TheCursedMod:CursedMace","Thunderclap"],"picked":"TheCursedMod:SmokeScreen","floor":18},{"not_picked":["Flex","Entrench","TheCursedMod:BlessingInDisguise"],"picked":"TheCursedMod:TroublousMinions","floor":20},{"not_picked":["Carnage","Wild Strike","Dropkick"],"picked":"TheCursedMod:SurpriseAttack","floor":21},{"not_picked":["Pommel Strike","TheCursedMod:CursedAmulet","TheCursedMod:CircleOfAmplification+1"],"picked":"Anger","floor":22},{"not_picked":["Infernal Blade","TheCursedMod:Stretching+1","TheCursedMod:RapidMovement"],"picked":"TheCursedMod:HellfireBreathing+1","floor":23},{"not_picked":["Flex","TheCursedMod:SpitefulStrike","TheCursedMod:NeowsMight"],"picked":"Inflame","floor":25},{"not_picked":["Body Slam","Infernal Blade","TheCursedMod:CircleOfFlame"],"picked":"TheCursedMod:Grudge","floor":29},{"not_picked":["Dropkick","TheCursedMod:Torture","Sword Boomerang"],"picked":"Fire Breathing","floor":31},{"not_picked":["TheCursedMod:SpitefulStrike+1","Havoc+1","TheCursedMod:WearCloak","Cleave"],"picked":"SKIP","floor":35},{"not_picked":["Dropkick","Battle Trance+1","TheCursedMod:Stigma"],"picked":"TheCursedMod:Evocation+1","floor":36},{"not_picked":["Clash","Hemokinesis+1","TheCursedMod:CursedMace+1"],"picked":"TheCursedMod:Stretching+1","floor":38},{"not_picked":["Iron Wave","Limit Break","TheCursedMod:Stretching+1"],"picked":"TheCursedMod:CursedAmulet+1","floor":41},{"not_picked":["Heavy Blade+1","Twin Strike","Warcry+1"],"picked":"Metallicize+1","floor":42},{"not_picked":["TheCursedMod:SoulCrush+1","TheCursedMod:SpitefulStrike","TheCursedMod:Wield"],"picked":"TheCursedMod:CursedSpellbook+1","floor":45},{"not_picked":["Burning Pact","TheCursedMod:CircleOfBlood+1","Shockwave","Perfected Strike"],"picked":"SKIP","floor":47},{"not_picked":["TheCursedMod:CircleOfAmplification+1","TheCursedMod:Wield+1","Wild Strike+1","Flex"],"picked":"SKIP","floor":48}],"player_experience":268082,"relics_obtained":[{"floor":7,"key":"Darkstone Periapt"},{"floor":12,"key":"Akabeko"},{"floor":23,"key":"WingedGreaves"},{"floor":25,"key":"Vajra"},{"floor":26,"key":"Nunchaku"},{"floor":29,"key":"Sundial"},{"floor":41,"key":"Bag of Preparation"},{"floor":43,"key":"Pantograph"},{"floor":45,"key":"CCEMRelics:Pendulum"}],"event_choices":[{"damage_healed":0,"gold_gain":0,"player_choice":"Left","damage_taken":0,"max_hp_gain":0,"max_hp_loss":0,"event_name":"betterThird:BetterGoop","floor":10,"gold_loss":41},{"damage_healed":0,"gold_gain":0,"player_choice":"0 cards matched","damage_taken":0,"max_hp_gain":0,"max_hp_loss":0,"event_name":"Match and Keep!","floor":11,"gold_loss":0,"cards_obtained":[]},{"damage_healed":0,"gold_gain":0,"player_choice":"Upgraded","damage_taken":0,"max_hp_gain":0,"max_hp_loss":0,"event_name":"Upgrade Shrine","floor":37,"gold_loss":0,"cards_upgraded":["TheCursedMod:CollectTribute"]}],"is_beta":false,"boss_relics":[{"not_picked":["Runic Dome","energizedSpire:SpiderWeb"],"picked":"aspiration:IroncladSkillbook"},{"not_picked":["Philosopher\u0027s Stone","Empty Cage"],"picked":"aspiration:FutureDiary"}],"items_purged_floors":[],"is_endless":false,"potions_floor_spawned":[2,3,5,12,18,21,23,31,35,41,42,47],"ascension_level":6}}