{"host":"rjfefv2ruvigm2gb","time":1611521270,"event":{"mods":["Act Like it!","AlwaysNeverKeys","BaseMod","Better Third Choice","Block Reminder","Conspire","Curses Come First","Displayed Cursed Tome","Downfall","Elementarium","Fox Events","GifTheSpireLib","Gold Saver","Googly Eyes","HexUI Lib","Hubris","Infinite Spire","Ironclad Rager","Luminous","Marked Mod","Mimic Mod","Minty Spire (QoL Compilation)","Permanent Neow","Poor People Problems","Quick Restart","Relic Filter","Relic Stats","Replay The Spire","Retaliation","Shop Mod","Small Relic Pack","StS++","StSLib","Stuff the Spire","SuperFastMode","The Blue Laboratory","Transform Curses","Uncapped","Virulent Crown","Watcher Patcher"],"gold_per_floor":[99,117,102,102,202,202,250,270,270,297,307,322,332,332,344,344,344,344],"floor_reached":16,"language":"ENG","playtime":1159,"items_purged":[],"score":102,"play_id":"017531e5-b9c1-4b73-a212-7a9599a8be61","local_time":"20210124144750","is_ascension_mode":false,"campfire_choices":[{"floor":1,"key":"DIG"}],"circlet_count":0,"master_deck":["Slimebound:Strike_Slimebound+1","Slimebound:Tackle","Slimebound:Defend_Slimebound","Slimebound:Defend_Slimebound","Slimebound:Defend_Slimebound","Slimebound:Split","Slimebound:CorrosiveSpit+1","Slimebound:RejuvenatingLick+1","Slimebound:Teamwork","Slimebound:Chomp+1","Slimebound:PrepareCrush","Slimebound:Repurpose","Slimebound:AcidTongue","Slimebound:Schlurp"],"relics":["Ring of Chaos","Meat on the Bone","downfall:BrokenWingStatue","StuffTheSpire:Experiment12","Whetstone"],"acts_visited":["Exordium"],"potions_floor_usage":[5,10,13,16],"damage_taken":[{"damage":0,"enemies":"2 Louse","floor":2,"turns":3},{"damage":8,"enemies":"downfall:FleeingMerchant","floor":3,"turns":4},{"damage":44,"enemies":"downfall:Heads","floor":5,"turns":6},{"damage":0,"enemies":"Small Slimes","floor":8,"turns":3},{"damage":28,"enemies":"Gremlin Nob","floor":10,"turns":4},{"damage":0,"enemies":"Jaw Worm","floor":11,"turns":3},{"damage":6,"enemies":"Large Slime","floor":12,"turns":4},{"damage":0,"enemies":"3 Louse","floor":13,"turns":3},{"damage":9,"enemies":"Lots of Slimes","floor":15,"turns":6},{"damage":39,"enemies":"SI_SHIV_ARCHETYPE","floor":16,"turns":8}],"seed_played":"832866306461363726","potions_obtained":[{"floor":2,"key":"AttackPotion"},{"floor":8,"key":"blueLaboratory:EmptyBottle"},{"floor":12,"key":"Adrenaline Potion"},{"floor":15,"key":"AttackPotion"}],"is_trial":false,"path_per_floor":["R","M","$","?","?","?","T","M","?","E","M","M","M","?","M","B"],"character_chosen":"SLIMEBOUND","items_purchased":[],"campfire_rested":0,"item_purchase_floors":[],"current_hp_per_floor":[65,65,57,57,25,46,46,46,46,30,42,36,36,36,39,0,0,0],"gold":344,"neow_bonus":"BOSS_RELIC","is_daily":false,"chose_seed":false,"campfire_upgraded":0,"win_rate":0.0,"timestamp":1611521270,"path_taken":["R","M","$","?","?","?","T","?","?","E","M","M","M","?","M","BOSS"],"items_purchased_type":[],"build_version":"2020-12-22","purchased_purges":0,"victory":false,"max_hp_per_floor":[65,65,65,65,65,65,65,65,65,65,65,65,65,65,65,65,65,65],"relic_stats":{"counters":[10,43],"Whetstone":["Slimebound:Chomp","Slimebound:Strike_Slimebound"],"obtain_stats":[{"StuffTheSpire:Experiment12":7,"downfall:BrokenWingStatue":4,"Ring of Chaos":0,"Slimebound:AbsorbEndCombat":0,"Whetstone":10,"Meat on the Bone":1},{"StuffTheSpire:Experiment12":3,"downfall:BrokenWingStatue":2,"Ring of Chaos":0,"Slimebound:AbsorbEndCombat":0,"Whetstone":5,"Meat on the Bone":0},{"StuffTheSpire:Experiment12":12,"downfall:BrokenWingStatue":7,"Ring of Chaos":0,"Slimebound:AbsorbEndCombat":0,"Whetstone":19,"Meat on the Bone":0}],"Meat on the Bone":48},"card_choices":[{"not_picked":["Slimebound:ComboTackle","Slimebound:RollThrough","Slimebound:ItLooksTasty"],"picked":"SKIP","floor":2},{"not_picked":["Slimebound:SplitMire","Slimebound:LeechingTouch"],"picked":"Slimebound:RejuvenatingLick","floor":3},{"not_picked":["Slimebound:SplitBruiser","Slimebound:RollThrough"],"picked":"Slimebound:Chomp","floor":5},{"not_picked":["Slimebound:GoopTackle","Slimebound:LeechEnergy"],"picked":"Slimebound:PrepareCrush","floor":8},{"not_picked":["Slimebound:SplitBruiser","Slimebound:DisruptingSlam"],"picked":"Slimebound:Repurpose","floor":10},{"not_picked":["Slimebound:LeechingTouch","Slimebound:SplitLeeching"],"picked":"Slimebound:AcidTongue","floor":11},{"not_picked":["Slimebound:GoopTackle","Slimebound:PressTheAttack","Slimebound:SlimeBarrage"],"picked":"SKIP","floor":12},{"not_picked":["Slimebound:Equalize","Slimebound:SlimeSpikes"],"picked":"Slimebound:Schlurp","floor":13},{"not_picked":["Slimebound:RollThrough","Slimebound:PressTheAttack","Slimebound:SlimeTap"],"picked":"SKIP","floor":15}],"player_experience":1051148,"relics_obtained":[{"floor":1,"key":"Meat on the Bone"},{"floor":7,"key":"StuffTheSpire:Experiment12"},{"floor":10,"key":"Whetstone"}],"event_choices":[{"damage_healed":21,"gold_gain":0,"player_choice":"Banana","damage_taken":0,"max_hp_gain":0,"max_hp_loss":0,"event_name":"Big Fish","floor":6,"gold_loss":0}],"is_beta":false,"boss_relics":[],"items_purged_floors":[],"is_endless":false,"potions_floor_spawned":[2,8,12,15],"killed_by":"SI_SHIV_ARCHETYPE","ascension_level":0}}