{"host":"fm9e0lfunjlbhzxv","time":1611456279,"event":{"mods":["2.2 Compatiblity","AchievementEnabler","Alarm Clock","BaseMod","Bestiary","Colored Map","Colored Powertips","Key Reminder","Minty Spire (QoL Compilation)","Permanent Neow","Random Character Button","Rare Cards Sparkle","Relic Stats","StSLib","The IronCluck","slay the spire mod where everything is the same but ironclad has a cowboy hat"],"gold_per_floor":[117,117,127,143,160,190,190,203,282,256,287,303,332,343,343,438,438,451,466,466,484,484,512,392,425,425,425,455,485,194,194,194,299,299,317,317,328,1327,919,954,954,981,981,1006,1006,570,582,582,582,582,582,582,29,61,61],"floor_reached":56,"language":"ENG","playtime":3512,"items_purged":["Normality","Normality","Defend_R+1"],"score":1614,"play_id":"5baae045-9816-4737-a785-b3d45a3eaff4","local_time":"20210123184439","is_ascension_mode":true,"campfire_choices":[{"data":"Bash","floor":7,"key":"SMITH"},{"floor":15,"key":"REST"},{"floor":27,"key":"REST"},{"data":"True Grit","floor":32,"key":"SMITH"},{"data":"Evolve","floor":41,"key":"SMITH"},{"data":"Demon Form","floor":45,"key":"SMITH"},{"floor":49,"key":"RECALL"},{"data":"Burning Pact","floor":52,"key":"SMITH"}],"circlet_count":0,"master_deck":["Strike_R+1","Strike_R+1","Strike_R+1","Strike_R+1","Strike_R+1","Defend_R+1","Defend_R+1","Defend_R+1","Bash+1","Shockwave","Metallicize","Juggernaut","Whirlwind","Disarm","Perfected Strike+1","Cleave+1","Clothesline+1","Immolate+1","Inflame+1","Twin Strike+1","Heavy Blade+1","Evolve+1","Reaper+1","Inflame","Burning Pact+1","Flame Barrier","Headbutt+1","Feel No Pain+1","Dark Embrace","True Grit+1","Perfected Strike+1","Juggernaut","Whirlwind+1","Wild Strike+1","Shockwave","Power Through+1","Demon Form+1","Shockwave","Feel No Pain","HandOfGreed+1","Purity","Twin Strike+1","Impervious","Dark Embrace","Shockwave","HandOfGreed+1","Evolve+1"],"relics":["Snecko Eye","InkBottle","Magic Flower","Molten Egg 2","Oddly Smooth Stone","Gambling Chip","Mark of Pain","StrikeDummy","WingedGreaves","White Beast Statue","Anchor","Bag of Preparation","SlaversCollar","Membership Card","Letter Opener","Orichalcum","Boot","Dead Branch","Toy Ornithopter","HornCleat","Happy Flower","Centennial Puzzle","Cauldron","Lantern","Lee\u0027s Waffle","Gremlin Horn","Sundial"],"acts_visited":["Exordium","TheCity","TheBeyond","TheEnding"],"potions_floor_usage":[12,23,35,40,42,54,55,55,55],"damage_taken":[{"damage":7,"enemies":"Jaw Worm","floor":1,"turns":2},{"damage":5,"enemies":"Cultist","floor":3,"turns":4},{"damage":0,"enemies":"Small Slimes","floor":4,"turns":2},{"damage":17,"enemies":"Exordium Thugs","floor":5,"turns":7},{"damage":16,"enemies":"3 Sentries","floor":6,"turns":8},{"damage":8,"enemies":"Looter","floor":8,"turns":3},{"damage":21,"enemies":"Gremlin Nob","floor":11,"turns":4},{"damage":0,"enemies":"Large Slime","floor":12,"turns":3},{"damage":4,"enemies":"Lagavulin","floor":13,"turns":3},{"damage":4,"enemies":"2 Fungi Beasts","floor":14,"turns":3},{"damage":5,"enemies":"Slime Boss","floor":16,"turns":7},{"damage":0,"enemies":"Spheric Guardian","floor":18,"turns":3},{"damage":7,"enemies":"Shell Parasite","floor":19,"turns":3},{"damage":12,"enemies":"Snake Plant","floor":21,"turns":2},{"damage":24,"enemies":"Slavers","floor":23,"turns":3},{"damage":0,"enemies":"Gremlin Leader","floor":25,"turns":2},{"damage":15,"enemies":"Book of Stabbing","floor":28,"turns":4},{"damage":18,"enemies":"Gremlin Leader","floor":29,"turns":3},{"damage":8,"enemies":"Collector","floor":33,"turns":5},{"damage":5,"enemies":"3 Darklings","floor":35,"turns":2},{"damage":0,"enemies":"3 Shapes","floor":37,"turns":1},{"damage":48,"enemies":"Reptomancer","floor":40,"turns":7},{"damage":14,"enemies":"Nemesis","floor":42,"turns":5},{"damage":13,"enemies":"Giant Head","floor":44,"turns":6},{"damage":0,"enemies":"Sphere and 2 Shapes","floor":47,"turns":3},{"damage":38,"enemies":"Time Eater","floor":50,"turns":8},{"damage":46,"enemies":"Shield and Spear","floor":54,"turns":6},{"damage":49,"enemies":"The Heart","floor":55,"turns":7}],"seed_played":"8115553147538845820","potions_obtained":[{"floor":4,"key":"ElixirPotion"},{"floor":6,"key":"FairyPotion"},{"floor":11,"key":"BloodPotion"},{"floor":12,"key":"BlessingOfTheForge"},{"floor":14,"key":"BloodPotion"},{"floor":18,"key":"LiquidBronze"},{"floor":19,"key":"ColorlessPotion"},{"floor":25,"key":"Fire Potion"},{"floor":29,"key":"ElixirPotion"},{"floor":33,"key":"Fruit Juice"},{"floor":35,"key":"BlessingOfTheForge"},{"floor":40,"key":"Energy Potion"},{"floor":42,"key":"Energy Potion"},{"floor":46,"key":"Swift Potion"},{"floor":46,"key":"LiquidMemories"},{"floor":46,"key":"Regen Potion"},{"floor":47,"key":"BloodPotion"},{"floor":54,"key":"GamblersBrew"}],"is_trial":false,"path_per_floor":["M","?","M","M","M","E","R","M","T","?","E","M","E","M","R","B",null,"M","M","?","M","?","E","$","E","T","R","E","E","$","?","R","B",null,"M","?","M","?","$","E","R","E","T","E","R","$","M","?","R","B",null,"R","$","E","B",null],"character_chosen":"IRONCLAD","items_purchased":["Inflame","Burning Pact","Dark Embrace","True Grit","Bag of Preparation","Perfected Strike+1","Membership Card","Shockwave","Letter Opener","Orichalcum","Happy Flower","Centennial Puzzle","Feel No Pain","HandOfGreed+1","Purity","Cauldron","Lantern","Impervious","Dark Embrace","Shockwave","Lee\u0027s Waffle","Gremlin Horn","HandOfGreed+1"],"campfire_rested":2,"item_purchase_floors":[24,24,30,30,30,30,39,39,39,39,46,46,46,46,46,46,53,53,53,53,53,53,53],"current_hp_per_floor":[73,73,68,68,51,35,35,27,27,27,6,30,26,22,46,41,80,80,73,58,46,46,22,22,22,22,47,32,50,50,50,50,42,85,85,85,85,85,85,63,63,72,72,72,72,72,72,72,72,34,85,85,92,92,51],"gold":61,"neow_bonus":"BOSS_RELIC","is_daily":false,"chose_seed":false,"campfire_upgraded":5,"win_rate":0.0,"timestamp":1611456279,"path_taken":["M","?","M","?","M","E","R","M","T","?","E","M","E","M","R","BOSS","M","M","?","M","?","E","$","E","T","R","E","E","$","?","R","BOSS","M","?","M","?","$","E","R","E","T","E","R","$","M","?","R","BOSS","R","$","E","BOSS"],"items_purchased_type":["Card","Card","Card","Card","Relic","Card","Relic","Card","Relic","Relic","Relic","Relic","Card","Card","Card","Relic","Relic","Card","Card","Card","Relic","Relic","Card"],"build_version":"2020-12-22","purchased_purges":3,"victory":true,"max_hp_per_floor":[80,80,80,80,80,80,80,80,80,80,80,80,80,80,80,80,80,80,80,85,85,85,85,85,85,85,85,85,85,85,85,85,85,85,90,85,85,85,85,85,85,85,85,85,85,85,85,85,85,85,85,85,92,92,92],"relic_stats":{"Lee\u0027s Waffle":7,"Happy Flower":[8],"Gremlin Horn":[1,1],"counters":[28,116],"Dead Branch":[32],"Magic Flower":[54],"Bag of Preparation":[20],"Letter Opener":[20],"Orichalcum":[36],"Boot":[8],"Centennial Puzzle":[9],"Sundial":[0],"Gambling Chip":[96],"Snecko Eye":[258,229,231,233],"obtain_stats":[{"Lantern":53,"Gremlin Horn":53,"Magic Flower":6,"Bag of Preparation":30,"Boot":40,"Burning Blood":0,"Centennial Puzzle":46,"HornCleat":44,"Sundial":54,"Gambling Chip":13,"WingedGreaves":25,"InkBottle":2,"Lee\u0027s Waffle":53,"Happy Flower":46,"Dead Branch":42,"Oddly Smooth Stone":11,"Letter Opener":39,"Orichalcum":39,"White Beast Statue":28,"keyreminder:keyreminder":26,"SlaversCollar":34,"Cauldron":46,"Anchor":29,"Snecko Eye":0,"Molten Egg 2":9,"Mark of Pain":17,"Membership Card":39,"StrikeDummy":23,"Toy Ornithopter":43},{"Lantern":26,"Gremlin Horn":26,"Magic Flower":5,"Bag of Preparation":18,"Boot":22,"Burning Blood":0,"Centennial Puzzle":24,"HornCleat":24,"Sundial":27,"Gambling Chip":9,"WingedGreaves":16,"InkBottle":1,"Lee\u0027s Waffle":26,"Happy Flower":24,"Dead Branch":23,"Oddly Smooth Stone":7,"Letter Opener":21,"Orichalcum":21,"White Beast Statue":17,"keyreminder:keyreminder":16,"SlaversCollar":19,"Cauldron":24,"Anchor":18,"Snecko Eye":0,"Molten Egg 2":6,"Mark of Pain":11,"Membership Card":21,"StrikeDummy":15,"Toy Ornithopter":23},{"Lantern":103,"Gremlin Horn":103,"Magic Flower":23,"Bag of Preparation":66,"Boot":81,"Burning Blood":0,"Centennial Puzzle":92,"HornCleat":92,"Sundial":109,"Gambling Chip":36,"WingedGreaves":59,"InkBottle":2,"Lee\u0027s Waffle":103,"Happy Flower":92,"Dead Branch":86,"Oddly Smooth Stone":30,"Letter Opener":74,"Orichalcum":74,"White Beast Statue":63,"keyreminder:keyreminder":59,"SlaversCollar":71,"Cauldron":92,"Anchor":66,"Snecko Eye":0,"Molten Egg 2":26,"Mark of Pain":46,"Membership Card":74,"StrikeDummy":57,"Toy Ornithopter":86}],"InkBottle":[42],"Toy Ornithopter":16},"card_choices":[{"not_picked":["Perfected Strike","Bloodletting"],"picked":"Shrug It Off","floor":1},{"not_picked":["Headbutt","Wild Strike","Twin Strike"],"picked":"SKIP","floor":3},{"not_picked":["Armaments","Searing Blow"],"picked":"Shockwave","floor":4},{"not_picked":["Shrug It Off","Heavy Blade"],"picked":"Metallicize","floor":5},{"not_picked":["Twin Strike","Hemokinesis"],"picked":"Juggernaut","floor":6},{"not_picked":["Sever Soul","Rage"],"picked":"Whirlwind","floor":8},{"not_picked":["Shrug It Off","Sentinel"],"picked":"Disarm","floor":11},{"not_picked":["Warcry","Blood for Blood+1"],"picked":"Perfected Strike+1","floor":12},{"not_picked":["Warcry","Dropkick+1"],"picked":"Cleave+1","floor":13},{"not_picked":["Perfected Strike+1","Twin Strike+1"],"picked":"Clothesline+1","floor":14},{"not_picked":["Exhume","Fiend Fire+1"],"picked":"Immolate+1","floor":16},{"not_picked":["Havoc","Perfected Strike+1"],"picked":"Inflame+1","floor":18},{"not_picked":["Infernal Blade","Headbutt+1"],"picked":"Twin Strike+1","floor":19},{"not_picked":["Sword Boomerang+1","Cleave+1"],"picked":"Heavy Blade+1","floor":21},{"not_picked":["Uppercut+1","Shockwave+1"],"picked":"Reaper+1","floor":23},{"not_picked":["Body Slam+1","Dropkick+1"],"picked":"Flame Barrier","floor":25},{"not_picked":["Armaments","Thunderclap+1"],"picked":"Headbutt+1","floor":28},{"not_picked":["Juggernaut","Rampage+1"],"picked":"Feel No Pain+1","floor":29},{"not_picked":["Fiend Fire+1","Brutality"],"picked":"Juggernaut","floor":33},{"not_picked":["Iron Wave+1","Pommel Strike+1"],"picked":"Whirlwind+1","floor":35},{"not_picked":["Heavy Blade+1","Iron Wave+1"],"picked":"Wild Strike+1","floor":37},{"not_picked":["Sword Boomerang+1","Shrug It Off"],"picked":"Power Through+1","floor":40},{"not_picked":["Bloodletting+1","Shrug It Off+1"],"picked":"Demon Form","floor":42},{"not_picked":["Carnage+1","Reckless Charge+1"],"picked":"Shockwave","floor":44},{"not_picked":["Body Slam+1","Sever Soul+1"],"picked":"Twin Strike+1","floor":47},{"not_picked":["Thunderclap+1","Anger+1"],"picked":"Evolve+1","floor":54}],"player_experience":442439,"relics_obtained":[{"floor":6,"key":"Magic Flower"},{"floor":9,"key":"Molten Egg 2"},{"floor":11,"key":"Oddly Smooth Stone"},{"floor":13,"key":"Gambling Chip"},{"floor":23,"key":"StrikeDummy"},{"floor":25,"key":"WingedGreaves"},{"floor":28,"key":"White Beast Statue"},{"floor":29,"key":"Anchor"},{"floor":40,"key":"Boot"},{"floor":42,"key":"Dead Branch"},{"floor":43,"key":"Toy Ornithopter"},{"floor":44,"key":"HornCleat"},{"floor":54,"key":"Sundial"}],"event_choices":[{"cards_removed":["Shrug It Off"],"damage_healed":0,"gold_gain":0,"player_choice":"Gave Card","damage_taken":0,"relics_obtained":["InkBottle"],"max_hp_gain":0,"max_hp_loss":0,"event_name":"WeMeetAgain","floor":2,"gold_loss":0},{"damage_healed":0,"gold_gain":0,"player_choice":"Left Gold","damage_taken":0,"max_hp_gain":0,"max_hp_loss":0,"event_name":"World of Goop","floor":10,"gold_loss":26},{"damage_healed":0,"gold_gain":0,"player_choice":"Shed Blood","damage_taken":20,"max_hp_gain":5,"max_hp_loss":0,"event_name":"Forgotten Altar","floor":20,"gold_loss":0},{"damage_healed":0,"gold_gain":0,"player_choice":"Read","damage_taken":0,"max_hp_gain":0,"max_hp_loss":0,"event_name":"The Library","floor":22,"gold_loss":0,"cards_obtained":["Evolve"]},{"damage_healed":0,"gold_gain":0,"player_choice":"Simplicity","damage_taken":0,"max_hp_gain":0,"max_hp_loss":0,"event_name":"Back to Basics","floor":31,"gold_loss":0,"cards_upgraded":["Strike_R","Strike_R","Strike_R","Strike_R","Strike_R","Defend_R","Defend_R","Defend_R","Defend_R"]},{"damage_healed":0,"gold_gain":0,"player_choice":"Max HP","damage_taken":0,"max_hp_gain":0,"max_hp_loss":5,"event_name":"Winding Halls","floor":36,"gold_loss":0},{"damage_healed":0,"gold_gain":999,"player_choice":"Gold","damage_taken":0,"max_hp_gain":0,"max_hp_loss":0,"event_name":"MindBloom","floor":38,"gold_loss":0,"cards_obtained":["Normality","Normality"]},{"damage_healed":0,"gold_gain":0,"player_choice":"Ignored","damage_taken":0,"max_hp_gain":0,"max_hp_loss":0,"event_name":"Tomb of Lord Red Mask","floor":48,"gold_loss":0}],"is_beta":false,"boss_relics":[{"not_picked":["SacredBark","Fusion Hammer"],"picked":"Mark of Pain"},{"not_picked":["Runic Dome","Pandora\u0027s Box"],"picked":"SlaversCollar"}],"items_purged_floors":[39,46,53],"is_endless":false,"potions_floor_spawned":[4,6,11,12,14,18,19,25,29,33,35,37,40,42,44,47,54],"ascension_level":3}}