{"host":"bq4pt811tk9yrmjl","time":1611514363,"event":{"mods":["AchievementEnabler","BaseMod","Colored Map","Colored Powertips","Defuse TimeMaze Blight","Hermit","Minty Spire (QoL Compilation)","StSLib","SuperFastMode"],"gold_per_floor":[116,128,47,47,47,47,75,93,138,138,138,157,157,157,157,259,259,272,291,291,310,329,364,375,375,398,398,414,433,445,457,457,556,556,570,570,582,634,647,647,647,697,748,798,815,834,863,41,41,41,41,41,41,71,71,71],"floor_reached":55,"language":"ENG","playtime":1208,"items_purged":[],"score":731,"play_id":"28b76315-f8a7-44bb-ae97-3667eca60aab","local_time":"20210124165243","is_ascension_mode":true,"campfire_choices":[{"data":"Fire Breathing","floor":6.0,"key":"SMITH"},{"data":"Bash","floor":11.0,"key":"SMITH"},{"data":"Uppercut","floor":13.0,"key":"SMITH"},{"floor":15.0,"key":"RECALL"},{"data":"Juggernaut","floor":27,"key":"SMITH"},{"data":"Flame Barrier","floor":32,"key":"SMITH"},{"floor":40,"key":"REST"},{"floor":49,"key":"REST"},{"floor":52,"key":"REST"}],"circlet_count":0,"master_deck":["Strike_R+1","Strike_R+1","Strike_R+1","Strike_R+1","Strike_R+1","Defend_R+1","Defend_R+1","Defend_R+1","Defend_R+1","Bash+1","Shrug It Off+1","Uppercut+1","Fire Breathing+1","Anger+1","Juggernaut+1","Clash+1","Shockwave+1","Shrug It Off+1","Flame Barrier+1","Impervious","Clash+1","Berserk","Spot Weakness+1"],"relics":["Burning Blood","NeowsBlessing","Anchor","Busted Crown","Question Card","Bronze Scales","Fusion Hammer","Smiling Mask","Prayer Wheel","Potion Belt","Dead Branch","Regal Pillow","Medical Kit","Ornamental Fan","Toxic Egg 2","StrikeDummy"],"acts_visited":["Exordium","TheCity","TheBeyond","TheEnding"],"potions_floor_usage":[22,28,28,29,39,46,47,50,50,54,55],"damage_taken":[{"damage":0.0,"enemies":"Small Slimes","floor":1.0,"turns":1.0},{"damage":0.0,"enemies":"Jaw Worm","floor":2.0,"turns":1.0},{"damage":0.0,"enemies":"Gremlin Nob","floor":7.0,"turns":1.0},{"damage":0.0,"enemies":"2 Louse","floor":8.0,"turns":3.0},{"damage":13.0,"enemies":"Gremlin Gang","floor":12.0,"turns":6.0},{"damage":41.0,"enemies":"Hexaghost","floor":16.0,"turns":10.0},{"damage":8.0,"enemies":"Spheric Guardian","floor":18.0,"turns":4.0},{"damage":0,"enemies":"3 Byrds","floor":19,"turns":6},{"damage":6,"enemies":"Centurion and Healer","floor":21,"turns":6},{"damage":15,"enemies":"Snake Plant","floor":22,"turns":3},{"damage":4,"enemies":"Book of Stabbing","floor":23,"turns":6},{"damage":19,"enemies":"Shelled Parasite and Fungi","floor":24,"turns":5},{"damage":0,"enemies":"Chosen and Byrds","floor":28,"turns":4},{"damage":0,"enemies":"3 Cultists","floor":29,"turns":3},{"damage":9,"enemies":"Snake Plant","floor":30,"turns":4},{"damage":0,"enemies":"Snecko","floor":31,"turns":4},{"damage":50,"enemies":"Champ","floor":33,"turns":13},{"damage":0,"enemies":"Orb Walker","floor":35,"turns":3},{"damage":0,"enemies":"3 Shapes","floor":37,"turns":4},{"damage":0,"enemies":"Writhing Mass","floor":39,"turns":6},{"damage":28,"enemies":"2 Orb Walkers","floor":42,"turns":5},{"damage":0,"enemies":"Mind Bloom Boss Battle","floor":44,"turns":7},{"damage":21,"enemies":"3 Darklings","floor":45,"turns":5},{"damage":8,"enemies":"Spire Growth","floor":46,"turns":6},{"damage":42,"enemies":"Reptomancer","floor":47,"turns":6},{"damage":46,"enemies":"Awakened One","floor":50,"turns":14},{"damage":62,"enemies":"Shield and Spear","floor":54,"turns":8},{"damage":55,"enemies":"The Heart","floor":55,"turns":5}],"seed_played":"-6143845180172384063","potions_obtained":[{"floor":1.0,"key":"PowerPotion"},{"floor":7.0,"key":"Block Potion"},{"floor":8.0,"key":"PowerPotion"},{"floor":21,"key":"Weak Potion"},{"floor":23,"key":"ColorlessPotion"},{"floor":24,"key":"AttackPotion"},{"floor":28,"key":"Fruit Juice"},{"floor":33,"key":"DistilledChaos"},{"floor":35,"key":"Ancient Potion"},{"floor":39,"key":"FairyPotion"},{"floor":46,"key":"Block Potion"},{"floor":54,"key":"LiquidMemories"}],"is_trial":false,"path_per_floor":["M","M","$","?","?","R","E","M","T","?","R","M","R","$","R","B",null,"M","M","?","M","M","E","M","?","T","R","M","M","M","M","R","B",null,"M","?","M","T","M","R","?","?","T","?","M","M","E","$","R","B",null,"R","$","E","B"],"character_chosen":"IRONCLAD","items_purchased":["Fire Breathing","Medical Kit","Ornamental Fan","Toxic Egg 2","Ancient Potion","AttackPotion","Fire Potion"],"campfire_rested":3,"item_purchase_floors":[3,48,48,48,48,48,48],"current_hp_per_floor":[80,80,80,64,69,69,75,81,81,81,81,74,74,74,74,39,85,83,85,85,85,76,78,65,59,59,59,70,76,73,79,79,35,90,90,85,85,85,85,85,85,63,63,69,54,52,16,16,56,16,85,85,85,29,0,0],"gold":71,"neow_bonus":"THREE_ENEMY_KILL","is_daily":false,"chose_seed":false,"campfire_upgraded":5,"win_rate":0.0,"timestamp":1611514363,"path_taken":["M","M","$","?","?","R","E","M","T","?","R","M","R","$","R","BOSS","M","?","?","M","M","E","M","?","T","R","M","M","M","?","R","BOSS","M","?","M","?","M","R","?","?","T","?","?","M","E","$","R","BOSS","R","$","E","BOSS"],"items_purchased_type":["Card","Relic","Relic","Relic","Potion","Potion","Potion"],"build_version":"2020-12-22","purchased_purges":0,"victory":false,"max_hp_per_floor":[80,80,80,80,85,85,85,85,85,85,85,85,85,85,85,85,85,85,85,85,85,85,85,85,85,85,85,90,90,90,90,90,90,90,90,85,85,85,85,85,85,85,85,85,85,85,85,85,85,85,85,85,85,85,85,85],"card_choices":[{"not_picked":["Fire Breathing","Iron Wave"],"picked":"Shrug It Off","floor":1.0},{"not_picked":["Body Slam","Warcry"],"picked":"Uppercut","floor":2.0},{"not_picked":["Heavy Blade","Wild Strike","Pommel Strike"],"picked":"SKIP","floor":7.0},{"not_picked":["Warcry","Offering"],"picked":"Anger","floor":8.0},{"not_picked":["Iron Wave","Infernal Blade","Second Wind"],"picked":"SKIP","floor":12.0},{"not_picked":["Feed","Barricade"],"picked":"Juggernaut","floor":16.0},{"not_picked":[],"picked":"Clash+1","floor":18.0},{"not_picked":[],"picked":"Shockwave+1","floor":19},{"not_picked":["Sword Boomerang+1"],"picked":"SKIP","floor":21},{"not_picked":["Flex"],"picked":"SKIP","floor":22},{"not_picked":["Dark Embrace"],"picked":"SKIP","floor":23},{"not_picked":["Clothesline"],"picked":"Shrug It Off+1","floor":24},{"not_picked":["Combust"],"picked":"Flame Barrier","floor":28},{"not_picked":["Twin Strike","Uppercut"],"picked":"SKIP","floor":29},{"not_picked":["Dark Embrace+1","Hemokinesis"],"picked":"SKIP","floor":30},{"not_picked":["Infernal Blade","Dual Wield"],"picked":"SKIP","floor":31},{"not_picked":["Brutality"],"picked":"Impervious","floor":33},{"not_picked":["Hemokinesis+1","Flex"],"picked":"SKIP","floor":35},{"not_picked":["Twin Strike","Pommel Strike"],"picked":"SKIP","floor":37},{"not_picked":["Anger"],"picked":"True Grit+1","floor":39},{"not_picked":["Sword Boomerang+1"],"picked":"Clash+1","floor":42},{"not_picked":["Thunderclap+1"],"picked":"Berserk","floor":44},{"not_picked":["Entrench","Perfected Strike+1"],"picked":"SKIP","floor":45},{"not_picked":["Pommel Strike+1","Dropkick+1"],"picked":"SKIP","floor":45},{"not_picked":["Clash+1","Clothesline"],"picked":"SKIP","floor":46},{"not_picked":["Thunderclap","Power Through+1"],"picked":"SKIP","floor":46},{"not_picked":["Body Slam"],"picked":"Spot Weakness+1","floor":47},{"not_picked":["Brutality","Thunderclap+1"],"picked":"SKIP","floor":54}],"player_experience":231491,"relics_obtained":[{"floor":7.0,"key":"Anchor"},{"floor":23,"key":"Question Card"},{"floor":26,"key":"Bronze Scales"},{"floor":38,"key":"Smiling Mask"},{"floor":42,"key":"Prayer Wheel"},{"floor":43,"key":"Potion Belt"},{"floor":44,"key":"Dead Branch"},{"floor":47,"key":"Regal Pillow"},{"floor":54,"key":"StrikeDummy"}],"event_choices":[{"damage_healed":0.0,"max_hp_gain":0.0,"max_hp_loss":0.0,"gold_gain":0.0,"event_name":"Shining Light","player_choice":"Entered Light","floor":4.0,"gold_loss":0.0,"damage_taken":16.0,"cards_upgraded":["Defend_R","Shrug It Off"]},{"damage_healed":0.0,"max_hp_gain":5.0,"max_hp_loss":0.0,"gold_gain":0.0,"event_name":"Big Fish","player_choice":"Donut","floor":5.0,"gold_loss":0.0,"damage_taken":0.0},{"damage_healed":0.0,"max_hp_gain":0.0,"max_hp_loss":0.0,"gold_gain":0.0,"event_name":"Upgrade Shrine","player_choice":"Upgraded","floor":10.0,"gold_loss":0.0,"damage_taken":0.0,"cards_upgraded":["Anger"]},{"damage_healed":0,"gold_gain":0,"player_choice":"Simplicity","damage_taken":0,"max_hp_gain":0,"max_hp_loss":0,"event_name":"Back to Basics","floor":20,"gold_loss":0,"cards_upgraded":["Strike_R","Strike_R","Strike_R","Strike_R","Strike_R","Defend_R","Defend_R","Defend_R"]},{"damage_healed":0,"gold_gain":0,"player_choice":"","damage_taken":6,"max_hp_gain":0,"max_hp_loss":0,"event_name":"Knowing Skull","floor":25,"potions_obtained":[],"gold_loss":0,"cards_obtained":[]},{"damage_healed":0,"gold_gain":0,"player_choice":"Max HP","damage_taken":0,"max_hp_gain":0,"max_hp_loss":5,"event_name":"Winding Halls","floor":36,"gold_loss":0},{"cards_removed":["True Grit"],"damage_healed":0,"gold_gain":0,"player_choice":"Removed Skill","damage_taken":0,"max_hp_gain":0,"max_hp_loss":0,"event_name":"Falling","floor":41,"gold_loss":0},{"damage_healed":0,"gold_gain":0,"player_choice":"Fight","damage_taken":0,"max_hp_gain":0,"max_hp_loss":0,"event_name":"Mysterious Sphere","floor":42,"gold_loss":0},{"damage_healed":0,"gold_gain":0,"player_choice":"Fight","damage_taken":0,"max_hp_gain":0,"max_hp_loss":0,"event_name":"MindBloom","floor":44,"gold_loss":0}],"is_beta":false,"boss_relics":[{"not_picked":["Empty Cage","Runic Cube"],"picked":"Busted Crown"},{"not_picked":["Tiny House","Velvet Choker"],"picked":"Fusion Hammer"}],"items_purged_floors":[],"is_endless":false,"potions_floor_spawned":[1,7,8,21,23,24,28,33,35,39,46,54],"killed_by":"The Heart","ascension_level":1}}