{"host":"f5gffvlv6a66yqkd","time":1611510809,"event":{"mods":["2.2 Compatiblity","BaseMod","Colored Map","Custom Start","Dark Map","DeckTracker","Keyboard Shortcuts","Minty Spire (QoL Compilation)","Permanent Neow","Quick Restart","Relic Stats","StSLib","SuperFastMode"],"gold_per_floor":[16,26,45,55,71,71,71],"floor_reached":6,"language":"KOR","playtime":291,"items_purged":[],"score":80,"play_id":"9f860a74-335c-4e37-971e-e98de096b208","local_time":"20210125025329","is_ascension_mode":true,"campfire_choices":[],"circlet_count":0,"master_deck":["AscendersBane","Strike_G","Strike_G","Strike_G","Strike_G","Strike_G","Defend_G","Defend_G","Defend_G","Defend_G","Defend_G","Survivor","Neutralize","Crippling Poison","Deadly Poison","Venomology","Predator","Heel Hook"],"relics":["Ring of the Snake","Mango"],"acts_visited":["Exordium"],"potions_floor_usage":[4,6,6,6,6,6,6,6],"damage_taken":[{"damage":0.0,"enemies":"2 Louse","floor":1.0,"turns":2.0},{"damage":3.0,"enemies":"Jaw Worm","floor":2.0,"turns":6.0},{"damage":0.0,"enemies":"Cultist","floor":3.0,"turns":4.0},{"damage":2,"enemies":"3 Louse","floor":4,"turns":2},{"damage":38,"enemies":"Exordium Thugs","floor":5,"turns":6},{"damage":26,"enemies":"3 Sentries","floor":6,"turns":6}],"seed_played":"63488249408889850","potions_obtained":[{"floor":1.0,"key":"SmokeBomb"},{"floor":3.0,"key":"Swift Potion"}],"is_trial":false,"path_per_floor":["M","M","M","M","M","E"],"character_chosen":"THE_SILENT","items_purchased":[],"campfire_rested":0,"item_purchase_floors":[],"current_hp_per_floor":[73,70,70,68,30,4,4],"gold":71,"neow_bonus":"ONE_RARE_RELIC","is_daily":false,"chose_seed":false,"campfire_upgraded":0,"win_rate":0.0,"timestamp":1611510809,"path_taken":["M","M","M","M","M","E"],"items_purchased_type":[],"build_version":"2020-12-22","purchased_purges":0,"victory":false,"max_hp_per_floor":[80,80,80,80,80,80,80],"relic_stats":{"counters":[6,26],"obtain_stats":[{"Mango":0,"Ring of the Snake":0},{"Mango":0,"Ring of the Snake":0},{"Mango":0,"Ring of the Snake":0}],"Ring of the Snake":[12]},"card_choices":[{"not_picked":["Slice","Dash"],"picked":"Crippling Poison","floor":1.0},{"not_picked":["Prepared","Poisoned Stab"],"picked":"Deadly Poison","floor":2.0},{"not_picked":["Eviscerate","Underhanded Strike"],"picked":"Venomology","floor":3.0},{"not_picked":["Expertise","Deflect"],"picked":"Predator","floor":4},{"not_picked":["Poisoned Stab","Outmaneuver"],"picked":"Heel Hook","floor":5}],"player_experience":1610230,"relics_obtained":[],"event_choices":[],"is_beta":false,"boss_relics":[],"items_purged_floors":[],"is_endless":false,"potions_floor_spawned":[1,3],"killed_by":"3 Sentries","ascension_level":20}}