{"host":"6xsbn6ynqlzwllfm","time":1611504619,"event":{"mods":["2.2 Compatiblity","BaseMod","Bestiary","Colored Map","Colored Powertips","Curses Come First","Highlight Path","Keyboard Shortcuts","Minty Spire (QoL Compilation)","Quick Restart","Relic Stats","Slay the Relics Exporter","StSLib","SuperFastMode"],"gold_per_floor":[109,122,122,139,214,241,241,272,349,349,362,390,390,418,418,497,497,517,30,30,46,46,46,46,46,46,46,58,58,58,76,76,155,155,167,522,522,541,573,573,573],"floor_reached":40,"language":"ENG","playtime":2560,"items_purged":["Strike_R"],"score":874,"play_id":"32558ce9-4be9-409b-95c8-3020d139043e","local_time":"20210124111019","is_ascension_mode":true,"campfire_choices":[{"floor":7,"key":"REST"},{"floor":10,"key":"REST"},{"floor":13,"key":"REST"},{"floor":15,"key":"RECALL"},{"data":"1","floor":23,"key":"LIFT"},{"data":"2","floor":25,"key":"LIFT"},{"data":"3","floor":27,"key":"LIFT"},{"floor":29,"key":"REST"},{"floor":32,"key":"REST"}],"circlet_count":0,"master_deck":["AscendersBane","Strike_R","Defend_R","Defend_R","Defend_R","Defend_R","Bash","Shockwave","Clothesline","Bash","Exhume","Flame Barrier","Shrug It Off","Shrug It Off","Armaments","Fiend Fire","Offering","Shrug It Off+1","Fire Breathing","Dark Embrace","True Grit","Pain","Inflame","Brutality","Spot Weakness","Sword Boomerang","Juggernaut","Clothesline+1","Body Slam+1","Dual Wield+1","Evolve","HandOfGreed","Shockwave"],"relics":["Fusion Hammer","Ice Cream","Oddly Smooth Stone","Mummified Hand","Nunchaku","Prayer Wheel","Philosopher\u0027s Stone","Girya","WarpedTongs","Bottled Tornado","Astrolabe","Old Coin"],"acts_visited":["Exordium","TheCity","TheBeyond"],"potions_floor_usage":[6,8,8,12,31,33,35,40,40],"damage_taken":[{"damage":0,"enemies":"Cultist","floor":1,"turns":3},{"damage":4,"enemies":"Jaw Worm","floor":2,"turns":3},{"damage":6,"enemies":"2 Louse","floor":4,"turns":2},{"damage":9,"enemies":"Lagavulin","floor":6,"turns":7},{"damage":19,"enemies":"3 Sentries","floor":8,"turns":7},{"damage":0,"enemies":"Red Slaver","floor":11,"turns":4},{"damage":0,"enemies":"Lagavulin","floor":12,"turns":7},{"damage":8,"enemies":"Gremlin Nob","floor":14,"turns":3},{"damage":54,"enemies":"Hexaghost","floor":16,"turns":11},{"damage":21,"enemies":"Shell Parasite","floor":18,"turns":4},{"damage":6,"enemies":"Spheric Guardian","floor":21,"turns":3},{"damage":23,"enemies":"Snake Plant","floor":28,"turns":3},{"damage":25,"enemies":"Shelled Parasite and Fungi","floor":31,"turns":5},{"damage":25,"enemies":"Champ","floor":33,"turns":8},{"damage":0,"enemies":"3 Shapes","floor":35,"turns":4},{"damage":10,"enemies":"2 Orb Walkers","floor":36,"turns":2},{"damage":28,"enemies":"3 Darklings","floor":38,"turns":5},{"damage":9,"enemies":"Sphere and 2 Shapes","floor":39,"turns":4},{"damage":14,"enemies":"Reptomancer","floor":40,"turns":3}],"seed_played":"-7923542629307750273","potions_obtained":[{"floor":1,"key":"DuplicationPotion"},{"floor":2,"key":"HeartOfIron"},{"floor":6,"key":"Strength Potion"},{"floor":8,"key":"BlessingOfTheForge"},{"floor":11,"key":"SpeedPotion"},{"floor":21,"key":"Fire Potion"},{"floor":31,"key":"PowerPotion"},{"floor":33,"key":"FearPotion"},{"floor":39,"key":"AttackPotion"}],"is_trial":false,"path_per_floor":["M","M","?","M","?","E","R","E","T","R","M","E","R","E","R","B",null,"M","$","?","M","T","R","?","R","T","R","M","R","$","M","R","B",null,"M","?","?","M","M","E"],"character_chosen":"IRONCLAD","items_purchased":["Girya","Dark Embrace","True Grit"],"campfire_rested":5,"item_purchase_floors":[19,19,19],"current_hp_per_floor":[68,64,64,58,47,38,60,41,41,63,63,63,75,67,67,13,60,39,39,39,33,33,33,33,33,33,33,10,32,32,7,29,4,57,57,47,47,19,10,0,0],"gold":573,"neow_bonus":"BOSS_RELIC","is_daily":false,"chose_seed":false,"campfire_upgraded":0,"win_rate":0.0,"timestamp":1611504619,"path_taken":["M","?","?","?","?","E","R","E","T","R","M","E","R","E","R","BOSS","M","$","?","?","?","R","?","R","T","R","?","R","?","M","R","BOSS","M","?","?","M","M","E"],"items_purchased_type":["Relic","Card","Card"],"build_version":"2020-12-22","purchased_purges":1,"victory":false,"max_hp_per_floor":[75,75,75,75,75,75,75,75,75,75,75,75,75,75,75,75,75,75,75,75,75,75,75,75,75,75,75,75,75,75,75,75,75,75,75,75,75,75,75,75,75],"relic_stats":{"Nunchaku":[8],"counters":[19,88],"Mummified Hand":[31],"Astrolabe":["Clothesline","Body Slam","Dual Wield"],"Prayer Wheel":7,"obtain_stats":[{"Ice Cream":6,"Girya":19,"Astrolabe":34,"Oddly Smooth Stone":8,"Bottled Tornado":26,"Burning Blood":0,"WarpedTongs":20,"Old Coin":36,"Nunchaku":12,"Mummified Hand":9,"Prayer Wheel":14,"Philosopher\u0027s Stone":17,"Fusion Hammer":0},{"Ice Cream":4,"Girya":10,"Astrolabe":14,"Oddly Smooth Stone":5,"Bottled Tornado":11,"Burning Blood":0,"WarpedTongs":10,"Old Coin":16,"Nunchaku":7,"Mummified Hand":5,"Prayer Wheel":8,"Philosopher\u0027s Stone":9,"Fusion Hammer":0},{"Ice Cream":15,"Girya":51,"Astrolabe":70,"Oddly Smooth Stone":22,"Bottled Tornado":54,"Burning Blood":0,"WarpedTongs":51,"Old Coin":76,"Nunchaku":33,"Mummified Hand":22,"Prayer Wheel":36,"Philosopher\u0027s Stone":47,"Fusion Hammer":0}],"WarpedTongs":[37]},"card_choices":[{"not_picked":["Seeing Red","Anger"],"picked":"Shockwave","floor":1},{"not_picked":["Havoc","Wild Strike"],"picked":"Clothesline","floor":2},{"not_picked":["Double Tap","Sentinel"],"picked":"Flame Barrier","floor":4},{"not_picked":["Limit Break","Uppercut"],"picked":"Shrug It Off","floor":6},{"not_picked":["Flex","Sword Boomerang"],"picked":"Shrug It Off","floor":8},{"not_picked":["Body Slam","Warcry"],"picked":"Armaments","floor":11},{"not_picked":["Clothesline","Rampage","Rage"],"picked":"SKIP","floor":12},{"not_picked":["Sever Soul","Clothesline"],"picked":"Fiend Fire","floor":14},{"not_picked":["Corruption","Impervious"],"picked":"Offering","floor":16},{"not_picked":["Cleave","Havoc"],"picked":"Shrug It Off+1","floor":18},{"not_picked":["Wild Strike","Rampage"],"picked":"Fire Breathing","floor":18},{"not_picked":["Infernal Blade","Fire Breathing"],"picked":"Inflame","floor":21},{"not_picked":["Havoc+1","Blood for Blood","Dropkick"],"picked":"SKIP","floor":21},{"not_picked":["Body Slam","Rage"],"picked":"Spot Weakness","floor":28},{"not_picked":["Bloodletting+1","Flex"],"picked":"Sword Boomerang","floor":31},{"not_picked":["Clothesline","Warcry","Flex"],"picked":"SKIP","floor":31},{"not_picked":["Impervious","Exhume"],"picked":"Juggernaut","floor":33},{"not_picked":["Armaments","Havoc"],"picked":"Evolve","floor":36},{"not_picked":["PanicButton","Impatience"],"picked":"HandOfGreed","floor":37},{"not_picked":["Searing Blow","Warcry","Pommel Strike"],"picked":"SKIP","floor":38},{"not_picked":["Dual Wield","Perfected Strike+1","Pommel Strike"],"picked":"SKIP","floor":38},{"not_picked":["Perfected Strike","Armaments"],"picked":"Shockwave","floor":39}],"player_experience":1094022,"relics_obtained":[{"floor":6,"key":"Ice Cream"},{"floor":8,"key":"Oddly Smooth Stone"},{"floor":9,"key":"Mummified Hand"},{"floor":12,"key":"Nunchaku"},{"floor":14,"key":"Prayer Wheel"},{"floor":26,"key":"Bottled Tornado"},{"floor":36,"key":"Old Coin"}],"event_choices":[{"damage_healed":0,"gold_gain":0,"player_choice":"2 cards matched","damage_taken":0,"max_hp_gain":0,"max_hp_loss":0,"event_name":"Match and Keep!","floor":3,"gold_loss":0,"cards_obtained":["Bash","Exhume"]},{"damage_healed":0,"gold_gain":75,"player_choice":"Gather Gold","damage_taken":11,"max_hp_gain":0,"max_hp_loss":0,"event_name":"World of Goop","floor":5,"gold_loss":0},{"damage_healed":0,"gold_gain":0,"player_choice":"Rummage","damage_taken":0,"relics_obtained":["WarpedTongs"],"max_hp_gain":0,"max_hp_loss":0,"event_name":"Accursed Blacksmith","floor":20,"gold_loss":0,"cards_obtained":["Pain"]},{"damage_healed":0,"gold_gain":0,"player_choice":"1 cards matched","damage_taken":0,"max_hp_gain":0,"max_hp_loss":0,"event_name":"Match and Keep!","floor":24,"gold_loss":0,"cards_obtained":["Brutality"]},{"damage_healed":0,"gold_gain":0,"player_choice":"Fight","damage_taken":0,"max_hp_gain":0,"max_hp_loss":0,"event_name":"Mysterious Sphere","floor":36,"gold_loss":0},{"damage_healed":0,"gold_gain":0,"player_choice":"Memory 1","damage_taken":0,"max_hp_gain":0,"max_hp_loss":0,"event_name":"SensoryStone","floor":37,"gold_loss":0}],"is_beta":false,"boss_relics":[{"not_picked":["Sozu","Cursed Key"],"picked":"Philosopher\u0027s Stone"},{"not_picked":["Pandora\u0027s Box","Velvet Choker"],"picked":"Astrolabe"}],"items_purged_floors":[19],"is_endless":false,"potions_floor_spawned":[1,2,6,8,11,21,28,31,33,39],"killed_by":"Reptomancer","ascension_level":20}}