{"host":"gfmw02tnhhvp9jba","time":1611513487,"event":{"mods":["AchievementEnabler","BaseMod","Colored Map","Conspire","Downfall","Highlight Path","Minty Spire (QoL Compilation)","StSLib"],"gold_per_floor":[99,115,132,150,150,50,101,119,147,47,76,89,89,106,122,226,226,126,136,136,151,151,167,167,200,214,214,226,6,6,35,52,152,152,152,165,215,215,228,228,228,283,295,312,338,352,309,309,325,325,325,357,34,34,34,34],"floor_reached":57,"language":"ENG","playtime":4354,"items_purged":["downfall:Haunted","downfall:Haunted"],"score":1313,"play_id":"50370f01-983b-4183-a98c-55f8f9360896","local_time":"20210124193807","is_ascension_mode":false,"campfire_choices":[{"floor":1.0,"key":"RECALL"},{"data":"Guardian:Suspension","floor":6.0,"key":"SMITH"},{"data":"Guardian:Orbwalk","floor":10.0,"key":"SMITH"},{"floor":13.0,"key":"REST"},{"data":"Guardian:TimeSifter","floor":18.0,"key":"SMITH"},{"data":"Guardian:ChargeUp","floor":27.0,"key":"SMITH"},{"data":"Guardian:FuturePlans","floor":30.0,"key":"SMITH"},{"data":"Guardian:DecasProtection","floor":35.0,"key":"SMITH"},{"data":"Guardian:CompilePackage","floor":40.0,"key":"SMITH"},{"floor":54,"key":"REST"}],"circlet_count":0,"master_deck":["Guardian:CurlUp","Guardian:TwinSlam","Guardian:Suspension+1","Guardian:StasisField","Guardian:ChargeUp+1","Guardian:Orbwalk+1","Guardian:Recover","Guardian:ShieldCharger","Guardian:TimeSifter+1","Guardian:Planning","Guardian:Recover","Guardian:Incinerate","Guardian:BronzeOrb+1","Guardian:FuturePlans+1","Guardian:Incinerate","Guardian:BodySlam","Guardian:DecasProtection+1","Guardian:ShieldCharger","Guardian:CrystalBeam","Guardian:GemFire","Guardian:GemFinder","Guardian:Reroute","Guardian:Planning","Guardian:Preprogram+1","Guardian:CompilePackage+1","Guardian:FloatingOrbs+1","Guardian:Gem_Red","Guardian:Incinerate+1","Guardian:PrismaticBarrier+1","Guardian:VentSteam"],"relics":["Guardian:ModeShifter","Lantern","Letter Opener","downfall:HeartBlessingRed","Pocketwatch","downfall:HeartBlessingBlue","conspire:DeflatedDodgeball","Cursed Key","downfall:HeartBlessingGreen","Enchiridion","Bottled Tornado","Question Card","Strawberry","Pandora\u0027s Box","WingedGreaves","Frozen Egg 2","Thread and Needle","Guardian:SackOfGems","conspire:DecoderRing","Ornamental Fan","Ice Cream"],"acts_visited":["Exordium","TheCity","TheBeyond","TheEnding"],"potions_floor_usage":[],"damage_taken":[{"damage":0.0,"enemies":"Small Slimes","floor":2.0,"turns":3.0},{"damage":0.0,"enemies":"2 Louse","floor":3.0,"turns":3.0},{"damage":6.0,"enemies":"Jaw Worm","floor":4.0,"turns":4.0},{"damage":6.0,"enemies":"2 Fungi Beasts","floor":8.0,"turns":4.0},{"damage":7.0,"enemies":"3 Sentries","floor":9.0,"turns":6.0},{"damage":34.0,"enemies":"Gremlin Nob","floor":11.0,"turns":5.0},{"damage":5.0,"enemies":"Lots of Slimes","floor":12.0,"turns":3.0},{"damage":0.0,"enemies":"Blue Slaver","floor":14.0,"turns":3.0},{"damage":2.0,"enemies":"Exordium Thugs","floor":15.0,"turns":4.0},{"damage":40.0,"enemies":"WA_ARCHETYPE_RETAIN","floor":16.0,"turns":13.0},{"damage":4.0,"enemies":"conspire:FuzzyDice","floor":19.0,"turns":7.0},{"damage":0.0,"enemies":"conspire:HollyBat","floor":21.0,"turns":7.0},{"damage":0.0,"enemies":"3 Cultists","floor":23.0,"turns":6.0},{"damage":0.0,"enemies":"conspire:Head Lice","floor":25.0,"turns":6.0},{"damage":6.0,"enemies":"Centurion and Healer","floor":26.0,"turns":7.0},{"damage":10.0,"enemies":"Shelled Parasite and Fungi","floor":28.0,"turns":6.0},{"damage":0.0,"enemies":"downfall:FleeingMerchant","floor":29.0,"turns":4.0},{"damage":6.0,"enemies":"Slavers","floor":31.0,"turns":6.0},{"damage":11.0,"enemies":"Snake Plant","floor":32.0,"turns":5.0},{"damage":28.0,"enemies":"IC_MUSHROOM_ARCHETYPE","floor":33.0,"turns":10.0},{"damage":0.0,"enemies":"Orb Walker","floor":36.0,"turns":4.0},{"damage":7.0,"enemies":"Orb Walker","floor":37.0,"turns":4.0},{"damage":11.0,"enemies":"3 Shapes","floor":39.0,"turns":3.0},{"damage":19.0,"enemies":"2 Orb Walkers","floor":42.0,"turns":3.0},{"damage":0.0,"enemies":"Jaw Worm Horde","floor":43.0,"turns":2.0},{"damage":0.0,"enemies":"Maw","floor":44.0,"turns":4.0},{"damage":1.0,"enemies":"Giant Head","floor":45.0,"turns":6.0},{"damage":4.0,"enemies":"Spire Growth","floor":46.0,"turns":4.0},{"damage":0.0,"enemies":"downfall:FleeingMerchant","floor":47.0,"turns":4.0},{"damage":0.0,"enemies":"Jaw Worm Horde","floor":49.0,"turns":3.0},{"damage":3,"enemies":"SI_POISON_ARCHETYPE","floor":50,"turns":7},{"damage":42,"enemies":"downfall:CharBossMerchant","floor":52,"turns":8},{"damage":0,"enemies":"downfall:NeowBoss","floor":55,"turns":9},{"damage":1,"enemies":"downfall:NeowBossFinal","floor":56,"turns":8}],"seed_played":"-8405252310232564916","potions_obtained":[{"floor":2.0,"key":"PowerPotion"},{"floor":9.0,"key":"Ancient Potion"},{"floor":15.0,"key":"bronze:BurnAndBuffPotion"},{"floor":19.0,"key":"Weak Potion"},{"floor":21.0,"key":"Regen Potion"},{"floor":42.0,"key":"PowerPotion"},{"floor":44.0,"key":"SkillPotion"}],"is_trial":false,"path_per_floor":["R","M","M","M","?","R","T","M","E","R","E","M","R","M","M","B",null,"R","M","?","M","?","M","T","E","M","R","M","$","R","E","M","B",null,"R","M","?","?","M","R","T","?","M","M","E","M","$","?","M","B",null,"E","$","R","B","B",null],"character_chosen":"GUARDIAN","items_purchased":["Guardian:FuturePlans","Guardian:Incinerate","conspire:DecoderRing","Ice Cream","Guardian:VentSteam"],"campfire_rested":2,"item_purchase_floors":[29,29,47,53,53],"current_hp_per_floor":[80,80,80,74,67,67,67,61,54,64,30,25,52,52,50,10,90,90,86,70,70,70,70,70,70,64,64,66,66,66,67,56,28,97,97,97,90,90,79,79,79,60,60,60,59,55,55,55,55,52,97,55,55,84,84,83],"gold":34,"neow_bonus":"RANDOM_COMMON_RELIC","is_daily":false,"chose_seed":false,"campfire_upgraded":7,"win_rate":0.0,"timestamp":1611513487,"path_taken":["R","M","M","M","?","R","T","M","E","R","E","M","R","M","M","BOSS","R","M","?","M","?","M","T","E","M","R","M","$","R","E","M","BOSS","R","M","?","?","M","R","T","?","M","M","E","M","$","?","M","BOSS","E","$","R","BOSS","BOSS"],"items_purchased_type":["Card","Card","Relic","Relic","Card"],"build_version":"2020-12-22","purchased_purges":2,"victory":true,"max_hp_per_floor":[80,80,80,80,80,80,80,80,80,90,90,90,90,90,90,90,90,90,90,90,90,90,90,90,90,90,90,90,90,90,97,97,97,97,97,97,97,97,97,97,97,97,97,97,97,97,97,97,97,97,97,97,97,97,97,97],"card_choices":[{"not_picked":["Guardian:PolyBeam","Guardian:Gem_Crimson"],"picked":"Guardian:Suspension","floor":2.0},{"not_picked":["Guardian:SentryBeam","Guardian:Suspension"],"picked":"Guardian:Gem_Cyan","floor":3.0},{"not_picked":["Guardian:ChargeCore","Guardian:PolyBeam"],"picked":"Guardian:StasisField","floor":4.0},{"not_picked":["Guardian:TemporalShield","Guardian:DecasProtection"],"picked":"Guardian:ChargeUp","floor":8.0},{"not_picked":["Guardian:TemporalStrike","Guardian:Suspension"],"picked":"Guardian:Orbwalk","floor":9.0},{"not_picked":["Guardian:Gem_Lightblue","Guardian:Gem_Crimson"],"picked":"Guardian:Recover","floor":11.0},{"not_picked":["Guardian:Gem_Green","Guardian:Recover"],"picked":"Guardian:ShieldCharger","floor":12.0},{"not_picked":["Guardian:TemporalStrike","Guardian:WalkerClaw"],"picked":"Guardian:Gem_Red","floor":14.0},{"not_picked":["Guardian:ExploitGems","Guardian:WalkerClaw"],"picked":"Guardian:Gem_Red","floor":15.0},{"not_picked":["Guardian:GemFire","Guardian:SphericShield"],"picked":"Guardian:TimeSifter","floor":16.0},{"not_picked":["Guardian:Gem_Purple","Guardian:VentSteam","Guardian:PrimingBeam+1"],"picked":"SKIP","floor":19.0},{"not_picked":["Guardian:TemporalShield","Guardian:Gem_Green"],"picked":"Guardian:Planning","floor":21.0},{"not_picked":["Guardian:ConstructionForm","Guardian:Planning"],"picked":"Guardian:Incinerate","floor":23.0},{"not_picked":["Guardian:PrismaticBeam","Guardian:DecasProtection"],"picked":"Guardian:Gem_Crimson","floor":25.0},{"not_picked":["Guardian:Recover+1","Guardian:PrimingBeam","Guardian:TemporalStrike"],"picked":"Guardian:BronzeOrb+1","floor":26.0},{"not_picked":["Guardian:Recover","Guardian:Planning","Guardian:WalkerClaw"],"picked":"Guardian:Gem_Yellow","floor":28.0},{"not_picked":["Guardian:ShieldCharger+1","Guardian:WalkerClaw","Guardian:Gem_Red"],"picked":"Guardian:Gem_Yellow","floor":29.0},{"not_picked":["Guardian:Gem_Cyan","Guardian:PrimingBeam","Guardian:Gem_Purple","Guardian:Gem_Red"],"picked":"SKIP","floor":31.0},{"not_picked":["Guardian:Reroute","Guardian:Planning","Guardian:Recover+1"],"picked":"Guardian:BodySlam","floor":32.0},{"not_picked":["Guardian:GemFinder","Guardian:RevengeProtocol","Guardian:Gem_Synthetic"],"picked":"Guardian:Gem_Orange","floor":33.0},{"not_picked":["Guardian:Gem_Lightblue","Guardian:Gem_Green"],"picked":"Guardian:Gem_Red","floor":36.0},{"not_picked":["Guardian:Gem_Crimson","Guardian:ShieldCharger+1","Guardian:GuardianWhirl","Guardian:Gem_Cyan"],"picked":"SKIP","floor":36.0},{"not_picked":["Guardian:Gem_Red","Guardian:Repulse+1","Guardian:BodySlam+1"],"picked":"Guardian:Preprogram+1","floor":37.0},{"not_picked":["Guardian:Gem_Lightblue","Guardian:Gem_Cyan"],"picked":"Guardian:Gem_Green","floor":39.0},{"not_picked":["Guardian:Gem_Cyan","Guardian:TemporalStrike+1","Guardian:Gem_Fragmented"],"picked":"Guardian:CompilePackage","floor":39.0},{"not_picked":["Guardian:EvasiveProtocol+1","Guardian:PolyBeam","Guardian:Incinerate+1"],"picked":"Guardian:FloatingOrbs+1","floor":43.0},{"not_picked":["Guardian:BronzeOrb","Guardian:Emergency","Guardian:GuardianWhirl+1","Guardian:ArmoredProtocol+1"],"picked":"SKIP","floor":44.0},{"not_picked":["Guardian:Gem_Cyan","Guardian:Gem_Green"],"picked":"Guardian:Gem_Red","floor":45.0},{"not_picked":["Guardian:Gem_Cyan","Guardian:StasisEngine+1","Guardian:BodySlam","Guardian:Repulse+1"],"picked":"SKIP","floor":45.0},{"not_picked":["Guardian:CrystalBeam+1","Guardian:DonusPower","Guardian:Clone+1"],"picked":"Guardian:Incinerate+1","floor":46.0},{"not_picked":["Guardian:Incinerate","Guardian:Gem_Purple","Guardian:Planning"],"picked":"Guardian:PrismaticBarrier+1","floor":47.0},{"not_picked":["Guardian:TemporalShield","Guardian:SpikerProtocol+1","Guardian:PolyBeam","Guardian:CrystalBeam+1"],"picked":"SKIP","floor":49},{"not_picked":["Guardian:Gem_Cyan","Guardian:SentryBeam","Guardian:PolyBeam","Guardian:ShieldCharger"],"picked":"SKIP","floor":52}],"player_experience":76451,"relics_obtained":[{"floor":9.0,"key":"Pocketwatch"},{"floor":11.0,"key":"conspire:DeflatedDodgeball"},{"floor":20.0,"key":"Enchiridion"},{"floor":24.0,"key":"Bottled Tornado"},{"floor":25.0,"key":"Question Card"},{"floor":31.0,"key":"Strawberry"},{"floor":37.0,"key":"WingedGreaves"},{"floor":41.0,"key":"Frozen Egg 2"},{"floor":42.0,"key":"Thread and Needle"},{"floor":45.0,"key":"Guardian:SackOfGems"},{"floor":52,"key":"Ornamental Fan"}],"event_choices":[{"damage_healed":0.0,"max_hp_gain":0.0,"max_hp_loss":0.0,"gold_gain":0.0,"event_name":"Scrap Ooze","player_choice":"Success","floor":5.0,"gold_loss":0.0,"damage_taken":7.0,"relics_obtained":["Letter Opener"]},{"damage_healed":0.0,"max_hp_gain":0.0,"max_hp_loss":0.0,"gold_gain":0.0,"event_name":"The Library","player_choice":"Read","floor":22.0,"gold_loss":0.0,"damage_taken":0.0,"cards_obtained":["Guardian:Recover"]},{"damage_healed":0.0,"max_hp_gain":0.0,"max_hp_loss":0.0,"gold_gain":0.0,"event_name":"conspire:Investor","player_choice":"Leave","floor":38.0,"gold_loss":0.0,"damage_taken":0.0},{"damage_healed":0.0,"max_hp_gain":0.0,"max_hp_loss":0.0,"gold_gain":0.0,"event_name":"Mysterious Sphere","player_choice":"Fight","floor":42.0,"gold_loss":0.0,"damage_taken":0.0}],"is_beta":false,"boss_relics":[{"not_picked":["SacredBark","Runic Dome"],"picked":"Cursed Key"},{"not_picked":["conspire:RoyalGoblet","conspire:SeveredTorchhead"],"picked":"Pandora\u0027s Box"}],"items_purged_floors":[29,47],"is_endless":false,"potions_floor_spawned":[2,9,15,19,21,25,42,44,49],"ascension_level":0}}