{"host":"v3mpq6flurzldi5g","time":1611513043,"event":{"mods":["AchievementEnabler","BaseMod","Colored Powertips","Highlight Path","Minty Spire (QoL Compilation)","StSLib"],"gold_per_floor":[117,130,144,144,164,164,17,17,17,31,31,31,45,64,64,164,164,183,0,0,0],"floor_reached":20,"language":"ENG","playtime":889,"items_purged":["Defend_B"],"score":257,"play_id":"b817e8c5-dc9d-478c-832f-4a87d4f6a536","local_time":"20210124133043","is_ascension_mode":true,"campfire_choices":[{"floor":6,"key":"REST"},{"floor":12,"key":"REST"},{"floor":15,"key":"REST"}],"circlet_count":0,"master_deck":["AscendersBane","Strike_B","Strike_B","Strike_B","Defend_B+1","Defend_B","Defend_B","Zap","Dualcast","Redo","BootSequence","Conserve Battery","Thunder Strike","CurseOfTheBell","Ball Lightning+1"],"relics":["Cracked Core","Mummified Hand","Calling Bell","Nunchaku","Singing Bowl","Turnip"],"acts_visited":["Exordium","TheCity"],"potions_floor_usage":[14,16,16],"damage_taken":[{"damage":13,"enemies":"2 Louse","floor":1,"turns":4},{"damage":0,"enemies":"Cultist","floor":2,"turns":4},{"damage":6,"enemies":"Jaw Worm","floor":3,"turns":4},{"damage":23,"enemies":"Large Slime","floor":5,"turns":6},{"damage":7,"enemies":"3 Louse","floor":10,"turns":3},{"damage":2,"enemies":"Exordium Wildlife","floor":13,"turns":6},{"damage":6,"enemies":"Lots of Slimes","floor":14,"turns":4},{"damage":72,"enemies":"The Guardian","floor":16,"turns":16},{"damage":49,"enemies":"3 Byrds","floor":18,"turns":7},{"damage":8,"enemies":"Shell Parasite","floor":20,"turns":3}],"seed_played":"-263035868285745979","potions_obtained":[{"floor":1,"key":"DuplicationPotion"},{"floor":5,"key":"FearPotion"},{"floor":13,"key":"Energy Potion"},{"floor":14,"key":"Swift Potion"},{"floor":18,"key":"LiquidBronze"}],"is_trial":false,"path_per_floor":["M","M","M","?","M","R","$","?","T","M","$","R","M","M","R","B",null,"M","?","M"],"character_chosen":"DEFECT","items_purchased":["BootSequence"],"campfire_rested":3,"item_purchase_floors":[7],"current_hp_per_floor":[55,55,49,49,26,48,48,48,48,41,41,63,61,55,75,3,57,8,8,0,0],"gold":0,"neow_bonus":"UPGRADE_CARD","is_daily":false,"chose_seed":false,"campfire_upgraded":0,"win_rate":0.0,"timestamp":1611513043,"path_taken":["M","M","M","?","?","R","?","?","T","M","$","R","M","M","R","BOSS","M","?","M"],"items_purchased_type":["Card"],"build_version":"2020-12-22","purchased_purges":1,"victory":false,"max_hp_per_floor":[75,75,75,75,75,75,75,75,75,75,75,75,75,75,75,75,75,75,75,75,75],"card_choices":[{"not_picked":["Double Energy","Undo","Stack"],"picked":"SKIP","floor":1},{"not_picked":["Beam Cell","Coolheaded","Stack"],"picked":"SKIP","floor":2},{"not_picked":["Gash","Fusion","Stack"],"picked":"SKIP","floor":3},{"not_picked":["Beam Cell","Steam Power"],"picked":"Redo","floor":5},{"not_picked":["Storm","Rebound","Darkness"],"picked":"SKIP","floor":10},{"not_picked":["Sweeping Beam","Streamline","Heatsinks"],"picked":"SKIP","floor":13},{"not_picked":["Coolheaded","Consume"],"picked":"Conserve Battery","floor":14},{"not_picked":["Fission","Amplify"],"picked":"Thunder Strike","floor":16},{"not_picked":["Darkness","Rebound"],"picked":"Ball Lightning+1","floor":18}],"player_experience":1030920,"relics_obtained":[{"floor":9,"key":"Mummified Hand"},{"floor":17,"key":"Nunchaku"},{"floor":17,"key":"Singing Bowl"},{"floor":17,"key":"Turnip"}],"event_choices":[{"cards_removed":["Strike_B"],"damage_healed":0,"gold_gain":0,"player_choice":"Offered Basic","damage_taken":0,"max_hp_gain":0,"max_hp_loss":0,"event_name":"Bonfire Elementals","floor":4,"gold_loss":0},{"damage_healed":0,"gold_gain":0,"player_choice":"Ignored","damage_taken":0,"max_hp_gain":0,"max_hp_loss":0,"event_name":"Golden Idol","floor":8,"gold_loss":0},{"damage_healed":0,"gold_gain":0,"player_choice":"Paid Fearfully","damage_taken":0,"max_hp_gain":0,"max_hp_loss":0,"event_name":"Masked Bandits","floor":19,"gold_loss":183}],"is_beta":false,"boss_relics":[{"not_picked":["Ectoplasm","Nuclear Battery"],"picked":"Calling Bell"}],"items_purged_floors":[7],"is_endless":false,"potions_floor_spawned":[1,5,13,14,18],"killed_by":"Shell Parasite","ascension_level":11}}