{"host":"18wi9kpcl4eah7pe","time":1611525438,"event":{"mods":["BaseMod","Colored Powertips","Downfall","Minty Spire (QoL Compilation)","StSLib"],"gold_per_floor":[99,99,99,99,117,135,135,169,69,54,68,81,81,256,267,372,372,272,288,14,14,99,9,9,21,21,32,61,81,81,81,81],"floor_reached":30,"language":"ENG","playtime":1223,"items_purged":["downfall:Bewildered"],"score":310,"play_id":"a5c87e61-6ea0-41b1-8527-8760c7141f00","local_time":"20210124155718","is_ascension_mode":true,"campfire_choices":[{"floor":1.0,"key":"RECALL"},{"floor":9.0,"key":"REST"},{"floor":13.0,"key":"REST"},{"floor":18.0,"key":"REST"},{"data":"bronze:MaxOutput","floor":26.0,"key":"SMITH"}],"circlet_count":0,"master_deck":["bronze:Strike","bronze:Strike","bronze:Strike","bronze:Strike","bronze:Defend","bronze:Defend","bronze:Defend","bronze:Defend","bronze:Replicate","bronze:Goto","bronze:Optimize","bronze:Fortify","bronze:MaxOutput+1","bronze:Separator","bronze:Constructor","bronze:Repulsor","bronze:Boost","bronze:BugBarrage","bronze:Iterate","Doubt","bronze:WhirlingStrike","bronze:SpaghettiCode","bronze:Shell+1","bronze:Boost","bronze:Branch+1","bronze:BuggyMess+1","bronze:WhirlingStrike","bronze:FollowUp","bronze:CleanCode"],"relics":["bronze:BronzeCore","downfall:HeartsMalice","MealTicket","Shuriken","downfall:HeartBlessingRed","bronze:MakeshiftBattery","downfall:HeartBlessingGreen","Meat on the Bone","sneckomod:BabySnecko","Boot"],"acts_visited":["Exordium","TheCity"],"potions_floor_usage":[],"damage_taken":[{"damage":0.0,"enemies":"Cultist","floor":2.0,"turns":1.0},{"damage":0.0,"enemies":"2 Louse","floor":3.0,"turns":1.0},{"damage":0.0,"enemies":"Jaw Worm","floor":4.0,"turns":1.0},{"damage":9.0,"enemies":"2 Fungi Beasts","floor":5.0,"turns":5.0},{"damage":12.0,"enemies":"Exordium Wildlife","floor":6.0,"turns":3.0},{"damage":28.0,"enemies":"Gremlin Nob","floor":8.0,"turns":5.0},{"damage":5.0,"enemies":"downfall:FleeingMerchant","floor":10.0,"turns":4.0},{"damage":4.0,"enemies":"Exordium Thugs","floor":11.0,"turns":5.0},{"damage":8.0,"enemies":"2 Fungi Beasts","floor":12.0,"turns":4.0},{"damage":19.0,"enemies":"Large Slime","floor":15.0,"turns":5.0},{"damage":32.0,"enemies":"DF_ARCHETYPE_STREAMLINE","floor":16.0,"turns":9.0},{"damage":23.0,"enemies":"Shell Parasite","floor":19.0,"turns":6.0},{"damage":4.0,"enemies":"downfall:FleeingMerchant","floor":20.0,"turns":4.0},{"damage":0.0,"enemies":"downfall:FleeingMerchant","floor":23.0,"turns":4.0},{"damage":0.0,"enemies":"Spheric Guardian","floor":25.0,"turns":3.0},{"damage":20.0,"enemies":"Centurion and Healer","floor":27.0,"turns":6.0},{"damage":52.0,"enemies":"Book of Stabbing","floor":28.0,"turns":6.0},{"damage":0.0,"enemies":"3 Cultists","floor":29.0,"turns":4.0},{"damage":38,"enemies":"Gremlin Leader","floor":30,"turns":4}],"seed_played":"-5876330109855918616","potions_obtained":[{"floor":5.0,"key":"sneckomod:MuddlingPotion"},{"floor":6.0,"key":"Swift Potion"},{"floor":11.0,"key":"FairyPotion"},{"floor":12.0,"key":"bronze:FreeFunctionsPotion"},{"floor":16.0,"key":"Ancient Potion"},{"floor":19.0,"key":"Energy Potion"},{"floor":25.0,"key":"BlessingOfTheForge"},{"floor":28.0,"key":"SkillPotion"}],"is_trial":false,"path_per_floor":["R","M","M","M","M","M","T","E","R","$","M","M","R","?","M","B",null,"R","M","$","?","?","$","T","M","R","M","E","M","E"],"character_chosen":"THE_AUTOMATON","items_purchased":["Meat on the Bone"],"campfire_rested":3,"item_purchase_floors":[20],"current_hp_per_floor":[70,70,70,70,61,49,49,21,42,52,48,40,61,61,42,10,55,70,47,58,58,44,59,59,59,59,39,23,35,0,0,0],"gold":81,"neow_bonus":"THREE_ENEMY_KILL","is_daily":false,"chose_seed":false,"campfire_upgraded":1,"win_rate":0.0,"timestamp":1611525438,"path_taken":["R","M","M","M","M","M","T","E","R","$","?","M","R","?","M","BOSS","R","M","$","?","?","?","T","?","R","M","E","M","E"],"items_purchased_type":["Relic"],"build_version":"2020-12-22","purchased_purges":1,"victory":false,"max_hp_per_floor":[70,70,70,70,70,70,70,70,70,70,70,70,70,70,70,70,70,70,70,70,70,70,70,70,70,70,70,70,70,70,70,70],"card_choices":[{"not_picked":["bronze:Iterate","bronze:Turbo"],"picked":"bronze:Optimize","floor":2.0},{"not_picked":["bronze:BitShift","bronze:Constructor"],"picked":"bronze:Fortify","floor":3.0},{"not_picked":["bronze:DelayedGuard","bronze:FineTuning"],"picked":"bronze:MaxOutput","floor":4.0},{"not_picked":["bronze:DigitalCarnage","bronze:FollowUp"],"picked":"bronze:Separator","floor":5.0},{"not_picked":["bronze:ClassDefault","bronze:FineTuning"],"picked":"bronze:Constructor","floor":6.0},{"not_picked":["bronze:Branch","bronze:HardenedForm"],"picked":"bronze:Repulsor","floor":8.0},{"not_picked":["bronze:Optimize","bronze:Turbo"],"picked":"bronze:Boost","floor":10.0},{"not_picked":["bronze:Backtrace","bronze:Shield"],"picked":"bronze:BugBarrage","floor":11.0},{"not_picked":["bronze:Branch","bronze:Boost"],"picked":"bronze:Iterate","floor":12.0},{"not_picked":["bronze:DelayedSlice","bronze:Overload"],"picked":"bronze:WhirlingStrike","floor":15.0},{"not_picked":["bronze:ThunderWave","bronze:HyperBeam"],"picked":"bronze:SpaghettiCode","floor":16.0},{"not_picked":["bronze:WildBeam","bronze:DelayedSlice"],"picked":"bronze:Shell+1","floor":19.0},{"not_picked":["bronze:DigitalCarnage","bronze:OilSpill"],"picked":"bronze:Boost","floor":20.0},{"not_picked":["bronze:Invalidate","bronze:NullPointer"],"picked":"bronze:Branch+1","floor":23.0},{"not_picked":["bronze:Invalidate","bronze:WildBeam+1"],"picked":"bronze:BuggyMess+1","floor":25.0},{"not_picked":["bronze:Turbo","bronze:FineTuning"],"picked":"bronze:WhirlingStrike","floor":27.0},{"not_picked":["bronze:Safeguard","bronze:Overheat"],"picked":"bronze:FollowUp","floor":28.0},{"not_picked":["bronze:Shield","bronze:DigitalCarnage"],"picked":"bronze:CleanCode","floor":29.0}],"player_experience":949602,"relics_obtained":[{"floor":7.0,"key":"MealTicket"},{"floor":8.0,"key":"Shuriken"},{"floor":28.0,"key":"Boot"}],"event_choices":[],"is_beta":false,"boss_relics":[{"not_picked":["Sozu","Runic Pyramid"],"picked":"bronze:MakeshiftBattery"}],"items_purged_floors":[23],"is_endless":false,"potions_floor_spawned":[5,6,11,12,16,19,25,28],"killed_by":"Gremlin Leader","ascension_level":5}}