{"host":"srk2drlvga69hbot","time":1611518944,"event":{"mods":["BaseMod","Bestiary","Block Reminder","Colored Map","Colored Powertips","Dark Map","DeckTracker","Highlight Path","Minty Spire (QoL Compilation)","Quick Restart","Rare Cards Sparkle","Relic Stats","SuperFastMode","Unceasing Turn Reminder"],"gold_per_floor":[115,133,133,147,72,84,84,159,178,178,178,178],"floor_reached":11,"language":"ZHS","playtime":415,"items_purged":["Strike_R"],"score":94,"play_id":"d408a0e9-64d0-4a6a-9b30-58bac18c7b3d","local_time":"20210125040904","is_ascension_mode":true,"campfire_choices":[{"data":"Searing Blow","floor":10,"key":"SMITH"}],"circlet_count":0,"master_deck":["Strike_R","Strike_R","Strike_R","Strike_R","Defend_R","Defend_R","Defend_R","Defend_R","Bash","Limit Break","Twin Strike","Searing Blow+1","Armaments","Regret","Seeing Red"],"relics":["Burning Blood","Ancient Tea Set","Tiny Chest"],"acts_visited":["Exordium"],"potions_floor_usage":[11,11],"damage_taken":[{"damage":1,"enemies":"2 Louse","floor":1,"turns":4},{"damage":6,"enemies":"Cultist","floor":2,"turns":3},{"damage":0,"enemies":"Small Slimes","floor":4,"turns":3},{"damage":19,"enemies":"Blue Slaver","floor":6,"turns":4},{"damage":36,"enemies":"Lots of Slimes","floor":9,"turns":6},{"damage":28,"enemies":"Lagavulin","floor":11,"turns":3}],"seed_played":"-1435347309440667176","potions_obtained":[{"floor":1,"key":"Dexterity Potion"},{"floor":6,"key":"FearPotion"}],"is_trial":false,"path_per_floor":["M","M","?","M","$","M","?","?","M","R","E"],"character_chosen":"IRONCLAD","items_purchased":[],"campfire_rested":0,"item_purchase_floors":[],"current_hp_per_floor":[77,77,70,76,76,63,63,52,22,22,0,0],"gold":178,"neow_bonus":"ONE_RANDOM_RARE_CARD","is_daily":false,"chose_seed":true,"campfire_upgraded":1,"win_rate":0.0,"timestamp":1611518944,"path_taken":["M","M","?","M","$","M","?","?","M","R","E"],"items_purchased_type":[],"build_version":"2020-12-22","purchased_purges":1,"victory":false,"max_hp_per_floor":[80,80,80,80,80,80,80,80,80,80,80,80],"relic_stats":{"counters":[6,23],"Tiny Chest":0,"obtain_stats":[{"Tiny Chest":7,"Ancient Tea Set":3,"Burning Blood":0},{"Tiny Chest":4,"Ancient Tea Set":2,"Burning Blood":0},{"Tiny Chest":14,"Ancient Tea Set":7,"Burning Blood":0}],"Burning Blood":30},"card_choices":[{"not_picked":["Dual Wield","Anger"],"picked":"Twin Strike","floor":1},{"not_picked":["Perfected Strike","Clothesline"],"picked":"Searing Blow","floor":2},{"not_picked":["Cleave","Fire Breathing","Thunderclap"],"picked":"SKIP","floor":4},{"not_picked":["Iron Wave","Reaper"],"picked":"Armaments","floor":6},{"not_picked":["Sword Boomerang","Heavy Blade"],"picked":"Seeing Red","floor":9}],"player_experience":228595,"relics_obtained":[],"event_choices":[{"damage_healed":0,"gold_gain":0,"player_choice":"Success","damage_taken":7,"relics_obtained":["Ancient Tea Set"],"max_hp_gain":0,"max_hp_loss":0,"event_name":"Scrap Ooze","floor":3,"gold_loss":0},{"damage_healed":0,"gold_gain":0,"player_choice":"Box","damage_taken":0,"relics_obtained":["Tiny Chest"],"max_hp_gain":0,"max_hp_loss":0,"event_name":"Big Fish","floor":7,"gold_loss":0,"cards_obtained":["Regret"]},{"damage_healed":0,"gold_gain":75,"player_choice":"Gather Gold","damage_taken":11,"max_hp_gain":0,"max_hp_loss":0,"event_name":"World of Goop","floor":8,"gold_loss":0}],"is_beta":false,"boss_relics":[],"items_purged_floors":[5],"is_endless":false,"potions_floor_spawned":[1,6],"killed_by":"Lagavulin","ascension_level":9}}