{"host":"qy1e0kd24tpj3i2m","time":1611505855,"event":{"mods":["Act Like it!","Alarm Clock","BaseMod","Better Skull","Better Vampires","Colored Map","Colored Powertips","Custom Start","Faster Ascension Climbing","Friendly Minions","GifTheSpireLib","Gremlin Skip","Highlight Path","Minty Spire (QoL Compilation)","Permanent Neow","Poor People Problems","Quick Restart","Red Circlet Mod","Relic Sorter","Reorder Act Four","SacredBarkPlus","Shop Mod","StSLib","SuperFastMode","Transform Curses","没有小屋子和绿帽子啦"],"gold_per_floor":[119,194,205,43,43,68,68,103,103,117,117,117],"floor_reached":11,"language":"ZHS","playtime":501,"items_purged":[],"score":162,"play_id":"d45f0fba-f8ef-4de6-8492-1b381b360397","local_time":"20210125013055","is_ascension_mode":true,"campfire_choices":[{"data":"Reckless Charge","floor":7,"key":"SMITH"}],"circlet_count":0,"master_deck":["AscendersBane","Strike_R","Strike_R","Strike_R","Strike_R","Strike_R","Defend_R","Defend_R","Defend_R","Defend_R","Bash","Wild Strike","Reckless Charge+1","Seeing Red","Barricade","Flame Barrier"],"relics":["Burning Blood","FossilizedHelix","OrangePellets","CaptainsWheel","Ice Cream","Shuriken"],"acts_visited":["Exordium"],"potions_floor_usage":[6],"damage_taken":[{"damage":2,"enemies":"2 Louse","floor":1,"turns":3},{"damage":0,"enemies":"Small Slimes","floor":3,"turns":3},{"damage":35,"enemies":"3 Sentries","floor":6,"turns":10},{"damage":37,"enemies":"Lagavulin","floor":8,"turns":7},{"damage":0,"enemies":"Cultist","floor":10,"turns":2},{"damage":15,"enemies":"3 Sentries","floor":11,"turns":2}],"seed_played":"5261001696061697630","potions_obtained":[{"floor":6,"key":"Fruit Juice"}],"is_trial":false,"path_per_floor":["M","?","M","$","?","E","R","E","T","M","E"],"character_chosen":"IRONCLAD","items_purchased":["OrangePellets"],"campfire_rested":0,"item_purchase_floors":[4],"current_hp_per_floor":[68,57,63,63,63,39,39,8,8,14,0,0],"gold":117,"neow_bonus":"ONE_RARE_RELIC","is_daily":false,"chose_seed":false,"campfire_upgraded":1,"win_rate":0.0,"timestamp":1611505855,"path_taken":["M","?","M","$","?","E","R","E","T","M","E"],"items_purchased_type":["Relic"],"build_version":"2020-12-22","purchased_purges":0,"victory":false,"max_hp_per_floor":[68,68,68,68,68,73,73,73,73,73,73,73],"card_choices":[{"not_picked":["Clothesline","Flex"],"picked":"Wild Strike","floor":1},{"not_picked":["Perfected Strike","Heavy Blade"],"picked":"Reckless Charge","floor":3},{"not_picked":["Armaments","Berserk"],"picked":"Seeing Red","floor":6},{"not_picked":["Clash","True Grit"],"picked":"Barricade","floor":8},{"not_picked":["Heavy Blade","Anger"],"picked":"Flame Barrier","floor":10}],"player_experience":930276,"relics_obtained":[{"floor":6,"key":"CaptainsWheel"},{"floor":8,"key":"Ice Cream"},{"floor":9,"key":"Shuriken"}],"event_choices":[{"damage_healed":0,"gold_gain":75,"player_choice":"Gather Gold","damage_taken":11,"max_hp_gain":0,"max_hp_loss":0,"event_name":"World of Goop","floor":2,"gold_loss":0},{"damage_healed":0,"gold_gain":0,"player_choice":"Ignored","damage_taken":0,"max_hp_gain":0,"max_hp_loss":0,"event_name":"Liars Game","floor":5,"gold_loss":0}],"is_beta":false,"boss_relics":[],"items_purged_floors":[],"is_endless":false,"potions_floor_spawned":[6],"killed_by":"3 Sentries","ascension_level":20}}