{"host":"ysj15tgd1sneq0s0","time":1611467650,"event":{"mods":["AchievementEnabler","BaseMod","DeckTracker","Highlight Path","Minty Spire (QoL Compilation)","Permanent Neow","Quick Restart","StSLib","SuperFastMode","everything is the same but u backflip on backflip"],"gold_per_floor":[115,115,30,30,41,66,66,66,66,85,100,100,120,134,134,255,255,271,46,46,59,59,59,73,73,124,142,162,162,183,203,203,203,203],"floor_reached":33,"language":"KOR","playtime":1551,"items_purged":["Injury"],"score":276,"play_id":"46bde6ef-d985-4cba-a7fb-40312e9cd889","local_time":"20210124145410","is_ascension_mode":false,"campfire_choices":[{"floor":12,"key":"REST"},{"floor":15,"key":"REST"},{"floor":23,"key":"REST"},{"floor":25,"key":"REST"},{"floor":29,"key":"REST"},{"floor":32,"key":"REST"}],"circlet_count":0,"master_deck":["Strike_G","Strike_G","Strike_G","Defend_G","Defend_G","Defend_G","Defend_G","Defend_G","Survivor","Neutralize","Envenom","Bouncing Flask","Bouncing Flask","Dagger Spray","Deflect","Poisoned Stab","Bane","Slice","Deadly Poison","Venomology","Poisoned Stab","Poisoned Stab","Dagger Throw","J.A.X.","Deflect+1","Blade Dance+1","Poisoned Stab"],"relics":["Ring of the Snake","White Beast Statue","Golden Idol","Question Card","Pocketwatch","SlaversCollar","Happy Flower"],"acts_visited":["Exordium","TheCity"],"potions_floor_usage":[11,16,16,16,18,18,21,24,24,24,27,28,28,28,28,28,30,31,31,33],"damage_taken":[{"damage":1,"enemies":"Cultist","floor":1,"turns":3},{"damage":0,"enemies":"Small Slimes","floor":5,"turns":2},{"damage":36,"enemies":"Lagavulin","floor":6,"turns":6},{"damage":14,"enemies":"2 Louse","floor":10,"turns":2},{"damage":8,"enemies":"Exordium Wildlife","floor":11,"turns":2},{"damage":10,"enemies":"Looter","floor":13,"turns":3},{"damage":0,"enemies":"3 Louse","floor":14,"turns":2},{"damage":14,"enemies":"The Guardian","floor":16,"turns":6},{"damage":39,"enemies":"2 Thieves","floor":18,"turns":5},{"damage":30,"enemies":"3 Byrds","floor":21,"turns":5},{"damage":14,"enemies":"Shelled Parasite and Fungi","floor":24,"turns":5},{"damage":19,"enemies":"Cultist and Chosen","floor":27,"turns":7},{"damage":8,"enemies":"Sentry and Sphere","floor":28,"turns":5},{"damage":37,"enemies":"3 Cultists","floor":30,"turns":5},{"damage":12,"enemies":"Snake Plant","floor":31,"turns":4},{"damage":40,"enemies":"Collector","floor":33,"turns":5}],"seed_played":"-7069676637208237538","potions_obtained":[{"floor":1,"key":"Poison Potion"},{"floor":6,"key":"ColorlessPotion"},{"floor":10,"key":"Explosive Potion"},{"floor":11,"key":"Regen Potion"},{"floor":14,"key":"DistilledChaos"},{"floor":16,"key":"Explosive Potion"},{"floor":18,"key":"Strength Potion"},{"floor":21,"key":"PowerPotion"},{"floor":24,"key":"Regen Potion"},{"floor":27,"key":"Dexterity Potion"},{"floor":28,"key":"SkillPotion"},{"floor":30,"key":"DistilledChaos"},{"floor":31,"key":"SpeedPotion"}],"is_trial":false,"path_per_floor":["M","?","$","?","M","E","?","T","T","M","M","R","M","M","R","B",null,"M","$","?","M","?","R","M","R","T","M","M","R","M","M","R","B"],"character_chosen":"THE_SILENT","items_purchased":["Bouncing Flask","Dagger Spray","GhostInAJar","Poisoned Stab"],"campfire_rested":6,"item_purchase_floors":[3,3,19,19],"current_hp_per_floor":[69,69,69,69,69,33,33,33,33,19,11,32,22,22,43,44,70,31,31,31,1,1,22,8,29,29,19,11,32,21,9,30,0,0],"gold":203,"neow_bonus":"ONE_RANDOM_RARE_CARD","is_daily":false,"chose_seed":false,"campfire_upgraded":0,"win_rate":0.0,"timestamp":1611467650,"path_taken":["M","?","$","?","?","E","?","?","T","M","M","R","M","M","R","BOSS","M","$","?","M","?","R","M","R","T","M","M","R","M","M","R","BOSS"],"items_purchased_type":["Card","Card","Potion","Card"],"build_version":"2020-12-22","purchased_purges":1,"victory":false,"max_hp_per_floor":[70,70,70,70,70,70,70,70,70,70,70,70,70,70,70,70,70,70,70,70,70,70,70,70,70,70,70,70,70,70,70,70,70,70],"card_choices":[{"not_picked":["Prepared","Poisoned Stab"],"picked":"Bouncing Flask","floor":1},{"not_picked":["Terror","Outmaneuver","Flying Knee"],"picked":"SKIP","floor":5},{"not_picked":["Prepared","Flying Knee"],"picked":"Deflect","floor":6},{"not_picked":["Dash","Dodge and Roll","PiercingWail"],"picked":"Poisoned Stab","floor":10},{"not_picked":["Leg Sweep","Acrobatics","Predator"],"picked":"Bane","floor":11},{"not_picked":["Expertise","Night Terror","Outmaneuver"],"picked":"Slice","floor":13},{"not_picked":["Sucker Punch","Backflip","Dagger Throw"],"picked":"Deadly Poison","floor":14},{"not_picked":["After Image","Adrenaline","Malaise"],"picked":"Venomology","floor":16},{"not_picked":["Quick Slash","Dodge and Roll","Terror"],"picked":"Poisoned Stab","floor":18},{"not_picked":["Quick Slash","Leg Sweep","Outmaneuver"],"picked":"Dagger Throw","floor":21},{"not_picked":["Bane","Choke","Slice+1"],"picked":"Deflect+1","floor":24},{"not_picked":["PiercingWail+1","Dodge and Roll","Sucker Punch","Caltrops"],"picked":"SKIP","floor":27},{"not_picked":["Adrenaline","Well Laid Plans","Acrobatics+1","Tactician"],"picked":"SKIP","floor":28},{"not_picked":["Backstab","Backflip","Leg Sweep"],"picked":"Blade Dance+1","floor":30},{"not_picked":["Underhanded Strike","Terror","Sucker Punch+1"],"picked":"Poisoned Stab","floor":31}],"player_experience":23244,"relics_obtained":[{"floor":6,"key":"White Beast Statue"},{"floor":8,"key":"Question Card"},{"floor":9,"key":"Pocketwatch"},{"floor":26,"key":"Happy Flower"}],"event_choices":[{"cards_removed":["Strike_G"],"damage_healed":0,"gold_gain":0,"player_choice":"Forget","damage_taken":0,"max_hp_gain":0,"max_hp_loss":0,"event_name":"Living Wall","floor":2,"gold_loss":0},{"cards_removed":["Strike_G"],"damage_healed":0,"gold_gain":0,"player_choice":"Offered Basic","damage_taken":0,"max_hp_gain":0,"max_hp_loss":0,"event_name":"Bonfire Elementals","floor":4,"gold_loss":0},{"damage_healed":0,"gold_gain":0,"player_choice":"Take Wound","damage_taken":0,"relics_obtained":["Golden Idol"],"max_hp_gain":0,"max_hp_loss":0,"event_name":"Golden Idol","floor":7,"gold_loss":0,"cards_obtained":["Injury"]},{"damage_healed":0,"gold_gain":0,"player_choice":"Ignored","damage_taken":0,"max_hp_gain":0,"max_hp_loss":0,"event_name":"Ghosts","floor":20,"gold_loss":0},{"damage_healed":0,"gold_gain":0,"player_choice":"Obtain J.A.X.","damage_taken":0,"max_hp_gain":0,"max_hp_loss":0,"event_name":"Drug Dealer","floor":22,"gold_loss":0,"cards_obtained":["J.A.X."]}],"is_beta":false,"boss_relics":[{"not_picked":["Calling Bell","Coffee Dripper"],"picked":"SlaversCollar"}],"items_purged_floors":[19],"is_endless":false,"potions_floor_spawned":[1,6,10,11,13,14,16,18,21,24,27,28,30,31],"killed_by":"Collector","ascension_level":0}}