{"host":"s8ccp9jw4vzp58l1","time":1611526285,"event":{"mods":["BaseMod","Colored Map","Colored Powertips","Minty Spire (QoL Compilation)","Relic Stats"],"gold_per_floor":[20,34,45,59,78,108,119,149,149,149,161,179,4,4,4,108,108,124,124,134,151,164,164,164,164],"floor_reached":24,"language":"ENG","playtime":3483,"items_purged":[],"score":239,"play_id":"78bccd4a-e3c8-4f93-b0b7-4e1db12627e6","local_time":"20210124161125","is_ascension_mode":false,"campfire_choices":[{"floor":10,"key":"REST"},{"data":"Prepared","floor":15,"key":"SMITH"},{"floor":23,"key":"REST"}],"circlet_count":0,"master_deck":["Strike_G","Strike_G","Defend_G","Defend_G","Defend_G","Defend_G","Defend_G","Survivor","Neutralize","Underhanded Strike","Sucker Punch","Slice","Dagger Spray","Prepared+1","Quick Slash","Tactician","Blur+1","Slice+1","Dagger Throw+1","Parasite","Bullet Time+1","Noxious Fumes","Backflip+1","Quick Slash+1","Backstab+1"],"relics":["Ring of the Snake","Strawberry","Molten Egg 2","Toxic Egg 2","ClockworkSouvenir","Empty Cage"],"acts_visited":["Exordium","TheCity"],"potions_floor_usage":[5,6,6,8,8,8,16,16,20,22,24],"damage_taken":[{"damage":0,"enemies":"2 Louse","floor":1,"turns":3},{"damage":0,"enemies":"Jaw Worm","floor":2,"turns":3},{"damage":4,"enemies":"Cultist","floor":3,"turns":4},{"damage":0,"enemies":"2 Fungi Beasts","floor":4,"turns":3},{"damage":8,"enemies":"Exordium Thugs","floor":5,"turns":5},{"damage":21,"enemies":"Gremlin Nob","floor":6,"turns":4},{"damage":7,"enemies":"Large Slime","floor":7,"turns":7},{"damage":9,"enemies":"Lagavulin","floor":8,"turns":5},{"damage":3,"enemies":"2 Fungi Beasts","floor":11,"turns":3},{"damage":4,"enemies":"Blue Slaver","floor":12,"turns":5},{"damage":69,"enemies":"The Guardian","floor":16,"turns":23},{"damage":17,"enemies":"Spheric Guardian","floor":18,"turns":6},{"damage":3,"enemies":"Shell Parasite","floor":20,"turns":8},{"damage":46,"enemies":"Snecko","floor":21,"turns":8},{"damage":23,"enemies":"Centurion and Healer","floor":22,"turns":9},{"damage":32,"enemies":"3 Cultists","floor":24,"turns":7}],"seed_played":"-6883833181267505512","potions_obtained":[{"floor":1,"key":"SteroidPotion"},{"floor":4,"key":"Regen Potion"},{"floor":6,"key":"EntropicBrew"},{"floor":7,"key":"Poison Potion"},{"floor":8,"key":"Weak Potion"},{"floor":12,"key":"DuplicationPotion"},{"floor":16,"key":"Strength Potion"},{"floor":18,"key":"DistilledChaos"},{"floor":22,"key":"Dexterity Potion"}],"is_trial":false,"path_per_floor":["M","M","M","M","M","E","M","E","T","R","M","M","$","?","R","B",null,"M","?","M","M","M","R","M"],"character_chosen":"THE_SILENT","items_purchased":["ClockworkSouvenir","Dagger Throw+1"],"campfire_rested":2,"item_purchase_floors":[13,13],"current_hp_per_floor":[84,84,80,80,83,69,62,53,53,80,77,73,73,91,91,22,91,74,74,71,25,2,29,0,0],"gold":164,"neow_bonus":"TWENTY_PERCENT_HP_BONUS","is_daily":false,"chose_seed":false,"campfire_upgraded":1,"win_rate":0.0,"timestamp":1611526285,"path_taken":["M","M","M","M","M","E","M","E","T","R","M","M","$","?","R","BOSS","M","?","?","M","M","R","M"],"items_purchased_type":["Relic","Card"],"build_version":"2020-12-22","purchased_purges":0,"victory":false,"max_hp_per_floor":[84,84,84,84,84,91,91,91,91,91,91,91,91,91,91,91,91,91,91,91,91,91,91,91,91],"relic_stats":{"counters":[16,103],"obtain_stats":[{"Strawberry":6,"Molten Egg 2":8,"Toxic Egg 2":9,"Empty Cage":17,"Ring of the Snake":0,"ClockworkSouvenir":13},{"Strawberry":6,"Molten Egg 2":8,"Toxic Egg 2":8,"Empty Cage":11,"Ring of the Snake":0,"ClockworkSouvenir":10},{"Strawberry":22,"Molten Egg 2":34,"Toxic Egg 2":34,"Empty Cage":65,"Ring of the Snake":0,"ClockworkSouvenir":42}],"Ring of the Snake":[32]},"card_choices":[{"not_picked":["Skewer","Predator"],"picked":"Underhanded Strike","floor":1},{"not_picked":["Outmaneuver","Bouncing Flask"],"picked":"Sucker Punch","floor":2},{"not_picked":["Outmaneuver","Flechettes"],"picked":"Slice","floor":3},{"not_picked":["Reflex","Leg Sweep"],"picked":"Dagger Spray","floor":4},{"not_picked":["Deflect","All Out Attack"],"picked":"Prepared","floor":5},{"not_picked":["All Out Attack","Distraction","Choke"],"picked":"SKIP","floor":6},{"not_picked":["Infinite Blades","Skewer"],"picked":"Quick Slash","floor":7},{"not_picked":["Dodge and Roll","Venomology"],"picked":"Tactician","floor":8},{"not_picked":["Distraction+1","Calculated Gamble+1"],"picked":"Blur+1","floor":11},{"not_picked":["Bane+1","Infinite Blades"],"picked":"Slice+1","floor":12},{"not_picked":["A Thousand Cuts","Malaise+1"],"picked":"Bullet Time+1","floor":16},{"not_picked":["Infinite Blades","Finisher+1"],"picked":"Noxious Fumes","floor":18},{"not_picked":["Dagger Throw+1","Deflect+1"],"picked":"Backflip+1","floor":20},{"not_picked":["Blade Dance+1","Endless Agony+1"],"picked":"Quick Slash+1","floor":21},{"not_picked":["Outmaneuver+1","Eviscerate+1"],"picked":"Backstab+1","floor":22}],"player_experience":178922,"relics_obtained":[{"floor":6,"key":"Strawberry"},{"floor":8,"key":"Molten Egg 2"},{"floor":9,"key":"Toxic Egg 2"}],"event_choices":[{"damage_healed":22,"gold_gain":0,"player_choice":"Healed and dodged fight","damage_taken":0,"max_hp_gain":0,"max_hp_loss":0,"event_name":"Mushrooms","floor":14,"gold_loss":0,"cards_obtained":["Parasite"]},{"cards_removed":["Strike_G"],"damage_healed":0,"gold_gain":0,"player_choice":"Card Removal","damage_taken":0,"max_hp_gain":0,"max_hp_loss":0,"event_name":"Wheel of Change","floor":19,"gold_loss":0}],"is_beta":false,"boss_relics":[{"not_picked":["Fusion Hammer","Snecko Eye"],"picked":"Empty Cage"}],"items_purged_floors":[],"is_endless":false,"potions_floor_spawned":[1,4,6,7,8,12,16,18,22],"killed_by":"3 Cultists","ascension_level":0}}