{"host":"17xjy7b7ubl548g2","time":1611458557,"event":{"mods":["2.2 Compatiblity","Act Like it!","Aspiration","Astrologer","Bard","BaseMod","Challenge The Spire","ChefMod","Colored Map","Colored Powertips","Conspire","Downfall","Elementarium","Energized Spire","Gensokyo","GifTheSpireLib","Halation","Hallownest","Hubris","Infinite Spire","Jedi Mod","Jorbs\u0027s Wanderer Trilogy","Marisa（霧雨　魔理沙）","Marked Mod","Menagerie","Minty Spire (QoL Compilation)","Permanent Neow","Replay The Spire","Robot Space Explorer","Spicy Shops","StSLib","Stuff the Spire","The Blue Laboratory","The Bug Knight","The Construct","The Disciple","The Hayseed","The Hierophant","The Marked","The Runesmith","The Sage","TheFirefly"],"gold_per_floor":[99,112,122,32,46,46,114,126,126,141,141,168,68,18,37,142,142,142,157,174,187,187,187,233,263,274,293,193,209,209,41,60,60,60,60],"floor_reached":33,"language":"ENG","playtime":4625,"items_purged":["champ:Strike","conspire:GhostlyStrike"],"score":296,"play_id":"a79e8e7d-7d74-45f0-830a-d46127450aae","local_time":"20210123222237","is_ascension_mode":false,"campfire_choices":[{"data":"champ:Taunt","floor":1,"key":"SMITH"},{"data":"champ:TripleStrike","floor":9,"key":"SMITH"},{"data":"champ:Backstep","floor":13,"key":"SMITH"},{"data":"champ:UltimateStance","floor":18,"key":"SMITH"},{"data":"champ:SteelEdge","floor":28,"key":"SMITH"},{"data":"champ:StanceDance","floor":30,"key":"SMITH"}],"circlet_count":0,"master_deck":["conspire:GhostlyStrike","conspire:GhostlyDefend","conspire:GhostlyDefend","conspire:GhostlyDefend","conspire:GhostlyDefend","champ:Execute","champ:Taunt+1","champ:StrikeOfGenius","champ:PreciseThrust","champ:Parry","champ:TripleStrike+1","champ:DeathBlow","champ:BringItOn","champ:ArenaPreparation","champ:Backstep+1","champ:UltimateStance+1","champ:IronFortress","champ:Circumvent","champ:SteelEdge+1","champ:EnragedBash+1","champ:TornadoPunch+1","champ:StanceDance+1","infinitespire:Fortify","infinitespire:Collect","champ:RapidStrikes","champ:Circumvent+1","champ:Circumvent+1","champ:Shatter","champ:FaceSlap+1","champ:SkillfulDodge"],"relics":["champ:ChampionCrown","aspiration:HummingbirdHeart","hubris:ToyBattleship","downfall:HeartBlessingGreen","conspire:SlowCooker","champ:FightingForDummies","downfall:HeartBlessingBlue","OrangePellets"],"acts_visited":["Exordium","TheCity"],"potions_floor_usage":[4,10,14,21,25,33],"damage_taken":[{"damage":15,"enemies":"Small Slimes","floor":2,"turns":4},{"damage":11,"enemies":"Jaw Worm","floor":3,"turns":4},{"damage":20,"enemies":"downfall:FleeingMerchant","floor":4,"turns":4},{"damage":5,"enemies":"Cultist","floor":5,"turns":3},{"damage":20,"enemies":"Gremlin Gang","floor":8,"turns":4},{"damage":27,"enemies":"Large Slime","floor":10,"turns":5},{"damage":20,"enemies":"Lagavulin","floor":12,"turns":6},{"damage":50,"enemies":"downfall:FleeingMerchant","floor":14,"turns":4},{"damage":20,"enemies":"2 Fungi Beasts","floor":15,"turns":3},{"damage":66,"enemies":"SI_SHIV_ARCHETYPE","floor":16,"turns":9},{"damage":54,"enemies":"conspire:FuzzyDice","floor":19,"turns":6},{"damage":40,"enemies":"3 Byrds","floor":20,"turns":5},{"damage":47,"enemies":"Centurion and Healer","floor":21,"turns":6},{"damage":55,"enemies":"Nightmare","floor":25,"turns":8},{"damage":35,"enemies":"Shelled Parasite and Fungi","floor":26,"turns":4},{"damage":25,"enemies":"Snake Plant","floor":27,"turns":5},{"damage":19,"enemies":"Sentry and Sphere","floor":29,"turns":6},{"damage":45,"enemies":"downfall:FleeingMerchant","floor":31,"turns":4},{"damage":30,"enemies":"Shelled Parasite and Fungi","floor":32,"turns":5},{"damage":87,"enemies":"IC_MUSHROOM_ARCHETYPE","floor":33,"turns":6}],"seed_played":"5203649012477754685","potions_obtained":[{"floor":3,"key":"champ:OpenerPotion"},{"floor":5,"key":"blueLaboratory:FruitPunch"},{"floor":8,"key":"blueLaboratory:BottledHope"},{"floor":10,"key":"blueLaboratory:FruitPreserves"},{"floor":12,"key":"BlessingOfTheForge"},{"floor":20,"key":"Adrenaline Potion"},{"floor":21,"key":"blueLaboratory:PolymorphPotion"},{"floor":27,"key":"Milkshake"},{"floor":29,"key":"SpeedPotion"}],"is_trial":false,"path_per_floor":["R","M","M","$","M","?","T","M","R","M","?","E","R","$","M","B",null,"R","M","M","M","AVR","?","T","NM","M","M","R","M","R","$","M","B"],"character_chosen":"THE_CHAMP","items_purchased":["champ:IronFortress","OrangePellets"],"campfire_rested":0,"item_purchase_floors":[14,31],"current_hp_per_floor":[90,80,79,79,79,79,79,79,79,69,69,59,59,59,59,23,92,92,83,83,66,66,66,66,61,61,61,71,67,67,67,67,0,0,0],"gold":60,"neow_bonus":"ONE_RANDOM_RARE_CARD","is_daily":false,"chose_seed":false,"campfire_upgraded":6,"win_rate":0.0,"timestamp":1611458557,"path_taken":["R","M","M","$","M","?","T","M","R","M","?","E","R","$","M","BOSS","R","M","M","M","AVR","?","T","NM","M","M","R","M","R","$","M","BOSS"],"items_purchased_type":["Card","Relic"],"build_version":"2020-12-22","purchased_purges":2,"victory":false,"max_hp_per_floor":[90,90,90,90,90,90,90,90,90,92,92,92,92,92,92,92,92,92,92,92,92,92,92,92,92,92,92,102,102,102,102,102,102,102,102],"card_choices":[{"not_picked":["champ:Shatter","champ:EnGarde"],"picked":"champ:PreciseThrust","floor":2},{"not_picked":["champ:FancyFootwork","champ:PerfectedStrike"],"picked":"champ:Parry","floor":3},{"not_picked":["champ:FanOfKnives","champ:Backstep"],"picked":"champ:TripleStrike","floor":4},{"not_picked":["champ:StanceDance","champ:FancyFootwork"],"picked":"champ:DeathBlow","floor":5},{"not_picked":["champ:BerserkersShout","champ:BladeFlurry"],"picked":"champ:BringItOn","floor":8},{"not_picked":["champ:Haymaker","champ:FalseCounter"],"picked":"champ:ArenaPreparation","floor":10},{"not_picked":["champ:Shatter","champ:Parry"],"picked":"champ:Backstep","floor":12},{"not_picked":["champ:Encircle","champ:Backstep"],"picked":"champ:UltimateStance","floor":14},{"not_picked":["champ:RisingSlash","champ:BringItOn"],"picked":"champ:Circumvent","floor":15},{"not_picked":["champ:Devastate","champ:MurderStrike"],"picked":"champ:SteelEdge","floor":16},{"not_picked":["champ:EnGarde","champ:ArenaPreparation"],"picked":"champ:EnragedBash","floor":19},{"not_picked":["champ:EnGarde","champ:Circumvent"],"picked":"champ:TornadoPunch+1","floor":20},{"not_picked":["champ:Circumvent","champ:EnGarde"],"picked":"champ:StanceDance","floor":21},{"not_picked":["champ:BladeFlurry","champ:EndlessRage"],"picked":"champ:RapidStrikes","floor":25},{"not_picked":["champ:FanOfKnives+1","champ:SetATrap"],"picked":"champ:Circumvent+1","floor":26},{"not_picked":["champ:BladeFlurry+1","champ:Parry+1"],"picked":"champ:Circumvent+1","floor":27},{"not_picked":["champ:Backstep","champ:BladeFlurry"],"picked":"champ:Shatter","floor":29},{"not_picked":["champ:Parry","champ:RecklessLeap"],"picked":"champ:FaceSlap+1","floor":31},{"not_picked":["champ:Encircle+1","champ:TornadoPunch"],"picked":"champ:SkillfulDodge","floor":32}],"player_experience":1960286,"relics_obtained":[{"floor":7,"key":"aspiration:HummingbirdHeart"},{"floor":12,"key":"hubris:ToyBattleship"},{"floor":25,"key":"champ:FightingForDummies"}],"event_choices":[{"damage_healed":0,"gold_gain":0,"player_choice":"Agree","damage_taken":0,"max_hp_gain":0,"max_hp_loss":0,"event_name":"conspire:LoneGhost","floor":11,"gold_loss":0}],"is_beta":false,"boss_relics":[{"not_picked":["hubris:CrackedHourglass","conspire:RoyalGoblet"],"picked":"conspire:SlowCooker"}],"items_purged_floors":[4,22],"is_endless":false,"potions_floor_spawned":[3,5,8,10,12,20,21,27,29],"killed_by":"IC_MUSHROOM_ARCHETYPE","ascension_level":0}}