{"host":"08t08ld674si40tv","time":1611457346,"event":{"mods":["AchievementEnabler","BaseMod","Colored Map","Minty Spire (QoL Compilation)","StSLib","SuperFastMode"],"gold_per_floor":[111,36,111,61,61,61,75,104,129,148,148,168,184,198,198,198,198],"floor_reached":16,"language":"KOR","playtime":329,"items_purged":["Strike_G"],"score":102,"play_id":"855750b1-18a6-413e-9ce5-9239b017e9e6","local_time":"20210124120226","is_ascension_mode":false,"campfire_choices":[{"data":"Skewer","floor":6,"key":"SMITH"},{"data":"Prepared","floor":11,"key":"SMITH"},{"data":"Blur","floor":15,"key":"SMITH"}],"circlet_count":0,"master_deck":["Strike_G","Strike_G","Strike_G","Strike_G","Defend_G","Defend_G","Defend_G","Defend_G","Survivor","Neutralize+1","Skewer+1","Blur+1","Prepared+1","Backflip","Well Laid Plans","After Image"],"relics":["Ring of the Snake","Tiny Chest","Nunchaku"],"acts_visited":["Exordium"],"potions_floor_usage":[16],"damage_taken":[{"damage":4,"enemies":"Cultist","floor":1,"turns":3},{"damage":0,"enemies":"Small Slimes","floor":7,"turns":2},{"damage":31,"enemies":"Lagavulin","floor":8,"turns":8},{"damage":0,"enemies":"2 Louse","floor":10,"turns":2},{"damage":5,"enemies":"2 Fungi Beasts","floor":12,"turns":3},{"damage":2,"enemies":"Large Slime","floor":13,"turns":8},{"damage":4,"enemies":"Blue Slaver","floor":14,"turns":5},{"damage":4,"enemies":"Hexaghost","floor":16,"turns":10}],"seed_played":"-6393058510135844551","potions_obtained":[{"floor":7,"key":"SneckoOil"},{"floor":8,"key":"BlessingOfTheForge"},{"floor":13,"key":"Ancient Potion"}],"is_trial":false,"path_per_floor":["M","$","?","?","?","R","M","E","T","M","R","M","M","M","R","B"],"character_chosen":"THE_SILENT","items_purchased":[],"campfire_rested":0,"item_purchase_floors":[],"current_hp_per_floor":[66,66,55,55,55,55,55,24,24,24,24,19,17,13,13,9,9],"gold":198,"neow_bonus":"UPGRADE_CARD","is_daily":false,"chose_seed":false,"campfire_upgraded":3,"win_rate":0.0,"timestamp":1611457346,"path_taken":["M","$","?","?","?","R","M","E","T","M","R","?","M","M","R","BOSS"],"items_purchased_type":[],"build_version":"2020-12-22","purchased_purges":1,"victory":false,"max_hp_per_floor":[70,70,70,70,70,70,70,70,70,70,70,70,70,70,70,70,70],"card_choices":[{"not_picked":["Acrobatics","Choke"],"picked":"Skewer","floor":1},{"not_picked":["Deadly Poison","Flying Knee"],"picked":"Blur","floor":7},{"not_picked":["Caltrops","All Out Attack"],"picked":"Prepared","floor":8},{"not_picked":["Slice","Deflect"],"picked":"Backflip","floor":10},{"not_picked":["Flying Knee","Flechettes"],"picked":"Well Laid Plans","floor":12},{"not_picked":["Underhanded Strike","Backflip"],"picked":"After Image","floor":13},{"not_picked":["Flechettes","Concentrate","Underhanded Strike"],"picked":"SKIP","floor":14}],"player_experience":261865,"relics_obtained":[{"floor":8,"key":"Tiny Chest"},{"floor":9,"key":"Nunchaku"}],"event_choices":[{"damage_healed":0,"gold_gain":75,"player_choice":"Gather Gold","damage_taken":11,"max_hp_gain":0,"max_hp_loss":0,"event_name":"World of Goop","floor":3,"gold_loss":0},{"cards_removed":["Defend_G"],"damage_healed":0,"gold_gain":0,"player_choice":"Card Removal","damage_taken":0,"max_hp_gain":0,"max_hp_loss":0,"event_name":"The Cleric","floor":4,"gold_loss":50},{"damage_healed":0,"gold_gain":0,"player_choice":"Trade","damage_taken":0,"relics_obtained":["GremlinMask"],"max_hp_gain":0,"max_hp_loss":0,"event_name":"FaceTrader","floor":5,"gold_loss":0}],"is_beta":false,"boss_relics":[],"items_purged_floors":[2],"is_endless":false,"potions_floor_spawned":[7,8,13],"killed_by":"Hexaghost","ascension_level":0}}