{"host":"syse7109pvnv9ewm","time":1611450079,"event":{"mods":["Act Like it!","Aspiration","BaseMod","Beaked The Cultist","Better Altar","Better Match","Better Note","Better Sensory Stone","Better Skull","Better Third Choice","BetterRewards","CCEM","Challenge The Spire","Colored Map","Conspire","Dio Mod","Elementarium","Energized Spire","Halation","Hallownest","Highlight Path","Hubris","Infinite Spire","Mad Scientist","Menagerie","Minty Spire (QoL Compilation)","Replay The Spire","Retaliation","Spicy Shops","StSLib","The Blue Laboratory","The Bug Knight","The Cursed","The Death Knight","The Disciple","The Jungle","Thieving Mod"],"gold_per_floor":[116,116,129,146,146,146,174,186,186,221,232,252,265,276,276,371,371,389,237,237,14,14,42,56,87,87,102,114,127,127,143,143,143,143],"floor_reached":33,"language":"ENG","playtime":2553,"items_purged":["Strike_R"],"score":303,"play_id":"c0521827-b442-4801-80ca-b759a7d3ce80","local_time":"20210124020119","is_ascension_mode":false,"campfire_choices":[{"floor":6.0,"key":"RECALL"},{"data":"Flex","floor":15.0,"key":"SMITH"},{"floor":32,"key":"REST"}],"circlet_count":0,"master_deck":["Strike_R","Strike_R","Strike_R","Defend_R","Defend_R","Defend_R","Defend_R","Bash","Whirlwind+1","Twin Strike","Flex+1","Rampage","infinitespire:OneForAll","Twin Strike","Headbutt","Cleave","Flame Barrier","Fiend Fire","DDmod:EasePowerCard","Infernal Blade","Havoc","Poisoned Strike","Pommel Strike","Shrug It Off+1","Seeing Red","ReplayTheSpireMod:Strike From Hell","Iron Wave+1","DDmod:PokeAttack","Corruption","infinitespire:Oblivion","DDmod:UnstoppableAttack+1"],"relics":["Burning Blood","CCEMRelics:SpiritsEdge","CCEMRelics:DerglesHeadphones","hubris:CrystalStatue","Ring of Chaos","Blood Vial","Bronze Scales","Art of War"],"acts_visited":["Exordium","TheCity"],"potions_floor_usage":[],"damage_taken":[{"damage":1.0,"enemies":"2 Louse","floor":1.0,"turns":3.0},{"damage":1.0,"enemies":"Cultist","floor":3.0,"turns":4.0},{"damage":6.0,"enemies":"conspire:RoseBush","floor":4.0,"turns":3.0},{"damage":18.0,"enemies":"Gremlin Nob","floor":7.0,"turns":4.0},{"damage":0.0,"enemies":"Lots of Slimes","floor":8.0,"turns":1.0},{"damage":21.0,"enemies":"Replay:BlueRogue","floor":10.0,"turns":6.0},{"damage":0.0,"enemies":"Large Slime","floor":11.0,"turns":2.0},{"damage":0.0,"enemies":"Blue Slaver","floor":12.0,"turns":1.0},{"damage":0.0,"enemies":"Looter","floor":13.0,"turns":1.0},{"damage":15.0,"enemies":"conspire:2 RoseBushes","floor":14.0,"turns":5.0},{"damage":72.0,"enemies":"The Guardian","floor":16.0,"turns":13.0},{"damage":3.0,"enemies":"3 Byrds","floor":18.0,"turns":4.0},{"damage":58.0,"enemies":"conspire:SneckoGhost","floor":23.0,"turns":8.0},{"damage":0.0,"enemies":"Spheric Guardian","floor":24.0,"turns":3.0},{"damage":17.0,"enemies":"conspire:Head Lice","floor":25.0,"turns":5.0},{"damage":30.0,"enemies":"Cultist and Chosen","floor":27.0,"turns":4.0},{"damage":26.0,"enemies":"Centurion and Healer","floor":28.0,"turns":4.0},{"damage":6.0,"enemies":"3 Cultists","floor":29.0,"turns":3.0},{"damage":10,"enemies":"Cultist and Chosen","floor":31,"turns":4},{"damage":60,"enemies":"Champ","floor":33,"turns":10}],"seed_played":"8158555881387478925","potions_obtained":[{"floor":3.0,"key":"FearPotion"},{"floor":8.0,"key":"Toxic Potion"},{"floor":11.0,"key":"SteroidPotion"},{"floor":12.0,"key":"GamblersBrew"},{"floor":16.0,"key":"SpeedPotion"},{"floor":24.0,"key":"BlessingOfTheForge"},{"floor":27.0,"key":"AttackPotion"},{"floor":28.0,"key":"Explosive Potion"}],"is_trial":false,"path_per_floor":["M","?","M","M","?","R","E","M","T","E","M","M","M","M","R","B",null,"M","$","?","$","?","E","M","E","T","M","M","M","AVR","M","R","B"],"character_chosen":"IRONCLAD","items_purchased":["Infernal Blade","Havoc","Poisoned Strike"],"campfire_rested":1,"item_purchase_floors":[19,21,21],"current_hp_per_floor":[88,88,88,88,88,88,76,82,82,67,73,79,85,76,88,22,88,88,88,88,88,88,41,49,42,42,28,10,12,12,10,36,0,0],"gold":143,"neow_bonus":"TEN_PERCENT_HP_BONUS","is_daily":false,"chose_seed":false,"campfire_upgraded":1,"win_rate":0.0,"timestamp":1611450079,"path_taken":["M","?","?","?","?","R","E","M","T","E","M","M","M","M","R","BOSS","M","?","?","$","?","E","M","E","T","M","M","M","AVR","M","R","BOSS"],"items_purchased_type":["Card","Card","Card"],"build_version":"2020-12-22","purchased_purges":1,"victory":false,"max_hp_per_floor":[88,88,88,88,88,88,88,88,88,88,88,88,88,88,88,88,88,88,88,88,88,88,88,88,88,88,88,88,88,88,88,88,88,88],"card_choices":[{"not_picked":["DDmod:CallousedSkill","Heavy Blade"],"picked":"Whirlwind","floor":1.0},{"not_picked":["DDmod:RapidStrikeAttack","Blood for Blood"],"picked":"Twin Strike","floor":3.0},{"not_picked":["Clothesline","Havoc"],"picked":"Flex","floor":4.0},{"not_picked":["Combust","conspire:ExplosiveBarrier","DDmod:SpikeInjectionSkill"],"picked":"SKIP","floor":7.0},{"not_picked":["Heavy Blade","conspire:HitWhereItHurts"],"picked":"Rampage","floor":8.0},{"not_picked":["Sword Boomerang","Bludgeon"],"picked":"infinitespire:OneForAll","floor":10.0},{"not_picked":["DDmod:SpikedSkill","infinitespire:OneForAll"],"picked":"Twin Strike","floor":11.0},{"not_picked":["Perfected Strike","Heavy Blade"],"picked":"Headbutt","floor":12.0},{"not_picked":["Flex","Havoc"],"picked":"Cleave","floor":13.0},{"not_picked":["Anger","ReplayTheSpireMod:Strike From Hell"],"picked":"Flame Barrier","floor":14.0},{"not_picked":["DDmod:PlatedThornsSkill","Barricade"],"picked":"Fiend Fire","floor":16.0},{"not_picked":["Dropkick+1","Rupture"],"picked":"DDmod:EasePowerCard","floor":18.0},{"not_picked":["Combust","Eclipse"],"picked":"Shrug It Off+1","floor":23.0},{"not_picked":["ReplayTheSpireMod:Limb From Limb","Clothesline"],"picked":"Seeing Red","floor":24.0},{"not_picked":["Shrug It Off","Cleave+1"],"picked":"ReplayTheSpireMod:Strike From Hell","floor":25.0},{"not_picked":["Entrench","Anger"],"picked":"Iron Wave+1","floor":27.0},{"not_picked":["Intimidate+1","Power Through"],"picked":"DDmod:PokeAttack","floor":28.0},{"not_picked":["Defy Death","Inflame"],"picked":"Corruption","floor":29.0},{"not_picked":["Intimidate","Perfected Strike"],"picked":"DDmod:UnstoppableAttack+1","floor":31}],"player_experience":165271,"relics_obtained":[{"floor":7.0,"key":"CCEMRelics:SpiritsEdge"},{"floor":9.0,"key":"CCEMRelics:DerglesHeadphones"},{"floor":10.0,"key":"hubris:CrystalStatue"},{"floor":23.0,"key":"Blood Vial"},{"floor":25.0,"key":"Bronze Scales"}],"event_choices":[{"damage_healed":0.0,"max_hp_gain":0.0,"max_hp_loss":0.0,"gold_gain":0.0,"event_name":"Accursed Blacksmith","player_choice":"Forge","floor":2.0,"gold_loss":0.0,"damage_taken":0.0,"cards_upgraded":["Whirlwind"]},{"cards_removed":["Strike_R"],"damage_healed":0.0,"max_hp_gain":0.0,"max_hp_loss":0.0,"gold_gain":0.0,"event_name":"Bonfire Elementals","player_choice":"Offered Basic","floor":5.0,"gold_loss":0.0,"damage_taken":0.0},{"cards_removed":["infinitespire:OneForAll"],"damage_healed":0.0,"max_hp_gain":0.0,"max_hp_loss":0.0,"gold_gain":0.0,"event_name":"betterNote:BetterNote","player_choice":"Give","floor":20.0,"gold_loss":0.0,"damage_taken":0.0,"cards_obtained":["None"]}],"is_beta":false,"boss_relics":[{"not_picked":["Honey Jar","ReplayTheSpireMod:SealedPack"],"picked":"Ring of Chaos"}],"items_purged_floors":[19],"is_endless":false,"potions_floor_spawned":[3,8,11,12,16,24,27,28],"killed_by":"Champ","ascension_level":0}}