{"host":"bg8va46pgqgvtzim","time":1611492433,"event":{"mods":["BaseMod","Minty Spire (QoL Compilation)","Quick Restart","StSLib","SuperFastMode"],"gold_per_floor":[116,131,56,71,84,84,94,94,124,124,159,216,73,73,73,86,86,113,113,130,157,167,202,202,202,306,306,323,340,255,267,267,284,296,196,196,224,224,237,237,269,269,319,330,362,379,405,431,530,530,544,557,557,557,653,653,667,144,163,163,176,189,189,217,217,248,248,264,314,329,358,358,368,368,368,368,368,368,143,171,171],"floor_reached":82,"language":"ZHS","playtime":1964,"items_purged":["Strike_P","Strike_P","Strike_P","Strike_P"],"score":2190,"play_id":"111cb38a-1db6-494f-ab66-736bcf50ad12","local_time":"20210124204713","is_ascension_mode":true,"campfire_choices":[{"data":"Meditate","floor":10.0,"key":"SMITH"},{"data":"CrushJoints","floor":17.0,"key":"SMITH"},{"data":"WheelKick","floor":25.0,"key":"SMITH"},{"data":"Scrawl","floor":36.0,"key":"SMITH"},{"floor":38.0,"key":"RECALL"},{"data":"Tantrum","floor":40.0,"key":"SMITH"},{"data":"BowlingBash","floor":50.0,"key":"SMITH"},{"data":"ClearTheMind","floor":53.0,"key":"SMITH"},{"data":"CutThroughFate","floor":54.0,"key":"SMITH"},{"data":"Halt","floor":72.0,"key":"SMITH"},{"floor":74.0,"key":"REST"},{"data":"Vigilance","floor":75.0,"key":"SMITH"},{"data":"Defend_P","floor":78.0,"key":"SMITH"}],"circlet_count":0,"master_deck":["Defend_P","Defend_P+1","Eruption+1","Vigilance+1","CutThroughFate+1","BowlingBash+1","Tantrum+1","Meditate+1","ClearTheMind+1","Halt+1","CrushJoints+1","WheelKick+1","Scrawl+1","FearNoEvil+1","Prostrate+1","Establishment+1","Adaptation+1","Fasting2+1","Panacea+1","Wallop+1","EmptyMind+1","Finesse+1","Madness+1","Deep Breath+1","Scrawl+1","FlurryOfBlows+1","TalkToTheHand+1","Adaptation+1","Fasting2+1"],"relics":["HolyWater","Regal Pillow","Tiny Chest","Toy Ornithopter","Medical Kit","Potion Belt","Pantograph","InkBottle","Frozen Egg 2","Darkstone Periapt","Shuriken","Strawberry","Gremlin Horn","Oddly Smooth Stone","Meat on the Bone","Anchor","Sundial","Omamori","Toxic Egg 2","Philosopher\u0027s Stone","Mummified Hand","Yang","Bottled Lightning","Nunchaku","Pen Nib","CaptainsWheel","Thread and Needle","Unceasing Top"],"acts_visited":["Exordium","TheCity","TheBeyond","TheEnding"],"potions_floor_usage":[81,81,81,81,81],"damage_taken":[{"damage":0.0,"enemies":"2 Louse","floor":1.0,"turns":1.0},{"damage":1.0,"enemies":"Jaw Worm","floor":2.0,"turns":2.0},{"damage":0.0,"enemies":"Small Slimes","floor":4.0,"turns":2.0},{"damage":0.0,"enemies":"Exordium Wildlife","floor":5.0,"turns":2.0},{"damage":3.0,"enemies":"Exordium Thugs","floor":7.0,"turns":3.0},{"damage":0.0,"enemies":"Gremlin Nob","floor":9.0,"turns":2.0},{"damage":1.0,"enemies":"3 Sentries","floor":11.0,"turns":3.0},{"damage":22.0,"enemies":"Lagavulin Event","floor":12.0,"turns":5.0},{"damage":0.0,"enemies":"Large Slime","floor":16.0,"turns":1.0},{"damage":0.0,"enemies":"Gremlin Nob","floor":18.0,"turns":2.0},{"damage":6.0,"enemies":"2 Fungi Beasts","floor":20.0,"turns":2.0},{"damage":14.0,"enemies":"3 Sentries","floor":21.0,"turns":5.0},{"damage":0.0,"enemies":"3 Louse","floor":22.0,"turns":2.0},{"damage":0.0,"enemies":"Gremlin Nob","floor":23.0,"turns":2.0},{"damage":0.0,"enemies":"Slime Boss","floor":26.0,"turns":4.0},{"damage":0.0,"enemies":"Spheric Guardian","floor":28.0,"turns":1.0},{"damage":0.0,"enemies":"Shell Parasite","floor":29.0,"turns":2.0},{"damage":0.0,"enemies":"Snecko","floor":31.0,"turns":1.0},{"damage":0.0,"enemies":"Snake Plant","floor":33.0,"turns":1.0},{"damage":0.0,"enemies":"Centurion and Healer","floor":34.0,"turns":2.0},{"damage":0.0,"enemies":"Gremlin Leader","floor":37.0,"turns":2.0},{"damage":0.0,"enemies":"3 Cultists","floor":39.0,"turns":2.0},{"damage":0.0,"enemies":"Book of Stabbing","floor":41.0,"turns":1.0},{"damage":0.0,"enemies":"Sentry and Sphere","floor":44.0,"turns":2.0},{"damage":0.0,"enemies":"Gremlin Leader","floor":45.0,"turns":2.0},{"damage":0.0,"enemies":"Snecko","floor":46.0,"turns":2.0},{"damage":0.0,"enemies":"Slavers","floor":48.0,"turns":1.0},{"damage":0.0,"enemies":"Cultist and Chosen","floor":51.0,"turns":2.0},{"damage":0.0,"enemies":"Centurion and Healer","floor":52.0,"turns":2.0},{"damage":0.0,"enemies":"Collector","floor":55.0,"turns":2.0},{"damage":0.0,"enemies":"3 Shapes","floor":57.0,"turns":2.0},{"damage":4.0,"enemies":"Orb Walker","floor":59.0,"turns":3.0},{"damage":15.0,"enemies":"Sphere and 2 Shapes","floor":61.0,"turns":3.0},{"damage":0.0,"enemies":"4 Shapes","floor":62.0,"turns":1.0},{"damage":0.0,"enemies":"Giant Head","floor":64.0,"turns":1.0},{"damage":0.0,"enemies":"Nemesis","floor":66.0,"turns":1.0},{"damage":0.0,"enemies":"Writhing Mass","floor":68.0,"turns":2.0},{"damage":0.0,"enemies":"Mind Bloom Boss Battle","floor":69.0,"turns":1.0},{"damage":0.0,"enemies":"Transient","floor":70.0,"turns":1.0},{"damage":0.0,"enemies":"Reptomancer","floor":71.0,"turns":1.0},{"damage":0.0,"enemies":"Maw","floor":73.0,"turns":1.0},{"damage":0.0,"enemies":"Time Eater","floor":76.0,"turns":5.0},{"damage":0.0,"enemies":"Shield and Spear","floor":80.0,"turns":1.0},{"damage":0,"enemies":"The Heart","floor":81,"turns":4}],"seed_played":"-3256748470648968932","potions_obtained":[{"floor":5.0,"key":"Fire Potion"},{"floor":7.0,"key":"Block Potion"},{"floor":16.0,"key":"AttackPotion"},{"floor":18.0,"key":"BlessingOfTheForge"},{"floor":21.0,"key":"AttackPotion"},{"floor":23.0,"key":"Block Potion"},{"floor":28.0,"key":"GamblersBrew"},{"floor":51.0,"key":"PowerPotion"},{"floor":61.0,"key":"Block Potion"},{"floor":66.0,"key":"Fruit Juice"},{"floor":69.0,"key":"Ambrosia"}],"is_trial":false,"path_per_floor":["M","M","$","M","M","?","M","?","E","R","E","?","$","T","T","M","R","E","?","M","E","M","E","T","R","B",null,"M","M","?","M","T","M","M","$","R","E","R","M","R","E","T","T","M","E","M","T","E","?","R","M","M","R","R","B",null,"M","$","M","?","M","M","?","E","T","E","T","M","?","M","E","R","M","R","R","B",null,"R","$","E","B",null],"character_chosen":"WATCHER","items_purchased":["Medical Kit","Mummified Hand","Fasting2+1","Panacea+1","Fasting2+1"],"campfire_rested":1,"item_purchase_floors":[13,58,58,58,79],"current_hp_per_floor":[72,71,71,71,71,64,61,61,61,61,60,38,38,38,38,38,38,38,38,32,23,23,23,23,23,48,72,72,72,72,72,79,79,79,79,79,79,79,79,79,79,79,79,79,79,79,79,79,79,79,79,79,79,79,79,79,79,79,75,75,60,60,50,50,50,50,50,50,84,84,84,84,84,84,84,84,84,84,84,84,84],"gold":171,"neow_bonus":"UPGRADE_CARD","is_daily":false,"chose_seed":false,"campfire_upgraded":11,"win_rate":0.0,"timestamp":1611492433,"path_taken":["M","M","$","M","M","?","M","?","E","R","E","?","$","T","T","?","R","E","?","M","E","M","E","?","R","BOSS","M","M","?","M","?","M","M","$","R","E","R","M","R","E","T","T","?","E","M","?","E","?","R","M","M","R","R","BOSS","M","$","M","?","M","M","?","E","?","E","T","M","?","M","E","R","M","R","R","BOSS","R","$","E","BOSS"],"items_purchased_type":["Relic","Relic","Card","Card","Card"],"build_version":"2020-12-22","purchased_purges":4,"victory":true,"max_hp_per_floor":[72,72,72,72,72,72,72,72,72,72,72,72,72,72,72,72,72,72,72,72,72,72,72,72,72,72,72,72,72,72,72,79,79,79,79,79,79,79,79,79,79,79,79,79,79,79,79,79,79,79,79,79,79,79,79,79,79,79,79,79,79,79,79,79,79,79,79,79,84,84,84,84,84,84,84,84,84,84,84,84,84],"card_choices":[{"not_picked":["ClearTheMind","SashWhip"],"picked":"CutThroughFate","floor":1.0},{"not_picked":["Crescendo","SignatureMove"],"picked":"BowlingBash","floor":2.0},{"not_picked":["Protect","Crescendo"],"picked":"Tantrum","floor":4.0},{"not_picked":["Perseverance","EmptyFist"],"picked":"Meditate","floor":5.0},{"not_picked":["Evaluate","Consecrate","FlyingSleeves"],"picked":"SKIP","floor":7.0},{"not_picked":["Pray","Wireheading","Conclude"],"picked":"SKIP","floor":9.0},{"not_picked":["Weave","Study"],"picked":"Halt","floor":11.0},{"not_picked":["Meditate","LikeWater"],"picked":"CrushJoints","floor":12.0},{"not_picked":["ClearTheMind","ThirdEye","JustLucky"],"picked":"SKIP","floor":16.0},{"not_picked":["PathToVictory","Worship","EmptyFist"],"picked":"SKIP","floor":18.0},{"not_picked":["LikeWater","MasterReality","BowlingBash"],"picked":"SKIP","floor":20.0},{"not_picked":["Crescendo","Perseverance","PathToVictory"],"picked":"SKIP","floor":21.0},{"not_picked":["Vengeance","Fasting2","EmptyFist"],"picked":"SKIP","floor":22.0},{"not_picked":["SashWhip","ReachHeaven"],"picked":"WheelKick","floor":23.0},{"not_picked":["Vault","Alpha"],"picked":"Scrawl","floor":26.0},{"not_picked":["CrushJoints","BowlingBash+1","Wireheading+1"],"picked":"SKIP","floor":28.0},{"not_picked":["PathToVictory","FlurryOfBlows"],"picked":"FearNoEvil+1","floor":29.0},{"not_picked":["Perseverance+1","FollowUp","FlyingSleeves"],"picked":"SKIP","floor":31.0},{"not_picked":["FearNoEvil","Swivel","Consecrate"],"picked":"SKIP","floor":33.0},{"not_picked":["EmptyFist","PathToVictory","EmptyBody"],"picked":"SKIP","floor":34.0},{"not_picked":["Crescendo+1","WaveOfTheHand","ConjureBlade"],"picked":"SKIP","floor":37.0},{"not_picked":["Collect","Crescendo","Perseverance"],"picked":"SKIP","floor":39.0},{"not_picked":["WheelKick","Sanctity","SashWhip+1"],"picked":"SKIP","floor":41.0},{"not_picked":["Vengeance","Halt+1","WindmillStrike+1"],"picked":"SKIP","floor":44.0},{"not_picked":["Pray","WheelKick","CutThroughFate+1"],"picked":"SKIP","floor":45.0},{"not_picked":["ClearTheMind+1","WreathOfFlame","CrushJoints"],"picked":"SKIP","floor":46.0},{"not_picked":["Nirvana+1","Protect+1","ThirdEye+1"],"picked":"SKIP","floor":48.0},{"not_picked":["Consecrate","BowlingBash","JustLucky+1"],"picked":"SKIP","floor":51.0},{"not_picked":["Indignation+1","BattleHymn+1"],"picked":"Prostrate+1","floor":52.0},{"not_picked":["SpiritShield+1","Scrawl+1"],"picked":"Establishment+1","floor":55.0},{"not_picked":["Weave+1","Prostrate+1"],"picked":"Adaptation+1","floor":57.0},{"not_picked":["JustLucky+1","ThirdEye+1"],"picked":"Wallop+1","floor":59.0},{"not_picked":["ThirdEye+1","JustLucky","ReachHeaven+1"],"picked":"SKIP","floor":61.0},{"not_picked":["WreathOfFlame+1","PathToVictory+1"],"picked":"EmptyMind+1","floor":62.0},{"not_picked":["Apotheosis+1","PanicButton+1"],"picked":"Finesse+1","floor":63.0},{"not_picked":["Secret Technique+1","Jack Of All Trades+1"],"picked":"Madness+1","floor":63.0},{"not_picked":["Violence+1","Purity+1"],"picked":"Deep Breath+1","floor":63.0},{"not_picked":["Vengeance+1","CrushJoints+1","Consecrate+1"],"picked":"SKIP","floor":64.0},{"not_picked":["Weave","WreathOfFlame+1"],"picked":"Scrawl+1","floor":66.0},{"not_picked":["EmptyFist+1","Fasting2+1"],"picked":"FlurryOfBlows+1","floor":68.0},{"not_picked":["Perseverance+1","Indignation+1"],"picked":"TalkToTheHand+1","floor":70.0},{"not_picked":["SashWhip","Meditate+1","FlyingSleeves+1"],"picked":"SKIP","floor":71.0},{"not_picked":["Protect+1","CutThroughFate+1"],"picked":"Adaptation+1","floor":73.0},{"not_picked":["BowlingBash","FollowUp","Worship+1"],"picked":"SKIP","floor":80.0}],"player_experience":2323383,"relics_obtained":[{"floor":9.0,"key":"Regal Pillow"},{"floor":11.0,"key":"Tiny Chest"},{"floor":14.0,"key":"Potion Belt"},{"floor":18.0,"key":"Pantograph"},{"floor":21.0,"key":"InkBottle"},{"floor":23.0,"key":"Frozen Egg 2"},{"floor":24.0,"key":"Darkstone Periapt"},{"floor":32.0,"key":"Strawberry"},{"floor":37.0,"key":"Gremlin Horn"},{"floor":41.0,"key":"Oddly Smooth Stone"},{"floor":42.0,"key":"Meat on the Bone"},{"floor":43.0,"key":"Anchor"},{"floor":45.0,"key":"Sundial"},{"floor":47.0,"key":"Omamori"},{"floor":48.0,"key":"Toxic Egg 2"},{"floor":64.0,"key":"Yang"},{"floor":65.0,"key":"Bottled Lightning"},{"floor":66.0,"key":"Nunchaku"},{"floor":67.0,"key":"Pen Nib"},{"floor":69.0,"key":"CaptainsWheel"},{"floor":71.0,"key":"Thread and Needle"},{"floor":80.0,"key":"Unceasing Top"}],"event_choices":[{"cards_removed":["Defend_P"],"damage_healed":0.0,"max_hp_gain":0.0,"max_hp_loss":0.0,"gold_gain":0.0,"event_name":"Golden Wing","player_choice":"Card Removal","floor":6.0,"gold_loss":0.0,"damage_taken":7.0},{"damage_healed":0.0,"max_hp_gain":0.0,"max_hp_loss":0.0,"gold_gain":0.0,"cards_transformed":["Defend_P"],"event_name":"Living Wall","player_choice":"Change","floor":8.0,"gold_loss":0.0,"damage_taken":0.0,"cards_obtained":["ClearTheMind"]},{"damage_healed":0.0,"max_hp_gain":0.0,"max_hp_loss":0.0,"gold_gain":0.0,"event_name":"Dead Adventurer","player_choice":"Searched \u00273\u0027 times","floor":12.0,"gold_loss":0.0,"damage_taken":0.0,"relics_obtained":["Toy Ornithopter"]},{"damage_healed":0.0,"max_hp_gain":0.0,"max_hp_loss":0.0,"gold_gain":0.0,"event_name":"Liars Game","player_choice":"Ignored","floor":19.0,"gold_loss":0.0,"damage_taken":0.0},{"damage_healed":0.0,"max_hp_gain":0.0,"max_hp_loss":0.0,"gold_gain":0.0,"event_name":"Addict","player_choice":"Obtained Relic","floor":30.0,"gold_loss":85.0,"damage_taken":0.0,"relics_obtained":["Shuriken"]},{"damage_healed":0.0,"max_hp_gain":0.0,"max_hp_loss":0.0,"gold_gain":99.0,"event_name":"Nest","player_choice":"Stole From Cult","floor":49.0,"gold_loss":0.0,"damage_taken":0.0},{"damage_healed":0.0,"max_hp_gain":0.0,"max_hp_loss":0.0,"gold_gain":0.0,"event_name":"Tomb of Lord Red Mask","player_choice":"Ignored","floor":60.0,"gold_loss":0.0,"damage_taken":0.0},{"damage_healed":0.0,"max_hp_gain":0.0,"max_hp_loss":0.0,"gold_gain":0.0,"event_name":"SensoryStone","player_choice":"Memory 3","floor":63.0,"gold_loss":0.0,"damage_taken":10.0},{"damage_healed":0.0,"max_hp_gain":0.0,"max_hp_loss":0.0,"gold_gain":0.0,"event_name":"MindBloom","player_choice":"Fight","floor":69.0,"gold_loss":0.0,"damage_taken":0.0}],"is_beta":false,"boss_relics":[{"not_picked":["Ectoplasm","Tiny House"],"picked":"HolyWater"},{"not_picked":["SlaversCollar","Runic Dome"],"picked":"Philosopher\u0027s Stone"}],"items_purged_floors":[3,35,58,79],"is_endless":false,"potions_floor_spawned":[5,7,16,18,21,23,26,28,34,37,41,48,51,61,64,66,69,70],"ascension_level":1}}