{"host":"hw9lt6p3yhr90vz0","time":1611520367,"event":{"mods":["BaseMod","DeckTracker","Minty Spire (QoL Compilation)","Relic Stats"],"gold_per_floor":[110,122,142,142,152,184,184,204,253,264,264,299,318,39,39,137,137,156,156,156,142,158,158,172,172,195,211,231,231,231,250,250,250,250],"floor_reached":33,"language":"ENG","playtime":3450,"items_purged":[],"score":316,"play_id":"a40e1292-fe77-4ea3-9612-199d7f5fe4b3","local_time":"20210124153247","is_ascension_mode":true,"campfire_choices":[{"floor":7,"key":"REST"},{"floor":11,"key":"RECALL"},{"floor":15,"key":"REST"},{"floor":23,"key":"REST"},{"floor":25,"key":"REST"},{"floor":30,"key":"REST"},{"floor":32,"key":"REST"}],"circlet_count":0,"master_deck":["Strike_P","Strike_P","Strike_P","Defend_P","Defend_P","Defend_P","Defend_P","Eruption","Vigilance","Ragnarok","Adaptation","Conclude","PathToVictory","PathToVictory","BowlingBash","BowlingBash","PathToVictory","Alpha+1","JustLucky","LikeWater+1","Bandage Up","CarveReality","DevaForm+1","Nirvana+1","EmptyBody","ClearTheMind","Prostrate","Swivel+1","Establishment+1","Consecrate"],"relics":["PureWater","The Courier","Orichalcum","Frozen Egg 2","PreservedInsect","Runic Pyramid"],"acts_visited":["Exordium","TheCity"],"potions_floor_usage":[5,8,12,16,21,22,24,28],"damage_taken":[{"damage":0,"enemies":"Jaw Worm","floor":1,"turns":2},{"damage":1,"enemies":"Cultist","floor":2,"turns":3},{"damage":0,"enemies":"2 Louse","floor":3,"turns":2},{"damage":3,"enemies":"Blue Slaver","floor":5,"turns":2},{"damage":23,"enemies":"Gremlin Nob","floor":6,"turns":4},{"damage":6,"enemies":"Red Slaver","floor":8,"turns":4},{"damage":0,"enemies":"2 Fungi Beasts","floor":10,"turns":2},{"damage":21,"enemies":"Lagavulin","floor":12,"turns":5},{"damage":0,"enemies":"Blue Slaver","floor":13,"turns":3},{"damage":46,"enemies":"The Guardian","floor":16,"turns":6},{"damage":7,"enemies":"Chosen","floor":18,"turns":3},{"damage":22,"enemies":"2 Thieves","floor":21,"turns":4},{"damage":6,"enemies":"3 Cultists","floor":22,"turns":3},{"damage":26,"enemies":"Sentry and Sphere","floor":24,"turns":5},{"damage":31,"enemies":"Shelled Parasite and Fungi","floor":27,"turns":7},{"damage":36,"enemies":"Snake Plant","floor":28,"turns":4},{"damage":22,"enemies":"3 Cultists","floor":31,"turns":6},{"damage":80,"enemies":"Automaton","floor":33,"turns":8}],"seed_played":"-3312098712095231107","potions_obtained":[{"floor":3,"key":"BlessingOfTheForge"},{"floor":6,"key":"Weak Potion"},{"floor":8,"key":"Explosive Potion"},{"floor":12,"key":"Explosive Potion"},{"floor":16,"key":"Fruit Juice"},{"floor":18,"key":"BottledMiracle"},{"floor":21,"key":"FearPotion"},{"floor":27,"key":"Explosive Potion"}],"is_trial":false,"path_per_floor":["M","M","M","?","M","E","R","M","T","M","R","E","M","$","R","B",null,"M","?","?","M","M","R","M","R","T","M","M","?","R","M","R","B"],"character_chosen":"WATCHER","items_purchased":["PreservedInsect","LikeWater+1","Bandage Up","CarveReality"],"campfire_rested":6,"item_purchase_floors":[14,14,14,14],"current_hp_per_floor":[72,71,71,71,68,45,66,60,60,60,60,39,39,39,60,23,77,74,74,74,56,54,77,55,77,77,50,18,43,66,48,71,0,0],"gold":250,"neow_bonus":"ONE_RANDOM_RARE_CARD","is_daily":false,"chose_seed":false,"campfire_upgraded":0,"win_rate":0.0,"timestamp":1611520367,"path_taken":["M","M","M","?","M","E","R","M","T","?","R","E","M","$","R","BOSS","M","?","?","M","?","R","M","R","T","M","M","?","R","M","R","BOSS"],"items_purchased_type":["Relic","Card","Card","Card"],"build_version":"2020-12-22","purchased_purges":0,"victory":false,"max_hp_per_floor":[72,72,72,72,72,72,72,72,72,72,72,72,72,72,72,77,77,77,77,77,77,77,77,77,77,77,77,77,77,77,77,77,77,77],"relic_stats":{"counters":[18,73],"PreservedInsect":0,"Orichalcum":[162],"obtain_stats":[{"The Courier":6,"PreservedInsect":14,"PureWater":0,"Orichalcum":9,"Frozen Egg 2":12,"Runic Pyramid":17},{"The Courier":5,"PreservedInsect":9,"PureWater":0,"Orichalcum":6,"Frozen Egg 2":8,"Runic Pyramid":10},{"The Courier":13,"PreservedInsect":27,"PureWater":0,"Orichalcum":17,"Frozen Egg 2":24,"Runic Pyramid":33}]},"card_choices":[{"not_picked":["JustLucky","FlyingSleeves"],"picked":"Adaptation","floor":1},{"not_picked":["BowlingBash","Crescendo"],"picked":"Conclude","floor":2},{"not_picked":["EmptyBody","JustLucky"],"picked":"PathToVictory","floor":3},{"not_picked":["Meditate","FearNoEvil"],"picked":"PathToVictory","floor":5},{"not_picked":["FlyingSleeves","MasterReality"],"picked":"BowlingBash","floor":6},{"not_picked":["CrushJoints","WheelKick"],"picked":"BowlingBash","floor":8},{"not_picked":["JustLucky","SashWhip"],"picked":"PathToVictory","floor":10},{"not_picked":["Tantrum","EmptyFist"],"picked":"Alpha","floor":12},{"not_picked":["BowlingBash","WaveOfTheHand"],"picked":"JustLucky","floor":13},{"not_picked":["Omniscience","SpiritShield"],"picked":"DevaForm+1","floor":16},{"not_picked":["CutThroughFate+1","WaveOfTheHand"],"picked":"Nirvana+1","floor":18},{"not_picked":["Pray","SashWhip+1"],"picked":"EmptyBody","floor":21},{"not_picked":["BowlingBash","SashWhip+1"],"picked":"ClearTheMind","floor":22},{"not_picked":["ClearTheMind","FlyingSleeves+1"],"picked":"Prostrate","floor":24},{"not_picked":["Wallop","Conclude"],"picked":"Swivel+1","floor":27},{"not_picked":["FlurryOfBlows","ClearTheMind"],"picked":"Establishment+1","floor":28},{"not_picked":["Conclude","BowlingBash"],"picked":"Consecrate","floor":31}],"player_experience":1258511,"relics_obtained":[{"floor":6,"key":"The Courier"},{"floor":9,"key":"Orichalcum"},{"floor":12,"key":"Frozen Egg 2"}],"event_choices":[{"cards_removed":["Strike_P"],"damage_healed":0,"gold_gain":0,"player_choice":"Offered Basic","damage_taken":0,"max_hp_gain":0,"max_hp_loss":0,"event_name":"Bonfire Elementals","floor":4,"gold_loss":0},{"damage_healed":0,"gold_gain":0,"player_choice":"Ignored","damage_taken":0,"max_hp_gain":0,"max_hp_loss":0,"event_name":"Ghosts","floor":19,"gold_loss":0},{"damage_healed":0,"gold_gain":0,"player_choice":"Upgraded","damage_taken":0,"max_hp_gain":0,"max_hp_loss":0,"event_name":"Upgrade Shrine","floor":20,"gold_loss":0,"cards_upgraded":["Alpha"]},{"damage_healed":25,"gold_gain":0,"player_choice":"Heal","damage_taken":0,"max_hp_gain":0,"max_hp_loss":0,"event_name":"The Library","floor":29,"gold_loss":0}],"is_beta":false,"boss_relics":[{"not_picked":["Snecko Eye","Philosopher\u0027s Stone"],"picked":"Runic Pyramid"}],"items_purged_floors":[],"is_endless":false,"potions_floor_spawned":[3,6,8,12,16,18,21,27],"killed_by":"Automaton","ascension_level":4}}