{"host":"oigynbtg272c19pw","time":1611497618,"event":{"mods":["BaseMod","Colored Map","Minty Spire (QoL Compilation)","Relic Stats","Slay the Relics Exporter","StSLib"],"gold_per_floor":[116,39,114,39,39,71,71,97,97,97,113,113,113,132,132,226,226,247,267,112,112,128,128,128],"floor_reached":23,"playtime":740,"items_purged":["Strike_R"],"score":494,"play_id":"2b1853ac-b777-4559-8033-4f688ec1e520","local_time":"20210124151338","is_ascension_mode":true,"campfire_choices":[{"data":"Uppercut","floor":7.0,"key":"SMITH"},{"data":"Strike_R","floor":13.0,"key":"PURGE"},{"data":"Flex","floor":15.0,"key":"SMITH"}],"circlet_count":0,"master_deck":["AscendersBane","Strike_R","Defend_R","Defend_R","Defend_R","Defend_R","Bash","Spot Weakness","Uppercut+1","Second Wind","Heavy Blade","Pommel Strike","Flex+1","Reaper","Shrug It Off","Inflame","Sever Soul","Power Through"],"relics":["Burning Blood","NeowsBlessing","Orichalcum","Incense Burner","Mummified Hand","Peace Pipe","Golden Idol","Mark of Pain"],"acts_visited":["Exordium","TheCity"],"potions_floor_usage":[],"damage_taken":[{"damage":0.0,"enemies":"Cultist","floor":1.0,"turns":1.0},{"damage":0.0,"enemies":"Gremlin Nob","floor":6.0,"turns":1.0},{"damage":0.0,"enemies":"3 Sentries","floor":8.0,"turns":1.0},{"damage":4.0,"enemies":"Jaw Worm","floor":11.0,"turns":4.0},{"damage":0.0,"enemies":"2 Louse","floor":14.0,"turns":3.0},{"damage":12.0,"enemies":"The Guardian","floor":16.0,"turns":11.0},{"damage":29.0,"enemies":"Spheric Guardian","floor":18.0,"turns":5.0},{"damage":20.0,"enemies":"Shell Parasite","floor":19.0,"turns":5.0},{"damage":24.0,"enemies":"Snake Plant","floor":22.0,"turns":4.0},{"damage":41,"enemies":"Gremlin Leader","floor":23,"turns":4}],"seed_played":"-1658177406554435742","potions_obtained":[{"floor":1.0,"key":"FearPotion"},{"floor":14.0,"key":"Swift Potion"},{"floor":19.0,"key":"SneckoOil"}],"is_trial":false,"path_per_floor":["M","$","?","?","?","E","R","E","T","?","M","?","R","M","R","B",null,"M","M","$","?","M","E"],"character_chosen":"IRONCLAD","items_purchased":["Uppercut","Sever Soul"],"campfire_rested":0,"item_purchase_floors":[2,20],"current_hp_per_floor":[74,74,63,63,45,51,51,57,57,31,33,33,33,39,39,33,65,42,36,36,36,18,0,0],"gold":128,"neow_bonus":"THREE_ENEMY_KILL","is_daily":false,"chose_seed":false,"campfire_upgraded":2,"win_rate":0.0,"timestamp":1611497618,"path_taken":["M","$","?","?","?","E","R","E","T","?","M","?","R","M","R","BOSS","M","M","$","?","M","E"],"items_purchased_type":["Card","Card"],"build_version":"2020-12-13","purchased_purges":1,"victory":false,"max_hp_per_floor":[75,75,75,75,75,75,75,75,75,75,75,75,75,75,75,75,75,75,75,75,75,75,75,75],"relic_stats":{"Peace Pipe":1,"counters":[10,39],"Mummified Hand":[2],"Golden Idol":37,"Orichalcum":[84],"obtain_stats":[{"Peace Pipe":9,"NeowsBlessing":0,"Mummified Hand":8,"Golden Idol":10,"Mark of Pain":17,"Incense Burner":6,"Orichalcum":5,"Burning Blood":0},{"Peace Pipe":3,"NeowsBlessing":0,"Mummified Hand":3,"Golden Idol":3,"Mark of Pain":6,"Incense Burner":2,"Orichalcum":1,"Burning Blood":0},{"Peace Pipe":3,"NeowsBlessing":0,"Mummified Hand":3,"Golden Idol":3,"Mark of Pain":21,"Incense Burner":2,"Orichalcum":1,"Burning Blood":0}],"Burning Blood":54},"card_choices":[{"not_picked":["Thunderclap","Perfected Strike"],"picked":"Spot Weakness","floor":1.0},{"not_picked":["Heavy Blade","Headbutt"],"picked":"Second Wind","floor":6.0},{"not_picked":["Whirlwind","Reckless Charge"],"picked":"Heavy Blade","floor":8.0},{"not_picked":["Heavy Blade","Burning Pact"],"picked":"Pommel Strike","floor":11.0},{"not_picked":["Carnage","Havoc"],"picked":"Flex","floor":14.0},{"not_picked":["Bludgeon","Impervious"],"picked":"Reaper","floor":16.0},{"not_picked":["Combust","Wild Strike"],"picked":"Shrug It Off","floor":18.0},{"not_picked":["Havoc","Burning Pact"],"picked":"Inflame","floor":19.0},{"not_picked":["Cleave","Pommel Strike"],"picked":"Power Through","floor":22.0}],"player_experience":1484364,"relics_obtained":[{"floor":6.0,"key":"Incense Burner"},{"floor":8.0,"key":"Mummified Hand"},{"floor":9.0,"key":"Peace Pipe"}],"event_choices":[{"damage_healed":0.0,"max_hp_gain":0.0,"max_hp_loss":0.0,"gold_gain":75.0,"event_name":"World of Goop","player_choice":"Gather Gold","floor":3.0,"gold_loss":0.0,"damage_taken":11.0},{"cards_removed":["Strike_R"],"damage_healed":0.0,"max_hp_gain":0.0,"max_hp_loss":0.0,"gold_gain":0.0,"event_name":"The Cleric","player_choice":"Card Removal","floor":4.0,"gold_loss":75.0,"damage_taken":0.0},{"damage_healed":0.0,"max_hp_gain":0.0,"max_hp_loss":0.0,"gold_gain":0.0,"event_name":"Scrap Ooze","player_choice":"Success","floor":5.0,"gold_loss":0.0,"damage_taken":18.0,"relics_obtained":["Orichalcum"]},{"damage_healed":0.0,"max_hp_gain":0.0,"max_hp_loss":0.0,"gold_gain":0.0,"event_name":"Golden Idol","player_choice":"Take Damage","floor":10.0,"gold_loss":0.0,"damage_taken":26.0,"relics_obtained":["Golden Idol"]},{"cards_removed":["Strike_R"],"damage_healed":0.0,"max_hp_gain":0.0,"max_hp_loss":0.0,"gold_gain":0.0,"event_name":"Living Wall","player_choice":"Forget","floor":12.0,"gold_loss":0.0,"damage_taken":0.0},{"damage_healed":0.0,"max_hp_gain":0.0,"max_hp_loss":0.0,"gold_gain":0.0,"event_name":"Vampires","player_choice":"Ignored","floor":21.0,"gold_loss":0.0,"damage_taken":0.0}],"is_beta":false,"boss_relics":[{"not_picked":["Black Star","Cursed Key"],"picked":"Mark of Pain"}],"items_purged_floors":[20],"is_endless":false,"potions_floor_spawned":[1,14,19],"killed_by":"Gremlin Leader","ascension_level":20}}