{"host":"refsn2q8at3dn95k","time":1611471463,"event":{"mods":["BaseMod","Hubris","Infinite Spire","Minty Spire (QoL Compilation)","Replay The Spire","StSLib","The Jungle"],"gold_per_floor":[17,17,17,37,37,66,77,102,102,202,216,235,235,335,335,335,335],"floor_reached":16,"language":"ENG","playtime":1334,"items_purged":[],"score":116,"play_id":"cae6d4ad-fc66-4959-a053-7a4f29df6181","local_time":"20210124005743","is_ascension_mode":true,"campfire_choices":[{"floor":15,"key":"REST"}],"circlet_count":0,"master_deck":["Strike_R","Strike_R","Strike_R","Strike_R","Strike_R","Defend_R","Defend_R","Defend_R","Defend_R","Bash","Mayhem+1","Clash","Pot Of Greed","Pot Of Greed"],"relics":["Burning Blood","Juzu Bracelet","ReplayTheSpireMod:TigerMarble","Snack Pack","Grinning Jar"],"acts_visited":["Exordium"],"potions_floor_usage":[8,11,11],"damage_taken":[{"damage":3,"enemies":"Jaw Worm","floor":1,"turns":4},{"damage":4,"enemies":"2 Louse","floor":4,"turns":3},{"damage":45,"enemies":"Lagavulin","floor":6,"turns":8},{"damage":5,"enemies":"Cultist","floor":7,"turns":4},{"damage":43,"enemies":"3 Sentries","floor":8,"turns":11},{"damage":9,"enemies":"Large Slime","floor":11,"turns":5},{"damage":11,"enemies":"Red Slaver","floor":12,"turns":3},{"damage":48,"enemies":"Hexaghost","floor":16,"turns":9}],"seed_played":"-3025607841390335718","potions_obtained":[{"floor":4,"key":"Regen Potion"},{"floor":7,"key":"SpeedPotion"},{"floor":8,"key":"PowerPotion"}],"is_trial":false,"path_per_floor":["M","?","?","M","$","E","M","E","T","?","M","M","?","?","R","B"],"character_chosen":"IRONCLAD","items_purchased":[],"campfire_rested":1,"item_purchase_floors":[],"current_hp_per_floor":[80,83,83,83,83,44,45,23,23,23,22,19,19,19,43,0,0],"gold":335,"neow_bonus":"RANDOM_COLORLESS_2","is_daily":false,"chose_seed":false,"campfire_upgraded":0,"win_rate":0.0,"timestamp":1611471463,"path_taken":["M","?","?","?","$","E","M","E","T","?","M","M","?","?","R","BOSS"],"items_purchased_type":[],"build_version":"2020-12-22","purchased_purges":0,"victory":false,"max_hp_per_floor":[80,83,83,83,83,83,83,83,83,83,83,83,83,83,83,83,83],"card_choices":[{"not_picked":["Sadistic Nature","Crow Ritual"],"picked":"Mayhem","floor":0},{"not_picked":["Evolve","Wild Strike","hubris:CleavingFinish"],"picked":"SKIP","floor":1},{"not_picked":["Twin Strike","Sentinel","Thunderclap"],"picked":"SKIP","floor":4},{"not_picked":["Entrench","Sever Soul","hubris:ReadiedAction"],"picked":"SKIP","floor":6},{"not_picked":["Pommel Strike","Feel No Pain","Armaments"],"picked":"SKIP","floor":7},{"not_picked":["Fiend Fire","Cleave","Havoc"],"picked":"SKIP","floor":8},{"not_picked":["Reckless Charge","Spot Weakness"],"picked":"Clash","floor":11},{"not_picked":["Massacre","Replay:Undeath\u0027s Touch","Inflame"],"picked":"SKIP","floor":12}],"player_experience":1698763,"relics_obtained":[{"floor":6,"key":"Juzu Bracelet"},{"floor":8,"key":"ReplayTheSpireMod:TigerMarble"},{"floor":9,"key":"Snack Pack"}],"event_choices":[{"damage_healed":0,"gold_gain":0,"player_choice":"Forge","damage_taken":0,"max_hp_gain":0,"max_hp_loss":0,"event_name":"Accursed Blacksmith","floor":3,"gold_loss":0,"cards_upgraded":["Mayhem"]},{"damage_healed":0,"gold_gain":100,"player_choice":"Pray","damage_taken":0,"max_hp_gain":0,"max_hp_loss":0,"event_name":"Golden Shrine","floor":10,"gold_loss":0},{"damage_healed":0,"gold_gain":0,"player_choice":"Searched \u00272\u0027 times","damage_taken":0,"relics_obtained":["Grinning Jar"],"max_hp_gain":0,"max_hp_loss":0,"event_name":"Dead Adventurer","floor":13,"gold_loss":0},{"damage_healed":0,"gold_gain":100,"player_choice":"Gold","damage_taken":0,"max_hp_gain":0,"max_hp_loss":0,"event_name":"Wheel of Change","floor":14,"gold_loss":0}],"is_beta":false,"boss_relics":[],"items_purged_floors":[],"is_endless":false,"potions_floor_spawned":[4,7,8],"killed_by":"Hexaghost","ascension_level":1}}