{"host":"sian7qp8a9pc9xwd","time":1611526443,"event":{"mods":["BaseMod","Minty Spire (QoL Compilation)","StSLib","SuperFastMode"],"gold_per_floor":[118,128,141,67,87,39,70,80,80,80,99,117,147,322,322,425,425,425,425,365,365,365,365,365,365,365,365,365,365,280,280,280,280,280,280,280,280,280,25,25,25,25,25,25,25,25,25,25,25,25],"floor_reached":51,"language":"ENG","playtime":2811,"items_purged":[],"score":1193,"play_id":"9df8f170-ebf2-4c82-ae40-43c1cf384321","local_time":"20210124171403","is_ascension_mode":true,"campfire_choices":[{"data":"Armaments","floor":10.0,"key":"SMITH"},{"data":"Heavy Blade","floor":15.0,"key":"SMITH"},{"floor":24.0,"key":"REST"},{"data":"Warcry","floor":27.0,"key":"SMITH"},{"data":"Demon Form","floor":32.0,"key":"SMITH"},{"floor":47,"key":"DIG"},{"floor":49,"key":"DIG"}],"circlet_count":0,"master_deck":["AscendersBane","Defend_R","Defend_R","Defend_R","Defend_R","Bash","Reaper","Flex","Armaments+1","Heavy Blade+1","Bloodletting","Warcry+1","Spot Weakness","Doubt","Demon Form+1","Bite","Bite","Bite","Bite","Bite","Uppercut","Armaments+1","Disarm","RitualDagger","Berserk","Demon Form+1","Master of Strategy","Dramatic Entrance","Uppercut+1"],"relics":["Burning Blood","Centennial Puzzle","Ice Cream","Thread and Needle","Ectoplasm","Charon\u0027s Ashes","Omamori","Lantern","Smiling Mask","Busted Crown","Bottled Lightning","Bottled Flame","InkBottle","Paper Frog","Singing Bowl","Shovel","Eternal Feather","White Beast Statue"],"acts_visited":["Exordium","TheCity","TheBeyond"],"potions_floor_usage":[42,50],"damage_taken":[{"damage":11.0,"enemies":"Cultist","floor":1.0,"turns":4.0},{"damage":12.0,"enemies":"Small Slimes","floor":2.0,"turns":4.0},{"damage":4.0,"enemies":"Jaw Worm","floor":3.0,"turns":4.0},{"damage":19.0,"enemies":"Blue Slaver","floor":5.0,"turns":4.0},{"damage":28.0,"enemies":"3 Sentries","floor":7.0,"turns":6.0},{"damage":16.0,"enemies":"Exordium Thugs","floor":8.0,"turns":4.0},{"damage":11.0,"enemies":"Looter","floor":11.0,"turns":2.0},{"damage":9.0,"enemies":"Large Slime","floor":12.0,"turns":1.0},{"damage":15.0,"enemies":"Lagavulin","floor":13.0,"turns":5.0},{"damage":21.0,"enemies":"Slime Boss","floor":16.0,"turns":8.0},{"damage":28.0,"enemies":"Shell Parasite","floor":18.0,"turns":5.0},{"damage":22.0,"enemies":"2 Thieves","floor":20.0,"turns":5.0},{"damage":62.0,"enemies":"Slavers","floor":23.0,"turns":7.0},{"damage":34.0,"enemies":"Gremlin Leader","floor":25.0,"turns":5.0},{"damage":25.0,"enemies":"Sentry and Sphere","floor":28.0,"turns":5.0},{"damage":16.0,"enemies":"Centurion and Healer","floor":31.0,"turns":5.0},{"damage":83.0,"enemies":"Automaton","floor":33.0,"turns":7.0},{"damage":24.0,"enemies":"3 Darklings","floor":35.0,"turns":6.0},{"damage":2.0,"enemies":"Orb Walker","floor":37.0,"turns":2.0},{"damage":37.0,"enemies":"Reptomancer","floor":40.0,"turns":5.0},{"damage":30.0,"enemies":"Maw","floor":41.0,"turns":5.0},{"damage":40,"enemies":"Nemesis","floor":42,"turns":7},{"damage":20,"enemies":"Spire Growth","floor":44,"turns":4},{"damage":61,"enemies":"Giant Head","floor":45,"turns":7},{"damage":3,"enemies":"2 Orb Walkers","floor":46,"turns":2},{"damage":2,"enemies":"Sphere and 2 Shapes","floor":48,"turns":3},{"damage":90,"enemies":"Time Eater","floor":50,"turns":9}],"seed_played":"-8615513132403948107","potions_obtained":[{"floor":3.0,"key":"FearPotion"},{"floor":5.0,"key":"Explosive Potion"},{"floor":8.0,"key":"Strength Potion"},{"floor":11.0,"key":"SkillPotion"},{"floor":13.0,"key":"Ancient Potion"},{"floor":18.0,"key":"Regen Potion"},{"floor":20.0,"key":"Ancient Potion"},{"floor":28.0,"key":"EntropicBrew"},{"floor":31.0,"key":"GamblersBrew"},{"floor":37.0,"key":"Ancient Potion"},{"floor":40.0,"key":"FearPotion"},{"floor":46,"key":"Energy Potion"}],"is_trial":false,"path_per_floor":["M","M","M","$","M","$","E","M","T","R","M","M","E","?","R","B",null,"M","?","M","?","?","E","R","E","T","R","M","?","?","M","R","B",null,"M","?","M","?","$","E","M","E","T","M","E","?","R","M","R","B",null],"character_chosen":"IRONCLAD","items_purchased":["Bloodletting","Strength Potion","Bottled Lightning"],"campfire_rested":1,"item_purchase_floors":[4,6,39],"current_hp_per_floor":[73,74,76,76,63,63,65,58,58,58,53,50,59,59,59,44,71,64,56,56,47,35,20,38,42,42,42,42,36,36,61,61,17,50,60,60,61,51,51,37,49,33,33,27,13,47,47,60,65,65],"gold":25,"neow_bonus":"ONE_RANDOM_RARE_CARD","is_daily":false,"chose_seed":false,"campfire_upgraded":4,"win_rate":0.0,"timestamp":1611526443,"path_taken":["M","?","M","$","?","$","E","M","T","R","M","M","E","?","R","BOSS","M","?","M","?","?","E","R","E","T","R","?","?","?","M","R","BOSS","M","?","?","?","$","E","M","E","T","M","E","?","R","M","R","BOSS"],"items_purchased_type":["Card","Potion","Relic"],"build_version":"2020-12-22","purchased_purges":0,"victory":true,"max_hp_per_floor":[80,80,80,80,80,80,80,80,80,80,80,80,80,80,80,80,80,80,56,56,61,61,61,61,61,61,61,61,61,61,61,61,61,61,61,61,61,61,61,61,61,61,61,61,63,65,65,65,65,65],"card_choices":[{"not_picked":["Body Slam","Clash"],"picked":"Flex","floor":1.0},{"not_picked":["Iron Wave","Headbutt"],"picked":"Armaments","floor":2.0},{"not_picked":["Blood for Blood","Armaments"],"picked":"Heavy Blade","floor":3.0},{"not_picked":["True Grit","Perfected Strike"],"picked":"Warcry","floor":5.0},{"not_picked":["Searing Blow","Rage"],"picked":"Spot Weakness","floor":7.0},{"not_picked":["Body Slam","Evolve","Sever Soul"],"picked":"SKIP","floor":8.0},{"not_picked":["Pommel Strike","Pummel","Evolve"],"picked":"SKIP","floor":11.0},{"not_picked":["Blood for Blood","Cleave","Shockwave"],"picked":"SKIP","floor":12.0},{"not_picked":["Exhume","Iron Wave","Dual Wield"],"picked":"SKIP","floor":13.0},{"not_picked":["Reaper","Brutality"],"picked":"Demon Form","floor":16.0},{"not_picked":["Dual Wield","Heavy Blade","Perfected Strike"],"picked":"SKIP","floor":18.0},{"not_picked":["Blood for Blood","Clash"],"picked":"Uppercut","floor":20.0},{"not_picked":["Pommel Strike","Body Slam"],"picked":"Armaments+1","floor":23.0},{"not_picked":["Sword Boomerang","True Grit"],"picked":"Disarm","floor":25.0},{"not_picked":["Perfected Strike","Shockwave","Twin Strike+1"],"picked":"SKIP","floor":28.0},{"not_picked":["True Grit","Perfected Strike","Rupture"],"picked":"SKIP","floor":31.0},{"not_picked":["Immolate","Corruption"],"picked":"Berserk","floor":33.0},{"not_picked":["Carnage+1"],"picked":"SKIP","floor":35.0},{"not_picked":["Entrench"],"picked":"SKIP","floor":37.0},{"not_picked":[],"picked":"Master of Strategy","floor":38.0},{"not_picked":[],"picked":"Dramatic Entrance","floor":38.0},{"not_picked":["Anger+1"],"picked":"SKIP","floor":40.0},{"not_picked":["Uppercut"],"picked":"SKIP","floor":41.0},{"not_picked":["Whirlwind+1"],"picked":"SKIP","floor":42},{"not_picked":["Entrench"],"picked":"SKIP","floor":44},{"not_picked":["Wild Strike"],"picked":"Singing Bowl","floor":45},{"not_picked":["Carnage+1"],"picked":"Singing Bowl","floor":46},{"not_picked":[],"picked":"Uppercut+1","floor":48}],"player_experience":779477,"relics_obtained":[{"floor":7.0,"key":"Centennial Puzzle"},{"floor":9.0,"key":"Ice Cream"},{"floor":13.0,"key":"Thread and Needle"},{"floor":23.0,"key":"Charon\u0027s Ashes"},{"floor":25.0,"key":"Omamori"},{"floor":26.0,"key":"Lantern"},{"floor":40.0,"key":"Bottled Flame"},{"floor":42,"key":"InkBottle"},{"floor":43,"key":"Paper Frog"},{"floor":45,"key":"Singing Bowl"},{"floor":46,"key":"Shovel"},{"floor":47,"key":"Eternal Feather"},{"floor":49,"key":"White Beast Statue"}],"event_choices":[{"damage_healed":0.0,"max_hp_gain":0.0,"max_hp_loss":0.0,"gold_gain":175.0,"event_name":"Liars Game","player_choice":"AGREE","floor":14.0,"gold_loss":0.0,"damage_taken":0.0,"cards_obtained":["Doubt"]},{"damage_healed":0.0,"max_hp_gain":0.0,"max_hp_loss":24.0,"gold_gain":0.0,"event_name":"Vampires","player_choice":"Became a vampire","floor":19.0,"gold_loss":0.0,"damage_taken":0.0,"cards_obtained":["Bite","Bite","Bite","Bite","Bite"]},{"damage_healed":0.0,"max_hp_gain":5.0,"max_hp_loss":0.0,"gold_gain":0.0,"event_name":"Forgotten Altar","player_choice":"Shed Blood","floor":21.0,"gold_loss":0.0,"damage_taken":14.0},{"damage_healed":0.0,"max_hp_gain":0.0,"max_hp_loss":0.0,"gold_gain":0.0,"event_name":"Knowing Skull","player_choice":"POTION ","floor":22.0,"potions_obtained":["FairyPotion"],"gold_loss":0.0,"damage_taken":12.0,"cards_obtained":[]},{"damage_healed":0.0,"max_hp_gain":0.0,"max_hp_loss":0.0,"gold_gain":0.0,"event_name":"Nest","player_choice":"Joined the Cult","floor":29.0,"gold_loss":0.0,"damage_taken":6.0,"cards_obtained":["RitualDagger"]},{"damage_healed":0.0,"max_hp_gain":0.0,"max_hp_loss":0.0,"gold_gain":0.0,"event_name":"Addict","player_choice":"Obtained Relic","floor":30.0,"gold_loss":85.0,"damage_taken":0.0,"relics_obtained":["Smiling Mask"]},{"damage_healed":0.0,"max_hp_gain":0.0,"max_hp_loss":0.0,"gold_gain":0.0,"event_name":"Duplicator","player_choice":"Copied","floor":36.0,"gold_loss":0.0,"damage_taken":0.0,"cards_obtained":["Demon Form"]},{"damage_healed":0.0,"max_hp_gain":0.0,"max_hp_loss":0.0,"gold_gain":0.0,"event_name":"SensoryStone","player_choice":"Memory 3","floor":38.0,"gold_loss":0.0,"damage_taken":10.0},{"damage_healed":0,"gold_gain":0,"player_choice":"Fight","damage_taken":0,"max_hp_gain":0,"max_hp_loss":0,"event_name":"Mysterious Sphere","floor":46,"gold_loss":0}],"is_beta":false,"boss_relics":[{"not_picked":["Mark of Pain","Pandora\u0027s Box"],"picked":"Ectoplasm"},{"not_picked":["Philosopher\u0027s Stone","Sozu"],"picked":"Busted Crown"}],"items_purged_floors":[],"is_endless":false,"potions_floor_spawned":[3,5,8,11,13,18,20,28,31,37,40,46],"ascension_level":10}}