{"host":"uv5ws9rdk87e8i5k","time":1611528198,"event":{"mods":["AchievementEnabler","BaseMod","Colored Map","Minty Spire (QoL Compilation)","StSLib","SuperFastMode","The Necromancer"],"gold_per_floor":[111,128,144,161,175,205,26,58,58,74,74,74,93,107,107,107,107],"floor_reached":16,"language":"ENG","playtime":351,"items_purged":[],"score":122,"play_id":"b4b8b490-c36b-4b5b-a37f-88450fcdd547","local_time":"20210124164318","is_ascension_mode":true,"campfire_choices":[{"floor":11,"key":"REST"},{"floor":15,"key":"REST"}],"circlet_count":0,"master_deck":["Strike_W","Strike_W","Strike_W","Strike_W","Defend_W","Defend_W","Defend_W","Defend_W","Negative_Energy_Arrows","Bone_Wall","Secret Technique","Flesh_Made_Foul","Negative_Energy_Javelin","Vampiric_Strike","Death_Coil","Flesh_Made_Foul","Flesh_Made_Foul","Negative_Energy_Javelin","Necrotic_Claws","Negative_Energy_Sphere","Vampiric_Strike","Death_Coil"],"relics":["Vampire_Amulet","Smiling Mask","DollysMirror","Pocketwatch","InkBottle"],"acts_visited":["Exordium"],"potions_floor_usage":[10],"damage_taken":[{"damage":0.0,"enemies":"2 Louse","floor":1.0,"turns":3.0},{"damage":4.0,"enemies":"Cultist","floor":2.0,"turns":4.0},{"damage":7.0,"enemies":"Small Slimes","floor":3.0,"turns":3.0},{"damage":24.0,"enemies":"Gremlin Gang","floor":4.0,"turns":5.0},{"damage":24.0,"enemies":"Exordium Thugs","floor":5.0,"turns":5.0},{"damage":6.0,"enemies":"Gremlin Nob","floor":6.0,"turns":3.0},{"damage":22.0,"enemies":"Lagavulin","floor":8.0,"turns":7.0},{"damage":8,"enemies":"Exordium Wildlife","floor":10,"turns":4},{"damage":10,"enemies":"Looter","floor":13,"turns":3},{"damage":16,"enemies":"2 Fungi Beasts","floor":14,"turns":3},{"damage":0,"enemies":"The Guardian","floor":16,"turns":1}],"seed_played":"-1856709620886286108","potions_obtained":[{"floor":3.0,"key":"BlessingOfTheForge"},{"floor":5.0,"key":"PowerPotion"},{"floor":6.0,"key":"CultistPotion"},{"floor":13,"key":"Ancient Potion"}],"is_trial":false,"path_per_floor":["M","M","M","M","M","E","$","E","T","M","R","?","M","M","R","B"],"character_chosen":"NECROMANCER","items_purchased":["DollysMirror","Negative_Energy_Javelin"],"campfire_rested":2,"item_purchase_floors":[7,7],"current_hp_per_floor":[68,66,63,50,32,30,30,13,13,12,32,32,24,14,34,34,34],"gold":107,"neow_bonus":"RANDOM_COLORLESS_2","is_daily":false,"chose_seed":false,"campfire_upgraded":0,"win_rate":0.0,"timestamp":1611528198,"path_taken":["M","M","M","M","M","E","$","E","T","M","R","?","M","?","R","BOSS"],"items_purchased_type":["Relic","Card"],"build_version":"2020-12-22","purchased_purges":0,"victory":false,"max_hp_per_floor":[68,68,68,68,68,68,68,68,68,68,68,68,68,68,68,68,68],"card_choices":[{"not_picked":["Metamorphosis","Magnetism"],"picked":"Secret Technique","floor":0.0},{"not_picked":["Siphon_Strength","Shackles_Of_Pain"],"picked":"Flesh_Made_Foul","floor":1.0},{"not_picked":["Bone_Bullets","Bone_Shift"],"picked":"Negative_Energy_Javelin","floor":2.0},{"not_picked":["Shackles_Of_Pain","Detonate_Bones"],"picked":"Vampiric_Strike","floor":3.0},{"not_picked":["Corrupt","Death_March_Dance"],"picked":"Death_Coil","floor":4.0},{"not_picked":["Uncharnel","Bone_Armory"],"picked":"Flesh_Made_Foul","floor":5.0},{"not_picked":["Death_March_Dance","Detonate_Bones","Skeleton_Dragon"],"picked":"SKIP","floor":6.0},{"not_picked":["Stop_Heart","Bone_Shift"],"picked":"Necrotic_Claws","floor":8.0},{"not_picked":["Death_March_Dance","Consume_Illness"],"picked":"Negative_Energy_Sphere","floor":10},{"not_picked":["Negative_Energy_Burst","Epidemic"],"picked":"Vampiric_Strike","floor":13},{"not_picked":["Bones_to_Steel","Bone_Spikes"],"picked":"Death_Coil","floor":14}],"player_experience":239710,"relics_obtained":[{"floor":6.0,"key":"Smiling Mask"},{"floor":8.0,"key":"Pocketwatch"},{"floor":9.0,"key":"InkBottle"}],"event_choices":[{"damage_healed":0,"gold_gain":0,"player_choice":"0 cards matched","damage_taken":0,"max_hp_gain":0,"max_hp_loss":0,"event_name":"Match and Keep!","floor":12,"gold_loss":0,"cards_obtained":[]}],"is_beta":false,"boss_relics":[],"items_purged_floors":[],"is_endless":false,"potions_floor_spawned":[3,5,6,13],"killed_by":"The Guardian","ascension_level":1}}