{"host":"Bilverbakes","time":1611517540,"event":{"mods":["2.2 Compatiblity","AchievementEnabler","BaseMod","Bestiary","Colored Map","Minty Spire (QoL Compilation)","Relic Stats","StSLib","ojb\u0027s Info Mod"],"gold_per_floor":[119,139,139,158,158,158,193,28,52,83,102,112,147,163,163,237,237,248,262,262,91,107,132,152,178,178,205,221,221,236,248,248,323,323,342,360,128,0,17,17,50,50,129,164,164,189,214,214,214,214,214,214,214,5,30,30,30],"floor_reached":56,"language":"ENG","playtime":3042,"items_purged":["Strike_P","Strike_P"],"score":2284,"play_id":"9a561a3d-7478-46cd-924e-7bec71f279f9","local_time":"20210124134540","is_ascension_mode":true,"campfire_choices":[{"data":"BowlingBash","floor":6.0,"key":"SMITH"},{"data":"Tantrum","floor":15.0,"key":"SMITH"},{"data":"Fasting2","floor":29.0,"key":"SMITH"},{"data":"Ragnarok","floor":32.0,"key":"SMITH"},{"floor":40,"key":"RECALL"},{"data":"CutThroughFate","floor":42,"key":"SMITH"},{"data":"Adaptation","floor":45,"key":"SMITH"},{"data":"Halt","floor":49,"key":"SMITH"},{"data":"Wallop","floor":53,"key":"SMITH"}],"circlet_count":0,"master_deck":["AscendersBane","Strike_P","Strike_P","Defend_P","Defend_P","Defend_P","Eruption+1","Vigilance","BowlingBash+1","CutThroughFate+1","Tantrum+1","EmptyFist","Halt+1","Ragnarok+1","WheelKick","Wallop+1","Fasting2+1","CarveReality","Wallop+1","DeceiveReality","InnerPeace","DeusExMachina","Adaptation+1","InnerPeace","FlurryOfBlows+1","CrushJoints+1","FearNoEvil","MentalFortress+1"],"relics":["Philosopher\u0027s Stone","Blood Vial","PreservedInsect","Nunchaku","Pear","Bag of Preparation","SacredBark","MealTicket","StoneCalendar","Ornamental Fan","Bronze Scales","VioletLotus","Anchor","Red Mask","Eternal Feather","Akabeko","Ice Cream","Happy Flower","Toy Ornithopter"],"acts_visited":["Exordium","TheCity","TheBeyond","TheEnding"],"potions_floor_usage":[33,33,36,41,46,50,55,55,56],"damage_taken":[{"damage":0.0,"enemies":"Jaw Worm","floor":1.0,"turns":4.0},{"damage":5.0,"enemies":"2 Louse","floor":2.0,"turns":3.0},{"damage":0.0,"enemies":"Cultist","floor":4.0,"turns":2.0},{"damage":1.0,"enemies":"Gremlin Nob","floor":7.0,"turns":3.0},{"damage":11.0,"enemies":"Lagavulin","floor":10.0,"turns":4.0},{"damage":1.0,"enemies":"Gremlin Gang","floor":11.0,"turns":3.0},{"damage":0.0,"enemies":"Exordium Thugs","floor":12.0,"turns":2.0},{"damage":3.0,"enemies":"3 Sentries","floor":13.0,"turns":3.0},{"damage":1.0,"enemies":"Large Slime","floor":14.0,"turns":3.0},{"damage":66.0,"enemies":"The Guardian","floor":16.0,"turns":10.0},{"damage":0.0,"enemies":"Spheric Guardian","floor":18.0,"turns":1.0},{"damage":8.0,"enemies":"Shell Parasite","floor":19.0,"turns":3.0},{"damage":0.0,"enemies":"Snake Plant","floor":22.0,"turns":2.0},{"damage":0.0,"enemies":"Slavers","floor":23.0,"turns":2.0},{"damage":7.0,"enemies":"Centurion and Healer","floor":24.0,"turns":4.0},{"damage":0.0,"enemies":"Book of Stabbing","floor":25.0,"turns":2.0},{"damage":0.0,"enemies":"Gremlin Leader","floor":27.0,"turns":3.0},{"damage":0.0,"enemies":"Shelled Parasite and Fungi","floor":28.0,"turns":1.0},{"damage":0.0,"enemies":"Chosen and Byrds","floor":30.0,"turns":3.0},{"damage":6.0,"enemies":"Centurion and Healer","floor":31.0,"turns":3.0},{"damage":8,"enemies":"Champ","floor":33,"turns":9},{"damage":1,"enemies":"3 Shapes","floor":35,"turns":7},{"damage":1,"enemies":"Orb Walker","floor":36,"turns":2},{"damage":0,"enemies":"3 Darklings","floor":39,"turns":3},{"damage":0,"enemies":"Reptomancer","floor":41,"turns":2},{"damage":0,"enemies":"Nemesis","floor":44,"turns":3},{"damage":26,"enemies":"Mind Bloom Boss Battle","floor":46,"turns":4},{"damage":0,"enemies":"Giant Head","floor":47,"turns":4},{"damage":23,"enemies":"Awakened One","floor":50,"turns":11},{"damage":12,"enemies":"Donu and Deca","floor":51,"turns":5},{"damage":16,"enemies":"Shield and Spear","floor":55,"turns":6},{"damage":90,"enemies":"The Heart","floor":56,"turns":3}],"seed_played":"160674698848321901","potions_obtained":[{"floor":2.0,"key":"LiquidMemories"},{"floor":4.0,"key":"Weak Potion"},{"floor":11.0,"key":"Energy Potion"},{"floor":14.0,"key":"Regen Potion"},{"floor":18.0,"key":"EntropicBrew"},{"floor":23.0,"key":"SpeedPotion"},{"floor":24.0,"key":"DistilledChaos"},{"floor":28.0,"key":"Ancient Potion"},{"floor":31.0,"key":"Dexterity Potion"},{"floor":33,"key":"PowerPotion"},{"floor":35,"key":"AttackPotion"},{"floor":39,"key":"Explosive Potion"},{"floor":47,"key":"Block Potion"},{"floor":55,"key":"Regen Potion"}],"is_trial":false,"path_per_floor":["M","M","?","M","?","R","E","$","T","E","M","M","E","M","R","B",null,"M","M","?","$","M","E","M","E","T","E","M","R","M","M","R","B",null,"M","M","$","?","M","R","E","R","T","E","R","?","E","?","R","B","B",null,"R","$","E","B"],"character_chosen":"WATCHER","items_purchased":["PreservedInsect","Wallop","Explosive Potion","InnerPeace","Anchor","Swift Potion","BottledMiracle"],"campfire_rested":0,"item_purchase_floors":[8,21,21,37,37,54,54],"current_hp_per_floor":[61,56,49,49,49,49,48,48,48,49,50,52,51,52,52,3,59,61,55,55,55,57,59,54,56,56,58,60,60,62,58,58,52,72,73,74,78,78,78,78,78,78,78,78,78,52,54,54,69,48,38,68,78,78,62,0,0],"gold":30,"neow_bonus":"BOSS_RELIC","is_daily":false,"chose_seed":false,"campfire_upgraded":8,"win_rate":0.0,"timestamp":1611517540,"path_taken":["M","M","?","M","?","R","E","?","T","E","M","M","E","M","R","BOSS","M","M","?","$","M","E","M","E","T","E","M","R","?","?","R","BOSS","M","M","$","?","M","R","E","R","T","E","R","?","E","?","R","BOSS","BOSS","R","$","E","BOSS"],"items_purchased_type":["Relic","Card","Potion","Card","Relic","Potion","Potion"],"build_version":"2020-12-18","purchased_purges":2,"victory":false,"max_hp_per_floor":[68,68,68,68,68,68,68,68,68,78,78,78,78,78,78,78,78,78,78,78,78,78,78,78,78,78,78,78,78,78,78,78,78,78,78,78,78,78,78,78,78,78,78,78,78,78,78,78,78,78,78,78,78,78,78,78,78],"relic_stats":{"Happy Flower":[8],"counters":[32,120],"StoneCalendar":[71],"Eternal Feather":25,"PreservedInsect":508,"Bag of Preparation":[49],"Blood Vial":46,"Nunchaku":[29],"Ornamental Fan":[176],"Bronze Scales":[200],"MealTicket":4,"VioletLotus":[18],"obtain_stats":[{"Ice Cream":46,"Pear":10,"Happy Flower":47,"SacredBark":17,"StoneCalendar":25,"Eternal Feather":41,"PreservedInsect":8,"Bag of Preparation":13,"Akabeko":44,"Blood Vial":7,"Nunchaku":9,"Anchor":37,"Ornamental Fan":26,"Bronze Scales":27,"Philosopher\u0027s Stone":0,"MealTicket":23,"VioletLotus":34,"Red Mask":38,"PureWater":0,"Toy Ornithopter":55},{"Ice Cream":27,"Pear":5,"Happy Flower":28,"SacredBark":10,"StoneCalendar":16,"Eternal Feather":25,"PreservedInsect":4,"Bag of Preparation":8,"Akabeko":26,"Blood Vial":4,"Nunchaku":4,"Anchor":23,"Ornamental Fan":16,"Bronze Scales":17,"Philosopher\u0027s Stone":0,"MealTicket":14,"VioletLotus":21,"Red Mask":23,"PureWater":0,"Toy Ornithopter":31},{"Ice Cream":91,"Pear":16,"Happy Flower":95,"SacredBark":37,"StoneCalendar":51,"Eternal Feather":84,"PreservedInsect":12,"Bag of Preparation":24,"Akabeko":87,"Blood Vial":12,"Nunchaku":12,"Anchor":79,"Ornamental Fan":51,"Bronze Scales":54,"Philosopher\u0027s Stone":0,"MealTicket":45,"VioletLotus":70,"Red Mask":79,"PureWater":0,"Toy Ornithopter":117}],"Toy Ornithopter":5},"card_choices":[{"not_picked":["PathToVictory","Protect","Nirvana"],"picked":"SKIP","floor":1.0},{"not_picked":["CrushJoints","Meditate"],"picked":"BowlingBash","floor":2.0},{"not_picked":["Crescendo","Indignation","SashWhip"],"picked":"SKIP","floor":4.0},{"not_picked":["Prostrate","Weave"],"picked":"CutThroughFate","floor":7.0},{"not_picked":["FlurryOfBlows","SashWhip"],"picked":"Tantrum","floor":10.0},{"not_picked":["SashWhip","FlyingSleeves","Wireheading"],"picked":"SKIP","floor":11.0},{"not_picked":["ThirdEye","JustLucky"],"picked":"EmptyFist","floor":12.0},{"not_picked":["CutThroughFate","Indignation","DeusExMachina"],"picked":"SKIP","floor":13.0},{"not_picked":["Consecrate","SashWhip"],"picked":"Halt","floor":14.0},{"not_picked":["Blasphemy","Judgement"],"picked":"Ragnarok","floor":16.0},{"not_picked":["Halt","PathToVictory","Consecrate"],"picked":"SKIP","floor":18.0},{"not_picked":["Pray","WindmillStrike","Weave"],"picked":"SKIP","floor":19.0},{"not_picked":["Perseverance","Evaluate"],"picked":"Fasting2","floor":22.0},{"not_picked":["Judgement","SashWhip","SignatureMove"],"picked":"SKIP","floor":23.0},{"not_picked":["PathToVictory","CutThroughFate","Wireheading"],"picked":"SKIP","floor":24.0},{"not_picked":["CutThroughFate","Nirvana+1"],"picked":"CarveReality","floor":25.0},{"not_picked":["ThirdEye+1","LessonLearned"],"picked":"Wallop+1","floor":27.0},{"not_picked":["FollowUp","Nirvana"],"picked":"DeceiveReality","floor":28.0},{"not_picked":["Weave","Fasting2"],"picked":"InnerPeace","floor":30.0},{"not_picked":["ThirdEye","CrushJoints","Protect"],"picked":"SKIP","floor":31.0},{"not_picked":["Brilliance","Blasphemy"],"picked":"DeusExMachina","floor":33},{"not_picked":["Evaluate","CarveReality","SashWhip"],"picked":"SKIP","floor":35},{"not_picked":["BowlingBash","Tantrum+1"],"picked":"Adaptation","floor":36},{"not_picked":["CrushJoints+1","EmptyFist"],"picked":"FlurryOfBlows","floor":39},{"not_picked":["CarveReality","EmptyFist","Protect"],"picked":"SKIP","floor":41},{"not_picked":["SashWhip+1","FollowUp"],"picked":"CrushJoints+1","floor":44},{"not_picked":["PathToVictory","FlyingSleeves+1"],"picked":"FearNoEvil","floor":47},{"not_picked":["CrushJoints","Study"],"picked":"MentalFortress+1","floor":55}],"player_experience":800569,"relics_obtained":[{"floor":7.0,"key":"Blood Vial"},{"floor":9.0,"key":"Nunchaku"},{"floor":10.0,"key":"Pear"},{"floor":13.0,"key":"Bag of Preparation"},{"floor":23.0,"key":"MealTicket"},{"floor":25.0,"key":"StoneCalendar"},{"floor":26.0,"key":"Ornamental Fan"},{"floor":27.0,"key":"Bronze Scales"},{"floor":41,"key":"Eternal Feather"},{"floor":44,"key":"Akabeko"},{"floor":46,"key":"Ice Cream"},{"floor":47,"key":"Happy Flower"},{"floor":55,"key":"Toy Ornithopter"}],"event_choices":[{"cards_removed":["Defend_P"],"damage_healed":0.0,"max_hp_gain":0.0,"max_hp_loss":0.0,"gold_gain":0.0,"event_name":"Golden Wing","player_choice":"Card Removal","floor":3.0,"gold_loss":0.0,"damage_taken":7.0},{"damage_healed":0.0,"max_hp_gain":0.0,"max_hp_loss":0.0,"gold_gain":0.0,"event_name":"Living Wall","player_choice":"Grow","floor":5.0,"gold_loss":0.0,"damage_taken":0.0,"cards_upgraded":["Eruption"]},{"damage_healed":0.0,"max_hp_gain":0.0,"max_hp_loss":0.0,"gold_gain":0.0,"event_name":"Match and Keep!","player_choice":"1 cards matched","floor":20.0,"gold_loss":0.0,"damage_taken":0.0,"cards_obtained":["WheelKick"]},{"damage_healed":0,"gold_gain":0,"player_choice":"Paid","damage_taken":0,"relics_obtained":["Red Mask"],"max_hp_gain":0,"max_hp_loss":0,"event_name":"Tomb of Lord Red Mask","floor":38,"gold_loss":128},{"damage_healed":0,"gold_gain":0,"player_choice":"Fight","damage_taken":0,"max_hp_gain":0,"max_hp_loss":0,"event_name":"MindBloom","floor":46,"gold_loss":0},{"damage_healed":0,"gold_gain":0,"player_choice":"Forge","damage_taken":0,"max_hp_gain":0,"max_hp_loss":0,"event_name":"Accursed Blacksmith","floor":48,"gold_loss":0,"cards_upgraded":["FlurryOfBlows"]}],"is_beta":true,"boss_relics":[{"not_picked":["Velvet Choker","Tiny House"],"picked":"SacredBark"},{"not_picked":["Empty Cage","Sozu"],"picked":"VioletLotus"}],"items_purged_floors":[21,54],"is_endless":false,"potions_floor_spawned":[2,4,11,14,18,23,24,28,31,33,35,39,47,55],"killed_by":"The Heart","ascension_level":20}}