{"host":"Qube","time":1611460669,"event":{"mods":["AchievementEnabler","BaseMod","Colored Map","Colored Powertips","Highlight Path","Minty Spire (QoL Compilation)","Permanent Neow","Quick Restart","Random Character Button","StSLib"],"gold_per_floor":[114,129,129,144,159,159,189,189,264,264,294,309,339,414,414,514,514,529,116,131,146,346,346,376,391,391,406,421,436,436,451,451,551,551,566,92,107,122,137,137,37,0,0,0,0,15,15,15],"floor_reached":47,"language":"ENG","playtime":2057,"items_purged":["Enlightenment","Dagger Throw"],"score":621,"play_id":"3e3b4b11-3327-4326-8c27-e9763e1cfb04","local_time":"20210123195749","daily_mods":["Draft","Colorless Cards","Terminal"],"is_ascension_mode":false,"campfire_choices":[{"data":"Deadly Poison","floor":6.0,"key":"SMITH"},{"data":"Crippling Poison","floor":8.0,"key":"SMITH"},{"data":"Catalyst","floor":10.0,"key":"SMITH"},{"data":"Noxious Fumes","floor":15.0,"key":"SMITH"},{"data":"Bouncing Flask","floor":23.0,"key":"SMITH"},{"data":"Footwork","floor":30,"key":"SMITH"},{"data":"Trip","floor":32,"key":"SMITH"},{"floor":40,"key":"REST"},{"data":"Dash","floor":44,"key":"SMITH"}],"circlet_count":0,"master_deck":["Slice","Cloak And Dagger+1","Trip+1","Catalyst+1","Acrobatics","Bane","Deadly Poison+1","Cloak And Dagger","Cloak And Dagger","Poisoned Stab","Cloak And Dagger","Underhanded Strike","Predator","Poisoned Stab","Bandage Up","Dagger Throw","Crippling Poison+1","Deflect","Noxious Fumes+1","Master of Strategy+1","Bouncing Flask+1","Dash+1","Outmaneuver+1","Footwork+1","Bullet Time+1","Apotheosis+1","All Out Attack"],"relics":["Ring of the Serpent","Bottled Flame","Mercury Hourglass","Oddly Smooth Stone","Bag of Marbles","Membership Card","Toxic Egg 2","War Paint","Boot","Darkstone Periapt","WristBlade","Turnip","Pear","TwistedFunnel","Red Mask","Blue Candle"],"acts_visited":["Exordium","TheCity","TheBeyond"],"potions_floor_usage":[29,33,38,39,46,47,47],"damage_taken":[{"damage":0.0,"enemies":"Small Slimes","floor":1.0,"turns":2.0},{"damage":0.0,"enemies":"2 Louse","floor":2.0,"turns":1.0},{"damage":0.0,"enemies":"Jaw Worm","floor":4.0,"turns":2.0},{"damage":0.0,"enemies":"Lots of Slimes","floor":5.0,"turns":3.0},{"damage":1.0,"enemies":"Lagavulin","floor":7.0,"turns":3.0},{"damage":0.0,"enemies":"3 Sentries","floor":11.0,"turns":5.0},{"damage":0.0,"enemies":"Gremlin Gang","floor":12.0,"turns":2.0},{"damage":0.0,"enemies":"Gremlin Nob","floor":13.0,"turns":3.0},{"damage":0.0,"enemies":"The Guardian","floor":16.0,"turns":6.0},{"damage":0.0,"enemies":"3 Byrds","floor":18.0,"turns":3.0},{"damage":0.0,"enemies":"Spheric Guardian","floor":20.0,"turns":3.0},{"damage":6.0,"enemies":"Centurion and Healer","floor":21.0,"turns":5.0},{"damage":0.0,"enemies":"Book of Stabbing","floor":24.0,"turns":3.0},{"damage":1.0,"enemies":"Snake Plant","floor":25.0,"turns":3.0},{"damage":0,"enemies":"3 Cultists","floor":27,"turns":5},{"damage":0,"enemies":"Snecko","floor":28,"turns":4},{"damage":6,"enemies":"Shelled Parasite and Fungi","floor":29,"turns":5},{"damage":0,"enemies":"Cultist and Chosen","floor":31,"turns":6},{"damage":9,"enemies":"Collector","floor":33,"turns":6},{"damage":3,"enemies":"3 Shapes","floor":35,"turns":5},{"damage":9,"enemies":"3 Darklings","floor":37,"turns":3},{"damage":10,"enemies":"Writhing Mass","floor":38,"turns":5},{"damage":11,"enemies":"4 Shapes","floor":39,"turns":4},{"damage":0,"enemies":"Transient","floor":46,"turns":5},{"damage":34,"enemies":"Reptomancer","floor":47,"turns":2}],"seed_played":"-992185634128019100","potions_obtained":[{"floor":2.0,"key":"GamblersBrew"},{"floor":4.0,"key":"LiquidMemories"},{"floor":13.0,"key":"Swift Potion"},{"floor":16.0,"key":"Energy Potion"},{"floor":20.0,"key":"PowerPotion"},{"floor":24.0,"key":"Fire Potion"},{"floor":27,"key":"AttackPotion"},{"floor":33,"key":"Fire Potion"},{"floor":38,"key":"Dexterity Potion"}],"is_trial":false,"path_per_floor":["M","M","?","M","M","R","E","R","T","R","E","M","E","?","R","B",null,"M","$","M","M","?","R","E","M","T","M","M","M","R","M","R","B",null,"M","$","M","M","M","R","$","?","T","R","?","M","E"],"character_chosen":"THE_SILENT","items_purchased":["Membership Card","Toxic Egg 2","War Paint","Explosive Potion","Apotheosis+1","Turnip","Pear","LiquidBronze","Strength Potion","TwistedFunnel","Swift Potion"],"campfire_rested":1,"item_purchase_floors":[19,19,19,19,36,36,36,36,36,41,41],"current_hp_per_floor":[68,67,66,65,64,63,62,61,60,59,58,57,56,45,45,49,52,51,50,49,47,47,46,45,44,43,42,41,39,39,38,37,31,35,34,43,34,30,23,35,35,35,35,35,34,33,0,0],"gold":15,"neow_bonus":"","is_daily":true,"chose_seed":false,"campfire_upgraded":8,"win_rate":0.0,"timestamp":1611460669,"path_taken":["M","M","?","M","M","R","E","R","T","R","E","M","E","?","R","BOSS","M","$","M","M","?","R","E","M","T","M","?","M","R","M","R","BOSS","M","$","?","M","M","R","$","?","T","R","?","M","E"],"items_purchased_type":["Relic","Relic","Relic","Potion","Card","Relic","Relic","Potion","Potion","Relic","Potion"],"build_version":"2020-12-18","purchased_purges":2,"victory":false,"max_hp_per_floor":[68,67,66,65,64,63,62,61,60,59,58,57,56,55,54,53,52,51,50,49,48,47,46,45,44,43,42,41,40,39,38,37,36,35,34,43,42,41,40,39,38,37,36,35,34,33,33,33],"card_choices":[{"not_picked":["Backflip","Acrobatics"],"picked":"Slice","floor":0.0},{"not_picked":["Quick Slash","Prepared"],"picked":"Cloak And Dagger","floor":0.0},{"not_picked":["PanicButton","Underhanded Strike"],"picked":"Enlightenment","floor":0.0},{"not_picked":["Flying Knee","Impatience"],"picked":"Trip","floor":0.0},{"not_picked":["Endless Agony","Finesse"],"picked":"Catalyst","floor":0.0},{"not_picked":["Finisher","PiercingWail"],"picked":"Acrobatics","floor":0.0},{"not_picked":["PiercingWail","Dagger Spray"],"picked":"Bane","floor":0.0},{"not_picked":["Prepared","PiercingWail"],"picked":"Deadly Poison","floor":0.0},{"not_picked":["Quick Slash","Expertise"],"picked":"Cloak And Dagger","floor":0.0},{"not_picked":["Quick Slash","Mind Blast"],"picked":"Cloak And Dagger","floor":0.0},{"not_picked":["Deadly Poison","Backflip"],"picked":"Poisoned Stab","floor":0.0},{"not_picked":["Dodge and Roll","Flying Knee"],"picked":"Cloak And Dagger","floor":0.0},{"not_picked":["Dodge and Roll","Acrobatics"],"picked":"Underhanded Strike","floor":0.0},{"not_picked":["Mind Blast","Escape Plan"],"picked":"Predator","floor":0.0},{"not_picked":["Caltrops","Flying Knee"],"picked":"Cloak And Dagger","floor":0.0},{"not_picked":["Bane","Dark Shackles"],"picked":"Poisoned Stab","floor":1.0},{"not_picked":["Sucker Punch","Outmaneuver"],"picked":"Bandage Up","floor":2.0},{"not_picked":["Panacea","PiercingWail","Underhanded Strike"],"picked":"SKIP","floor":4.0},{"not_picked":["Backstab","Acrobatics"],"picked":"Dagger Throw","floor":5.0},{"not_picked":["Expertise","Doppelganger"],"picked":"Crippling Poison","floor":7.0},{"not_picked":["Finisher","Prepared"],"picked":"Dagger Throw","floor":11.0},{"not_picked":["Prepared","Deep Breath"],"picked":"Deflect","floor":12.0},{"not_picked":["Blade Dance","Secret Technique"],"picked":"Noxious Fumes","floor":13.0},{"not_picked":["Unload","Secret Technique"],"picked":"Master of Strategy","floor":16.0},{"not_picked":["Deflect","Escape Plan+1"],"picked":"Bouncing Flask","floor":18.0},{"not_picked":["Heel Hook","Skewer+1","Mind Blast+1"],"picked":"SKIP","floor":20.0},{"not_picked":["Dagger Spray+1","Sucker Punch","Outmaneuver+1"],"picked":"SKIP","floor":21.0},{"not_picked":["Mind Blast","Expertise+1"],"picked":"Dash","floor":24.0},{"not_picked":["Tactician+1","Noxious Fumes"],"picked":"Outmaneuver+1","floor":25.0},{"not_picked":["Endless Agony","Heel Hook"],"picked":"Footwork","floor":27},{"not_picked":["Flying Knee+1","Deflect+1","Poisoned Stab"],"picked":"SKIP","floor":28},{"not_picked":["Poisoned Stab","Outmaneuver+1","Trip+1"],"picked":"SKIP","floor":29},{"not_picked":["PiercingWail+1","Eviscerate","Accuracy"],"picked":"SKIP","floor":31},{"not_picked":["Unload","Master of Strategy+1"],"picked":"Bullet Time+1","floor":33},{"not_picked":["Caltrops","Dramatic Entrance","Underhanded Strike"],"picked":"SKIP","floor":35},{"not_picked":["Quick Slash+1","Dodge and Roll+1","Deadly Poison+1"],"picked":"SKIP","floor":37},{"not_picked":["Flying Knee+1","Skewer+1","Sucker Punch"],"picked":"SKIP","floor":38},{"not_picked":["Reflex+1","Bandage Up+1","Metamorphosis+1"],"picked":"SKIP","floor":39},{"not_picked":["Dagger Throw+1","Deadly Poison+1","Purity+1"],"picked":"SKIP","floor":46}],"player_experience":962543,"relics_obtained":[{"floor":7.0,"key":"Bottled Flame"},{"floor":9.0,"key":"Mercury Hourglass"},{"floor":11.0,"key":"Oddly Smooth Stone"},{"floor":13.0,"key":"Bag of Marbles"},{"floor":24.0,"key":"Boot"},{"floor":26.0,"key":"Darkstone Periapt"},{"floor":43,"key":"Blue Candle"}],"event_choices":[{"damage_healed":0.0,"max_hp_gain":0.0,"max_hp_loss":0.0,"gold_gain":0.0,"event_name":"Liars Game","player_choice":"Ignored","floor":3.0,"gold_loss":0.0,"damage_taken":0.0},{"damage_healed":0.0,"max_hp_gain":0.0,"max_hp_loss":0.0,"gold_gain":75.0,"event_name":"World of Goop","player_choice":"Gather Gold","floor":14.0,"gold_loss":0.0,"damage_taken":11.0},{"damage_healed":0.0,"max_hp_gain":0.0,"max_hp_loss":0.0,"gold_gain":250.0,"event_name":"The Joust","player_choice":"Bet on Owner","floor":22.0,"gold_loss":50.0,"damage_taken":0.0},{"damage_healed":0,"gold_gain":0,"player_choice":"Paid","damage_taken":0,"relics_obtained":["Red Mask"],"max_hp_gain":0,"max_hp_loss":0,"event_name":"Tomb of Lord Red Mask","floor":42,"gold_loss":37},{"damage_healed":0,"gold_gain":0,"cards_transformed":["Cloak And Dagger"],"player_choice":"Transformed","damage_taken":0,"max_hp_gain":0,"max_hp_loss":0,"event_name":"Transmorgrifier","floor":45,"gold_loss":0,"cards_obtained":["All Out Attack"]}],"is_beta":true,"boss_relics":[{"not_picked":["Philosopher\u0027s Stone","Tiny House"],"picked":"Ring of the Serpent"},{"not_picked":["Cursed Key","Busted Crown"],"picked":"WristBlade"}],"items_purged_floors":[19,36],"is_endless":false,"potions_floor_spawned":[2,4,13,16,20,24,27,33,37,38],"killed_by":"Reptomancer","ascension_level":0}}