{"host":"y89x8uui45kcjy42","time":1611460806,"event":{"mods":["2.2 Compatiblity","BaseMod","CapriCore","Colored Map","Colored Powertips","Custom Start","Friendly Minions","Keyboard Shortcuts","Minty Spire (QoL Compilation)","Relic Stats","Slay the Relics Exporter","StSLib","SuperFastMode","Uncapped"],"gold_per_floor":[111,128,147,107,122,122,135,135,210,220,232,82,82,82,82,82,82],"floor_reached":16,"language":"KOR","playtime":407,"items_purged":["Strike_P"],"score":188,"play_id":"c9b21797-f670-4491-bc55-67be6e587dc8","local_time":"20210124130006","is_ascension_mode":true,"campfire_choices":[{"data":"Eruption","floor":6,"key":"SMITH"},{"data":"Adaptation","floor":8,"key":"SMITH"},{"data":"EmptyMind","floor":13,"key":"SMITH"},{"data":"TalkToTheHand","floor":15,"key":"SMITH"}],"circlet_count":0,"master_deck":["AscendersBane","Strike_P","Strike_P","Strike_P","Defend_P","Defend_P","Defend_P","Defend_P","Eruption+1","Vigilance","EmptyMind+1","Adaptation+1","Pray+1","Blasphemy","TalkToTheHand+1","BattleHymn"],"relics":["PureWater","Omamori","StrikeDummy"],"acts_visited":["Exordium"],"potions_floor_usage":[],"damage_taken":[{"damage":0,"enemies":"Cultist","floor":1,"turns":2},{"damage":7,"enemies":"Jaw Worm","floor":2,"turns":3},{"damage":1,"enemies":"2 Louse","floor":3,"turns":2},{"damage":11,"enemies":"Blue Slaver","floor":5,"turns":5},{"damage":19,"enemies":"Large Slime","floor":7,"turns":9},{"damage":4,"enemies":"2 Fungi Beasts","floor":10,"turns":4},{"damage":30,"enemies":"Exordium Thugs","floor":11,"turns":4},{"damage":24,"enemies":"Hexaghost","floor":16,"turns":7}],"seed_played":"7820697661395343494","potions_obtained":[{"floor":1,"key":"Energy Potion"},{"floor":4,"key":"FairyPotion"}],"is_trial":false,"path_per_floor":["M","M","M","?","M","R","M","R","T","M","M","$","R","?","R","B"],"character_chosen":"WATCHER","items_purchased":["BattleHymn"],"campfire_rested":0,"item_purchase_floors":[12],"current_hp_per_floor":[61,54,53,53,42,42,23,23,23,19,20,20,20,20,20,0,0],"gold":82,"neow_bonus":"RANDOM_COMMON_RELIC","is_daily":false,"chose_seed":false,"campfire_upgraded":4,"win_rate":0.0,"timestamp":1611460806,"path_taken":["M","M","?","?","M","R","M","R","T","?","M","$","R","?","R","BOSS"],"items_purchased_type":["Card"],"build_version":"2020-12-22","purchased_purges":1,"victory":false,"max_hp_per_floor":[68,68,68,68,68,68,68,68,68,68,68,68,68,68,68,68,68],"relic_stats":{"counters":[8,36],"obtain_stats":[{"Omamori":0,"PureWater":0,"StrikeDummy":9},{"Omamori":0,"PureWater":0,"StrikeDummy":5},{"Omamori":0,"PureWater":0,"StrikeDummy":21}]},"card_choices":[{"not_picked":["Consecrate","BowlingBash"],"picked":"EmptyMind","floor":1},{"not_picked":["ClearTheMind","WheelKick"],"picked":"Adaptation","floor":2},{"not_picked":["FlurryOfBlows","FlyingSleeves","Protect"],"picked":"SKIP","floor":3},{"not_picked":["LikeWater","Prostrate","JustLucky"],"picked":"SKIP","floor":5},{"not_picked":["Pray","EmptyMind","PathToVictory"],"picked":"SKIP","floor":7},{"not_picked":["EmptyMind","PathToVictory"],"picked":"Pray","floor":7},{"not_picked":["CutThroughFate","Protect"],"picked":"Blasphemy","floor":10},{"not_picked":["Swivel","FearNoEvil"],"picked":"TalkToTheHand","floor":11}],"player_experience":646187,"relics_obtained":[{"floor":9,"key":"StrikeDummy"}],"event_choices":[{"damage_healed":0,"gold_gain":0,"player_choice":"Bought 3 Potions","damage_taken":0,"max_hp_gain":0,"max_hp_loss":0,"event_name":"The Woman in Blue","floor":4,"gold_loss":0},{"damage_healed":0,"gold_gain":0,"player_choice":"Upgraded","damage_taken":0,"max_hp_gain":0,"max_hp_loss":0,"event_name":"Upgrade Shrine","floor":14,"gold_loss":0,"cards_upgraded":["Pray"]}],"is_beta":false,"boss_relics":[],"items_purged_floors":[12],"is_endless":false,"potions_floor_spawned":[1,5,10],"killed_by":"Hexaghost","ascension_level":20}}