{"host":"cjhtzh7tp54jdfyv","time":1611456487,"event":{"mods":["AchievementEnabler","BaseMod","Colored Map","Colored Powertips","Curses Come First","DeckTracker","Filter the Spire","Minty Spire (QoL Compilation)","RNG Fix","Relic Sorter","Relic Stats","StSLib","UnlockEverythingMod","ojb\u0027s Better Paths Mod","ojb\u0027s Info Mod"],"gold_per_floor":[112,180,196,11,27,27,27,60,60,60,60],"floor_reached":10,"language":"ENG","playtime":496,"items_purged":[],"score":132,"play_id":"aca4a607-d4c6-40a7-99d6-df451c041e24","local_time":"20210123214807","is_ascension_mode":true,"campfire_choices":[{"data":"Bouncing Flask","floor":6,"key":"SMITH"}],"circlet_count":0,"master_deck":["AscendersBane","Strike_G","Strike_G","Strike_G","Strike_G","Defend_G","Defend_G","Defend_G","Survivor","Neutralize","Reflex+1","Flechettes+1","Masterful Stab+1","Dash","Bouncing Flask+1","Blade Dance","Storm of Steel"],"relics":["Astrolabe","Membership Card","Pen Nib","Orichalcum","StoneCalendar"],"acts_visited":["Exordium"],"potions_floor_usage":[8],"damage_taken":[{"damage":7,"enemies":"2 Louse","floor":1,"turns":2},{"damage":0,"enemies":"Cultist","floor":3,"turns":3},{"damage":0,"enemies":"Small Slimes","floor":5,"turns":2},{"damage":6,"enemies":"Gremlin Nob","floor":8,"turns":3},{"damage":14,"enemies":"3 Sentries","floor":10,"turns":5}],"seed_played":"-584899854158784281","potions_obtained":[{"floor":5,"key":"CultistPotion"}],"is_trial":false,"path_per_floor":["M","?","M","$","M","R","?","E","T","E"],"character_chosen":"THE_SILENT","items_purchased":["Membership Card","SteroidPotion"],"campfire_rested":0,"item_purchase_floors":[4,4],"current_hp_per_floor":[52,52,52,52,52,52,17,11,11,0,0],"gold":60,"neow_bonus":"BOSS_RELIC","is_daily":false,"chose_seed":false,"campfire_upgraded":1,"win_rate":0.0,"timestamp":1611456487,"path_taken":["M","?","M","$","M","R","?","E","T","E"],"items_purchased_type":["Relic","Potion"],"build_version":"2020-12-22","purchased_purges":0,"victory":false,"max_hp_per_floor":[66,66,66,66,66,66,66,66,66,66,66],"relic_stats":{"counters":[5,15],"Astrolabe":["Reflex","Flechettes","Masterful Stab"],"StoneCalendar":[0],"Pen Nib":[2],"Orichalcum":[24],"obtain_stats":[{"Astrolabe":0,"StoneCalendar":9,"Pen Nib":7,"Membership Card":4,"Orichalcum":8,"Ring of the Snake":0},{"Astrolabe":0,"StoneCalendar":4,"Pen Nib":3,"Membership Card":2,"Orichalcum":4,"Ring of the Snake":0},{"Astrolabe":0,"StoneCalendar":10,"Pen Nib":7,"Membership Card":5,"Orichalcum":10,"Ring of the Snake":0}]},"card_choices":[{"not_picked":["Footwork","Prepared"],"picked":"Dash","floor":1},{"not_picked":["Footwork","Sucker Punch"],"picked":"Bouncing Flask","floor":3},{"not_picked":["Prepared","Caltrops"],"picked":"Blade Dance","floor":5},{"not_picked":["Slice","Acrobatics"],"picked":"Storm of Steel","floor":8}],"player_experience":4629197,"relics_obtained":[{"floor":8,"key":"Orichalcum"},{"floor":9,"key":"StoneCalendar"}],"event_choices":[{"damage_healed":0,"gold_gain":68,"player_choice":"Gained Gold","damage_taken":0,"max_hp_gain":0,"max_hp_loss":0,"event_name":"Golden Wing","floor":2,"gold_loss":0},{"damage_healed":0,"gold_gain":0,"player_choice":"Success","damage_taken":35,"relics_obtained":["Pen Nib"],"max_hp_gain":0,"max_hp_loss":0,"event_name":"Scrap Ooze","floor":7,"gold_loss":0}],"is_beta":false,"boss_relics":[],"items_purged_floors":[],"is_endless":false,"potions_floor_spawned":[5],"killed_by":"3 Sentries","ascension_level":20}}