{"host":"seujf6kmfn3ctpoe","time":1611483960,"event":{"mods":["BaseMod","Colored Map","Downfall","Minty Spire (QoL Compilation)","Permanent Neow","Relic Sorter","Relic Stats","StSLib"],"gold_per_floor":[99,109,109,127,178,198,198,209,227,227,44,61,61,61,71,168,168,168,181,181,181,181,181,181,84,102,102,102,102,102],"floor_reached":28,"language":"ENG","playtime":1710,"items_purged":["bronze:Strike"],"score":233,"play_id":"5f94fd48-02c5-4e57-8581-84ae99088edd","local_time":"20210124112600","is_ascension_mode":false,"campfire_choices":[{"data":"bronze:RecursiveStrike","floor":1,"key":"SMITH"},{"data":"bronze:Boost","floor":10,"key":"SMITH"},{"floor":13,"key":"REST"},{"data":"bronze:ClassDefault","floor":18,"key":"SMITH"},{"data":"bronze:Boost","floor":27,"key":"SMITH"}],"circlet_count":0,"master_deck":["bronze:Strike","bronze:Strike","bronze:Defend","bronze:Defend","bronze:Defend","bronze:Replicate","bronze:Goto","bronze:Overheat","bronze:RecursiveStrike+1","bronze:Boost+1","bronze:CloningBeam","bronze:Turbo","bronze:Flail","bronze:Boost+1","Swift Strike","bronze:Turbo","bronze:ClassDefault+1","CurseOfTheBell","bronze:ChildClass+1","bronze:Frontload+1","Ghostly+1","Ghostly+1","Ghostly+1","Ghostly+1","Ghostly+1","bronze:Philosophize+1","bronze:Repair+1"],"relics":["bronze:BronzeCore","Dream Catcher","Ornamental Fan","Calling Bell","Juzu Bracelet","Toxic Egg 2","Prayer Wheel","Boot"],"acts_visited":["Exordium","TheCity"],"potions_floor_usage":[25],"damage_taken":[{"damage":5,"enemies":"Small Slimes","floor":2,"turns":3},{"damage":1,"enemies":"Jaw Worm","floor":4,"turns":4},{"damage":0,"enemies":"2 Louse","floor":6,"turns":2},{"damage":1,"enemies":"2 Fungi Beasts","floor":8,"turns":4},{"damage":6,"enemies":"Large Slime","floor":9,"turns":3},{"damage":5,"enemies":"downfall:FleeingMerchant","floor":11,"turns":4},{"damage":17,"enemies":"Exordium Thugs","floor":12,"turns":3},{"damage":1,"enemies":"2 Fungi Beasts","floor":15,"turns":2},{"damage":21,"enemies":"IC_STATUS_ARCHETYPE","floor":16,"turns":5},{"damage":2,"enemies":"Shell Parasite","floor":19,"turns":3},{"damage":0,"enemies":"Chosen","floor":23,"turns":1},{"damage":5,"enemies":"downfall:FleeingMerchant","floor":25,"turns":4},{"damage":1,"enemies":"Snecko","floor":26,"turns":6},{"damage":46,"enemies":"Book of Stabbing","floor":28,"turns":9}],"seed_played":"-2170720910246961787","potions_obtained":[{"floor":4,"key":"ColorlessPotion"},{"floor":9,"key":"FearPotion"},{"floor":16,"key":"Energy Potion"},{"floor":26,"key":"sneckomod:MuddlingPotion"}],"is_trial":false,"path_per_floor":["R","M","?","M","T","M","T","M","M","R","$","M","R","?","M","B",null,"R","M","?","?","?","M","T","$","M","R","E"],"character_chosen":"THE_AUTOMATON","items_purchased":["Swift Strike","bronze:Repair+1"],"campfire_rested":1,"item_purchase_floors":[11,25],"current_hp_per_floor":[63,58,63,62,62,62,62,61,55,55,50,33,53,53,52,31,68,68,66,34,34,29,29,29,24,33,33,0,0,0],"gold":102,"neow_bonus":"TRANSFORM_TWO_CARDS","is_daily":false,"chose_seed":false,"campfire_upgraded":4,"win_rate":0.0,"timestamp":1611483960,"path_taken":["R","M","?","M","?","M","T","M","M","R","$","M","R","?","M","BOSS","R","M","?","?","?","M","T","$","M","R","E"],"items_purchased_type":["Card","Card"],"build_version":"2020-12-22","purchased_purges":1,"victory":false,"max_hp_per_floor":[63,63,68,68,68,68,68,68,68,68,68,68,68,68,68,68,68,68,68,34,34,34,34,34,34,34,34,34,34,34],"relic_stats":{"Dream Catcher":1,"counters":[14,53],"Ornamental Fan":[40],"Prayer Wheel":3,"Juzu Bracelet":0,"Boot":[5],"obtain_stats":[{"Calling Bell":17,"Dream Catcher":5,"bronze:BronzeCore":0,"downfall:BrokenWingStatue":14,"Ornamental Fan":7,"Prayer Wheel":17,"Juzu Bracelet":17,"Toxic Egg 2":17,"Boot":24},{"Calling Bell":9,"Dream Catcher":2,"bronze:BronzeCore":0,"downfall:BrokenWingStatue":7,"Ornamental Fan":3,"Prayer Wheel":9,"Juzu Bracelet":9,"Toxic Egg 2":9,"Boot":11},{"Calling Bell":30,"Dream Catcher":7,"bronze:BronzeCore":0,"downfall:BrokenWingStatue":23,"Ornamental Fan":9,"Prayer Wheel":30,"Juzu Bracelet":30,"Toxic Egg 2":30,"Boot":34}]},"card_choices":[{"not_picked":["bronze:BuggyMess","bronze:Overheat"],"picked":"bronze:Boost","floor":2},{"not_picked":["bronze:DelayedSlice","bronze:CutThrough","bronze:Allocate"],"picked":"SKIP","floor":4},{"not_picked":["bronze:NullPointer","bronze:OilSpill"],"picked":"bronze:CloningBeam","floor":6},{"not_picked":["bronze:DarkDash","bronze:DelayedGuard"],"picked":"bronze:Turbo","floor":8},{"not_picked":["bronze:OilSpill","bronze:DigitalCarnage"],"picked":"bronze:Flail","floor":9},{"not_picked":["bronze:Allocate","bronze:WildBeam"],"picked":"bronze:Boost","floor":11},{"not_picked":["bronze:Fortify","bronze:Boost","bronze:BugBarrage"],"picked":"SKIP","floor":12},{"not_picked":["bronze:BronzeOrb","bronze:AlphaBuild"],"picked":"bronze:Turbo","floor":13},{"not_picked":["bronze:BitShift","bronze:Backtrace"],"picked":"bronze:ClassDefault","floor":15},{"not_picked":["bronze:Frontload+1","bronze:CutThrough+1"],"picked":"bronze:ChildClass+1","floor":19},{"not_picked":["bronze:Overheat","bronze:Branch+1"],"picked":"bronze:Frontload+1","floor":19},{"not_picked":["bronze:BitShift+1","bronze:Return+1"],"picked":"bronze:Philosophize+1","floor":23},{"not_picked":["bronze:OilSpill","bronze:Boost+1","bronze:DarkDash"],"picked":"SKIP","floor":23},{"not_picked":["bronze:Return+1","bronze:Overheat","bronze:Fortify+1"],"picked":"SKIP","floor":25},{"not_picked":["bronze:Branch+1","bronze:DelayedSlice","bronze:Format+1"],"picked":"SKIP","floor":26},{"not_picked":["bronze:Shield+1","bronze:Deprecate+1","bronze:WhirlingStrike"],"picked":"SKIP","floor":26}],"player_experience":417261,"relics_obtained":[{"floor":5,"key":"Dream Catcher"},{"floor":7,"key":"Ornamental Fan"},{"floor":17,"key":"Juzu Bracelet"},{"floor":17,"key":"Toxic Egg 2"},{"floor":17,"key":"Prayer Wheel"},{"floor":24,"key":"Boot"}],"event_choices":[{"damage_healed":0,"gold_gain":0,"player_choice":"Donut","damage_taken":0,"max_hp_gain":5,"max_hp_loss":0,"event_name":"Big Fish","floor":3,"gold_loss":0},{"damage_healed":0,"gold_gain":0,"player_choice":"Became a Ghost","damage_taken":0,"max_hp_gain":0,"max_hp_loss":34,"event_name":"Ghosts","floor":20,"gold_loss":0,"cards_obtained":["Ghostly","Ghostly","Ghostly","Ghostly","Ghostly"]}],"is_beta":false,"boss_relics":[{"not_picked":["Tiny House","Fusion Hammer"],"picked":"Calling Bell"}],"items_purged_floors":[11],"is_endless":false,"potions_floor_spawned":[4,9,16,19,26],"killed_by":"Book of Stabbing","ascension_level":0}}