{"host":"o9xs51ubzug5n2pm","time":1611492083,"event":{"mods":["Arknights The Spire","Bard","BaseMod","Friendly Minions","GungeonMod","HololiveMod","Marisa£®ÏF”Í°°ƒß¿Ì…≥£©","Minty Spire (QoL Compilation)","SIMod","Shop Mod","StSLib","The Animator","The Bladedancer","The Construct","The Gatherer","Warlord Emblem","Yohane!","°æ“≈ŒÔø®≈∆°øREMEMod"],"gold_per_floor":[113,133,152,163,15,59,59,77,158,433,31,31,31,54,54,183,183,216,216,254,2,26,26,69,125,125,141,155,155,168,168,168,326,326,349,403,403,421,113,113,151,484,510,549,549,567,567,610,610,610,610],"floor_reached":50,"language":"ZHS","playtime":2662,"items_purged":["Decay","Regret","Injury"],"score":548,"play_id":"a309dbf7-14fe-4c97-bbba-de34ba6a8ca8","local_time":"20210124204123","is_ascension_mode":false,"campfire_choices":[{"data":"Apotheosis","floor":7,"key":"SMITH"},{"floor":13,"key":"REST"},{"floor":15,"key":"REST"},{"data":"FinalSpark","floor":23,"key":"SMITH"},{"floor":29,"key":"REST"},{"floor":32,"key":"REST"},{"floor":40,"key":"REST"},{"floor":45,"key":"REST"},{"floor":49,"key":"REST"}],"circlet_count":0,"master_deck":["Strike_MRS","Strike_MRS","Strike_MRS","Strike_MRS","Defend_MRS","Defend_MRS","Defend_MRS","Defend_MRS","MasterSpark","UpSweep","ManaRampage","StarlightTyphoon","Apotheosis+1","GravityBeat","WitchOfGreed","BinaryStars","IllusionStar","OortCloud","SprinkleStarSeal","DeepEcoloBomb","FinalSpark+1","NonDirectionalLaser","Acceleration","ChargeUpSpray","ManaConvection","DoubleSpark+1","MilkyWay","MaximisePower+1","MillisecondPulsars","GravityBeat","Master of Strategy","SuperPerseids+1","Parasite","PowerUp","AlicesGift+1"],"relics":["MiniHakkero","REME_ComplimentaryCards","Bottled Lightning","DemoMod:GnawedKey","MerchantsRug","construct:WeddingRing","Membership Card","BreadOfAWashokuLover","Ancient Tea Set","Hololive_LightStick","REME_DuelDisc","DemoMod:PinkGuonStone","DemoMod:ClearGuonStone","PreservedInsect"],"acts_visited":["Exordium","TheCity","TheBeyond"],"potions_floor_usage":[6,16,16,22,22,27,27,28,36,50],"damage_taken":[{"damage":9,"enemies":"2 Louse","floor":1,"turns":2},{"damage":0,"enemies":"Cultist","floor":2,"turns":3},{"damage":5,"enemies":"Jaw Worm","floor":3,"turns":2},{"damage":7,"enemies":"2 Fungi Beasts","floor":4,"turns":3},{"damage":25,"enemies":"Gremlin Nob","floor":6,"turns":4},{"damage":12,"enemies":"Red Slaver","floor":8,"turns":2},{"damage":10,"enemies":"Exordium Wildlife","floor":14,"turns":2},{"damage":2,"enemies":"Slime Boss","floor":16,"turns":3},{"damage":6,"enemies":"3 Byrds","floor":18,"turns":4},{"damage":4,"enemies":"Spheric Guardian","floor":20,"turns":3},{"damage":14,"enemies":"Centurion and Healer","floor":22,"turns":3},{"damage":41,"enemies":"Book of Stabbing","floor":24,"turns":4},{"damage":1,"enemies":"Cultist and Chosen","floor":25,"turns":6},{"damage":0,"enemies":"3 Cultists","floor":27,"turns":3},{"damage":0,"enemies":"Centurion and Healer","floor":28,"turns":1},{"damage":0,"enemies":"Snecko","floor":30,"turns":3},{"damage":40,"enemies":"Collector","floor":33,"turns":9},{"damage":0,"enemies":"Orb Walker","floor":35,"turns":2},{"damage":64,"enemies":"3 Shapes","floor":36,"turns":5},{"damage":0,"enemies":"Spire Growth","floor":38,"turns":4},{"damage":35,"enemies":"Nemesis","floor":41,"turns":5},{"damage":0,"enemies":"Writhing Mass","floor":44,"turns":7},{"damage":1,"enemies":"3 Darklings","floor":46,"turns":4},{"damage":20,"enemies":"Maw","floor":48,"turns":7},{"damage":69,"enemies":"Time Eater","floor":50,"turns":7}],"seed_played":"-2197657543534339380","potions_obtained":[{"floor":1,"key":"BlessingOfTheForge"},{"floor":3,"key":"DemoMod:LeadSkinPotion"},{"floor":4,"key":"Strength Potion"},{"floor":6,"key":"REME_GoldPotion"},{"floor":6,"key":"StarNLove"},{"floor":18,"key":"AttackPotion"},{"floor":20,"key":"PowerPotion"},{"floor":24,"key":"Strength Potion"},{"floor":25,"key":"EssenceOfSteel"},{"floor":27,"key":"GamblersBrew"},{"floor":33,"key":"FairyPotion"},{"floor":33,"key":"Strength Potion"},{"floor":35,"key":"PowerPotion"},{"floor":36,"key":"Dexterity Potion"}],"is_trial":false,"path_per_floor":["M","M","M","M","$","E","R","M","T","?","$","?","R","M","R","B",null,"M","?","M","$","M","R","E","M","T","M","M","R","M","?","R","B",null,"M","M","?","M","$","R","E","?","T","M","R","M","?","M","R","B"],"character_chosen":"MARISA","items_purchased":["BinaryStars","SprinkleStarSeal","DemoMod:GnawedKey","MerchantsRug","Membership Card","BreadOfAWashokuLover","DemoMod:PinkGuonStone","DuplicationPotion","BottledSpark","Master of Strategy"],"campfire_rested":7,"item_purchase_floors":[5,11,11,11,21,21,39,39,39,39],"current_hp_per_floor":[66,66,61,54,54,29,29,17,17,17,17,17,39,29,51,49,75,69,69,65,65,51,51,11,11,11,11,11,33,33,33,55,16,75,75,11,11,12,19,43,9,9,9,9,33,32,32,12,36,0,0],"gold":610,"neow_bonus":"THREE_RARE_CARDS","is_daily":false,"chose_seed":false,"campfire_upgraded":2,"win_rate":0.0,"timestamp":1611492083,"path_taken":["M","M","M","M","$","E","R","M","T","?","?","?","R","M","R","BOSS","M","?","M","$","M","R","E","M","T","M","?","R","M","?","R","BOSS","M","M","?","?","$","R","E","?","T","M","R","M","?","M","R","BOSS"],"items_purchased_type":["Card","Card","Relic","Relic","Relic","Relic","Relic","Potion","Potion","Card"],"build_version":"2020-12-22","purchased_purges":3,"victory":false,"max_hp_per_floor":[75,75,75,75,75,75,75,75,75,75,75,75,75,75,75,75,75,75,75,75,75,75,75,75,75,75,75,75,75,75,75,75,75,75,75,75,75,75,82,82,82,82,82,82,82,82,82,82,82,82,82],"card_choices":[{"not_picked":["EscapeVelocity","SatelliteIllusion"],"picked":"ManaRampage","floor":0},{"not_picked":["GalacticHalo","SporeBomb"],"picked":"StarlightTyphoon","floor":1},{"not_picked":["MysteriousBeam","ShootingEcho","GrandCross"],"picked":"SKIP","floor":2},{"not_picked":["IllusionStar","Acceleration"],"picked":"GravityBeat","floor":3},{"not_picked":["ChargingUp","DarkSpark"],"picked":"WitchOfGreed","floor":4},{"not_picked":["ShootingEcho","AsteroidBelt"],"picked":"IllusionStar","floor":6},{"not_picked":["EnergyFlow","WitchLeyline"],"picked":"OortCloud","floor":8},{"not_picked":["GalacticHalo","EarthLightRay"],"picked":"DeepEcoloBomb","floor":14},{"not_picked":["SuperNova","MillisecondPulsars"],"picked":"FinalSpark","floor":16},{"not_picked":["MysteriousBeam","6A"],"picked":"NonDirectionalLaser","floor":18},{"not_picked":["IllusionStar","GravityBeat"],"picked":"Acceleration","floor":20},{"not_picked":["EnergyFlow","OneTimeOff"],"picked":"ChargeUpSpray","floor":22},{"not_picked":["PowerUp","DragonMeteor"],"picked":"ManaConvection","floor":24},{"not_picked":["ShootingEcho+1","Occultation"],"picked":"DoubleSpark+1","floor":25},{"not_picked":["LuminesStrike","WitchOfGreed+1"],"picked":"MilkyWay","floor":27},{"not_picked":["AsteroidBelt","UnstableBomb+1"],"picked":"MaximisePower","floor":28},{"not_picked":["OrrerysSun+1","AsteroidBelt","Orbital+1"],"picked":"SKIP","floor":30},{"not_picked":["AbsoluteMagnitude","EscapeVelocity"],"picked":"MillisecondPulsars","floor":33},{"not_picked":["MagicAbsorber+1","EnergyFlow+1","NonDirectionalLaser"],"picked":"SKIP","floor":35},{"not_picked":["DoubleSpark","MaximisePower","AsteroidBelt+1"],"picked":"SKIP","floor":36},{"not_picked":["IllusionStar","MysteriousBeam+1","RefractionSpark"],"picked":"SKIP","floor":38},{"not_picked":["SprinkleStarSeal","BlazingStar"],"picked":"SuperPerseids+1","floor":41},{"not_picked":["OpenUniverse+1","Singularity+1","LuminesStrike"],"picked":"SKIP","floor":44},{"not_picked":["IllusionStar+1","Robbery+1"],"picked":"PowerUp","floor":46},{"not_picked":["EnergyFlow+1","PowerUp"],"picked":"AlicesGift+1","floor":48}],"player_experience":220511,"relics_obtained":[{"floor":6,"key":"Bottled Lightning"},{"floor":24,"key":"Ancient Tea Set"},{"floor":26,"key":"Hololive_LightStick"},{"floor":41,"key":"DemoMod:ClearGuonStone"},{"floor":43,"key":"PreservedInsect"}],"event_choices":[{"damage_healed":0,"gold_gain":275,"player_choice":"Desecrate","damage_taken":0,"max_hp_gain":0,"max_hp_loss":0,"event_name":"Golden Shrine","floor":10,"gold_loss":0,"cards_obtained":["Regret"]},{"damage_healed":0,"gold_gain":0,"player_choice":"Take Wound","damage_taken":0,"relics_obtained":["Golden Idol"],"max_hp_gain":0,"max_hp_loss":0,"event_name":"Golden Idol","floor":12,"gold_loss":0,"cards_obtained":["Injury"]},{"damage_healed":0,"gold_gain":0,"player_choice":"0 cards matched","damage_taken":0,"max_hp_gain":0,"max_hp_loss":0,"event_name":"Match and Keep!","floor":19,"gold_loss":0,"cards_obtained":[]},{"damage_healed":0,"gold_gain":0,"player_choice":"Ignored","damage_taken":0,"max_hp_gain":0,"max_hp_loss":0,"event_name":"Vampires","floor":31,"gold_loss":0},{"damage_healed":0,"gold_gain":0,"player_choice":"1 cards matched","damage_taken":0,"max_hp_gain":0,"max_hp_loss":0,"event_name":"Match and Keep!","floor":37,"gold_loss":0,"cards_obtained":["GravityBeat"]},{"damage_healed":0,"gold_gain":333,"player_choice":"Gave Idol","damage_taken":0,"max_hp_gain":0,"max_hp_loss":0,"event_name":"The Moai Head","floor":42,"relics_lost":["Golden Idol"],"gold_loss":0},{"damage_healed":0,"gold_gain":0,"player_choice":"Upgraded","damage_taken":0,"max_hp_gain":0,"max_hp_loss":0,"event_name":"Upgrade Shrine","floor":47,"gold_loss":0,"cards_upgraded":["MaximisePower"]}],"is_beta":false,"boss_relics":[{"not_picked":["RampagingMagicTools","Coffee Dripper"],"picked":"construct:WeddingRing"},{"not_picked":["Tiny House","Empty Cage"],"picked":"REME_DuelDisc"}],"items_purged_floors":[5,11,39],"is_endless":false,"potions_floor_spawned":[1,3,4,6,20,24,25,27,33,35,38,41,44],"killed_by":"Time Eater","ascension_level":0}}