{"host":"j2hc7f20mihqnih6","time":1611487417,"event":{"mods":["AchievementEnabler","BaseMod","Downfall","Lobotomy","LobotomyExtend","Marisa£®ÏF”Í°°ƒß¿Ì…≥£©","Minty Spire (QoL Compilation)","Quick Restart","READ ME - Guardian Mod","Replay The Spire","Shop Mod","StSLib","The Jungle","The Servant 0.9.4","°æ“≈ŒÔø®≈∆°øREMEMod"],"gold_per_floor":[99,112,122,47,47,32,32,32,32,59,44,394,405,430,444,549,549,399,418,518,103,53,117,144,160,174,209,229,179,198,229,240,342,342,292,311,311,52,52,65,65,165,178,28,39,121,139,139,139,139,158,158,158,158],"floor_reached":52,"language":"ZHS","playtime":3268,"items_purged":["Regret","downfall:Aged"],"score":962,"play_id":"c0112c08-9c44-406f-84c3-d28403d3b23b","local_time":"20210124192337","is_ascension_mode":true,"campfire_choices":[{"data":"Echo Form","floor":1.0,"key":"SMITH"},{"data":"Slimebound:Split","floor":9.0,"key":"SMITH"},{"data":"Slimebound:Grow","floor":18.0,"key":"SMITH"},{"floor":29.0,"key":"RECALL"},{"data":"ReplayTheSpireMod:Doomed","floor":35.0,"key":"PURGE"},{"data":"Slimebound:HauntingLick","floor":44.0,"key":"SMITH"}],"circlet_count":0,"master_deck":["Slimebound:Split+1","Slimebound:CorrosiveSpit","Slimebound:ForwardTackle","Slimebound:GoopSpray","Slimebound:SplitAcid","Slimebound:PressTheAttack","Slimebound:Repurpose","Clumsy","ReplayTheSpireMod:Splinters","Voices","Slimebound:HauntingLick+1","Slimebound:LevelUp","downfall:Aged","Slimebound:RallyTheTroops+1","Slimebound:Schlurp","Slimebound:Grow+1","Slimebound:Teamwork+1","Slimebound:LeechingTouch","Slimebound:AcidTongue+1","Slimebound:SplitMire","Injury","Sadistic Nature+1","Slimebound:FirmFortitude+1","expansioncontent:StudyTheSpire+1","Slimebound:MegaLick+1","Slimebound:MassFeed+1","Injury","Pot Of Greed","Pot Of Greed","Pot Of Greed","Slimebound:MassRepurpose+1","Slimebound:Schlurp+1","Shame","Slimebound:Darklings+1","Slimebound:RallyTheTroops+1"],"relics":["Slimebound:AbsorbEndCombat","REME_ComplimentaryCards","LetterFromLob","Slimebound:GreedOozeRelic","Mirror","Replay:Bottled Snecko","REME_HandOfSuture","Ring of Misfortune","Ring of Greed","Golden Egg","Vajra","downfall:HeartBlessingGreen","Replay:Towering Pillar of Hats","Bottled Tornado","MerchantsRug","Replay:Baseball","Singing Bowl","Grinning Jar","Sozu","REME_LimitBreaker","Garlic","downfall:HeartBlessingRed","HornCleat"],"acts_visited":["Exordium","TheCity","TheBeyond"],"potions_floor_usage":[52],"damage_taken":[{"damage":12.0,"enemies":"Cultist","floor":2.0,"turns":4.0},{"damage":15.0,"enemies":"Jaw Worm","floor":3.0,"turns":4.0},{"damage":6.0,"enemies":"downfall:FleeingMerchant","floor":6.0,"turns":4.0},{"damage":28.0,"enemies":"3 Sentries","floor":10.0,"turns":6.0},{"damage":5.0,"enemies":"downfall:FleeingMerchant","floor":11.0,"turns":4.0},{"damage":1.0,"enemies":"Small Slimes","floor":13.0,"turns":3.0},{"damage":0.0,"enemies":"Replay:BlueRogue","floor":14.0,"turns":4.0},{"damage":0.0,"enemies":"2 Fungi Beasts","floor":15.0,"turns":1.0},{"damage":21.0,"enemies":"IC_STATUS_ARCHETYPE","floor":16.0,"turns":6.0},{"damage":6.0,"enemies":"3 Byrds","floor":19.0,"turns":4.0},{"damage":19.0,"enemies":"WA_ARCHETYPE_RETAIN","floor":20.0,"turns":5.0},{"damage":18.0,"enemies":"downfall:FleeingMerchant","floor":21.0,"turns":4.0},{"damage":1.0,"enemies":"downfall:FleeingMerchant","floor":23.0,"turns":3.0},{"damage":0.0,"enemies":"Spheric Guardian","floor":25.0,"turns":3.0},{"damage":20.0,"enemies":"Shelled Parasite and Fungi","floor":26.0,"turns":4.0},{"damage":26.0,"enemies":"Book of Stabbing","floor":27.0,"turns":4.0},{"damage":6.0,"enemies":"3 Cultists","floor":28.0,"turns":5.0},{"damage":10.0,"enemies":"Centurion and Healer","floor":30.0,"turns":5.0},{"damage":4.0,"enemies":"REME_1_Revenger","floor":31.0,"turns":3.0},{"damage":0.0,"enemies":"Snecko","floor":32.0,"turns":2.0},{"damage":51.0,"enemies":"DF_ARCHETYPE_CLAW","floor":33.0,"turns":5.0},{"damage":13.0,"enemies":"Orb Walker","floor":36.0,"turns":2.0},{"damage":1.0,"enemies":"3 Shapes","floor":40.0,"turns":3.0},{"damage":7.0,"enemies":"Writhing Mass","floor":43.0,"turns":3.0},{"damage":6.0,"enemies":"3 Darklings","floor":45.0,"turns":3.0},{"damage":4.0,"enemies":"Jaw Worm Horde","floor":47.0,"turns":2.0},{"damage":0.0,"enemies":"Transient","floor":51.0,"turns":5.0},{"damage":107,"enemies":"WA_ARCHETYPE_DIVINITY","floor":52,"turns":5}],"seed_played":"6043909796364487322","potions_obtained":[{"floor":2.0,"key":"EssenceOfSteel"},{"floor":3.0,"key":"FearPotion"},{"floor":13.0,"key":"Dexterity Potion"},{"floor":14.0,"key":"BlessingOfTheForge"},{"floor":25.0,"key":"Fruit Juice"},{"floor":27.0,"key":"Block Potion"},{"floor":28.0,"key":"REME_GoldPotion"},{"floor":31.0,"key":"LiquidBronze"},{"floor":32.0,"key":"Reflective Coating"},{"floor":33.0,"key":"ColorlessPotion"}],"is_trial":false,"path_per_floor":["R","M","M","?","?","$","T","?","R","E","$","?","M","E","M","B",null,"R","M","?","$","?","$","T","M","M","E","M","R","M","E","M","B",null,"R","M","?","$","?","M","T","?","M","R","M","?","M","PTL","PTL","?","M","B"],"character_chosen":"SLIMEBOUND","items_purchased":["MerchantsRug","Sadistic Nature","Replay:Baseball","expansioncontent:StudyTheSpire","REME_LimitBreaker"],"campfire_rested":0,"item_purchase_floors":[21,21,21,23,38],"current_hp_per_floor":[65,59,52,52,65,59,59,52,52,24,25,25,24,26,26,11,65,65,63,50,36,62,64,64,69,55,39,39,39,39,43,47,4,80,80,75,75,75,75,76,76,76,83,83,83,83,83,83,83,83,91,0,0,0],"gold":158,"neow_bonus":"TRANSFORM_CARD","is_daily":false,"chose_seed":false,"campfire_upgraded":4,"win_rate":0.0,"timestamp":1611487417,"path_taken":["R","M","M","?","?","$","T","?","R","E","$","?","M","E","M","BOSS","R","M","?","$","?","?","T","M","M","E","M","R","?","E","M","BOSS","R","M","?","$","?","?","T","?","M","R","?","?","M","PTL","PTL","?","M","BOSS"],"items_purchased_type":["Relic","Card","Relic","Card","Relic"],"build_version":"2020-12-22","purchased_purges":2,"victory":false,"max_hp_per_floor":[65,65,65,65,65,65,65,65,65,65,65,65,65,65,65,65,65,65,65,65,65,65,65,65,70,70,72,74,74,76,78,80,80,80,80,84,84,84,84,86,86,86,92,92,94,94,96,96,96,96,96,96,96,96],"card_choices":[{"not_picked":["Slimebound:Equalize","Slimebound:Schlurp"],"picked":"Slimebound:GoopSpray","floor":2.0},{"not_picked":["Slimebound:ItLooksTasty","Slimebound:LeechingTouch"],"picked":"Slimebound:SplitAcid","floor":3.0},{"not_picked":["Slimebound:LeechEnergy","Slimebound:GoopSpray"],"picked":"Slimebound:PressTheAttack","floor":6.0},{"not_picked":["Slimebound:SlimeBarrage","Slimebound:RollThrough"],"picked":"Slimebound:CheckThePlaybook","floor":10.0},{"not_picked":["Slimebound:Grow","Slimebound:DivideAndConquer"],"picked":"Slimebound:Repurpose","floor":11.0},{"not_picked":["Slimebound:SplitAcid","Slimebound:ProtectTheBoss"],"picked":"Slimebound:HauntingLick","floor":13.0},{"not_picked":["Slimebound:Schlurp","Slimebound:ServeAndProtect","Slimebound:Overexert"],"picked":"SKIP","floor":14.0},{"not_picked":["Slimebound:HauntingLick","Slimebound:SlimeBarrage"],"picked":"Slimebound:LevelUp","floor":15.0},{"not_picked":["Slimebound:PrepareCrush","Slimebound:Teamwork"],"picked":"Slimebound:RallyTheTroops","floor":16.0},{"not_picked":["Slimebound:LeechEnergy","Slimebound:LeechingTouch"],"picked":"Slimebound:AcidTongue+1","floor":19.0},{"not_picked":["Slimebound:LevelUp","Slimebound:Prepare"],"picked":"Slimebound:SplitMire","floor":20.0},{"not_picked":["Slimebound:Dissolve","Slimebound:GoopSpray+1","Slimebound:ItLooksTasty"],"picked":"SKIP","floor":21.0},{"not_picked":["Slimebound:ComboTackle+1","Slimebound:SamplingLick"],"picked":"Slimebound:FirmFortitude","floor":23.0},{"not_picked":["Slimebound:RainOfGoop","Slimebound:RejuvenatingLick"],"picked":"Slimebound:MegaLick+1","floor":25.0},{"not_picked":["Slimebound:SplitBruiser","Slimebound:GoopTackle+1"],"picked":"Slimebound:MassFeed","floor":26.0},{"not_picked":["Slimebound:SplitBruiser+1","Slimebound:Schlurp+1","Slimebound:ProtectTheBoss+1"],"picked":"Singing Bowl","floor":27.0},{"not_picked":["Slimebound:ProtectTheBoss","Slimebound:SplitMire","Slimebound:LeechingTouch+1"],"picked":"Singing Bowl","floor":28.0},{"not_picked":["Slimebound:Equalize+1","Slimebound:Nibble","Slimebound:RallyTheTroops"],"picked":"Singing Bowl","floor":30.0},{"not_picked":["Slimebound:Equalize","Slimebound:GoopTackle","Slimebound:SplitLeeching+1"],"picked":"Singing Bowl","floor":31.0},{"not_picked":["Slimebound:SamplingLick","Slimebound:GoopSpray","Slimebound:SplitAcid"],"picked":"Singing Bowl","floor":32.0},{"not_picked":["Slimebound:CheckThePlaybook","Slimebound:SlimeSlap"],"picked":"Slimebound:MassRepurpose","floor":33.0},{"not_picked":["Slimebound:RollThrough","Slimebound:Equalize+1"],"picked":"Slimebound:Schlurp+1","floor":36.0},{"not_picked":["Slimebound:SplitAcid+1","Slimebound:GrowthPunch+1","Slimebound:ComboTackle+1"],"picked":"Singing Bowl","floor":40.0},{"not_picked":["Slimebound:PressTheAttack+1","Slimebound:BestDefense","Slimebound:Grow"],"picked":"Singing Bowl","floor":43.0},{"not_picked":["Slimebound:SplitAcid+1","Slimebound:RollThrough+1","Slimebound:PressTheAttack"],"picked":"Singing Bowl","floor":45.0},{"not_picked":["Slimebound:Equalize+1","Slimebound:Dissolve+1","Slimebound:LeechEnergy"],"picked":"Singing Bowl","floor":47.0},{"not_picked":["Slimebound:BestDefense","Slimebound:GoopTackle"],"picked":"Slimebound:RallyTheTroops","floor":51.0}],"player_experience":174881,"relics_obtained":[{"floor":2.0,"key":"LetterFromLob"},{"floor":7.0,"key":"Mirror"},{"floor":10.0,"key":"REME_HandOfSuture"},{"floor":12.0,"key":"Ring of Misfortune"},{"floor":12.0,"key":"Ring of Greed"},{"floor":12.0,"key":"Old Coin"},{"floor":12.0,"key":"Golden Egg"},{"floor":14.0,"key":"Vajra"},{"floor":20.0,"key":"Replay:Towering Pillar of Hats"},{"floor":20.0,"key":"Bottled Tornado"},{"floor":27.0,"key":"Singing Bowl"},{"floor":31.0,"key":"Grinning Jar"},{"floor":41.0,"key":"Garlic"},{"floor":46.0,"key":"HornCleat"}],"event_choices":[{"damage_healed":0.0,"max_hp_gain":0.0,"max_hp_loss":0.0,"gold_gain":0.0,"event_name":"Scrap Ooze","player_choice":"Success","floor":8.0,"gold_loss":0.0,"damage_taken":7.0,"relics_obtained":["Replay:Bottled Snecko"]},{"cards_removed":["Slimebound:Tackle"],"damage_healed":0.0,"max_hp_gain":0.0,"max_hp_loss":0.0,"gold_gain":0.0,"event_name":"Falling","player_choice":"Removed Attack","floor":39.0,"gold_loss":0.0,"damage_taken":0.0}],"is_beta":false,"boss_relics":[{"not_picked":["REME_LowDesire","REME_ChargedStone"],"picked":"Pandora\u0027s Box"},{"not_picked":["SlaversCollar","Fusion Hammer"],"picked":"Sozu"}],"items_purged_floors":[21,23],"is_endless":false,"potions_floor_spawned":[2,3,13,14,25,27,28,31,32,33,36,40,45,47],"killed_by":"WA_ARCHETYPE_DIVINITY","ascension_level":1}}