{"host":"ks2i9crt9nqqkbsp","time":1611491630,"event":{"mods":["100% Spire Juice","BaseMod","BetterRewards","Card Forge","Highlight Path","Minty Spire (QoL Compilation)","Red Circlet Mod","Shop Mod","Spicy Shops","StSLib","The Marked","Uncapped","¡¾ÒÅÎï¿¨ÅÆ¡¿REMEMod","óô»ðÖ¸ÄÏ"],"gold_per_floor":[119,119,129,161,195,195,266,266,266,326,350,368,389,689,689,829,829,869,889,34,101,101,168,211,241,241,282,282,362,423,463,32,169,169,242,242,262,284,617,617,108,122,173,203,68,143,158,158,91,91,91,230,86,118,118],"floor_reached":56,"language":"ZHS","playtime":7566,"items_purged":[],"score":1526,"play_id":"b075776a-adb8-4315-b4d8-5eb6a254e199","local_time":"20210124203350","is_ascension_mode":false,"campfire_choices":[{"data":"LessonLearned","floor":6.0,"key":"SMITH"},{"floor":15.0,"key":"RECALL"},{"data":"theMarked:ParalyzingBlade","floor":28.0,"key":"SMITH"},{"data":"theMarked:Challenge","floor":40,"key":"SMITH"}],"circlet_count":0,"master_deck":["theMarked:SoldierOfQuellstein+1","Feed+1","Venomology+1","theMarked:Generate+1","theMarked:Polarize+1","theMarked:Improvise+1","theMarked:SuspiciousRaven+1","theMarked:EnhanceMovement+1","theMarked:SummonStrength+1","theMarked:RepellingDischarge+1","theMarked:EnhanceMovement+1","theMarked:ElementalBlade+1","theMarked:ParalyzingBlade+1","theMarked:Levitate+1","theMarked:Challenge+1","REME_PuzzleBox+1"],"relics":["theMarked:ArtifactOfAir","Hammer of Thor","Seething Fire","Anvil of the Gods","REME_ComplimentaryCards","Ornamental Fan","MerchantsRug","ClockworkSouvenir","Ginger","REME_HandOfSuture","InkBottle","HornCleat","HandDrill","Boot","Bottled Lightning","Black Star","Chemical X","Bag of Preparation","Blue Candle","Lantern","Bottled Tornado","theMarked:Winder","Medical Kit","Oddly Smooth Stone","Kunai","REME_CardOfGreed","Toolbox","Gambling Chip","Centennial Puzzle"],"acts_visited":["TheCity","TheBeyond","TheEnding"],"potions_floor_usage":[31,33,36,37,38,41,42,42,49,49,50,55],"damage_taken":[{"damage":10.0,"enemies":"Small Slimes","floor":1.0,"turns":3.0},{"damage":1.0,"enemies":"Jaw Worm","floor":3.0,"turns":2.0},{"damage":2.0,"enemies":"2 Louse","floor":4.0,"turns":2.0},{"damage":0.0,"enemies":"Looter","floor":5.0,"turns":2.0},{"damage":17.0,"enemies":"3 Sentries","floor":7.0,"turns":5.0},{"damage":24.0,"enemies":"Gremlin Nob","floor":10.0,"turns":4.0},{"damage":0.0,"enemies":"Blue Slaver","floor":11.0,"turns":3.0},{"damage":8.0,"enemies":"Red Slaver","floor":12.0,"turns":3.0},{"damage":11.0,"enemies":"Exordium Wildlife","floor":13.0,"turns":5.0},{"damage":7.0,"enemies":"Hexaghost","floor":16.0,"turns":10.0},{"damage":8.0,"enemies":"Spheric Guardian","floor":18.0,"turns":4.0},{"damage":7.0,"enemies":"Shell Parasite","floor":19.0,"turns":4.0},{"damage":17.0,"enemies":"Snake Plant","floor":21.0,"turns":2.0},{"damage":3.0,"enemies":"REME_1_Revenger","floor":23.0,"turns":3.0},{"damage":7.0,"enemies":"3 Cultists","floor":24.0,"turns":4.0},{"damage":0.0,"enemies":"Snecko","floor":25.0,"turns":5.0},{"damage":1.0,"enemies":"Gremlin Leader","floor":27.0,"turns":7.0},{"damage":4.0,"enemies":"Book of Stabbing","floor":29.0,"turns":5.0},{"damage":0.0,"enemies":"Chosen and Byrds","floor":30.0,"turns":4.0},{"damage":6,"enemies":"Gremlin Leader","floor":31,"turns":4},{"damage":7,"enemies":"Collector","floor":33,"turns":5},{"damage":0,"enemies":"3 Shapes","floor":35,"turns":2},{"damage":29,"enemies":"3 Darklings","floor":37,"turns":4},{"damage":7,"enemies":"Spire Growth","floor":38,"turns":5},{"damage":5,"enemies":"Jaw Worm Horde","floor":42,"turns":3},{"damage":4,"enemies":"Giant Head","floor":44,"turns":4},{"damage":3,"enemies":"Nemesis","floor":46,"turns":3},{"damage":1,"enemies":"3 Darklings","floor":47,"turns":2},{"damage":2,"enemies":"Donu and Deca","floor":50,"turns":2},{"damage":13,"enemies":"Shield and Spear","floor":54,"turns":3},{"damage":86,"enemies":"The Heart","floor":55,"turns":7}],"seed_played":"5696500109586111839","potions_obtained":[{"floor":5.0,"key":"PowerPotion"},{"floor":7.0,"key":"Fruit Juice"},{"floor":10.0,"key":"Block Potion"},{"floor":16.0,"key":"FairyPotion"},{"floor":25.0,"key":"CultistPotion"},{"floor":29.0,"key":"Ancient Potion"},{"floor":33,"key":"Fire Potion"},{"floor":35,"key":"Dexterity Potion"},{"floor":36,"key":"EntropicBrew"},{"floor":36,"key":"Fruit Juice"},{"floor":36,"key":"Weak Potion"},{"floor":46,"key":"EntropicBrew"},{"floor":49,"key":"FearPotion"},{"floor":49,"key":"Swift Potion"},{"floor":49,"key":"CultistPotion"},{"floor":49,"key":"LiquidMemories"},{"floor":49,"key":"theMarked:ChargePotion"}],"is_trial":false,"path_per_floor":["M","?","M","M","M","R","E","?","T","E","M","M","M","?","R","B",null,"M","M","$","M","?","E","M","M","T","E","R","E","M","E","R","B",null,"M","?","M","M","?","R","$","M","T","E","$","E","M","?","R","B",null,"R","$","E","B",null],"character_chosen":"THE_DEFAULT","items_purchased":["MerchantsRug","REME_ArchaeologicalTools","ClockworkSouvenir","Sling","Ginger","HandDrill","Boot","Bottled Lightning","Chemical X","Bag of Preparation","Blue Candle","REME_PuzzleBox","theMarked:Winder","Medical Kit","Kunai","Cauldron","REME_CardOfGreed","Toolbox"],"campfire_rested":0,"item_purchase_floors":[20,20,20,20,20,32,32,32,41,41,41,41,45,45,49,49,52,53],"current_hp_per_floor":[77,61,64,73,73,73,72,48,48,31,31,30,29,22,22,25,97,97,97,97,94,94,101,105,105,105,105,105,101,105,109,109,113,113,117,122,107,114,114,114,120,115,115,125,125,132,140,140,140,142,144,144,144,135,49],"gold":118,"neow_bonus":"TEN_PERCENT_HP_BONUS","is_daily":false,"chose_seed":false,"campfire_upgraded":3,"win_rate":0.0,"timestamp":1611491630,"path_taken":["M","?","M","M","M","R","E","?","T","E","M","M","M","?","R","BOSS","M","M","$","M","?","E","M","M","T","E","R","E","M","E","R","BOSS","M","?","M","?","?","R","?","M","T","E","$","E","?","?","R","BOSS","R","$","E","BOSS"],"items_purchased_type":["Relic","Relic","Relic","Relic","Relic","Relic","Relic","Relic","Relic","Relic","Relic","Card","Relic","Relic","Relic","Relic","Relic","Relic"],"build_version":"2020-12-22","purchased_purges":0,"victory":true,"max_hp_per_floor":[80,80,84,88,88,88,97,97,97,97,97,97,97,97,97,97,97,97,97,97,101,101,101,105,105,105,105,105,105,105,109,109,113,113,117,122,126,130,130,130,136,136,136,140,140,140,140,140,140,144,144,144,144,148,148],"card_choices":[{"not_picked":["theMarked:RepellingDischarge","theMarked:WardOff"],"picked":"theMarked:Generate","floor":1.0},{"not_picked":["theMarked:Overcharge","theMarked:TwofoldDefense"],"picked":"theMarked:Polarize","floor":3.0},{"not_picked":["theMarked:ShockingTouch","theMarked:TwofoldDefense"],"picked":"theMarked:RepellingDischarge","floor":4.0},{"not_picked":["theMarked:WastefulAttack","theMarked:Standoff"],"picked":"theMarked:Improvise","floor":5.0},{"not_picked":["theMarked:WastefulDefense","theMarked:TakeCover"],"picked":"theMarked:SuspiciousRaven","floor":7.0},{"not_picked":["theMarked:RepellingDischarge","theMarked:Reabsorb"],"picked":"theMarked:ReduceFriction","floor":10.0},{"not_picked":["theMarked:SwordAndMagic","theMarked:WastefulAttack","theMarked:RepellingDischarge"],"picked":"SKIP","floor":11.0},{"not_picked":["theMarked:WastefulDefense","theMarked:CreepingChasm"],"picked":"theMarked:EnhanceMovement","floor":12.0},{"not_picked":["theMarked:WastefulAttack","theMarked:SwordAndMagic","theMarked:HeightenedSenses"],"picked":"SKIP","floor":13.0},{"not_picked":["theMarked:TurnInvisible","theMarked:MagicAdept"],"picked":"theMarked:SummonStrength","floor":16.0},{"not_picked":["theMarked:Improvise","theMarked:Aftermath"],"picked":"theMarked:StartUp","floor":18.0},{"not_picked":["theMarked:Overcharge","theMarked:TwofoldDefense"],"picked":"theMarked:RepellingDischarge","floor":19.0},{"not_picked":["theMarked:RepellingDischarge","theMarked:ElectricStrings"],"picked":"theMarked:EnhanceMovement+1","floor":21.0},{"not_picked":["theMarked:TwofoldDefense","theMarked:BanishingStrike"],"picked":"theMarked:AttractMetal+1","floor":23.0},{"not_picked":["theMarked:ElectricStrings","theMarked:Convert","theMarked:BanishingStrike"],"picked":"SKIP","floor":24.0},{"not_picked":["theMarked:ElectricStrings+1","theMarked:Improvise+1","theMarked:HeritageOfTheMarked"],"picked":"SKIP","floor":25.0},{"not_picked":["theMarked:RogueSparks","theMarked:DeterminationOfTheMarked"],"picked":"theMarked:ParalyzingBlade","floor":27.0},{"not_picked":["theMarked:ResourceFulStrike","theMarked:StartUp","theMarked:CreepingChasm"],"picked":"SKIP","floor":29.0},{"not_picked":["theMarked:Static","theMarked:TakeCover+1","theMarked:LightningStrikesTwice"],"picked":"SKIP","floor":30.0},{"not_picked":["theMarked:SummonStrength","theMarked:EnhanceMovement","theMarked:SuspiciousRaven"],"picked":"SKIP","floor":31},{"not_picked":["theMarked:SuspiciousRaven","theMarked:SoldierForm"],"picked":"theMarked:Levitate","floor":33},{"not_picked":["theMarked:WardOff+1","theMarked:ReduceFriction+1","theMarked:WastefulDefense+1"],"picked":"SKIP","floor":35},{"not_picked":["theMarked:Improvise","theMarked:WastefulDefense+1"],"picked":"theMarked:Challenge","floor":37},{"not_picked":["theMarked:ChainLightning","theMarked:Aftermath+1","theMarked:TwofoldDefense"],"picked":"SKIP","floor":38},{"not_picked":["theMarked:ResourceFulStrike","theMarked:TunnelVision","theMarked:TwofoldDefense+1"],"picked":"SKIP","floor":42},{"not_picked":["theMarked:Aftermath","theMarked:Parkour","theMarked:Electrocute+1"],"picked":"SKIP","floor":44},{"not_picked":["theMarked:Frustration+1","theMarked:Opportunist+1","theMarked:ElectricStrings+1"],"picked":"SKIP","floor":46},{"not_picked":["theMarked:GodGivenPower+1","theMarked:BanishingStrike+1","theMarked:Parkour"],"picked":"SKIP","floor":47},{"not_picked":["theMarked:CreepingChasm+1","theMarked:KeepCalmAndFightOn","theMarked:FavorableWinds"],"picked":"SKIP","floor":54}],"player_experience":268548,"relics_obtained":[{"floor":7.0,"key":"Darkstone Periapt"},{"floor":10.0,"key":"Ornamental Fan"},{"floor":23.0,"key":"Potion Belt"},{"floor":26.0,"key":"StrikeDummy"},{"floor":27.0,"key":"REME_HandOfSuture"},{"floor":29.0,"key":"InkBottle"},{"floor":31,"key":"HornCleat"},{"floor":43,"key":"CeramicFish"},{"floor":44,"key":"Lantern"},{"floor":44,"key":"Bottled Tornado"},{"floor":46,"key":"Toy Ornithopter"},{"floor":46,"key":"Oddly Smooth Stone"},{"floor":54,"key":"Gambling Chip"},{"floor":54,"key":"Centennial Puzzle"}],"event_choices":[{"damage_healed":0.0,"max_hp_gain":0.0,"max_hp_loss":0.0,"gold_gain":0.0,"event_name":"Shining Light","player_choice":"Entered Light","floor":2.0,"gold_loss":0.0,"damage_taken":16.0,"cards_upgraded":["Feed","Secret Weapon"]},{"damage_healed":0.0,"max_hp_gain":0.0,"max_hp_loss":0.0,"gold_gain":0.0,"event_name":"Golden Idol","player_choice":"Take Damage","floor":8.0,"gold_loss":0.0,"damage_taken":24.0,"relics_obtained":["Golden Idol"]},{"damage_healed":0.0,"max_hp_gain":0.0,"max_hp_loss":0.0,"gold_gain":0.0,"event_name":"Scrap Ooze","player_choice":"Success","floor":14.0,"gold_loss":0.0,"damage_taken":7.0,"relics_obtained":["Old Coin"]},{"damage_healed":0.0,"max_hp_gain":0.0,"max_hp_loss":0.0,"gold_gain":0.0,"event_name":"The Library","player_choice":"Read","floor":22.0,"gold_loss":0.0,"damage_taken":0.0,"cards_obtained":["theMarked:ElementalBlade"]},{"damage_healed":0,"gold_gain":0,"player_choice":"Got Potions","damage_taken":0,"max_hp_gain":0,"max_hp_loss":0,"event_name":"Lab","floor":36,"gold_loss":0},{"damage_healed":0,"gold_gain":333,"player_choice":"Gave Idol","damage_taken":0,"max_hp_gain":0,"max_hp_loss":0,"event_name":"The Moai Head","floor":39,"relics_lost":["Golden Idol"],"gold_loss":0},{"cards_removed":["Secret Weapon"],"damage_healed":0,"gold_gain":0,"player_choice":"Removed Skill","damage_taken":0,"max_hp_gain":0,"max_hp_loss":0,"event_name":"Falling","floor":48,"gold_loss":0}],"is_beta":false,"boss_relics":[{"not_picked":["Fusion Hammer","Runic Dome"],"picked":"Empty Cage"},{"not_picked":["REME_DemonsWealth","REME_DuelDisc"],"picked":"Black Star"}],"items_purged_floors":[],"is_endless":false,"potions_floor_spawned":[5,7,10,16,18,19,25,29,31,33,35,46],"ascension_level":0}}