{"host":"athd8lg4sftw81ak","time":1611466663,"event":{"mods":["BaseMod","Downfall","Hermit","Jorbs\u0027s Wanderer Trilogy","Minty Spire (QoL Compilation)","StSLib"],"gold_per_floor":[360,360,136,154,167,193,193,13,13,48,64,14,31,59,59,156,156,168,168,24,24,24,24,43,43,43,61,95,95,109,136,136,238,238,249,299,314,224,241,269,281,281,281,281,186,206,225,45,45,45],"floor_reached":51,"language":"ENG","playtime":2175,"items_purged":["Injury","Strike_B"],"score":909,"play_id":"b8bae473-bdd7-405c-ac00-e14c3580f139","local_time":"20210123233743","is_ascension_mode":true,"campfire_choices":[{"data":"Loop","floor":7,"key":"SMITH"},{"data":"Machine Learning","floor":15,"key":"SMITH"},{"floor":23,"key":"REST"},{"data":"Chaos","floor":25,"key":"SMITH"},{"floor":29,"key":"REST"},{"data":"Hologram","floor":32,"key":"SMITH"},{"data":"Fission","floor":44,"key":"SMITH"},{"data":"Rainbow","floor":49,"key":"SMITH"}],"circlet_count":0,"master_deck":["Defend_B","Defend_B","Defend_B","Defend_B","Zap","Dualcast","Leap","Loop+1","Sweeping Beam+1","Leap","Coolheaded","Ball Lightning","Steam","White Noise","Lockon","Doom and Gloom","Machine Learning+1","Biased Cognition","Necronomicurse","Glacier","Self Repair","Leap","Doom and Gloom","Chaos+1","Conserve Battery+1","Glacier+1","Hologram+1","Fission+1","Steam+1","Barrage","Parasite","Coolheaded+1","Amplify","Rainbow+1"],"relics":["Cracked Core","InkBottle","Strange Spoon","Strawberry","Blood Vial","Anchor","Inserter","Necronomicon","Vajra","Akabeko","Lizard Tail","Busted Crown","Du-Vu Doll","hexamod:CandleOfCauterizing","Bird Faced Urn"],"acts_visited":["Exordium","TheCity","TheBeyond"],"potions_floor_usage":[6,10,13,14,27,42,45,50,50],"damage_taken":[{"damage":1,"enemies":"Cultist","floor":1,"turns":3},{"damage":2,"enemies":"Jaw Worm","floor":4,"turns":5},{"damage":0,"enemies":"2 Louse","floor":5,"turns":3},{"damage":3,"enemies":"Lagavulin","floor":6,"turns":6},{"damage":1,"enemies":"3 Sentries","floor":10,"turns":4},{"damage":0,"enemies":"Large Slime","floor":11,"turns":4},{"damage":0,"enemies":"2 Fungi Beasts","floor":13,"turns":3},{"damage":22,"enemies":"Gremlin Nob","floor":14,"turns":4},{"damage":12,"enemies":"The Guardian","floor":16,"turns":9},{"damage":19,"enemies":"Spheric Guardian","floor":18,"turns":6},{"damage":0,"enemies":"Shell Parasite","floor":24,"turns":7},{"damage":18,"enemies":"Snecko","floor":27,"turns":5},{"damage":17,"enemies":"Gremlin Leader","floor":28,"turns":5},{"damage":0,"enemies":"Sentry and Sphere","floor":30,"turns":4},{"damage":25,"enemies":"Book of Stabbing","floor":31,"turns":5},{"damage":26,"enemies":"Collector","floor":33,"turns":9},{"damage":7,"enemies":"Orb Walker","floor":35,"turns":4},{"damage":2,"enemies":"Mind Bloom Boss Battle","floor":36,"turns":8},{"damage":0,"enemies":"3 Shapes","floor":37,"turns":2},{"damage":0,"enemies":"Spire Growth","floor":39,"turns":6},{"damage":14,"enemies":"Nemesis","floor":40,"turns":5},{"damage":7,"enemies":"Writhing Mass","floor":41,"turns":4},{"damage":0,"enemies":"4 Shapes","floor":42,"turns":1},{"damage":16,"enemies":"Maw","floor":46,"turns":5},{"damage":4,"enemies":"3 Darklings","floor":47,"turns":3},{"damage":40,"enemies":"Donu and Deca","floor":50,"turns":8}],"seed_played":"-3862985241133802264","potions_obtained":[{"floor":1,"key":"EssenceOfDarkness"},{"floor":2,"key":"hexamod:SoulburnPotion"},{"floor":2,"key":"PowerPotion"},{"floor":6,"key":"Guardian:BlockOnCardUsePotion"},{"floor":10,"key":"Weak Potion"},{"floor":18,"key":"SpeedPotion"},{"floor":28,"key":"SmokeBomb"},{"floor":30,"key":"Swift Potion"},{"floor":35,"key":"PotionOfCapacity"},{"floor":46,"key":"hexamod:SoulburnPotion"}],"is_trial":false,"path_per_floor":["M","?","$","M","M","E","R","$","T","E","M","?","M","E","R","B",null,"M","?","$","?","?","R","M","R","T","M","E","R","M","E","R","B",null,"M","?","M","?","M","E","M","M","T","R","$","M","M","$","R","B",null],"character_chosen":"DEFECT","items_purchased":["Loop","Sweeping Beam","Leap","Strange Spoon","Steam","Glacier","Self Repair","Fruit Juice","Rainbow"],"campfire_rested":2,"item_purchase_floors":[3,3,3,8,8,20,20,45,48],"current_hp_per_floor":[74,74,74,72,72,69,69,69,76,75,77,77,79,59,59,49,74,57,41,41,41,41,65,74,74,74,65,50,74,76,60,60,36,71,66,73,75,75,82,75,77,79,79,79,84,77,86,86,86,53],"gold":45,"neow_bonus":"TWO_FIFTY_GOLD","is_daily":false,"chose_seed":false,"campfire_upgraded":6,"win_rate":0.0,"timestamp":1611466663,"path_taken":["M","?","$","?","M","E","R","$","T","E","M","?","M","E","R","BOSS","M","?","$","?","?","R","?","R","T","M","E","R","M","E","R","BOSS","M","?","M","?","M","E","M","M","T","R","$","M","?","$","R","BOSS"],"items_purchased_type":["Card","Card","Card","Relic","Card","Card","Card","Potion","Card"],"build_version":"2020-12-22","purchased_purges":2,"victory":true,"max_hp_per_floor":[75,75,75,75,75,75,75,75,82,82,82,82,82,82,82,82,82,82,82,82,82,82,82,82,82,82,82,82,82,82,82,82,82,82,82,82,82,82,82,82,82,82,82,82,87,87,87,87,87,87],"card_choices":[{"not_picked":["Beam Cell","Compile Driver"],"picked":"Leap","floor":1},{"not_picked":["Leap","Stack"],"picked":"Streamline","floor":4},{"not_picked":["Streamline","Redo"],"picked":"Coolheaded","floor":5},{"not_picked":["Rip and Tear","Scrape"],"picked":"Ball Lightning","floor":6},{"not_picked":["Redo","Rebound"],"picked":"White Noise","floor":10},{"not_picked":["Compile Driver","Thunder Strike"],"picked":"Lockon","floor":11},{"not_picked":["Double Energy","Gash"],"picked":"Doom and Gloom","floor":13},{"not_picked":["Redo","Beam Cell"],"picked":"Machine Learning","floor":14},{"not_picked":["Core Surge","Reboot"],"picked":"Biased Cognition","floor":16},{"not_picked":["Compile Driver","Sweeping Beam","Heatsinks"],"picked":"SKIP","floor":18},{"not_picked":["Sweeping Beam","Leap+1"],"picked":"Conserve Battery+1","floor":24},{"not_picked":["Steam Power","Stack","Scrape"],"picked":"SKIP","floor":27},{"not_picked":["Scrape","Doom and Gloom"],"picked":"Glacier+1","floor":28},{"not_picked":["Sweeping Beam","Aggregate"],"picked":"Hologram","floor":30},{"not_picked":["Aggregate","Rebound","Skim"],"picked":"SKIP","floor":31},{"not_picked":["Meteor Strike","Reboot"],"picked":"Fission","floor":33},{"not_picked":[],"picked":"Steam+1","floor":35},{"not_picked":["Reprogram"],"picked":"SKIP","floor":37},{"not_picked":[],"picked":"Barrage","floor":39},{"not_picked":["Ball Lightning"],"picked":"SKIP","floor":40},{"not_picked":[],"picked":"Coolheaded+1","floor":41},{"not_picked":["Fusion"],"picked":"SKIP","floor":46},{"not_picked":[],"picked":"Amplify","floor":47}],"player_experience":592044,"relics_obtained":[{"floor":6,"key":"InkBottle"},{"floor":9,"key":"Strawberry"},{"floor":10,"key":"Blood Vial"},{"floor":14,"key":"Anchor"},{"floor":19,"key":"Necronomicon"},{"floor":26,"key":"Vajra"},{"floor":28,"key":"Akabeko"},{"floor":31,"key":"Lizard Tail"},{"floor":36,"key":"Du-Vu Doll"},{"floor":40,"key":"hexamod:CandleOfCauterizing"},{"floor":43,"key":"Bird Faced Urn"}],"event_choices":[{"damage_healed":0,"gold_gain":0,"player_choice":"Got Potions","damage_taken":0,"max_hp_gain":0,"max_hp_loss":0,"event_name":"Lab","floor":2,"gold_loss":0},{"cards_removed":["Strike_B"],"damage_healed":0,"gold_gain":0,"player_choice":"Card Removal","damage_taken":0,"max_hp_gain":0,"max_hp_loss":0,"event_name":"The Cleric","floor":12,"gold_loss":50},{"damage_healed":0,"gold_gain":0,"player_choice":"Obtained Book","damage_taken":16,"max_hp_gain":0,"max_hp_loss":0,"event_name":"Cursed Tome","floor":19,"gold_loss":0},{"damage_healed":0,"gold_gain":0,"cards_transformed":["Strike_B","Streamline"],"player_choice":"Became Test Subject","damage_taken":0,"max_hp_gain":0,"max_hp_loss":0,"event_name":"Drug Dealer","floor":21,"gold_loss":0,"cards_obtained":["Leap","Doom and Gloom"]},{"damage_healed":0,"gold_gain":0,"player_choice":"Read","damage_taken":0,"max_hp_gain":0,"max_hp_loss":0,"event_name":"The Library","floor":22,"gold_loss":0,"cards_obtained":["Chaos"]},{"damage_healed":0,"gold_gain":0,"player_choice":"Fight","damage_taken":0,"max_hp_gain":0,"max_hp_loss":0,"event_name":"MindBloom","floor":36,"gold_loss":0},{"cards_removed":["Strike_B"],"damage_healed":0,"gold_gain":0,"player_choice":"Upgrade and Remove","damage_taken":0,"max_hp_gain":0,"max_hp_loss":0,"event_name":"Designer","floor":38,"gold_loss":90,"cards_upgraded":["Sweeping Beam"]}],"is_beta":false,"boss_relics":[{"not_picked":["SacredBark","Runic Pyramid"],"picked":"Inserter"},{"not_picked":["FrozenCore","Velvet Choker"],"picked":"Busted Crown"}],"items_purged_floors":[3,48],"is_endless":false,"potions_floor_spawned":[1,6,10,18,28,30,33,35,42,46],"ascension_level":5}}