{"host":"syozzdlzcqop4jia","time":1611455447,"event":{"mods":["BaseMod","Colored Powertips","Minty Spire (QoL Compilation)","Quick Restart"],"gold_per_floor":[116,116,66,42,42,77,77,77,100,100,120,136,147,164,164,263,263,277,62,74,93,93,93,108,108,184,84,84,94,94,94],"floor_reached":30,"language":"ENG","playtime":2030,"items_purged":["Strike_R","Defend_R"],"score":253,"play_id":"b38e6714-e6bc-4f34-8bb7-e411fb5375f6","local_time":"20210124033047","is_ascension_mode":true,"campfire_choices":[{"data":"Anger","floor":7,"key":"SMITH"},{"floor":10,"key":"REST"},{"floor":15,"key":"REST"},{"data":"Flex","floor":23,"key":"SMITH"},{"data":"Wild Strike","floor":28,"key":"SMITH"}],"circlet_count":0,"master_deck":["Strike_R","Strike_R","Defend_R","Defend_R+1","Defend_R+1","Bash","Swift Strike","Anger","Shrug It Off","Anger+1","Pummel","Shrug It Off","Wild Strike+1","Flex+1","Double Tap","Heavy Blade","Perfected Strike","Inflame","Wild Strike","Pommel Strike","Headbutt","Shrug It Off","Flex+1"],"relics":["Burning Blood","Letter Opener","War Paint","Philosopher\u0027s Stone","Bottled Tornado"],"acts_visited":["Exordium","TheCity"],"potions_floor_usage":[6,13,16,24,30],"damage_taken":[{"damage":6,"enemies":"Jaw Worm","floor":1,"turns":4},{"damage":14,"enemies":"Lagavulin","floor":6,"turns":6},{"damage":0,"enemies":"Small Slimes","floor":11,"turns":3},{"damage":0,"enemies":"2 Louse","floor":12,"turns":2},{"damage":40,"enemies":"Gremlin Gang","floor":13,"turns":5},{"damage":1,"enemies":"Exordium Thugs","floor":14,"turns":4},{"damage":28,"enemies":"Slime Boss","floor":16,"turns":11},{"damage":21,"enemies":"Spheric Guardian","floor":18,"turns":4},{"damage":27,"enemies":"Shell Parasite","floor":20,"turns":4},{"damage":12,"enemies":"Cultist and Chosen","floor":21,"turns":5},{"damage":17,"enemies":"3 Cultists","floor":24,"turns":4},{"damage":33,"enemies":"Snake Plant","floor":29,"turns":3},{"damage":40,"enemies":"Slavers","floor":30,"turns":3}],"seed_played":"-1829330275003040080","potions_obtained":[{"floor":1,"key":"EssenceOfSteel"},{"floor":11,"key":"LiquidBronze"},{"floor":13,"key":"Weak Potion"},{"floor":20,"key":"GamblersBrew"},{"floor":21,"key":"Fire Potion"},{"floor":29,"key":"Regen Potion"}],"is_trial":false,"path_per_floor":["M","?","?","$","$","E","R","?","T","R","M","M","M","M","R","B",null,"M","$","M","M","?","R","M","$","T","$","R","M","E"],"character_chosen":"IRONCLAD","items_purchased":["Shrug It Off","Perfected Strike","Inflame","Wild Strike"],"campfire_rested":2,"item_purchase_floors":[4,19,19,19],"current_hp_per_floor":[80,85,85,85,85,77,77,77,77,85,85,85,51,56,81,59,85,70,70,49,43,85,85,74,74,74,74,74,47,16,16],"gold":94,"neow_bonus":"RANDOM_COLORLESS","is_daily":false,"chose_seed":false,"campfire_upgraded":3,"win_rate":0.0,"timestamp":1611455447,"path_taken":["M","?","?","?","$","E","R","?","T","R","M","M","M","M","R","BOSS","M","$","?","M","?","R","M","?","T","?","R","?","E"],"items_purchased_type":["Card","Card","Card","Card"],"build_version":"2020-12-22","purchased_purges":2,"victory":false,"max_hp_per_floor":[80,85,85,85,85,85,85,85,85,85,85,85,85,85,85,85,85,85,85,85,85,85,85,85,85,85,85,85,85,85,85],"card_choices":[{"not_picked":["Trip","Dramatic Entrance"],"picked":"Swift Strike","floor":0},{"not_picked":["Dropkick","Armaments"],"picked":"Anger","floor":1},{"not_picked":["Iron Wave","True Grit"],"picked":"Anger","floor":6},{"not_picked":["Burning Pact","Dual Wield"],"picked":"Pummel","floor":11},{"not_picked":["Fire Breathing","Seeing Red"],"picked":"Shrug It Off","floor":12},{"not_picked":["Reckless Charge","Shrug It Off"],"picked":"Wild Strike","floor":13},{"not_picked":["Shrug It Off","Body Slam"],"picked":"Flex","floor":14},{"not_picked":["Barricade","Immolate"],"picked":"Double Tap","floor":16},{"not_picked":["Wild Strike","Armaments"],"picked":"Heavy Blade","floor":18},{"not_picked":["Body Slam","Evolve"],"picked":"Pommel Strike","floor":20},{"not_picked":["Battle Trance+1","True Grit"],"picked":"Headbutt","floor":21},{"not_picked":["Metallicize","Rupture"],"picked":"Shrug It Off","floor":24},{"not_picked":["Berserk","Dropkick"],"picked":"Flex+1","floor":29}],"player_experience":334833,"relics_obtained":[{"floor":6,"key":"Letter Opener"},{"floor":9,"key":"War Paint"},{"floor":26,"key":"Bottled Tornado"}],"event_choices":[{"damage_healed":0,"gold_gain":0,"player_choice":"Donut","damage_taken":0,"max_hp_gain":5,"max_hp_loss":0,"event_name":"Big Fish","floor":2,"gold_loss":0},{"cards_removed":["Strike_R"],"damage_healed":0,"gold_gain":0,"player_choice":"Card Removal","damage_taken":0,"max_hp_gain":0,"max_hp_loss":0,"event_name":"The Cleric","floor":3,"gold_loss":50},{"cards_removed":["Strike_R"],"damage_healed":0,"gold_gain":0,"player_choice":"Offered Basic","damage_taken":0,"max_hp_gain":0,"max_hp_loss":0,"event_name":"Bonfire Elementals","floor":8,"gold_loss":0},{"damage_healed":42,"gold_gain":0,"player_choice":"Full Heal","damage_taken":0,"max_hp_gain":0,"max_hp_loss":0,"event_name":"Wheel of Change","floor":22,"gold_loss":0}],"is_beta":false,"boss_relics":[{"not_picked":["Empty Cage","Coffee Dripper"],"picked":"Philosopher\u0027s Stone"}],"items_purged_floors":[19,27],"is_endless":false,"potions_floor_spawned":[1,11,13,20,21,29],"killed_by":"Slavers","ascension_level":2}}