{"host":"3zb3nk4wvq0dtbuh","time":1611499187,"event":{"mods":["AchievementEnabler","BaseMod","Lobotomy","Minty Spire (QoL Compilation)","Quick Restart","StSLib","SuperFastMode","The Blackbeard"],"gold_per_floor":[11,11,86,102,50,50,74,74,154,154,170,194,194,212,212,337,337,357,373,373,392,392,392,425,425,425,449,449,449,449,463,463,463,463],"floor_reached":33,"language":"ZHS","playtime":589,"items_purged":[],"score":239,"play_id":"48996fdd-279c-4d04-8ca6-9ca54368d4f4","local_time":"20210124223947","is_ascension_mode":false,"campfire_choices":[{"data":"Armaments","floor":6.0,"key":"SMITH"},{"data":"Sword Boomerang","floor":8.0,"key":"SMITH"},{"data":"Perfected Strike","floor":13.0,"key":"SMITH"},{"data":"Pommel Strike","floor":15.0,"key":"SMITH"},{"data":"Armaments","floor":23,"key":"SMITH"},{"floor":28,"key":"REST"},{"data":"Defend_R","floor":30,"key":"SMITH"},{"floor":32,"key":"REST"}],"circlet_count":0,"master_deck":["Strike_R","Strike_R","Defend_R","Defend_R+1","Defend_R","Defend_R","Bash","Sword Boomerang+1","Armaments+1","Pommel Strike+1","Thunderclap","Perfected Strike+1","CurseOfTheBell","Wild Strike","Armaments+1","Pommel Strike"],"relics":["Burning Blood","Golden Idol","StrikeDummy","Calling Bell","Lantern","The Courier","Torii","Red Mask","CeramicFish","Enchiridion"],"acts_visited":["Exordium","TheCity"],"potions_floor_usage":[22,24,33],"damage_taken":[{"damage":17.0,"enemies":"Small Slimes","floor":1.0,"turns":3.0},{"damage":2.0,"enemies":"2 Louse","floor":4.0,"turns":3.0},{"damage":6.0,"enemies":"Cultist","floor":7.0,"turns":3.0},{"damage":13.0,"enemies":"3 Louse","floor":11.0,"turns":3.0},{"damage":6.0,"enemies":"Large Slime","floor":12.0,"turns":5.0},{"damage":21.0,"enemies":"Gremlin Gang","floor":14.0,"turns":4.0},{"damage":45.0,"enemies":"Slime Boss","floor":16.0,"turns":11.0},{"damage":5.0,"enemies":"3 Byrds","floor":18.0,"turns":5.0},{"damage":24.0,"enemies":"Shell Parasite","floor":19.0,"turns":5.0},{"damage":22.0,"enemies":"Centurion and Healer","floor":21.0,"turns":7.0},{"damage":0,"enemies":"Shelled Parasite and Fungi","floor":22,"turns":1},{"damage":21,"enemies":"Masked Bandits","floor":24,"turns":4},{"damage":21,"enemies":"Snake Plant","floor":27,"turns":4},{"damage":1,"enemies":"Centurion and Healer","floor":31,"turns":5},{"damage":52,"enemies":"Automaton","floor":33,"turns":6}],"seed_played":"4299464179914486668","potions_obtained":[{"floor":1.0,"key":"SmokeBomb"},{"floor":11.0,"key":"ColorlessPotion"},{"floor":12.0,"key":"DistilledChaos"},{"floor":18.0,"key":"Explosive Potion"},{"floor":21.0,"key":"CultistPotion"},{"floor":27,"key":"ColorlessPotion"},{"floor":31,"key":"Swift Potion"}],"is_trial":false,"path_per_floor":["M","?","?","M","$","R","M","R","T","?","M","M","R","M","R","B",null,"M","M","?","M","M","R","?","?","T","M","R","?","R","M","R","B"],"character_chosen":"IRONCLAD","items_purchased":["Armaments"],"campfire_rested":2,"item_purchase_floors":[5],"current_hp_per_floor":[69,49,38,42,42,42,42,42,42,68,61,61,61,46,46,7,80,80,62,62,46,52,52,37,31,31,16,40,24,24,29,53,1,1],"gold":463,"neow_bonus":"REMOVE_TWO","is_daily":false,"chose_seed":false,"campfire_upgraded":6,"win_rate":0.0,"timestamp":1611499187,"path_taken":["M","?","?","M","$","R","M","R","T","?","M","M","R","M","R","BOSS","M","M","?","M","?","R","?","?","T","?","R","?","R","M","R","BOSS"],"items_purchased_type":["Card"],"build_version":"2020-12-22","purchased_purges":0,"victory":false,"max_hp_per_floor":[80,80,80,80,80,80,80,80,80,80,80,80,80,80,80,80,80,80,80,80,80,80,80,80,80,80,80,80,80,80,80,80,80,80],"card_choices":[{"not_picked":["Second Wind","Combust"],"picked":"Sword Boomerang","floor":1.0},{"not_picked":["Combust","Sentinel","Power Through"],"picked":"SKIP","floor":4.0},{"not_picked":["Disarm","Flex"],"picked":"Pommel Strike","floor":7.0},{"not_picked":["Clothesline","Heavy Blade"],"picked":"Thunderclap","floor":11.0},{"not_picked":["Dark Embrace","Headbutt"],"picked":"Perfected Strike","floor":12.0},{"not_picked":["Clothesline","Dropkick","Sever Soul"],"picked":"SKIP","floor":14.0},{"not_picked":["Searing Blow","Sword Boomerang+1"],"picked":"Wild Strike","floor":18.0},{"not_picked":["Sword Boomerang","Combust"],"picked":"Armaments","floor":19.0},{"not_picked":["Blood for Blood","Corruption","Flame Barrier+1"],"picked":"SKIP","floor":21.0},{"not_picked":["Armaments","Thunderclap"],"picked":"Pommel Strike","floor":24},{"not_picked":["Anger+1","Sword Boomerang","Dark Embrace"],"picked":"SKIP","floor":27},{"not_picked":["Armaments","Feel No Pain","Corruption"],"picked":"SKIP","floor":31}],"player_experience":18814,"relics_obtained":[{"floor":9.0,"key":"StrikeDummy"},{"floor":17.0,"key":"Lantern"},{"floor":17.0,"key":"The Courier"},{"floor":17.0,"key":"Torii"},{"floor":24,"key":"Red Mask"},{"floor":26,"key":"CeramicFish"},{"floor":29,"key":"Enchiridion"}],"event_choices":[{"damage_healed":0.0,"max_hp_gain":0.0,"max_hp_loss":0.0,"gold_gain":0.0,"event_name":"Golden Idol","player_choice":"Take Damage","floor":2.0,"gold_loss":0.0,"damage_taken":20.0,"relics_obtained":["Golden Idol"]},{"damage_healed":0.0,"max_hp_gain":0.0,"max_hp_loss":0.0,"gold_gain":75.0,"event_name":"World of Goop","player_choice":"Gather Gold","floor":3.0,"gold_loss":0.0,"damage_taken":11.0},{"damage_healed":26.0,"max_hp_gain":0.0,"max_hp_loss":0.0,"gold_gain":0.0,"event_name":"Big Fish","player_choice":"Banana","floor":10.0,"gold_loss":0.0,"damage_taken":0.0},{"cards_removed":["Strike_R"],"damage_healed":0.0,"max_hp_gain":0.0,"max_hp_loss":0.0,"gold_gain":0.0,"event_name":"Bonfire Elementals","player_choice":"Offered Basic","floor":20.0,"gold_loss":0.0,"damage_taken":0.0},{"damage_healed":0,"gold_gain":0,"player_choice":"Fought Bandits","damage_taken":0,"max_hp_gain":0,"max_hp_loss":0,"event_name":"Masked Bandits","floor":24,"gold_loss":0},{"damage_healed":0,"gold_gain":0,"player_choice":"","damage_taken":6,"max_hp_gain":0,"max_hp_loss":0,"event_name":"Knowing Skull","floor":25,"potions_obtained":[],"gold_loss":0,"cards_obtained":[]},{"damage_healed":0,"gold_gain":0,"player_choice":"Obtained Book","damage_taken":16,"max_hp_gain":0,"max_hp_loss":0,"event_name":"Cursed Tome","floor":29,"gold_loss":0}],"is_beta":false,"boss_relics":[{"not_picked":["Ectoplasm","Black Star"],"picked":"Calling Bell"}],"items_purged_floors":[],"is_endless":false,"potions_floor_spawned":[1,11,12,18,21,27,31],"killed_by":"Automaton","ascension_level":0}}