{"host":"1c17lcvl7acx821p","time":1611498378,"event":{"mods":["AchievementEnabler","BaseMod","Colored Map","Minty Spire (QoL Compilation)","StSLib"],"gold_per_floor":[119,130,205,54,229,257,273,297,367,317,90,125,143,174,174,271,271,258,273,273,233,233,267,267,298,298,314,341,341,366,385,385,485,485,503,503,515,526,543,568,568,568,568,598,608,638,656,163,163,163,163,163,42,73,73],"floor_reached":56,"language":"ENG","playtime":3076,"items_purged":["Strike_G","Strike_G+1"],"score":2062,"play_id":"79e782bb-56fa-490f-9ff5-890655df7c14","local_time":"20210124162618","is_ascension_mode":true,"campfire_choices":[{"data":"Dagger Spray","floor":15.0,"key":"SMITH"},{"data":"Neutralize","floor":24,"key":"SMITH"},{"data":"Malaise","floor":29,"key":"SMITH"},{"data":"Prepared","floor":32,"key":"SMITH"},{"floor":41,"key":"RECALL"},{"floor":49,"key":"REST"},{"floor":52,"key":"REST"}],"circlet_count":0,"master_deck":["AscendersBane","Strike_G+1","Strike_G+1","Strike_G+1","Defend_G+1","Defend_G+1","Defend_G+1","Defend_G+1","Defend_G+1","Survivor","Neutralize+1","Flying Knee","PiercingWail","Skewer+1","Venomology+1","Dagger Spray+1","A Thousand Cuts+1","Dagger Throw","Footwork+1","PiercingWail","Blur","Noxious Fumes+1","Deflect","Malaise+1","Caltrops+1","Prepared+1","A Thousand Cuts+1","Deadly Poison+1","Grand Finale","PiercingWail+1","Night Terror","Leg Sweep+1","Leg Sweep+1","Noxious Fumes+1","Reflex+1","Infinite Blades+1","Finesse","Infinite Blades+1","Tools of the Trade+1"],"relics":["Ring of the Snake","NeowsBlessing","Bag of Preparation","Anchor","War Paint","Frozen Egg 2","Lee\u0027s Waffle","Centennial Puzzle","Prayer Wheel","Runic Pyramid","PreservedInsect","Art of War","Mummified Hand","Tiny Chest","Smiling Mask","Fusion Hammer","Toy Ornithopter","Blood Vial","Eternal Feather","Lizard Tail","Bottled Flame"],"acts_visited":["Exordium","TheCity","TheBeyond","TheEnding"],"potions_floor_usage":[23,23,25,27,27,28,28,30,31,33,33,33,33,33,37,38,39,39,40,40,40,44,45,46,46,50,50,54,55,55,55,55,55,55],"damage_taken":[{"damage":0.0,"enemies":"2 Louse","floor":1.0,"turns":2.0},{"damage":0.0,"enemies":"Jaw Worm","floor":2.0,"turns":1.0},{"damage":0.0,"enemies":"Lagavulin","floor":6.0,"turns":1.0},{"damage":7.0,"enemies":"Small Slimes","floor":7.0,"turns":3.0},{"damage":20.0,"enemies":"Gremlin Nob","floor":12.0,"turns":4.0},{"damage":8.0,"enemies":"Exordium Wildlife","floor":13.0,"turns":4.0},{"damage":9.0,"enemies":"Lagavulin","floor":14.0,"turns":7.0},{"damage":19.0,"enemies":"Hexaghost","floor":16.0,"turns":7.0},{"damage":14.0,"enemies":"2 Thieves","floor":18.0,"turns":4.0},{"damage":0.0,"enemies":"3 Byrds","floor":19.0,"turns":4.0},{"damage":11,"enemies":"Slavers","floor":23,"turns":6},{"damage":0,"enemies":"Gremlin Leader","floor":25,"turns":6},{"damage":0,"enemies":"Snecko","floor":27,"turns":5},{"damage":0,"enemies":"Book of Stabbing","floor":28,"turns":6},{"damage":0,"enemies":"Gremlin Leader","floor":30,"turns":6},{"damage":0,"enemies":"Snake Plant","floor":31,"turns":5},{"damage":8,"enemies":"Collector","floor":33,"turns":10},{"damage":0,"enemies":"3 Darklings","floor":35,"turns":4},{"damage":1,"enemies":"Orb Walker","floor":37,"turns":4},{"damage":0,"enemies":"Sphere and 2 Shapes","floor":38,"turns":5},{"damage":1,"enemies":"Maw","floor":39,"turns":6},{"damage":8,"enemies":"Giant Head","floor":40,"turns":8},{"damage":0,"enemies":"Reptomancer","floor":44,"turns":4},{"damage":0,"enemies":"4 Shapes","floor":45,"turns":5},{"damage":0,"enemies":"Giant Head","floor":46,"turns":8},{"damage":0,"enemies":"Writhing Mass","floor":47,"turns":5},{"damage":67,"enemies":"Awakened One","floor":50,"turns":12},{"damage":8,"enemies":"Shield and Spear","floor":54,"turns":5},{"damage":60,"enemies":"The Heart","floor":55,"turns":9}],"seed_played":"-1946547089777047231","potions_obtained":[{"floor":6.0,"key":"Strength Potion"},{"floor":7.0,"key":"Energy Potion"},{"floor":12.0,"key":"PowerPotion"},{"floor":18.0,"key":"PowerPotion"},{"floor":23,"key":"Fire Potion"},{"floor":27,"key":"Explosive Potion"},{"floor":28,"key":"Regen Potion"},{"floor":35,"key":"CultistPotion"},{"floor":37,"key":"EssenceOfSteel"}],"is_trial":false,"path_per_floor":["M","M","?","$","?","E","M","T","T","?","$","E","M","E","R","B",null,"M","M","?","?","$","E","R","E","T","M","E","R","E","M","R","B",null,"M","?","M","M","M","E","R","?","T","E","M","E","M","$","R","B",null,"R","$","E","B",null],"character_chosen":"THE_SILENT","items_purchased":["Bag of Preparation","Lee\u0027s Waffle","Infinite Blades+1","Finesse","Lizard Tail","Infinite Blades+1"],"campfire_rested":2,"item_purchase_floors":[4,11,48,48,48,53],"current_hp_per_floor":[63,63,52,52,52,52,45,45,45,45,77,57,49,40,40,21,63,49,49,49,49,49,38,38,38,38,38,38,38,53,53,53,45,69,69,69,68,68,67,59,59,59,59,64,71,77,77,77,77,15,62,77,77,69,20],"gold":73,"neow_bonus":"THREE_ENEMY_KILL","is_daily":false,"chose_seed":false,"campfire_upgraded":4,"win_rate":0.0,"timestamp":1611498378,"path_taken":["M","M","?","$","?","E","M","?","T","?","$","E","?","E","R","BOSS","M","M","?","?","$","E","R","E","T","?","E","R","E","M","R","BOSS","M","?","M","?","M","E","R","?","T","E","M","E","M","$","R","BOSS","R","$","E","BOSS"],"items_purchased_type":["Relic","Relic","Card","Card","Relic","Card"],"build_version":"2020-12-22","purchased_purges":2,"victory":true,"max_hp_per_floor":[70,70,70,70,70,70,70,70,70,70,77,77,77,77,77,77,77,77,77,77,77,77,77,77,77,77,77,77,77,77,77,77,77,77,77,77,77,77,77,77,77,77,77,77,77,77,77,77,77,77,77,77,77,77,77],"card_choices":[{"not_picked":["Deflect","Caltrops"],"picked":"Flying Knee","floor":1.0},{"not_picked":["Accuracy","Choke"],"picked":"Predator","floor":2.0},{"not_picked":["Blade Dance","Terror"],"picked":"PiercingWail","floor":6.0},{"not_picked":["Prepared","Acrobatics"],"picked":"Skewer","floor":7.0},{"not_picked":["Dodge and Roll","Concentrate"],"picked":"Venomology","floor":12.0},{"not_picked":["Blade Dance","Poisoned Stab","Quick Slash"],"picked":"SKIP","floor":13.0},{"not_picked":["Sucker Punch","Quick Slash"],"picked":"Dagger Spray","floor":14.0},{"not_picked":["Bullet Time","Glass Knife"],"picked":"A Thousand Cuts+1","floor":16.0},{"not_picked":["Accuracy+1","Predator"],"picked":"Dagger Throw","floor":18.0},{"not_picked":["Prepared+1","Bane","PiercingWail"],"picked":"SKIP","floor":18.0},{"not_picked":["Quick Slash","Cloak And Dagger"],"picked":"Footwork+1","floor":19.0},{"not_picked":["Cloak And Dagger+1","Dagger Spray+1","Eviscerate"],"picked":"SKIP","floor":19.0},{"not_picked":["Phantasmal Killer","Flying Knee"],"picked":"PiercingWail","floor":23},{"not_picked":["Skewer+1","Predator"],"picked":"Blur","floor":25},{"not_picked":["Quick Slash","Flying Knee"],"picked":"Noxious Fumes+1","floor":27},{"not_picked":["PiercingWail","Infinite Blades+1"],"picked":"Deflect","floor":27},{"not_picked":["Poisoned Stab","Flying Knee+1"],"picked":"Malaise","floor":28},{"not_picked":["Dash","Endless Agony","Eviscerate"],"picked":"SKIP","floor":30},{"not_picked":["Masterful Stab","Heel Hook"],"picked":"Caltrops+1","floor":31},{"not_picked":["Dagger Throw","Quick Slash+1"],"picked":"Prepared","floor":31},{"not_picked":["Unload","Burst"],"picked":"A Thousand Cuts+1","floor":33},{"not_picked":["Predator","Terror+1"],"picked":"Deadly Poison+1","floor":35},{"not_picked":["Underhanded Strike+1","Dash+1","Quick Slash+1"],"picked":"SKIP","floor":35},{"not_picked":["Skewer","Backflip+1","Bouncing Flask+1"],"picked":"SKIP","floor":37},{"not_picked":["Bouncing Flask","Dagger Throw","Flechettes+1"],"picked":"SKIP","floor":37},{"not_picked":["Quick Slash+1","Heel Hook"],"picked":"PiercingWail+1","floor":38},{"not_picked":["Bane+1","PiercingWail","Cloak And Dagger+1"],"picked":"SKIP","floor":38},{"not_picked":["Backflip","Bane"],"picked":"Night Terror","floor":39},{"not_picked":["Bane","Terror"],"picked":"Leg Sweep+1","floor":39},{"not_picked":["Blade Dance+1","Unload","Cloak And Dagger"],"picked":"SKIP","floor":40},{"not_picked":["Flying Knee","Underhanded Strike","Accuracy+1"],"picked":"SKIP","floor":44},{"not_picked":["Prepared","Finisher","Poisoned Stab"],"picked":"SKIP","floor":45},{"not_picked":["Infinite Blades+1","Setup","Deflect"],"picked":"SKIP","floor":45},{"not_picked":["Prepared+1","Predator+1"],"picked":"Leg Sweep+1","floor":46},{"not_picked":["Flechettes+1","Cloak And Dagger+1"],"picked":"Noxious Fumes+1","floor":47},{"not_picked":["Deadly Poison+1","Calculated Gamble+1"],"picked":"Reflex+1","floor":47},{"not_picked":["Bane","Riddle With Holes"],"picked":"Tools of the Trade+1","floor":54}],"player_experience":194105,"relics_obtained":[{"floor":6.0,"key":"Anchor"},{"floor":8.0,"key":"War Paint"},{"floor":9.0,"key":"Frozen Egg 2"},{"floor":12.0,"key":"Centennial Puzzle"},{"floor":14.0,"key":"Prayer Wheel"},{"floor":23,"key":"PreservedInsect"},{"floor":25,"key":"Art of War"},{"floor":26,"key":"Mummified Hand"},{"floor":28,"key":"Tiny Chest"},{"floor":30,"key":"Smiling Mask"},{"floor":40,"key":"Toy Ornithopter"},{"floor":44,"key":"Blood Vial"},{"floor":46,"key":"Eternal Feather"},{"floor":54,"key":"Bottled Flame"}],"event_choices":[{"damage_healed":0.0,"max_hp_gain":0.0,"max_hp_loss":0.0,"gold_gain":75.0,"event_name":"World of Goop","player_choice":"Gather Gold","floor":3.0,"gold_loss":0.0,"damage_taken":11.0},{"damage_healed":0.0,"max_hp_gain":0.0,"max_hp_loss":0.0,"gold_gain":175.0,"event_name":"Liars Game","player_choice":"AGREE","floor":5.0,"gold_loss":0.0,"damage_taken":0.0,"cards_obtained":["Doubt"]},{"cards_removed":["Doubt"],"damage_healed":0.0,"max_hp_gain":0.0,"max_hp_loss":0.0,"gold_gain":0.0,"event_name":"The Cleric","player_choice":"Card Removal","floor":10.0,"gold_loss":50.0,"damage_taken":0.0},{"damage_healed":0.0,"max_hp_gain":0.0,"max_hp_loss":0.0,"gold_gain":0.0,"event_name":"Back to Basics","player_choice":"Simplicity","floor":20.0,"gold_loss":0.0,"damage_taken":0.0,"cards_upgraded":["Strike_G","Strike_G","Strike_G","Strike_G","Defend_G","Defend_G","Defend_G"]},{"damage_healed":0.0,"max_hp_gain":0.0,"max_hp_loss":0.0,"gold_gain":0.0,"event_name":"Designer","player_choice":"Upgraded Two","floor":21.0,"gold_loss":40.0,"damage_taken":0.0,"cards_upgraded":["Skewer","Venomology"]},{"damage_healed":0,"gold_gain":0,"cards_transformed":["Predator"],"player_choice":"Transformed","damage_taken":0,"max_hp_gain":0,"max_hp_loss":0,"event_name":"Transmorgrifier","floor":36,"gold_loss":0,"cards_obtained":["Grand Finale"]},{"damage_healed":0,"gold_gain":0,"player_choice":"Ignored","damage_taken":0,"max_hp_gain":0,"max_hp_loss":0,"event_name":"Tomb of Lord Red Mask","floor":42,"gold_loss":0}],"is_beta":false,"boss_relics":[{"not_picked":["Snecko Eye","Runic Dome"],"picked":"Runic Pyramid"},{"not_picked":["Velvet Choker","Ring of the Serpent"],"picked":"Fusion Hammer"}],"items_purged_floors":[11,53],"is_endless":false,"potions_floor_spawned":[6,7,12,18,23,27,28,35,37,44,47],"ascension_level":10}}