{"host":"dg9bmj64xsaxvoc5","time":1611509610,"event":{"mods":["AchievementEnabler","BaseMod","Highlight Path","Minty Spire (QoL Compilation)","Quick Restart","Relic Stats"],"gold_per_floor":[109,109,59,59,73,73,108,108,108,108,121,137,137,168,168,296,296,310,225,240,240,254,254,269,42,66,66,191,191,191,210,210,330,330,349,349,410,410,431,431,449,449,473,34,53,73,73,94,94,94,94],"floor_reached":50,"language":"ENG","playtime":1371,"items_purged":["Strike_R"],"score":475,"play_id":"d20114c0-391a-4d5c-b27c-354d39b83410","local_time":"20210124123330","is_ascension_mode":false,"campfire_choices":[{"data":"Dual Wield","floor":6.0,"key":"SMITH"},{"data":"Cleave","floor":8.0,"key":"SMITH"},{"data":"Anger","floor":13,"key":"SMITH"},{"data":"Defend_R","floor":15,"key":"SMITH"},{"floor":23,"key":"REST"},{"floor":27,"key":"REST"},{"floor":30,"key":"REST"},{"floor":32,"key":"REST"},{"floor":40,"key":"REST"},{"floor":42,"key":"REST"},{"floor":49,"key":"REST"}],"circlet_count":0,"master_deck":["Strike_R","Strike_R","Strike_R+1","Defend_R+1","Defend_R+1","Defend_R+1","Defend_R+1","Bash","Dual Wield+1","Cleave+1","Cleave","Anger+1","Headbutt","Spot Weakness+1","Limit Break","Inflame","Rampage","Shrug It Off+1","Entrench+1","Flame Barrier","Thunderclap+1","Limit Break","Cleave","Flex+1"],"relics":["Burning Blood","NeowsBlessing","Golden Idol","Bird Faced Urn","Bottled Lightning","Anchor","Fusion Hammer","War Paint","Mummified Hand","Red Skull","TungstenRod","Question Card","Nilry\u0027s Codex","Sozu","Ice Cream","Whetstone","Lizard Tail"],"acts_visited":["Exordium","TheCity","TheBeyond"],"potions_floor_usage":[14,16,24,50],"damage_taken":[{"damage":0.0,"enemies":"Small Slimes","floor":1.0,"turns":1.0},{"damage":0.0,"enemies":"Jaw Worm","floor":5.0,"turns":1.0},{"damage":0.0,"enemies":"3 Sentries","floor":7.0,"turns":1.0},{"damage":0,"enemies":"2 Louse","floor":11,"turns":1},{"damage":7,"enemies":"Blue Slaver","floor":12,"turns":3},{"damage":13,"enemies":"Lagavulin","floor":14,"turns":5},{"damage":24,"enemies":"Slime Boss","floor":16,"turns":9},{"damage":17,"enemies":"Spheric Guardian","floor":18,"turns":5},{"damage":14,"enemies":"2 Thieves","floor":20,"turns":4},{"damage":24,"enemies":"Chosen and Byrds","floor":22,"turns":5},{"damage":10,"enemies":"Shelled Parasite and Fungi","floor":24,"turns":4},{"damage":15,"enemies":"Colosseum Slavers","floor":28,"turns":3},{"damage":16,"enemies":"Colosseum Nobs","floor":28,"turns":4},{"damage":5,"enemies":"Centurion and Healer","floor":31,"turns":5},{"damage":63,"enemies":"Automaton","floor":33,"turns":9},{"damage":4,"enemies":"Orb Walker","floor":35,"turns":3},{"damage":37,"enemies":"2 Orb Walkers","floor":37,"turns":4},{"damage":20,"enemies":"3 Shapes","floor":39,"turns":5},{"damage":21,"enemies":"3 Darklings","floor":41,"turns":5},{"damage":12,"enemies":"Jaw Worm Horde","floor":45,"turns":3},{"damage":0,"enemies":"Spire Growth","floor":46,"turns":4},{"damage":34,"enemies":"3 Darklings","floor":48,"turns":5},{"damage":159,"enemies":"Donu and Deca","floor":50,"turns":8}],"seed_played":"-4030456444515500273","potions_obtained":[{"floor":5.0,"key":"BlessingOfTheForge"},{"floor":12,"key":"AttackPotion"},{"floor":16,"key":"SteroidPotion"},{"floor":20,"key":"ElixirPotion"},{"floor":22,"key":"Fire Potion"}],"is_trial":false,"path_per_floor":["M","?","?","?","M","R","E","R","T","?","M","M","R","E","R","B",null,"M","?","M","?","M","R","M","$","T","R","?","?","R","M","R","B",null,"M","?","?","?","M","R","M","R","T","$","M","M","$","M","R","B"],"character_chosen":"IRONCLAD","items_purchased":["Limit Break","Inflame","Lizard Tail","Limit Break"],"campfire_rested":7,"item_purchase_floors":[25,25,44,44],"current_hp_per_floor":[80,60,60,65,71,71,77,77,77,77,83,82,82,75,75,57,85,74,74,66,66,48,73,69,69,69,85,72,60,85,85,85,28,85,85,85,54,54,42,67,54,79,79,79,73,85,85,59,84,0,0],"gold":94,"neow_bonus":"THREE_ENEMY_KILL","is_daily":false,"chose_seed":false,"campfire_upgraded":4,"win_rate":0.0,"timestamp":1611509610,"path_taken":["M","?","?","?","?","R","E","R","T","?","M","M","R","E","R","BOSS","M","?","M","?","M","R","?","$","T","R","?","?","R","M","R","BOSS","M","?","?","?","M","R","M","R","T","$","M","M","?","M","R","BOSS"],"items_purchased_type":["Card","Card","Relic","Card"],"build_version":"2020-12-22","purchased_purges":1,"victory":false,"max_hp_per_floor":[80,80,80,85,85,85,85,85,85,85,85,85,85,85,85,85,85,85,85,85,85,85,85,85,85,85,85,85,85,85,85,85,85,85,85,85,85,85,85,85,85,85,85,85,85,85,85,85,85,85,85],"relic_stats":{"Sozu":3,"Lizard Tail":42,"counters":[23,97],"Golden Idol":149,"Mummified Hand":[15],"Bird Faced Urn":[24],"Whetstone":["Strike_R","Thunderclap"],"War Paint":["Defend_R","Defend_R"],"Question Card":9,"obtain_stats":[{"Ice Cream":37,"NeowsBlessing":0,"Golden Idol":2,"Nilry\u0027s Codex":29,"Whetstone":43,"War Paint":19,"Question Card":28,"Burning Blood":0,"Sozu":34,"Anchor":14,"Lizard Tail":44,"Mummified Hand":21,"Bird Faced Urn":7,"Fusion Hammer":17,"Bottled Lightning":9,"Red Skull":26,"TungstenRod":28},{"Ice Cream":17,"NeowsBlessing":0,"Golden Idol":1,"Nilry\u0027s Codex":13,"Whetstone":19,"War Paint":8,"Question Card":13,"Burning Blood":0,"Sozu":15,"Anchor":6,"Lizard Tail":19,"Mummified Hand":9,"Bird Faced Urn":3,"Fusion Hammer":7,"Bottled Lightning":3,"Red Skull":11,"TungstenRod":13},{"Ice Cream":67,"NeowsBlessing":0,"Golden Idol":1,"Nilry\u0027s Codex":46,"Whetstone":77,"War Paint":26,"Question Card":46,"Burning Blood":0,"Sozu":60,"Anchor":12,"Lizard Tail":77,"Mummified Hand":30,"Bird Faced Urn":3,"Fusion Hammer":21,"Bottled Lightning":3,"Red Skull":39,"TungstenRod":46}],"Burning Blood":123,"TungstenRod":41},"card_choices":[{"not_picked":["Sword Boomerang","Pommel Strike"],"picked":"Dual Wield","floor":1.0},{"not_picked":["Rampage","Heavy Blade"],"picked":"Cleave","floor":5.0},{"not_picked":["Armaments","Dark Embrace","Shockwave"],"picked":"SKIP","floor":7.0},{"not_picked":["Rupture","Sword Boomerang"],"picked":"Cleave","floor":11},{"not_picked":["Flex","Second Wind"],"picked":"Anger","floor":12},{"not_picked":["Clothesline","Body Slam","Dark Embrace"],"picked":"SKIP","floor":14},{"not_picked":["True Grit","Anger"],"picked":"Headbutt","floor":18},{"not_picked":["Sever Soul","Clothesline","Sword Boomerang"],"picked":"SKIP","floor":20},{"not_picked":["Clothesline+1","Hemokinesis"],"picked":"Spot Weakness+1","floor":22},{"not_picked":["Armaments","Headbutt+1","Fiend Fire"],"picked":"SKIP","floor":24},{"not_picked":["Twin Strike","Armaments"],"picked":"Rampage","floor":28},{"not_picked":["Blood for Blood+1","Bloodletting","Iron Wave"],"picked":"Shrug It Off+1","floor":31},{"not_picked":["Fire Breathing","Cleave","Armaments+1"],"picked":"Clash+1","floor":35},{"not_picked":["Metallicize","Pommel Strike","Searing Blow"],"picked":"Entrench+1","floor":37},{"not_picked":["Warcry","Bloodletting+1","Sword Boomerang"],"picked":"Flame Barrier","floor":39},{"not_picked":["Perfected Strike+1","Cleave+1","Second Wind+1"],"picked":"Thunderclap","floor":41},{"not_picked":["Clash+1","Reaper","Warcry+1"],"picked":"Cleave","floor":45},{"not_picked":["Ghostly Armor+1","Pommel Strike+1","Feel No Pain+1"],"picked":"Flex+1","floor":46},{"not_picked":["Battle Trance","Rupture+1","Anger+1","Twin Strike+1"],"picked":"SKIP","floor":48}],"player_experience":2921,"relics_obtained":[{"floor":7.0,"key":"Bird Faced Urn"},{"floor":9,"key":"Bottled Lightning"},{"floor":14,"key":"Anchor"},{"floor":26,"key":"Red Skull"},{"floor":28,"key":"TungstenRod"},{"floor":28,"key":"Question Card"},{"floor":29,"key":"Nilry\u0027s Codex"},{"floor":37,"key":"Ice Cream"},{"floor":43,"key":"Whetstone"}],"event_choices":[{"damage_healed":0.0,"max_hp_gain":0.0,"max_hp_loss":0.0,"gold_gain":0.0,"event_name":"Golden Idol","player_choice":"Take Damage","floor":2.0,"gold_loss":0.0,"damage_taken":20.0,"relics_obtained":["Golden Idol"]},{"cards_removed":["Strike_R"],"damage_healed":0.0,"max_hp_gain":0.0,"max_hp_loss":0.0,"gold_gain":0.0,"event_name":"The Cleric","player_choice":"Card Removal","floor":3.0,"gold_loss":50.0,"damage_taken":0.0},{"damage_healed":0.0,"max_hp_gain":5.0,"max_hp_loss":0.0,"gold_gain":0.0,"event_name":"Big Fish","player_choice":"Donut","floor":4.0,"gold_loss":0.0,"damage_taken":0.0},{"damage_healed":0,"gold_gain":0,"player_choice":"Grow","damage_taken":0,"max_hp_gain":0,"max_hp_loss":0,"event_name":"Living Wall","floor":10,"gold_loss":0,"cards_upgraded":["Defend_R"]},{"damage_healed":0,"gold_gain":0,"player_choice":"Obtained Relic","damage_taken":0,"relics_obtained":["War Paint"],"max_hp_gain":0,"max_hp_loss":0,"event_name":"Addict","floor":19,"gold_loss":85},{"damage_healed":0,"gold_gain":0,"player_choice":"Gave Potion","damage_taken":0,"relics_obtained":["Mummified Hand"],"max_hp_gain":0,"max_hp_loss":0,"event_name":"WeMeetAgain","floor":21,"gold_loss":0},{"damage_healed":0,"gold_gain":0,"player_choice":"Fight","damage_taken":0,"max_hp_gain":0,"max_hp_loss":0,"event_name":"Colosseum","floor":28,"gold_loss":0},{"damage_healed":0,"gold_gain":0,"player_choice":"Fought Nobs","damage_taken":0,"max_hp_gain":0,"max_hp_loss":0,"event_name":"Colosseum","floor":28,"gold_loss":0},{"damage_healed":0,"gold_gain":0,"player_choice":"Obtained Book","damage_taken":16,"max_hp_gain":0,"max_hp_loss":0,"event_name":"Cursed Tome","floor":29,"gold_loss":0},{"damage_healed":0,"gold_gain":0,"player_choice":"Ignored","damage_taken":0,"max_hp_gain":0,"max_hp_loss":0,"event_name":"Tomb of Lord Red Mask","floor":36,"gold_loss":0},{"damage_healed":0,"gold_gain":0,"player_choice":"Fight","damage_taken":0,"max_hp_gain":0,"max_hp_loss":0,"event_name":"Mysterious Sphere","floor":37,"gold_loss":0},{"cards_removed":["Clash"],"damage_healed":0,"gold_gain":0,"player_choice":"Removed Attack","damage_taken":0,"max_hp_gain":0,"max_hp_loss":0,"event_name":"Falling","floor":38,"gold_loss":0}],"is_beta":false,"boss_relics":[{"not_picked":["Black Blood","Runic Pyramid"],"picked":"Fusion Hammer"},{"not_picked":["Calling Bell","Mark of Pain"],"picked":"Sozu"}],"items_purged_floors":[25],"is_endless":false,"potions_floor_spawned":[5,12,16,20,22,28,35,39,46],"killed_by":"Donu and Deca","ascension_level":0}}