{"host":"dolejg1rjmkcifoo","time":1611455720,"event":{"mods":["ATMod(阿瑾Mod)","BaseMod","Conspire","HololiveMod","Koishi","LagranYue(拉格朗・月)","Lobotomy","LobotomyExtend","Luminous","Minty Spire (QoL Compilation)","Prisma Mod","Remilia（蕾米莉亚）","Replay The Spire","Spicy Shops","StSLib","The Animator"],"gold_per_floor":[111,160,160,170,183,183,183],"floor_reached":6,"language":"ZHS","playtime":651,"items_purged":[],"score":36,"play_id":"bb419cab-2b74-4a06-9b50-4e6030cf0aef","local_time":"20210124103520","is_ascension_mode":false,"campfire_choices":[],"circlet_count":0,"master_deck":["LagranYue:BaseAttackCard","LagranYue:BaseAttackCard","LagranYue:BaseAttackCard","LagranYue:BaseDefendCard","LagranYue:BaseDefendCard","LagranYue:AttackTopazCard","LagranYue:SkillBrokenSwordCard","LagranYue:BaseAttackCard","LagranYue:BaseDefendCard","LagranYue:SkillBrokenSwordCard","FairyFestival","LagranYue:SapphirePrayerCard","LagranYue:SkillWoodSpearCard","LagranYue:SkillChiharaHoundCard","CherryBlossoms","LagranYue:AttackAerCard"],"relics":["LagranYue:ArmsProficiencyRelics","AT_ATBox","LagranYue:RandomDrawCardRelic","CogitoBucket","LetterFromLob","Shuriken"],"acts_visited":["Exordium"],"potions_floor_usage":[6],"damage_taken":[{"damage":4,"enemies":"Small Slimes","floor":1,"turns":5},{"damage":13,"enemies":"2 Louse","floor":4,"turns":3},{"damage":6,"enemies":"Cultist","floor":5,"turns":4},{"damage":73,"enemies":"Gremlin Nob","floor":6,"turns":6}],"seed_played":"3479802449499010126","potions_obtained":[{"floor":2,"key":"LiquidBronze"},{"floor":4,"key":"FairyPotion"},{"floor":5,"key":"SkillPotion"}],"is_trial":false,"path_per_floor":["M","?","?","M","M","E"],"character_chosen":"LagranYueCharacter","items_purchased":[],"campfire_rested":0,"item_purchase_floors":[],"current_hp_per_floor":[71,41,41,30,26,0,0],"gold":183,"neow_bonus":"","is_daily":false,"chose_seed":false,"campfire_upgraded":0,"win_rate":0.0,"timestamp":1611455720,"path_taken":["M","?","?","?","M","E"],"items_purchased_type":[],"build_version":"2020-12-22","purchased_purges":0,"victory":false,"max_hp_per_floor":[75,75,75,75,75,75,75],"card_choices":[{"not_picked":["LagranYue:SkillFalseAerialAceCard","LagranYue:AttackRavagedCard"],"picked":"LagranYue:SkillBrokenSwordCard","floor":1},{"not_picked":["Murderer","Scorched"],"picked":"FairyFestival","floor":1},{"not_picked":["LagranYue:DefendBetterCard","LagranYue:SkillFalseAerialAceCard"],"picked":"LagranYue:SapphirePrayerCard","floor":2},{"not_picked":["LagranYue:SapphirePrayerCard","LagranYue:PrematureBurialCard"],"picked":"LagranYue:SkillChiharaHoundCard","floor":4},{"not_picked":["WallGazer","WhitesApple"],"picked":"CherryBlossoms","floor":4},{"not_picked":["LagranYue:AttackDivineGuidanceCard","LagranYue:AttackRubyCard"],"picked":"LagranYue:AttackAerCard","floor":5}],"player_experience":111332,"relics_obtained":[{"floor":1,"key":"LetterFromLob"},{"floor":2,"key":"Shuriken"}],"event_choices":[{"damage_healed":0,"gold_gain":0,"cards_transformed":["LagranYue:BaseDefendCard"],"player_choice":"Transformed","damage_taken":0,"max_hp_gain":0,"max_hp_loss":0,"event_name":"Transmorgrifier","floor":3,"gold_loss":0,"cards_obtained":["LagranYue:SkillWoodSpearCard"]}],"is_beta":false,"boss_relics":[],"items_purged_floors":[],"is_endless":false,"potions_floor_spawned":[4,5],"killed_by":"Gremlin Nob","ascension_level":0}}