{"host":"vyjryxuuuxkt43k4","time":1611499835,"event":{"mods":["AchievementEnabler","BaseMod","Colored Map","DeckTracker","Keyboard Shortcuts","Minty Spire (QoL Compilation)","Permanent Neow","Quick Restart","Rare Cards Sparkle","StSLib","SuperFastMode","everything is the same but u backflip on backflip"],"gold_per_floor":[360,37,52,62,137,137,168,168,217,244,244,244,244,269,269,344,344,356,381,401,326,339,339,391,391,415,426,452,452,464,464,464,543,543,558,569,29,48,48,82,97,97,97,124,124,67,87,104,104,104,104,104],"floor_reached":51,"language":"KOR","playtime":2227,"items_purged":["Strike_R"],"score":1511,"play_id":"4b13f53e-e1ec-4aca-a377-a292a9742769","local_time":"20210124235035","is_ascension_mode":true,"campfire_choices":[{"data":"Searing Blow","floor":6.0,"key":"SMITH"},{"data":"Searing Blow+1","floor":8.0,"key":"SMITH"},{"floor":11.0,"key":"REST"},{"data":"Whirlwind","floor":15.0,"key":"SMITH"},{"data":"Barricade","floor":23.0,"key":"SMITH"},{"data":"Searing Blow+2","floor":25.0,"key":"SMITH"},{"floor":29.0,"key":"REST"},{"data":"Searing Blow+3","floor":32.0,"key":"SMITH"},{"data":"Searing Blow+4","floor":42.0,"key":"SMITH"},{"floor":45.0,"key":"REST"},{"floor":49.0,"key":"RECALL"}],"circlet_count":0,"master_deck":["AscendersBane","Strike_R","Defend_R","Defend_R","Defend_R","Defend_R","Bash","Infernal Blade","Feel No Pain","Searing Blow+5","Shrug It Off","Whirlwind+1","Barricade+1","Feel No Pain","Second Wind","Ghostly Armor","Ghostly Armor","Feed","Headbutt+1","Apotheosis","Pummel+1","Seeing Red","Whirlwind+1","Feel No Pain","Flex+1"],"relics":["Burning Blood","Chemical X","Pen Nib","Blood Vial","Paper Frog","Regal Pillow","Mercury Hourglass","Runic Pyramid","Red Mask","Bronze Scales","Anchor","Champion Belt","Philosopher\u0027s Stone","Bag of Preparation","Vajra","Question Card","Bottled Flame"],"acts_visited":["Exordium","TheCity","TheBeyond"],"potions_floor_usage":[],"damage_taken":[{"damage":1.0,"enemies":"Cultist","floor":1.0,"turns":3.0},{"damage":1.0,"enemies":"Small Slimes","floor":3.0,"turns":3.0},{"damage":0.0,"enemies":"2 Louse","floor":4.0,"turns":2.0},{"damage":19.0,"enemies":"3 Sentries","floor":7.0,"turns":14.0},{"damage":33.0,"enemies":"Lagavulin","floor":10.0,"turns":6.0},{"damage":0.0,"enemies":"Gremlin Nob","floor":14.0,"turns":2.0},{"damage":40.0,"enemies":"Hexaghost","floor":16.0,"turns":7.0},{"damage":25.0,"enemies":"3 Byrds","floor":18.0,"turns":4.0},{"damage":0.0,"enemies":"Masked Bandits","floor":19.0,"turns":1.0},{"damage":1.0,"enemies":"Chosen","floor":20.0,"turns":4.0},{"damage":26.0,"enemies":"Snake Plant","floor":22.0,"turns":5.0},{"damage":20.0,"enemies":"Shelled Parasite and Fungi","floor":27.0,"turns":5.0},{"damage":30.0,"enemies":"Book of Stabbing","floor":28.0,"turns":4.0},{"damage":12.0,"enemies":"Cultist and Chosen","floor":30.0,"turns":6.0},{"damage":20.0,"enemies":"Champ","floor":33.0,"turns":12.0},{"damage":0.0,"enemies":"3 Shapes","floor":35.0,"turns":6.0},{"damage":0.0,"enemies":"Orb Walker","floor":36.0,"turns":3.0},{"damage":0.0,"enemies":"Jaw Worm Horde","floor":38.0,"turns":4.0},{"damage":39.0,"enemies":"Nemesis","floor":40.0,"turns":7.0},{"damage":0.0,"enemies":"Maw","floor":41.0,"turns":6.0},{"damage":49.0,"enemies":"Giant Head","floor":44.0,"turns":8.0},{"damage":9.0,"enemies":"Writhing Mass","floor":47.0,"turns":6.0},{"damage":2.0,"enemies":"Jaw Worm Horde","floor":48.0,"turns":2.0},{"damage":54.0,"enemies":"Donu and Deca","floor":50.0,"turns":10.0},{"damage":31,"enemies":"Awakened One","floor":51,"turns":4}],"seed_played":"-2795314272708398515","potions_obtained":[{"floor":7.0,"key":"Explosive Potion"},{"floor":10.0,"key":"AttackPotion"},{"floor":18.0,"key":"BloodPotion"},{"floor":28.0,"key":"HeartOfIron"},{"floor":31.0,"key":"ColorlessPotion"},{"floor":31.0,"key":"FearPotion"},{"floor":35.0,"key":"BlessingOfTheForge"},{"floor":41.0,"key":"Block Potion"},{"floor":48.0,"key":"ElixirPotion"}],"is_trial":false,"path_per_floor":["M","$","M","M","?","R","E","R","T","E","R","?","?","E","R","B",null,"M","?","M","?","M","R","T","R","T","M","E","R","M","?","R","B",null,"M","M","$","M","?","E","M","R","T","E","R","$","M","M","R","B","B"],"character_chosen":"IRONCLAD","items_purchased":["Chemical X","Feel No Pain","Apotheosis","Bag of Preparation","Vajra","PowerPotion"],"campfire_rested":3,"item_purchase_floors":[2,2,37,37,37,46],"current_hp_per_floor":[55,55,60,66,55,55,42,42,42,17,39,32,32,40,40,8,58,56,64,71,71,53,53,53,53,53,41,19,56,52,52,52,40,66,77,78,78,82,82,53,65,65,65,24,66,66,65,71,71,29,0,0],"gold":104,"neow_bonus":"TWO_FIFTY_GOLD","is_daily":false,"chose_seed":false,"campfire_upgraded":7,"win_rate":0.0,"timestamp":1611499835,"path_taken":["M","$","?","M","?","R","E","R","T","E","R","?","?","E","R","BOSS","M","?","M","?","M","R","?","R","T","M","E","R","M","?","R","BOSS","M","?","$","M","?","E","M","R","T","E","R","$","M","?","R","BOSS","BOSS"],"items_purchased_type":["Relic","Card","Card","Relic","Relic","Potion"],"build_version":"2020-12-22","purchased_purges":1,"victory":false,"max_hp_per_floor":[75,75,75,75,75,75,75,75,75,75,75,75,75,75,75,75,75,75,75,75,75,75,75,75,75,75,75,75,75,75,75,75,75,75,78,78,78,82,82,86,90,90,90,90,90,90,90,90,90,94,94,94],"card_choices":[{"not_picked":["Thunderclap","True Grit"],"picked":"Infernal Blade","floor":1.0},{"not_picked":["Perfected Strike","Clothesline"],"picked":"Searing Blow","floor":3.0},{"not_picked":["Armaments","Flex","Clash"],"picked":"SKIP","floor":4.0},{"not_picked":["Impervious","Bloodletting"],"picked":"Shrug It Off","floor":7.0},{"not_picked":["Clash","Infernal Blade","Reckless Charge"],"picked":"SKIP","floor":10.0},{"not_picked":["Warcry","Clothesline"],"picked":"Whirlwind","floor":14.0},{"not_picked":["Immolate","Exhume"],"picked":"Barricade","floor":16.0},{"not_picked":["Heavy Blade","Perfected Strike"],"picked":"Feel No Pain","floor":18.0},{"not_picked":["Thunderclap","Bloodletting"],"picked":"Second Wind","floor":19.0},{"not_picked":["Combust+1","Uppercut","Dropkick"],"picked":"SKIP","floor":20.0},{"not_picked":["Armaments","Sword Boomerang"],"picked":"Ghostly Armor","floor":22.0},{"not_picked":["Anger","Perfected Strike","Shrug It Off"],"picked":"SKIP","floor":27.0},{"not_picked":["Flex","Sever Soul","Thunderclap+1"],"picked":"SKIP","floor":28.0},{"not_picked":["Rupture","Heavy Blade"],"picked":"Ghostly Armor","floor":30.0},{"not_picked":["Berserk","Demon Form"],"picked":"Feed","floor":33.0},{"not_picked":["True Grit","Anger","Bloodletting"],"picked":"SKIP","floor":35.0},{"not_picked":["Pommel Strike","Spot Weakness"],"picked":"Headbutt+1","floor":36.0},{"not_picked":["Clothesline","Shrug It Off"],"picked":"Pummel+1","floor":38.0},{"not_picked":["Havoc","Thunderclap"],"picked":"Whirlwind+1","floor":40.0},{"not_picked":["Carnage+1","Reaper","Flex"],"picked":"Feel No Pain","floor":41.0},{"not_picked":["Clothesline","Headbutt","Havoc","Rupture"],"picked":"SKIP","floor":44.0},{"not_picked":["Clothesline","Iron Wave+1","Wild Strike","Havoc"],"picked":"SKIP","floor":47.0},{"not_picked":["True Grit","Dropkick","Thunderclap+1"],"picked":"Flex+1","floor":48.0}],"player_experience":293009,"relics_obtained":[{"floor":7.0,"key":"Pen Nib"},{"floor":9.0,"key":"Blood Vial"},{"floor":10.0,"key":"Paper Frog"},{"floor":14.0,"key":"Mercury Hourglass"},{"floor":19.0,"key":"Red Mask"},{"floor":24.0,"key":"Bronze Scales"},{"floor":26.0,"key":"Anchor"},{"floor":28.0,"key":"Champion Belt"},{"floor":40.0,"key":"Question Card"},{"floor":44.0,"key":"Bottled Flame"}],"event_choices":[{"damage_healed":0.0,"max_hp_gain":0.0,"max_hp_loss":0.0,"gold_gain":75.0,"event_name":"World of Goop","player_choice":"Gather Gold","floor":5.0,"gold_loss":0.0,"damage_taken":11.0},{"cards_removed":["Strike_R"],"damage_healed":0.0,"max_hp_gain":0.0,"max_hp_loss":0.0,"gold_gain":0.0,"event_name":"Golden Wing","player_choice":"Card Removal","floor":12.0,"gold_loss":0.0,"damage_taken":7.0},{"damage_healed":0.0,"max_hp_gain":0.0,"max_hp_loss":0.0,"gold_gain":0.0,"event_name":"Dead Adventurer","player_choice":"Searched \u00271\u0027 times","floor":13.0,"gold_loss":0.0,"damage_taken":0.0,"relics_obtained":["Regal Pillow"]},{"damage_healed":0.0,"max_hp_gain":0.0,"max_hp_loss":0.0,"gold_gain":0.0,"event_name":"Masked Bandits","player_choice":"Fought Bandits","floor":19.0,"gold_loss":0.0,"damage_taken":0.0},{"cards_removed":["Strike_R"],"damage_healed":0.0,"max_hp_gain":0.0,"max_hp_loss":0.0,"gold_gain":0.0,"event_name":"Beggar","player_choice":"Gave Gold","floor":21.0,"gold_loss":75.0,"damage_taken":0.0},{"damage_healed":0.0,"max_hp_gain":0.0,"max_hp_loss":0.0,"gold_gain":0.0,"event_name":"Lab","player_choice":"Got Potions","floor":31.0,"gold_loss":0.0,"damage_taken":0.0},{"damage_healed":0.0,"max_hp_gain":0.0,"max_hp_loss":0.0,"gold_gain":0.0,"cards_transformed":["Strike_R"],"event_name":"Transmorgrifier","player_choice":"Transformed","floor":39.0,"gold_loss":0.0,"damage_taken":0.0,"cards_obtained":["Seeing Red"]}],"is_beta":false,"boss_relics":[{"not_picked":["Ectoplasm","Busted Crown"],"picked":"Runic Pyramid"},{"not_picked":["Empty Cage","Fusion Hammer"],"picked":"Philosopher\u0027s Stone"}],"items_purged_floors":[2],"is_endless":false,"potions_floor_spawned":[7,10,18,28,35,41,48],"killed_by":"Awakened One","ascension_level":20}}