{"host":"i0avyit1s6jb1siw","time":1611488878,"event":{"mods":["BaseMod","DeckTracker","Dota2Spire","Highlight Path","Minty Spire (QoL Compilation)","Quick Restart","StSLib","SuperFastMode"],"gold_per_floor":[115,135,135,60,79,79,91,91,91],"floor_reached":8,"language":"ENG","playtime":145,"items_purged":[],"score":96,"play_id":"0d177d59-c84e-461c-804e-82a8d24c1e99","local_time":"20210124124758","is_ascension_mode":true,"campfire_choices":[{"data":"Noxious Fumes","floor":6,"key":"SMITH"}],"circlet_count":0,"master_deck":["AscendersBane","Strike_G","Strike_G","Strike_G","Strike_G","Defend_G","Defend_G","Defend_G","Defend_G","Defend_G+1","Survivor","Neutralize+1","Predator","Noxious Fumes+1","PiercingWail"],"relics":["Velvet Choker"],"acts_visited":["Exordium"],"potions_floor_usage":[],"damage_taken":[{"damage":5,"enemies":"Small Slimes","floor":1,"turns":4},{"damage":0,"enemies":"Jaw Worm","floor":2,"turns":4},{"damage":0,"enemies":"Cultist","floor":5,"turns":3},{"damage":13,"enemies":"Exordium Thugs","floor":7,"turns":6},{"damage":22,"enemies":"3 Sentries","floor":8,"turns":4}],"seed_played":"8733883957761586712","potions_obtained":[{"floor":1,"key":"SpeedPotion"},{"floor":2,"key":"EntropicBrew"}],"is_trial":false,"path_per_floor":["M","M","?","?","M","R","M","E"],"character_chosen":"THE_SILENT","items_purchased":[],"campfire_rested":0,"item_purchase_floors":[],"current_hp_per_floor":[54,54,34,34,34,34,21,0,0],"gold":91,"neow_bonus":"BOSS_RELIC","is_daily":false,"chose_seed":false,"campfire_upgraded":1,"win_rate":0.0,"timestamp":1611488878,"path_taken":["M","M","?","?","M","R","M","E"],"items_purchased_type":[],"build_version":"2020-12-22","purchased_purges":0,"victory":false,"max_hp_per_floor":[66,66,66,66,66,66,66,66,66],"card_choices":[{"not_picked":["Underhanded Strike","Poisoned Stab"],"picked":"Predator","floor":1},{"not_picked":["Infinite Blades","Sucker Punch","Expertise"],"picked":"SKIP","floor":2},{"not_picked":["Dodge and Roll","Riddle With Holes"],"picked":"Noxious Fumes","floor":5},{"not_picked":["Backflip","Riddle With Holes"],"picked":"PiercingWail","floor":7}],"player_experience":2326968,"relics_obtained":[],"event_choices":[{"damage_healed":0,"gold_gain":0,"player_choice":"Entered Light","damage_taken":20,"max_hp_gain":0,"max_hp_loss":0,"event_name":"Shining Light","floor":3,"gold_loss":0,"cards_upgraded":["Neutralize","Defend_G"]},{"cards_removed":["Strike_G"],"damage_healed":0,"gold_gain":0,"player_choice":"Card Removal","damage_taken":0,"max_hp_gain":0,"max_hp_loss":0,"event_name":"The Cleric","floor":4,"gold_loss":75}],"is_beta":false,"boss_relics":[],"items_purged_floors":[],"is_endless":false,"potions_floor_spawned":[1,2],"killed_by":"3 Sentries","ascension_level":20}}