{"host":"4pckc3u5mqcilakq","time":1611524934,"event":{"mods":["AchievementEnabler","BaseMod","Colored Map","Colored Powertips","Highlight Path","Minty Spire (QoL Compilation)"],"gold_per_floor":[113,129,31,31,106,106,149,149,149,188,188,17,17,40,40,170,170,184,204,204,9,30,30,30,30],"floor_reached":24,"language":"ENG","playtime":721,"items_purged":[],"score":475,"play_id":"4109cda1-18f0-457f-9e8b-c73df31c69db","local_time":"20210125004854","is_ascension_mode":true,"campfire_choices":[{"data":"Glass Knife","floor":6,"key":"SMITH"},{"floor":8,"key":"REST"},{"floor":11,"key":"REST"},{"data":"Catalyst","floor":15,"key":"SMITH"},{"data":"Catalyst","floor":23,"key":"SMITH"}],"circlet_count":0,"master_deck":["Survivor","Neutralize","Poisoned Stab","PiercingWail","Infinite Blades","Wraith Form v2","Corpse Explosion","Underhanded Strike","Glass Knife+1","Envenom","Deadly Poison","Accuracy","Flying Knee","Backstab","Bane","Accuracy","Dagger Throw","Trip","Catalyst+1","Die Die Die","Bane+1","Cloak And Dagger","Well Laid Plans","Catalyst+1"],"relics":["Pandora\u0027s Box","Golden Idol","Mercury Hourglass","Oddly Smooth Stone","Regal Pillow","Empty Cage","Sling"],"acts_visited":["Exordium","TheCity"],"potions_floor_usage":[22,24,24],"damage_taken":[{"damage":0,"enemies":"2 Louse","floor":1,"turns":2},{"damage":12,"enemies":"Jaw Worm","floor":2,"turns":3},{"damage":26,"enemies":"Gremlin Nob","floor":7,"turns":4},{"damage":20,"enemies":"3 Sentries","floor":10,"turns":3},{"damage":0,"enemies":"Cultist","floor":14,"turns":1},{"damage":0,"enemies":"Slime Boss","floor":16,"turns":6},{"damage":12,"enemies":"3 Byrds","floor":18,"turns":2},{"damage":26,"enemies":"Shell Parasite","floor":19,"turns":3},{"damage":18,"enemies":"Snake Plant","floor":22,"turns":2},{"damage":41,"enemies":"Book of Stabbing","floor":24,"turns":3}],"seed_played":"7667259334007155743","potions_obtained":[{"floor":7,"key":"Dexterity Potion"},{"floor":10,"key":"DistilledChaos"},{"floor":19,"key":"Swift Potion"}],"is_trial":false,"path_per_floor":["M","M","$","?","?","R","E","R","T","E","R","$","?","M","R","B",null,"M","M","?","$","M","R","E"],"character_chosen":"THE_SILENT","items_purchased":["Accuracy","Flying Knee","Accuracy","Dagger Throw","Trip","Sling","Well Laid Plans"],"campfire_rested":2,"item_purchase_floors":[3,3,12,12,12,21,21],"current_hp_per_floor":[63,51,51,51,40,40,14,33,33,13,47,47,52,52,52,52,66,54,28,51,51,33,33,0,0],"gold":30,"neow_bonus":"BOSS_RELIC","is_daily":false,"chose_seed":false,"campfire_upgraded":3,"win_rate":0.0,"timestamp":1611524934,"path_taken":["M","M","$","?","?","R","E","R","T","E","R","$","?","M","R","BOSS","M","M","?","$","M","R","E"],"items_purchased_type":["Card","Card","Card","Card","Card","Relic","Card"],"build_version":"2020-12-22","purchased_purges":0,"victory":false,"max_hp_per_floor":[70,70,70,65,65,65,65,65,65,65,65,65,70,70,70,70,70,70,70,70,70,70,70,70,70],"card_choices":[{"not_picked":["Tactician","Deflect"],"picked":"Deadly Poison","floor":1},{"not_picked":["Dash","Eviscerate","Outmaneuver"],"picked":"SKIP","floor":2},{"not_picked":["Endless Agony","Riddle With Holes"],"picked":"Backstab","floor":7},{"not_picked":["Prepared","Outmaneuver"],"picked":"Bane","floor":10},{"not_picked":["Backflip","Acrobatics"],"picked":"Catalyst","floor":14},{"not_picked":["Storm of Steel","Doppelganger"],"picked":"Die Die Die","floor":16},{"not_picked":["Sucker Punch+1","Underhanded Strike"],"picked":"Bane+1","floor":18},{"not_picked":["Well Laid Plans","Concentrate+1"],"picked":"Cloak And Dagger","floor":19},{"not_picked":["Deflect","Leg Sweep"],"picked":"Catalyst","floor":22}],"player_experience":188002,"relics_obtained":[{"floor":7,"key":"Mercury Hourglass"},{"floor":9,"key":"Oddly Smooth Stone"},{"floor":10,"key":"Regal Pillow"}],"event_choices":[{"damage_healed":0,"gold_gain":0,"player_choice":"Lose Max HP","damage_taken":0,"relics_obtained":["Golden Idol"],"max_hp_gain":0,"max_hp_loss":5,"event_name":"Golden Idol","floor":4,"gold_loss":0},{"damage_healed":0,"gold_gain":75,"player_choice":"Gather Gold","damage_taken":11,"max_hp_gain":0,"max_hp_loss":0,"event_name":"World of Goop","floor":5,"gold_loss":0},{"damage_healed":0,"gold_gain":0,"player_choice":"Donut","damage_taken":0,"max_hp_gain":5,"max_hp_loss":0,"event_name":"Big Fish","floor":13,"gold_loss":0},{"damage_healed":23,"gold_gain":0,"player_choice":"Heal","damage_taken":0,"max_hp_gain":0,"max_hp_loss":0,"event_name":"The Library","floor":20,"gold_loss":0}],"is_beta":false,"boss_relics":[{"not_picked":["Snecko Eye","SacredBark"],"picked":"Empty Cage"}],"items_purged_floors":[],"is_endless":false,"potions_floor_spawned":[7,10,19],"killed_by":"Book of Stabbing","ascension_level":7}}