{"host":"FirstDane","time":1611446876,"event":{"mods":["BaseMod","Bestiary","Highlight Path","Minty Spire (QoL Compilation)","Relic Stats","Slay the Relics Exporter"],"gold_per_floor":[361,361,381,4,23,23,23],"floor_reached":6,"language":"ENG","playtime":3186,"items_purged":[],"score":72,"play_id":"da4ddd89-13ec-461c-8384-86fdceeb7948","local_time":"20210123180756","is_ascension_mode":true,"campfire_choices":[],"circlet_count":0,"master_deck":["AscendersBane","Strike_R","Strike_R","Strike_R+1","Strike_R","Strike_R","Defend_R","Defend_R","Defend_R+1","Defend_R","Bash","Carnage","Thunderclap","Shrug It Off+1","Shrug It Off+1"],"relics":["Burning Blood","Toxic Egg 2"],"acts_visited":["Exordium"],"potions_floor_usage":[6,6],"damage_taken":[{"damage":5,"enemies":"Small Slimes","floor":1,"turns":5},{"damage":12,"enemies":"Jaw Worm","floor":3,"turns":5},{"damage":0,"enemies":"2 Louse","floor":5,"turns":2},{"damage":37,"enemies":"Lagavulin","floor":6,"turns":6}],"seed_played":"2479147799588901218","potions_obtained":[{"floor":1,"key":"FearPotion"},{"floor":5,"key":"SteroidPotion"}],"is_trial":false,"path_per_floor":["M","?","M","$","M","E"],"character_chosen":"IRONCLAD","items_purchased":["Toxic Egg 2","Shrug It Off+1","Weak Potion"],"campfire_rested":0,"item_purchase_floors":[4,4,4],"current_hp_per_floor":[51,28,22,22,28,0,0],"gold":23,"neow_bonus":"TWO_FIFTY_GOLD","is_daily":false,"chose_seed":false,"campfire_upgraded":0,"win_rate":0.0,"timestamp":1611446876,"path_taken":["M","?","M","$","M","E"],"items_purchased_type":["Relic","Card","Potion"],"build_version":"2020-12-18","purchased_purges":0,"victory":false,"max_hp_per_floor":[75,75,75,75,75,75,75],"relic_stats":{"counters":[4,18],"obtain_stats":[{"Toxic Egg 2":4,"Burning Blood":0},{"Toxic Egg 2":2,"Burning Blood":0},{"Toxic Egg 2":10,"Burning Blood":0}],"Burning Blood":18},"card_choices":[{"not_picked":["Searing Blow","True Grit"],"picked":"Carnage","floor":1},{"not_picked":["Sword Boomerang","Rage"],"picked":"Thunderclap","floor":3},{"not_picked":["Battle Trance+1","Perfected Strike"],"picked":"Shrug It Off+1","floor":5}],"player_experience":3962491,"relics_obtained":[],"event_choices":[{"damage_healed":0,"gold_gain":0,"player_choice":"Entered Light","damage_taken":23,"max_hp_gain":0,"max_hp_loss":0,"event_name":"Shining Light","floor":2,"gold_loss":0,"cards_upgraded":["Defend_R","Strike_R"]}],"is_beta":true,"boss_relics":[],"items_purged_floors":[],"is_endless":false,"potions_floor_spawned":[1,5],"killed_by":"Lagavulin","ascension_level":20}}