{"host":"takgv9cv6xf64vhq","time":1611471664,"event":{"mods":["BaseMod","Colored Powertips","Downfall","Hubris","LagranYue(拉格朗・月)","Marisa（F雨　魔理沙）","Minty Spire (QoL Compilation)","Replay The Spire","StSLib","The Cursed","The Jungle","TheHeartMod"],"gold_per_floor":[114,175,350,363,313,341,49,61,61,80,94,94,114,114,114,114,114],"floor_reached":16,"language":"ZHS","playtime":781,"items_purged":[],"score":152,"play_id":"179003ea-653d-427b-84d2-85bd987f9a8e","local_time":"20210124150104","is_ascension_mode":false,"campfire_choices":[{"floor":15,"key":"DIG"}],"circlet_count":0,"master_deck":["LagranYue:BaseAttackCard","LagranYue:BaseAttackCard","LagranYue:BaseDefendCard","LagranYue:BaseDefendCard","LagranYue:BaseDefendCard","LagranYue:AttackTopazCard","LagranYue:SkillBrokenSwordCard","LagranYue:BaseAttackCard","LagranYue:BaseDefendCard","LagranYue:SkillBrokenShieldCard","LagranYue:AttackMagicMoonCard","Doubt","LagranYue:SkillChiharaHoundCard","LagranYue:AttackFaithCard","LagranYue:MagicSkyrocketCard","LagranYue:EatTigerCard","LagranYue:AttackIceCard","hubris:Envy","LagranYue:ForgingCard"],"relics":["LagranYue:ArmsProficiencyRelics","LagranYue:RandomDrawCardRelic","NeowsBlessing","hubris:PeanutButter","Regal Pillow","PreservedInsect","Toy Ornithopter","ReplayTheSpireMod:Lightbulb","PrismaticShard","Anchor"],"acts_visited":["Exordium"],"potions_floor_usage":[16],"damage_taken":[{"damage":0.0,"enemies":"Jaw Worm","floor":1.0,"turns":1.0},{"damage":2.0,"enemies":"Small Slimes","floor":4.0,"turns":2.0},{"damage":0.0,"enemies":"Gremlin Nob","floor":6.0,"turns":1.0},{"damage":0.0,"enemies":"2 Louse","floor":8.0,"turns":3.0},{"damage":0.0,"enemies":"Exordium Wildlife","floor":10.0,"turns":3.0},{"damage":0.0,"enemies":"Looter","floor":11.0,"turns":2.0},{"damage":0.0,"enemies":"2 Fungi Beasts","floor":13.0,"turns":1.0},{"damage":65,"enemies":"The Guardian","floor":16,"turns":12}],"seed_played":"-8389837789239383630","potions_obtained":[{"floor":2.0,"key":"GamblersBrew"},{"floor":8.0,"key":"Energy Potion"},{"floor":10.0,"key":"Toxic Potion"},{"floor":11.0,"key":"champ:CounterPotion"}],"is_trial":false,"path_per_floor":["M","?","?","M","?","E","$","M","T","M","M","?","M","?","R","B"],"character_chosen":"LagranYueCharacter","items_purchased":["PreservedInsect","Toy Ornithopter"],"campfire_rested":0,"item_purchase_floors":[7,7],"current_hp_per_floor":[75,45,45,43,43,43,43,45,45,49,54,54,59,59,59,0,0],"gold":114,"neow_bonus":"THREE_ENEMY_KILL","is_daily":false,"chose_seed":false,"campfire_upgraded":0,"win_rate":0.0,"timestamp":1611471664,"path_taken":["M","?","?","M","?","E","$","M","T","M","?","?","M","?","R","BOSS"],"items_purchased_type":["Relic","Relic"],"build_version":"2020-12-22","purchased_purges":0,"victory":false,"max_hp_per_floor":[75,75,75,75,75,75,75,77,77,81,86,86,91,91,91,91,91],"card_choices":[{"not_picked":["LagranYue:AttackPurpleCard","LagranYue:DefendBetterCard"],"picked":"LagranYue:SkillBrokenShieldCard","floor":1.0},{"not_picked":["LagranYue:SkillBrokenSwordCard","LagranYue:PrematureBurialCard"],"picked":"LagranYue:AttackMagicMoonCard","floor":2.0},{"not_picked":["LagranYue:AttackFireCard","LagranYue:SkillBrokenSwordCard"],"picked":"LagranYue:SkillChiharaHoundCard","floor":4.0},{"not_picked":["LagranYue:AttackCrowCrossbowCard","LagranYue:SkillDevilKissCard"],"picked":"LagranYue:AttackFaithCard","floor":6.0},{"not_picked":["LagranYue:AttackPurpleCard","LagranYue:AttackBetterCard"],"picked":"LagranYue:MagicSkyrocketCard","floor":8.0},{"not_picked":["LagranYue:EmeraldRemorseCard","LagranYue:SkillTestamentCard"],"picked":"LagranYue:EatTigerCard","floor":10.0},{"not_picked":["LagranYue:SkillDeadlyBloomCard","LagranYue:PhysicalFitnessCard"],"picked":"LagranYue:AttackIceCard","floor":11.0},{"not_picked":["Guardian:Gem_Lightblue","TheCursedMod:FleshFromBone"],"picked":"LagranYue:ForgingCard","floor":13}],"player_experience":48298,"relics_obtained":[{"floor":2.0,"key":"hubris:PeanutButter"},{"floor":6.0,"key":"Regal Pillow"},{"floor":9.0,"key":"ReplayTheSpireMod:Lightbulb"},{"floor":15,"key":"Anchor"}],"event_choices":[{"damage_healed":0.0,"max_hp_gain":0.0,"max_hp_loss":0.0,"gold_gain":175.0,"event_name":"Liars Game","player_choice":"AGREE","floor":3.0,"gold_loss":0.0,"damage_taken":0.0,"cards_obtained":["Doubt"]},{"cards_removed":["LagranYue:BaseAttackCard"],"damage_healed":0.0,"max_hp_gain":0.0,"max_hp_loss":0.0,"gold_gain":0.0,"event_name":"The Cleric","player_choice":"Card Removal","floor":5.0,"gold_loss":50.0,"damage_taken":0.0},{"damage_healed":0,"gold_gain":0,"player_choice":"Ignored","damage_taken":0,"max_hp_gain":0,"max_hp_loss":0,"event_name":"NoteForYourself","floor":14,"gold_loss":0}],"is_beta":false,"boss_relics":[],"items_purged_floors":[],"is_endless":false,"potions_floor_spawned":[8,10,11],"killed_by":"The Guardian","ascension_level":0}}