{"host":"50per11302020","time":1611473723,"event":{"mods":["AchievementEnabler","BaseMod","Colored Map","Minty Spire (QoL Compilation)","Relic Stats","StSLib"],"gold_per_floor":[113,263,263,282,282,282,316,78,78,78,94,125,71,84,84,180,180,194,194,213,15,15,15,15,15,38,112,112,132,42,60,60,156,156,174,198,49,72,72,72,72],"floor_reached":40,"language":"ENG","playtime":2036,"items_purged":["Doubt"],"score":838,"play_id":"0ce3a4d2-38d2-482b-ae26-b709ba5ea18c","local_time":"20210123233523","is_ascension_mode":true,"campfire_choices":[{"floor":6.0,"key":"REST"},{"data":"Limit Break","floor":10.0,"key":"SMITH"},{"data":"Armaments","floor":15.0,"key":"SMITH"},{"data":"Limit Break","floor":23.0,"key":"SMITH"},{"data":"Offering","floor":25.0,"key":"SMITH"},{"data":"Flex","floor":28.0,"key":"SMITH"},{"floor":32.0,"key":"REST"}],"circlet_count":0,"master_deck":["AscendersBane","Strike_R","Strike_R","Strike_R","Strike_R","Strike_R","Defend_R","Defend_R","Defend_R","Defend_R","Bash","Offering+1","Cleave","Spot Weakness","Spot Weakness","Limit Break+1","Shrug It Off","Armaments+1","Limit Break+1","Impervious","Flex+1","Shame","Shrug It Off+1","Inflame","Shrug It Off","Metallicize","Battle Trance","Feed","Sword Boomerang","Limit Break","Limit Break","Power Through+1","Sword Boomerang","Impatience"],"relics":["Burning Blood","Meat on the Bone","Golden Idol","Tiny Chest","Lizard Tail","Prayer Wheel","Mark of Pain","Lee\u0027s Waffle","Blood Vial","Vajra","Letter Opener","Sozu"],"acts_visited":["Exordium","TheCity","TheBeyond"],"potions_floor_usage":[40],"damage_taken":[{"damage":18.0,"enemies":"Jaw Worm","floor":1.0,"turns":3.0},{"damage":1.0,"enemies":"2 Louse","floor":4.0,"turns":3.0},{"damage":51.0,"enemies":"Lagavulin","floor":7.0,"turns":8.0},{"damage":6.0,"enemies":"Cultist","floor":11.0,"turns":3.0},{"damage":12.0,"enemies":"Gremlin Nob","floor":12.0,"turns":3.0},{"damage":15.0,"enemies":"Exordium Wildlife","floor":14.0,"turns":5.0},{"damage":55.0,"enemies":"The Guardian","floor":16.0,"turns":12.0},{"damage":57.0,"enemies":"Chosen","floor":18.0,"turns":8.0},{"damage":29.0,"enemies":"Spheric Guardian","floor":20.0,"turns":5.0},{"damage":12.0,"enemies":"Centurion and Healer","floor":29.0,"turns":5.0},{"damage":40.0,"enemies":"Snake Plant","floor":31.0,"turns":5.0},{"damage":49.0,"enemies":"Automaton","floor":33.0,"turns":7.0},{"damage":31.0,"enemies":"3 Darklings","floor":35.0,"turns":4.0},{"damage":14.0,"enemies":"Orb Walker","floor":36.0,"turns":2.0},{"damage":40.0,"enemies":"Writhing Mass","floor":38.0,"turns":6.0},{"damage":41,"enemies":"Reptomancer","floor":40,"turns":2}],"seed_played":"2979479916980307131","potions_obtained":[{"floor":1.0,"key":"GamblersBrew"},{"floor":4.0,"key":"LiquidMemories"},{"floor":11.0,"key":"BlessingOfTheForge"},{"floor":16.0,"key":"Dexterity Potion"},{"floor":18.0,"key":"Regen Potion"},{"floor":29.0,"key":"Energy Potion"},{"floor":31.0,"key":"Weak Potion"}],"is_trial":false,"path_per_floor":["M","?","?","M","?","R","E","$","T","R","M","E","$","M","R","B",null,"M","$","M","$","?","R","?","R","T","T","R","M","$","M","R","B",null,"M","M","$","M","?","E"],"character_chosen":"IRONCLAD","items_purchased":["Limit Break","Shrug It Off","Lee\u0027s Waffle","Flex","Inflame","Shrug It Off","Limit Break"],"campfire_rested":2,"item_purchase_floors":[8,13,21,21,30,30,37],"current_hp_per_floor":[56,56,51,56,30,52,19,19,19,19,31,37,37,40,40,47,68,29,29,32,82,82,82,82,82,82,82,82,76,76,56,80,51,74,54,51,51,31,31,0,0],"gold":72,"neow_bonus":"ONE_RANDOM_RARE_CARD","is_daily":false,"chose_seed":false,"campfire_upgraded":5,"win_rate":0.0,"timestamp":1611473723,"path_taken":["M","?","?","M","?","R","E","$","T","R","M","E","?","M","R","BOSS","M","$","M","$","?","R","?","R","T","?","R","M","$","M","R","BOSS","M","M","$","M","?","E"],"items_purchased_type":["Card","Card","Relic","Card","Card","Card","Card"],"build_version":"2020-12-18","purchased_purges":1,"victory":false,"max_hp_per_floor":[75,75,75,75,75,75,75,75,75,75,75,75,75,75,75,75,75,75,75,75,82,82,82,82,82,82,82,82,82,82,82,82,82,82,85,88,88,88,88,88,88],"relic_stats":{"Blood Vial":12,"Sozu":1,"Lizard Tail":37,"Lee\u0027s Waffle":50,"counters":[16,81],"Golden Idol":86,"Tiny Chest":1,"Prayer Wheel":8,"Letter Opener":[130],"obtain_stats":[{"Blood Vial":22,"Sozu":34,"Lizard Tail":9,"Lee\u0027s Waffle":21,"Golden Idol":5,"Vajra":26,"Tiny Chest":7,"Prayer Wheel":12,"Mark of Pain":17,"Letter Opener":27,"Burning Blood":0,"Meat on the Bone":3},{"Blood Vial":9,"Sozu":12,"Lizard Tail":3,"Lee\u0027s Waffle":9,"Golden Idol":2,"Vajra":9,"Tiny Chest":3,"Prayer Wheel":5,"Mark of Pain":7,"Letter Opener":9,"Burning Blood":0,"Meat on the Bone":1},{"Blood Vial":50,"Sozu":67,"Lizard Tail":14,"Lee\u0027s Waffle":50,"Golden Idol":6,"Vajra":50,"Tiny Chest":14,"Prayer Wheel":20,"Mark of Pain":37,"Letter Opener":50,"Burning Blood":0,"Meat on the Bone":3}],"Burning Blood":90,"Meat on the Bone":120},"card_choices":[{"not_picked":["Sever Soul","Perfected Strike"],"picked":"Cleave","floor":1.0},{"not_picked":["Wild Strike","Flex"],"picked":"Spot Weakness","floor":4.0},{"not_picked":["True Grit","Second Wind"],"picked":"Spot Weakness","floor":7.0},{"not_picked":["Entrench","Thunderclap","Evolve"],"picked":"SKIP","floor":11.0},{"not_picked":["Wild Strike","Burning Pact","Pummel"],"picked":"SKIP","floor":12.0},{"not_picked":["Corruption","Cleave"],"picked":"Armaments","floor":14.0},{"not_picked":["Pommel Strike","Anger","Havoc"],"picked":"SKIP","floor":14.0},{"not_picked":["Pommel Strike","Anger","Havoc"],"picked":"SKIP","floor":14.0},{"not_picked":["Demon Form","Bludgeon"],"picked":"Limit Break","floor":16.0},{"not_picked":["Havoc","Clash","Perfected Strike+1"],"picked":"SKIP","floor":18.0},{"not_picked":["Sever Soul","True Grit","Wild Strike"],"picked":"SKIP","floor":18.0},{"not_picked":["Clash","Clothesline"],"picked":"Impervious","floor":20.0},{"not_picked":["True Grit","Iron Wave","Body Slam+1"],"picked":"SKIP","floor":20.0},{"not_picked":["Rupture","Pommel Strike"],"picked":"Shrug It Off+1","floor":29.0},{"not_picked":["Infernal Blade","Anger","Heavy Blade"],"picked":"SKIP","floor":29.0},{"not_picked":["Heavy Blade","Pummel"],"picked":"Metallicize","floor":31.0},{"not_picked":["Shrug It Off+1","Pummel"],"picked":"Battle Trance","floor":31.0},{"not_picked":["Corruption","Fiend Fire"],"picked":"Feed","floor":33.0},{"not_picked":["Clash","Pommel Strike"],"picked":"Sword Boomerang","floor":35.0},{"not_picked":["Reckless Charge+1","Sever Soul+1","Dropkick+1"],"picked":"SKIP","floor":35.0},{"not_picked":["Clash","Bloodletting"],"picked":"Limit Break","floor":36.0},{"not_picked":["Cleave+1","Wild Strike","Havoc"],"picked":"SKIP","floor":36.0},{"not_picked":["True Grit","Headbutt"],"picked":"Power Through+1","floor":38.0},{"not_picked":["Armaments","Perfected Strike"],"picked":"Sword Boomerang","floor":38.0},{"not_picked":["Trip","Secret Weapon"],"picked":"Impatience","floor":39.0}],"player_experience":356361,"relics_obtained":[{"floor":7.0,"key":"Tiny Chest"},{"floor":9.0,"key":"Lizard Tail"},{"floor":12.0,"key":"Prayer Wheel"},{"floor":26.0,"key":"Vajra"},{"floor":27.0,"key":"Letter Opener"}],"event_choices":[{"damage_healed":0.0,"max_hp_gain":0.0,"max_hp_loss":0.0,"gold_gain":150.0,"event_name":"Liars Game","player_choice":"AGREE","floor":2.0,"gold_loss":0.0,"damage_taken":0.0,"cards_obtained":["Doubt"]},{"damage_healed":0.0,"max_hp_gain":0.0,"max_hp_loss":0.0,"gold_gain":0.0,"event_name":"Scrap Ooze","player_choice":"Success","floor":3.0,"gold_loss":0.0,"damage_taken":5.0,"relics_obtained":["Meat on the Bone"]},{"damage_healed":0.0,"max_hp_gain":0.0,"max_hp_loss":0.0,"gold_gain":0.0,"event_name":"Golden Idol","player_choice":"Take Damage","floor":5.0,"gold_loss":0.0,"damage_taken":26.0,"relics_obtained":["Golden Idol"]},{"damage_healed":0.0,"max_hp_gain":0.0,"max_hp_loss":0.0,"gold_gain":0.0,"event_name":"Addict","player_choice":"Stole Relic","floor":22.0,"gold_loss":0.0,"damage_taken":0.0,"relics_obtained":["Blood Vial"],"cards_obtained":["Shame"]},{"damage_healed":0.0,"max_hp_gain":0.0,"max_hp_loss":0.0,"gold_gain":0.0,"event_name":"The Mausoleum","player_choice":"Ignored","floor":24.0,"gold_loss":0.0,"damage_taken":0.0},{"damage_healed":0.0,"max_hp_gain":0.0,"max_hp_loss":0.0,"gold_gain":0.0,"event_name":"SensoryStone","player_choice":"Memory 1","floor":39.0,"gold_loss":0.0,"damage_taken":0.0}],"is_beta":true,"boss_relics":[{"not_picked":["Calling Bell","Ectoplasm"],"picked":"Mark of Pain"},{"not_picked":["Snecko Eye","SlaversCollar"],"picked":"Sozu"}],"items_purged_floors":[8],"is_endless":false,"potions_floor_spawned":[1,4,11,16,18,29,31,33,35],"killed_by":"Reptomancer","ascension_level":19}}