{"host":"c5j8t0wyh2hvx9ju","time":1611489832,"event":{"mods":["Astrologer","BaseMod","BetterRewards","Minty Spire (QoL Compilation)","Prisma Mod","StSLib"],"gold_per_floor":[110,121,131,93,93,119,89,89,89],"floor_reached":8,"language":"JPN","playtime":444,"items_purged":[],"score":67,"play_id":"513af28f-86f2-4709-a16b-7ec5a9314820","local_time":"20210124210352","is_ascension_mode":true,"campfire_choices":[],"circlet_count":0,"master_deck":["Strike_P","Strike_P","Strike_P","Strike_P","Defend_P","Defend_P","Defend_P","Defend_P","Eruption","Vigilance","MentalFortress+1","Worship","TalkToTheHand","BowlingBash","Evaluate","FlurryOfBlows","TalkToTheHand"],"relics":["PureWater","Frozen Egg 2","Boot"],"acts_visited":["Exordium"],"potions_floor_usage":[6,6,8],"damage_taken":[{"damage":23,"enemies":"Cultist","floor":1,"turns":5},{"damage":6,"enemies":"Jaw Worm","floor":2,"turns":4},{"damage":2,"enemies":"Small Slimes","floor":3,"turns":5},{"damage":16,"enemies":"Gremlin Nob","floor":6,"turns":4},{"damage":4,"enemies":"Looter","floor":7,"turns":4},{"damage":11,"enemies":"Lagavulin","floor":8,"turns":8}],"seed_played":"-6804230524092477502","potions_obtained":[{"floor":2,"key":"StancePotion"},{"floor":3,"key":"Strength Potion"},{"floor":5,"key":"BottledMiracle"}],"is_trial":false,"path_per_floor":["M","M","M","?","?","E","M","E"],"character_chosen":"WATCHER","items_purchased":["Frozen Egg 2","MentalFortress+1","Worship"],"campfire_rested":0,"item_purchase_floors":[0,0,0],"current_hp_per_floor":[34,28,26,26,26,10,6,0,0],"gold":89,"neow_bonus":"","is_daily":false,"chose_seed":false,"campfire_upgraded":0,"win_rate":0.0,"timestamp":1611489832,"path_taken":["M","?","M","?","?","E","M","E"],"items_purchased_type":["Relic","Card","Card"],"build_version":"2020-12-22","purchased_purges":0,"victory":false,"max_hp_per_floor":[72,72,72,72,72,72,72,72,72],"card_choices":[{"not_picked":["ThirdEye","ReachHeaven"],"picked":"TalkToTheHand","floor":1},{"not_picked":["EmptyFist","ReachHeaven"],"picked":"BowlingBash","floor":2},{"not_picked":["Consecrate","EmptyFist"],"picked":"Evaluate","floor":3},{"not_picked":["Indignation","SignatureMove"],"picked":"FlurryOfBlows","floor":6},{"not_picked":["ClearTheMind","Protect"],"picked":"TalkToTheHand","floor":7}],"player_experience":856274,"relics_obtained":[{"floor":6,"key":"Boot"}],"event_choices":[{"damage_healed":0,"gold_gain":0,"player_choice":"Left Gold","damage_taken":0,"max_hp_gain":0,"max_hp_loss":0,"event_name":"World of Goop","floor":4,"gold_loss":38},{"damage_healed":0,"gold_gain":0,"player_choice":"Got Potions","damage_taken":0,"max_hp_gain":0,"max_hp_loss":0,"event_name":"Lab","floor":5,"gold_loss":0}],"is_beta":false,"boss_relics":[],"items_purged_floors":[],"is_endless":false,"potions_floor_spawned":[2,3],"killed_by":"Lagavulin","ascension_level":4}}