{"host":"mep2b6vzdxhg46zq","time":1611516460,"event":{"mods":["Aspiration","Bard","BaseMod","Hermit","Hubris","Minty Spire (QoL Compilation)","READ ME - Guardian Mod","Random Character Button","Shade Mod","StSLib","The Animator","The Blackbeard","The Bladedancer","The Clintock","The Cursed","The Disciple","The Exalted","The Forsaken","The Judge","The Runesmith","vexMod"],"gold_per_floor":[111,111,126,126,138,138,138,138],"floor_reached":7,"language":"ENG","playtime":285,"items_purged":[],"score":41,"play_id":"6bdb4bc1-7dd7-4595-a063-87e1cdb5b937","local_time":"20210124192740","is_ascension_mode":false,"campfire_choices":[{"floor":6,"key":"REST"}],"circlet_count":0,"master_deck":["hermit:Strike_Hermit","hermit:Strike_Hermit","hermit:Strike_Hermit","hermit:Strike_Hermit","hermit:Defend_Hermit","hermit:Defend_Hermit","hermit:Defend_Hermit","hermit:Defend_Hermit","hermit:Snapshot","hermit:Covet","hermit:Roulette","hermit:ItchyTrigger","theForsaken:PlagueCurse","hermit:GoldenBullet"],"relics":["hermit:Momento","theForsaken:PlagueMask"],"acts_visited":["Exordium"],"potions_floor_usage":[],"damage_taken":[{"damage":5,"enemies":"Small Slimes","floor":1,"turns":4},{"damage":6,"enemies":"Jaw Worm","floor":3,"turns":2},{"damage":10,"enemies":"Cultist","floor":5,"turns":4},{"damage":73,"enemies":"Gremlin Nob","floor":7,"turns":6}],"seed_played":"-7431208673383868094","potions_obtained":[{"floor":5,"key":"FearPotion"}],"is_trial":false,"path_per_floor":["M","?","M","?","M","R","E"],"character_chosen":"HERMIT","items_purchased":[],"campfire_rested":1,"item_purchase_floors":[],"current_hp_per_floor":[77,77,71,71,61,82,9,9],"gold":138,"neow_bonus":"TEN_PERCENT_HP_BONUS","is_daily":false,"chose_seed":false,"campfire_upgraded":0,"win_rate":0.0,"timestamp":1611516460,"path_taken":["M","?","M","?","M","R","E"],"items_purchased_type":[],"build_version":"2020-12-22","purchased_purges":0,"victory":false,"max_hp_per_floor":[82,82,82,82,82,82,82,82],"card_choices":[{"not_picked":["hermit:Misfire","hermit:ShadowCloak"],"picked":"hermit:Roulette","floor":1},{"not_picked":["hermit:Roulette","hermit:Coalescence"],"picked":"hermit:ItchyTrigger","floor":3},{"not_picked":["hermit:Magnum","hermit:TrackingShot"],"picked":"hermit:GoldenBullet","floor":5}],"player_experience":42914,"relics_obtained":[],"event_choices":[{"damage_healed":0,"gold_gain":0,"player_choice":"Leave","damage_taken":0,"max_hp_gain":0,"max_hp_loss":0,"event_name":"The Cleric","floor":2,"gold_loss":0},{"damage_healed":0,"gold_gain":0,"player_choice":"Obtain Plague Curse","damage_taken":0,"max_hp_gain":0,"max_hp_loss":0,"event_name":"Plague Doctor","floor":4,"gold_loss":0,"cards_obtained":["theForsaken:PlagueCurse"]}],"is_beta":false,"boss_relics":[],"items_purged_floors":[],"is_endless":false,"potions_floor_spawned":[5],"killed_by":"Gremlin Nob","ascension_level":0}}