{"host":"shb6fs4xkmgx64v4","time":1611457279,"event":{"mods":["AchievementEnabler","BaseMod","Colored Map","Downfall","Minty Spire (QoL Compilation)","StSLib"],"gold_per_floor":[99,113,130,280,297,197,197,97,3,15,15,26,26,52,69,168,168,168,183,18,18,18,35,35,53,53,71,89,109,109,134,154,257,257,257,277,287,337,357,373,373,373,373,373,384,397,397,429,329,329,329,356,68,68,68,68,68,68],"floor_reached":56,"language":"ENG","playtime":3824,"items_purged":["downfall:Icky"],"score":753,"play_id":"b314e250-195f-4e87-a931-729c5b848672","local_time":"20210123220119","is_ascension_mode":false,"campfire_choices":[{"floor":1.0,"key":"RECALL"},{"data":"Guardian:TwinSlam","floor":6.0,"key":"SMITH"},{"data":"Guardian:PrimingBeam","floor":8.0,"key":"SMITH"},{"data":"Guardian:FuturePlans","floor":11.0,"key":"SMITH"},{"data":"Guardian:CompilePackage","floor":18.0,"key":"SMITH"},{"data":"Guardian:ChargeUp","floor":26.0,"key":"SMITH"},{"data":"Guardian:FierceBash","floor":30.0,"key":"SMITH"},{"data":"Guardian:StasisField","floor":35.0,"key":"SMITH"},{"floor":47,"key":"REST"},{"floor":49,"key":"REST"},{"data":"Guardian:CompilePackage","floor":54,"key":"SMITH"}],"circlet_count":0,"master_deck":["Guardian:Strike_Guardian","Guardian:Strike_Guardian","Guardian:Defend_Guardian","Guardian:Defend_Guardian","Guardian:Defend_Guardian","Guardian:CurlUp","Guardian:TwinSlam+1","Guardian:SpikerProtocol","Guardian:PolyBeam","Guardian:PrimingBeam+1","Guardian:CompilePackage+1","Guardian:FuturePlans+1","Guardian:Repulse","Guardian:RollAttack","Guardian:VentSteam","Guardian:FierceBash+1","Guardian:ShieldCharger","Guardian:FloatingOrbs+1","Guardian:AncientConstruct","Guardian:ChargeUp+1","Guardian:ShieldSpikes","Guardian:StasisField+1","Guardian:TimeBomb+1","Guardian:ConstructionForm+1","Guardian:BronzeOrb+1","Guardian:FloatingOrbs","Guardian:ShieldSpikes","Guardian:DecasProtection","Guardian:PolyBeam+1","Guardian:CompilePackage+1","Guardian:Gem_Purple","Guardian:TemporalShield+1"],"relics":["Guardian:ModeShifter","downfall:HeartBlessingRed","downfall:HeartBlessingBlue","Bronze Scales","Sozu","downfall:RedIOU","Mercury Hourglass","PreservedInsect","Astrolabe","Prayer Wheel","Du-Vu Doll","Guardian:StasisEgg","InkBottle","downfall:HeartBlessingGreen","Blood Vial","Frozen Eye","Pen Nib"],"acts_visited":["Exordium","TheCity","TheBeyond","TheEnding"],"potions_floor_usage":[56],"damage_taken":[{"damage":0.0,"enemies":"Cultist","floor":2.0,"turns":4.0},{"damage":1.0,"enemies":"Small Slimes","floor":3.0,"turns":4.0},{"damage":8.0,"enemies":"2 Louse","floor":5.0,"turns":2.0},{"damage":5.0,"enemies":"downfall:FleeingMerchant","floor":9.0,"turns":4.0},{"damage":14.0,"enemies":"Blue Slaver","floor":10.0,"turns":3.0},{"damage":0.0,"enemies":"Gremlin Gang","floor":12.0,"turns":1.0},{"damage":13.0,"enemies":"Gremlin Gang","floor":13.0,"turns":2.0},{"damage":9.0,"enemies":"3 Sentries","floor":14.0,"turns":3.0},{"damage":11.0,"enemies":"Large Slime","floor":15.0,"turns":4.0},{"damage":20.0,"enemies":"DF_ARCHETYPE_STREAMLINE","floor":16.0,"turns":9.0},{"damage":0.0,"enemies":"Spheric Guardian","floor":19.0,"turns":4.0},{"damage":9.0,"enemies":"downfall:FleeingMerchant","floor":20.0,"turns":4.0},{"damage":0.0,"enemies":"3 Byrds","floor":23.0,"turns":4.0},{"damage":4.0,"enemies":"3 Cultists","floor":25.0,"turns":3.0},{"damage":18.0,"enemies":"Snake Plant","floor":27.0,"turns":2.0},{"damage":20.0,"enemies":"Centurion and Healer","floor":28.0,"turns":4.0},{"damage":5.0,"enemies":"Cultist and Chosen","floor":29.0,"turns":3.0},{"damage":11.0,"enemies":"Book of Stabbing","floor":31.0,"turns":4.0},{"damage":0.0,"enemies":"Chosen and Byrds","floor":32.0,"turns":3.0},{"damage":8.0,"enemies":"WA_ARCHETYPE_CALM","floor":33.0,"turns":7.0},{"damage":0.0,"enemies":"3 Shapes","floor":36.0,"turns":3.0},{"damage":3.0,"enemies":"Orb Walker","floor":37.0,"turns":3.0},{"damage":9.0,"enemies":"Orb Walker","floor":38.0,"turns":7.0},{"damage":12,"enemies":"4 Shapes","floor":39,"turns":5},{"damage":2,"enemies":"Sphere and 2 Shapes","floor":40,"turns":3},{"damage":8,"enemies":"Jaw Worm Horde","floor":45,"turns":5},{"damage":23,"enemies":"3 Darklings","floor":46,"turns":2},{"damage":14,"enemies":"Giant Head","floor":48,"turns":6},{"damage":0,"enemies":"IC_BLOCK_ARCHETYPE","floor":50,"turns":8},{"damage":0,"enemies":"downfall:CharBossMerchant","floor":52,"turns":6},{"damage":11,"enemies":"downfall:NeowBoss","floor":55,"turns":7},{"damage":83,"enemies":"downfall:NeowBossFinal","floor":56,"turns":8}],"seed_played":"-8930114892433535488","potions_obtained":[{"floor":2.0,"key":"SteroidPotion"},{"floor":14.0,"key":"Ancient Potion"}],"is_trial":false,"path_per_floor":["R","M","M","?","M","R","T","R","$","M","R","M","?","E","M","B",null,"R","M","$","?","?","M","T","M","R","M","M","M","R","E","M","B",null,"R","M","M","?","M","M","T","?","?","?","M","M","R","E","R","B",null,"E","$","R","B","B"],"character_chosen":"GUARDIAN","items_purchased":["Guardian:FuturePlans","Guardian:AncientConstruct","Frozen Eye","Pen Nib"],"campfire_rested":2,"item_purchase_floors":[9,20,53,53],"current_hp_per_floor":[80,80,79,79,71,71,71,81,76,62,62,62,49,40,29,9,90,90,90,81,81,81,81,81,77,77,59,39,34,34,23,23,15,90,90,90,87,78,66,64,64,64,64,64,56,33,60,46,73,73,90,90,90,90,79,0,0,0],"gold":68,"neow_bonus":"TRANSFORM_CARD","is_daily":false,"chose_seed":false,"campfire_upgraded":8,"win_rate":0.0,"timestamp":1611457279,"path_taken":["R","M","?","?","M","R","T","R","$","M","R","M","?","E","M","BOSS","R","M","$","?","?","M","T","M","R","M","?","M","R","E","M","BOSS","R","M","?","?","M","M","T","?","?","?","?","M","R","E","R","BOSS","E","$","R","BOSS","BOSS"],"items_purchased_type":["Card","Card","Relic","Relic"],"build_version":"2020-12-22","purchased_purges":1,"victory":false,"max_hp_per_floor":[80,80,80,80,80,80,80,90,90,90,90,90,90,90,90,90,90,90,90,90,90,90,90,90,90,90,90,90,90,90,90,90,90,90,90,90,90,90,90,90,90,90,90,90,90,90,90,90,90,90,90,90,90,90,90,90,90,90],"card_choices":[{"not_picked":["Guardian:TemporalStrike","Guardian:TemporalShield"],"picked":"Guardian:PolyBeam","floor":2.0},{"not_picked":["Guardian:CrystalBeam","Guardian:ChargeCore"],"picked":"Guardian:PrimingBeam","floor":3.0},{"not_picked":["Guardian:ChargeCore","Guardian:TemporalShield","Guardian:ShieldCharger"],"picked":"SKIP","floor":5.0},{"not_picked":["Guardian:Gem_Green","Guardian:RevengeProtocol"],"picked":"Guardian:CompilePackage","floor":9.0},{"not_picked":["Guardian:CrystalBeam","Guardian:GuardianWhirl"],"picked":"Guardian:Repulse","floor":10.0},{"not_picked":["Guardian:Planning","Guardian:Gem_Lightblue","Guardian:ChargeCore"],"picked":"SKIP","floor":12.0},{"not_picked":["Guardian:SpikerProtocol","Guardian:Gem_Blue"],"picked":"Guardian:RollAttack","floor":14.0},{"not_picked":["Guardian:Gem_Cyan","Guardian:Reroute"],"picked":"Guardian:VentSteam","floor":15.0},{"not_picked":["Guardian:ExploitGems","Guardian:GemFinder"],"picked":"Guardian:FierceBash","floor":16.0},{"not_picked":["Guardian:ChargeCore+1","Guardian:ArmoredProtocol+1"],"picked":"Guardian:ShieldCharger","floor":19.0},{"not_picked":["Guardian:RollAttack","Guardian:PrimingBeam"],"picked":"Guardian:FloatingOrbs+1","floor":20.0},{"not_picked":["Guardian:Clone","Guardian:PiercingHide"],"picked":"Guardian:ChargeUp","floor":23.0},{"not_picked":["Guardian:BronzeArmor","Guardian:Clone"],"picked":"Guardian:Harden+1","floor":25.0},{"not_picked":["Guardian:VentSteam","Guardian:Recover","Guardian:PiercingHide"],"picked":"SKIP","floor":27.0},{"not_picked":["Guardian:ChargeCore","Guardian:SentryBeam"],"picked":"Guardian:Gem_Crimson","floor":28.0},{"not_picked":["Guardian:TimeBomb","Guardian:ChargeCore+1"],"picked":"Guardian:StasisEngine","floor":29.0},{"not_picked":["Guardian:ChargeCore","Guardian:Gem_Fragmented"],"picked":"Guardian:ShieldSpikes","floor":31.0},{"not_picked":["Guardian:PiercingHide","Guardian:Reroute"],"picked":"Guardian:Gem_Yellow","floor":32.0},{"not_picked":["Guardian:ConstructionForm","Guardian:StasisEngine"],"picked":"Guardian:StasisField","floor":33.0},{"not_picked":["Guardian:ArmoredProtocol","Guardian:PiercingHide+1"],"picked":"Guardian:FloatingOrbs","floor":36.0},{"not_picked":["Guardian:Harden+1","Guardian:PolyBeam","Guardian:ArmoredProtocol"],"picked":"SKIP","floor":37.0},{"not_picked":["Guardian:Gem_Cyan","Guardian:Repulse"],"picked":"Guardian:ShieldSpikes","floor":39},{"not_picked":["Guardian:Gem_Red","Guardian:DecasProtection","Guardian:CrystalBeam+1"],"picked":"SKIP","floor":39},{"not_picked":["Guardian:Gem_Red","Guardian:CrystalBeam+1"],"picked":"Guardian:DecasProtection","floor":39},{"not_picked":["Guardian:Gem_Cyan","Guardian:Planning+1"],"picked":"Guardian:PolyBeam+1","floor":40},{"not_picked":["Guardian:Reroute+1","Guardian:Gem_Blue","Guardian:Repulse+1"],"picked":"SKIP","floor":40},{"not_picked":["Guardian:GuardianWhirl+1","Guardian:Gem_Cyan","Guardian:RollAttack"],"picked":"SKIP","floor":45},{"not_picked":["Guardian:Gem_Cyan","Guardian:Clone","Guardian:Planning"],"picked":"SKIP","floor":45},{"not_picked":["Guardian:WalkerClaw+1","Guardian:Gem_Cyan"],"picked":"Guardian:CompilePackage","floor":46},{"not_picked":["Guardian:RollAttack+1","Guardian:Gem_Red"],"picked":"Guardian:Gem_Purple","floor":46},{"not_picked":["Guardian:Gem_White","Guardian:RollAttack"],"picked":"Guardian:TemporalShield+1","floor":48},{"not_picked":["Guardian:StasisEngine","Guardian:Gem_Lightblue","Guardian:Gem_Cyan"],"picked":"SKIP","floor":52}],"player_experience":261290,"relics_obtained":[{"floor":14.0,"key":"Bronze Scales"},{"floor":24.0,"key":"Mercury Hourglass"},{"floor":31.0,"key":"PreservedInsect"},{"floor":38.0,"key":"Prayer Wheel"},{"floor":41,"key":"Du-Vu Doll"},{"floor":48,"key":"InkBottle"},{"floor":52,"key":"Blood Vial"}],"event_choices":[{"cards_removed":["Guardian:Defend_Guardian"],"damage_healed":0.0,"max_hp_gain":0.0,"max_hp_loss":0.0,"gold_gain":0.0,"event_name":"Bonfire Elementals","player_choice":"Offered Basic","floor":22.0,"gold_loss":0.0,"damage_taken":0.0},{"damage_healed":0,"gold_gain":0,"player_choice":"Ignored","damage_taken":0,"max_hp_gain":0,"max_hp_loss":0,"event_name":"Mysterious Sphere","floor":44,"gold_loss":0}],"is_beta":false,"boss_relics":[{"not_picked":["Tiny House","Cursed Key"],"picked":"Sozu"},{"not_picked":["Runic Dome","SacredBark"],"picked":"Astrolabe"}],"items_purged_floors":[20],"is_endless":false,"potions_floor_spawned":[2,13,14,19,23,29,31,32,33,36,39,46,52],"killed_by":"downfall:NeowBossFinal","ascension_level":0}}