{"host":"f0dbpmn0khgeoqc0","time":1611515138,"event":{"mods":["2.2 Compatiblity","AchievementEnabler","Act Like it!","Ascension Unlocker","Aspiration","BaseMod","Better Altar","Better Match","Better Sensory Stone","Better Skull","Better Third Choice","BetterRewards","Block Reminder","Colored Map","Colored Powertips","Conspire","DNKmod","Disable Question Mark Monsters","Displayed Cursed Tome","Downfall","Evolution","Friendly Minions","Hermit","Highlight Path","Humility","Infinite Spire","Jorbs\u0027s Wanderer Trilogy","Koishi","Marisa????????","Minty Spire (QoL Compilation)","MostiFishMod","Permanent Neow","Random Character Button","Relic Filter","Relic Stats","Replay The Spire","Spicy Shops","Spire Arcade","StSLib","Td1madao Mod","The Gatherer","Treasure Hunter","Wandering Minibosses","??????REMEMod"],"gold_per_floor":[135,135,151,151,162,162,194,194,268,300,265,278,278,278,278,350,350,361,401,401,414,431,431,481,481,522,568,294,294,303,303,303],"floor_reached":31,"language":"ENG","playtime":1563,"items_purged":[],"score":833,"play_id":"6e3a84b6-7891-4c0e-9a9e-82479252a4bc","local_time":"20210124140538","is_ascension_mode":true,"campfire_choices":[{"data":"Loop","floor":6.0,"key":"SMITH"},{"data":"BasicCrystalCard","floor":8.0,"key":"SMITH"},{"data":"MostiFishMod:LinkProtocol","floor":13.0,"key":"SMITH"},{"data":"FIFO Queue","floor":15.0,"key":"SMITH"},{"data":"MostiFishMod:LinkProtocol","floor":23,"key":"SMITH"},{"floor":25,"key":"REST"},{"data":"Dual Wield","floor":29,"key":"SMITH"}],"circlet_count":0,"master_deck":["AscendersBane","Sweeping Beam","Strike_B","Strike_B","Strike_B","Defend_B","Defend_B","Defend_B","Defend_B","Zap","Redo","Self Repair","Cold Snap","Ball Lightning","Loop+1","Cold Snap","Coolheaded","FIFO Queue+1","TH:CursedSword+1","BasicCrystalCard+1","Replay:Sluggish","TH:CursedSword+1","TH:DeckOfManyThings+1","Redo","MostiFishMod:LinkProtocol+1","Bash+1","Dualcast","TH:BikiniMail+1","Echo Form","Headbutt","Rebound","Cold Snap","MostiFishMod:LinkProtocol+1","TH:TreasureMap+1","REME_SelfUpgrade","conspire:Blindness","TH:CopperCoins+1","TH:CursedSword+1","Dual Wield+1","Inflame","Warcry","ReplayTheSpireMod:Chaos Vortex"],"relics":["EVO:Axolotl","DaveBox","REME_ComplimentaryCards","Cursed Key","TH:Anvil","SynthV:TestCard","Smiling Mask","Letter Opener","Symbiotic Virus","Iron Core","Cracked Core","xbg","Matryoshka","CeramicFish","Geode","DataDisk","infinitespire:Bottled Soul","REME_HandOfSuture","ChiXiaoBlade","aspiration:Headhunter"],"acts_visited":["Exordium","TheCity"],"potions_floor_usage":[24,24],"damage_taken":[{"damage":15.0,"enemies":"Jaw Worm","floor":1.0,"turns":3.0},{"damage":0.0,"enemies":"Cultist","floor":3.0,"turns":2.0},{"damage":1.0,"enemies":"Small Slimes","floor":5.0,"turns":2.0},{"damage":20.0,"enemies":"3 Sentries","floor":7.0,"turns":7.0},{"damage":22.0,"enemies":"Lagavulin","floor":10.0,"turns":6.0},{"damage":3.0,"enemies":"2 Fungi Beasts","floor":12.0,"turns":6.0},{"damage":26.0,"enemies":"The Guardian","floor":16.0,"turns":8.0},{"damage":18,"enemies":"Spheric Guardian","floor":18,"turns":4},{"damage":5,"enemies":"conspire:MimicChest","floor":19,"turns":8},{"damage":15,"enemies":"Chosen","floor":21,"turns":4},{"damage":17,"enemies":"Centurion and Healer","floor":22,"turns":6},{"damage":51,"enemies":"Slavers","floor":24,"turns":4},{"damage":16,"enemies":"Book of Stabbing","floor":27,"turns":4},{"damage":40,"enemies":"Slavers","floor":31,"turns":3}],"seed_played":"1138316014119954220","potions_obtained":[{"floor":5.0,"key":"GamblersBrew"},{"floor":7.0,"key":"Doom Potion"},{"floor":12.0,"key":"PowerPotion"},{"floor":16.0,"key":"Doom Potion"},{"floor":19,"key":"Fire Potion"},{"floor":21,"key":"Energy Potion"}],"is_trial":false,"path_per_floor":["M","?","M","?","M","R","E","R","T","E","?","M","R","?","R","B",null,"M","?","?","M","M","R","E","R","T","E","$","R","AVR","E"],"character_chosen":"DEFECT","items_purchased":["TH:Anvil","Redo","Self Repair","Cold Snap","Ball Lightning","Loop","Inflame","Warcry","REME_HandOfSuture"],"campfire_rested":1,"item_purchase_floors":[0,0,0,0,0,0,28,28,28],"current_hp_per_floor":[56,56,56,71,70,70,57,57,57,42,59,63,63,63,63,44,64,53,55,55,40,37,37,24,45,45,36,36,36,36,0,0],"gold":303,"neow_bonus":"","is_daily":false,"chose_seed":false,"campfire_upgraded":6,"win_rate":0.0,"timestamp":1611515138,"path_taken":["M","?","?","?","M","R","E","R","T","E","?","M","R","?","R","BOSS","M","?","?","M","?","R","E","R","T","E","$","R","AVR","E"],"items_purchased_type":["Relic","Card","Card","Card","Card","Card","Card","Card","Relic"],"build_version":"2020-12-22","purchased_purges":0,"victory":false,"max_hp_per_floor":[71,71,71,71,71,71,71,71,71,71,71,71,71,71,71,71,71,71,71,71,71,71,71,71,71,71,71,71,71,71,71,71],"relic_stats":{"counters":[98,398],"CeramicFish":81,"Letter Opener":[30],"Cursed Key":2,"Smiling Mask":0,"obtain_stats":[{"Whetstone":12,"Boot":19,"Sling":38,"Old Coin":0,"conspire:GlowingRock":41,"Sundial":34,"MealTicket":10,"Replay:Wax Seal":0,"aspiration:Headhunter":30,"Cola":33,"Pear":6,"Eternal Feather":45,"Pen Nib":41,"REME_LimitBreaker":31,"Akabeko":0,"MutagenicStrength":19,"Pandora\u0027s Box":17,"aspiration:Lifesprig":54,"Lantern":41,"TH:Anvil":0,"DaveBox":0,"Singing Bowl":9,"DianPoetry":8,"Ancient Tea Set":47,"Smiling Mask":13,"Cursed Key":2,"Matryoshka":19,"infinitespire:Bottled Soul":27,"WingedGreaves":34,"Chemical X":21,"NeowsBlessing":0,"Damaru":9,"The Courier":35,"Omamori":48,"Geode":26,"infinitespire:CheckeredPen":50,"Frozen Egg 2":0,"GoldenEye":6,"HaiYi:Twilight":19,"Ornamental Fan":46,"Orrery":0,"REME_HandOfSuture":34,"Turnip":51,"Bottled Lightning":43,"Apod":8,"conspire:DeflatedDodgeball":44,"Toy Ornithopter":33,"REME_ComplimentaryCards":0,"aspiration:Stellarator":45,"CeramicFish":24,"TH:Strongbox":0,"Runic Capacitor":0,"EVO:Axolotl":0,"Sozu":17,"Centennial Puzzle":8,"HornCleat":0,"GuanYuAspect":17,"Philosopher\u0027s Stone":34,"Toxic Egg 2":0,"Girya":50,"wanderingMiniBosses:ThiefScarf":30,"wanderingMiniBosses:MasterThiefsPresence":24,"conspire:SlowCooker":48,"infinitespire:Beetle Shell":55,"aspiration:SeaSaltIceCream":6,"Letter Opener":9,"War Paint":13,"Shuriken":35,"Bronze Scales":26,"ChiXiaoBlade":38,"Molten Egg 2":43,"infinitespire:EmpoweringShard":46,"xbg":17,"Symbiotic Virus":10,"NlothsMask":2,"Iron Core":14,"bronze:BronzeCore":0,"MostiFishMod:Haymaker":6,"Juzu Bracelet":0,"TeardropLocket":0,"ClockworkSouvenir":37,"Mummified Hand":27,"Red Mask":20,"Cracked Core":2,"aspiration:RunicSpoon":51,"ShadowXiaoBlade":17,"infinitespire:FocusingShard":31,"aspiration:HummingbirdHeart":48,"Orichalcum":37,"White Beast Statue":47,"Calling Bell":34,"Anchor":19,"DataDisk":26,"SynthV:TestCard":1,"infinitespire:WardingShard":9,"wanderingMiniBosses:CarrionFlame":35,"Bag of Marbles":39,"Membership Card":0,"REME_CardOfGreed":39,"aspiration:RitualDagger":47,"TungstenRod":12,"FossilizedHelix":31},{"Whetstone":23,"Boot":9,"Sling":11,"Old Coin":0,"conspire:GlowingRock":60,"Sundial":59,"MealTicket":22,"Replay:Wax Seal":67,"aspiration:Headhunter":97,"Cola":58,"Pear":3,"Eternal Feather":61,"Pen Nib":12,"REME_LimitBreaker":57,"Akabeko":16,"MutagenicStrength":27,"Pandora\u0027s Box":50,"aspiration:Lifesprig":41,"Lantern":60,"TH:Anvil":84,"DaveBox":0,"Singing Bowl":72,"DianPoetry":48,"Ancient Tea Set":14,"Smiling Mask":24,"Cursed Key":85,"Matryoshka":93,"infinitespire:Bottled Soul":97,"WingedGreaves":59,"Chemical X":78,"NeowsBlessing":0,"Damaru":21,"The Courier":59,"Omamori":39,"Geode":96,"infinitespire:CheckeredPen":65,"Frozen Egg 2":43,"GoldenEye":20,"HaiYi:Twilight":9,"Ornamental Fan":62,"Orrery":16,"REME_HandOfSuture":59,"Turnip":66,"Bottled Lightning":12,"Apod":48,"conspire:DeflatedDodgeball":13,"Toy Ornithopter":58,"REME_ComplimentaryCards":0,"aspiration:Stellarator":61,"CeramicFish":96,"TH:Strongbox":43,"Runic Capacitor":67,"EVO:Axolotl":0,"Sozu":8,"Centennial Puzzle":4,"HornCleat":67,"GuanYuAspect":76,"Philosopher\u0027s Stone":32,"Toxic Egg 2":43,"Girya":65,"wanderingMiniBosses:ThiefScarf":57,"wanderingMiniBosses:MasterThiefsPresence":80,"conspire:SlowCooker":39,"infinitespire:Beetle Shell":42,"aspiration:SeaSaltIceCream":3,"Letter Opener":88,"War Paint":49,"Shuriken":59,"Bronze Scales":55,"ChiXiaoBlade":11,"Molten Egg 2":37,"infinitespire:EmpoweringShard":62,"xbg":91,"Symbiotic Virus":89,"NlothsMask":85,"Iron Core":90,"bronze:BronzeCore":0,"MostiFishMod:Haymaker":47,"Juzu Bracelet":16,"TeardropLocket":16,"ClockworkSouvenir":34,"Mummified Hand":55,"Red Mask":53,"Cracked Core":85,"aspiration:RunicSpoon":66,"ShadowXiaoBlade":26,"infinitespire:FocusingShard":58,"aspiration:HummingbirdHeart":65,"Orichalcum":34,"White Beast Statue":63,"Calling Bell":59,"Anchor":52,"DataDisk":96,"SynthV:TestCard":1,"infinitespire:WardingShard":4,"wanderingMiniBosses:CarrionFlame":33,"Bag of Marbles":60,"Membership Card":43,"REME_CardOfGreed":60,"aspiration:RitualDagger":63,"TungstenRod":23,"FossilizedHelix":57},{"Whetstone":85,"Boot":32,"Sling":47,"Old Coin":0,"conspire:GlowingRock":219,"Sundial":217,"MealTicket":83,"Replay:Wax Seal":256,"aspiration:Headhunter":395,"Cola":210,"Pear":3,"Eternal Feather":224,"Pen Nib":52,"REME_LimitBreaker":206,"Akabeko":68,"MutagenicStrength":101,"Pandora\u0027s Box":179,"aspiration:Lifesprig":141,"Lantern":219,"TH:Anvil":332,"DaveBox":0,"Singing Bowl":269,"DianPoetry":164,"Ancient Tea Set":58,"Smiling Mask":88,"Cursed Key":335,"Matryoshka":377,"infinitespire:Bottled Soul":395,"WingedGreaves":217,"Chemical X":300,"NeowsBlessing":0,"Damaru":80,"The Courier":217,"Omamori":136,"Geode":391,"infinitespire:CheckeredPen":243,"Frozen Egg 2":146,"GoldenEye":78,"HaiYi:Twilight":32,"Ornamental Fan":228,"Orrery":68,"REME_HandOfSuture":217,"Turnip":250,"Bottled Lightning":52,"Apod":164,"conspire:DeflatedDodgeball":55,"Toy Ornithopter":210,"REME_ComplimentaryCards":0,"aspiration:Stellarator":224,"CeramicFish":391,"TH:Strongbox":146,"Runic Capacitor":256,"EVO:Axolotl":0,"Sozu":27,"Centennial Puzzle":6,"HornCleat":256,"GuanYuAspect":293,"Philosopher\u0027s Stone":117,"Toxic Egg 2":146,"Girya":243,"wanderingMiniBosses:ThiefScarf":206,"wanderingMiniBosses:MasterThiefsPresence":312,"conspire:SlowCooker":136,"infinitespire:Beetle Shell":144,"aspiration:SeaSaltIceCream":3,"Letter Opener":345,"War Paint":171,"Shuriken":217,"Bronze Scales":195,"ChiXiaoBlade":47,"Molten Egg 2":130,"infinitespire:EmpoweringShard":228,"xbg":365,"Symbiotic Virus":351,"NlothsMask":335,"Iron Core":357,"bronze:BronzeCore":0,"MostiFishMod:Haymaker":163,"Juzu Bracelet":68,"TeardropLocket":68,"ClockworkSouvenir":123,"Mummified Hand":195,"Red Mask":188,"Cracked Core":335,"aspiration:RunicSpoon":250,"ShadowXiaoBlade":97,"infinitespire:FocusingShard":210,"aspiration:HummingbirdHeart":243,"Orichalcum":123,"White Beast Statue":235,"Calling Bell":217,"Anchor":186,"DataDisk":391,"SynthV:TestCard":1,"infinitespire:WardingShard":6,"wanderingMiniBosses:CarrionFlame":121,"Bag of Marbles":219,"Membership Card":146,"REME_CardOfGreed":219,"aspiration:RitualDagger":235,"TungstenRod":85,"FossilizedHelix":206}]},"card_choices":[{"not_picked":["MostiFishMod:FluxCapactior","Hologram"],"picked":"Cold Snap","floor":1.0},{"not_picked":["Gash","MostiFishMod:FluxCapactior","Barrage","Streamline"],"picked":"Coolheaded","floor":3.0},{"not_picked":["MostiFishMod:ReprogramOld","Rebound","Capacitor","Glacier"],"picked":"FIFO Queue","floor":5.0},{"not_picked":["TH:PixieDust","TH:ArmorSpikes","TH:ElvenBoots"],"picked":"TH:CursedSword","floor":7.0},{"not_picked":["Melter","Darkness","Skim","Self Repair"],"picked":"BasicCrystalCard","floor":7.0},{"not_picked":["TH:DeckOfManyThings","TH:BikiniMail","TH:Mimic"],"picked":"TH:CursedSword","floor":9.0},{"not_picked":["TH:TreasureMap","TH:ElvenBoots","TH:ArmorSpikes"],"picked":"TH:DeckOfManyThings","floor":10.0},{"not_picked":["Sweeping Beam","Fusion","Gash","White Noise"],"picked":"Redo","floor":10.0},{"not_picked":["Chill","Panic Button","Go for the Eyes","Cold Snap"],"picked":"MostiFishMod:LinkProtocol","floor":12.0},{"not_picked":["TH:EnergyPotion","TH:ElvenBoots","TH:DeckOfManyThings"],"picked":"TH:BikiniMail","floor":16.0},{"not_picked":["MostiFishMod:Prepare","Reboot","Mirror Shield","MostiFishMod:GoodWordForIt","All For One"],"picked":"Echo Form","floor":16.0},{"not_picked":["Ball Lightning","ReplaySolidLightProjector+1","Gash","Turbo"],"picked":"Headbutt","floor":18},{"not_picked":["Rip and Tear","Inflame","Go for the Eyes","Static Discharge"],"picked":"Rebound","floor":19},{"not_picked":["Beam Cell+1","ReplaySort","ReplayTheSpireMod:GoodbyeWorld","Rebound"],"picked":"Cold Snap","floor":21},{"not_picked":["Cold Snap","Steam Power","REME_ForAll","Panic Button"],"picked":"MostiFishMod:LinkProtocol","floor":22},{"not_picked":["TH:PixieDust","TH:BikiniMail","TH:Mimic"],"picked":"TH:TreasureMap","floor":24},{"not_picked":["Double Energy","Conserve Battery","BasicCrystalCard","REME_Whirling"],"picked":"REME_SelfUpgrade","floor":24},{"not_picked":["TH:ElvenBoots","TH:TreasureMap","TH:Mimic"],"picked":"TH:CopperCoins","floor":26},{"not_picked":["TH:EnergyPotion","TH:ArmorSpikes","TH:CopperCoins"],"picked":"TH:CursedSword","floor":27},{"not_picked":["Core Surge","Rebound","REME_Whirling","Panic Button+1","Fusion"],"picked":"Dual Wield","floor":27}],"player_experience":580824,"relics_obtained":[{"floor":1.0,"key":"SynthV:TestCard"},{"floor":7.0,"key":"Smiling Mask"},{"floor":9.0,"key":"Letter Opener"},{"floor":10.0,"key":"Symbiotic Virus"},{"floor":19,"key":"Matryoshka"},{"floor":24,"key":"CeramicFish"},{"floor":26,"key":"Geode"},{"floor":26,"key":"DataDisk"},{"floor":27,"key":"infinitespire:Bottled Soul"}],"event_choices":[{"damage_healed":0.0,"max_hp_gain":0.0,"max_hp_loss":0.0,"gold_gain":0.0,"event_name":"FaceTrader","player_choice":"Trade","floor":2.0,"gold_loss":0.0,"damage_taken":0.0,"relics_obtained":["NlothsMask"]},{"damage_healed":23.0,"max_hp_gain":0.0,"max_hp_loss":0.0,"gold_gain":0.0,"event_name":"Big Fish","player_choice":"Banana","floor":4.0,"gold_loss":0.0,"damage_taken":0.0},{"damage_healed":17.0,"max_hp_gain":0.0,"max_hp_loss":0.0,"gold_gain":0.0,"event_name":"The Cleric","player_choice":"Healed","floor":11.0,"gold_loss":35.0,"damage_taken":0.0},{"damage_healed":0,"gold_gain":0,"player_choice":"Upgraded","damage_taken":0,"max_hp_gain":0,"max_hp_loss":0,"event_name":"Upgrade Shrine","floor":20,"gold_loss":0,"cards_upgraded":["Bash"]}],"is_beta":false,"boss_relics":[{"not_picked":["Replay:Ancient Bell","Philosopher\u0027s Stone"],"picked":"xbg"}],"items_purged_floors":[],"is_endless":false,"potions_floor_spawned":[5,7,12,16,19,21],"killed_by":"Slavers","ascension_level":20}}