{"host":"qfskrnw3pl1q86j0","time":1611502673,"event":{"mods":["BaseMod","Block Reminder","Hermit","Marisa????????","Minty Spire (QoL Compilation)","Quick Restart","Random Character Button","Relic Stats","StSLib","The Poker Player","slay the spire mod where everything is the same but ironclad has a cowboy hat"],"gold_per_floor":[14,14,14,27,27,27,66,66,66,86,105,146,164,164,164,295,295,308,308,324,97,120,153,171,171,171,171,186,101,125,165,165,289,289,313,646,657,567,567,567,601,173,173,173,190,217,227,243,243,243],"floor_reached":51,"language":"ENG","playtime":2166,"items_purged":["Strike_G","Defend_G"],"score":957,"play_id":"8e4a72f6-23c7-4614-8adb-4b30847a3501","local_time":"20210124163753","is_ascension_mode":false,"campfire_choices":[{"data":"Neutralize","floor":6.0,"key":"SMITH"},{"data":"Backstab","floor":8.0,"key":"SMITH"},{"data":"Sucker Punch","floor":15.0,"key":"SMITH"},{"data":"Envenom","floor":25.0,"key":"SMITH"},{"data":"Heel Hook","floor":27.0,"key":"SMITH"},{"data":"Poisoned Stab","floor":32.0,"key":"SMITH"},{"data":"Poisoned Stab","floor":40.0,"key":"SMITH"},{"data":"Terror","floor":44.0,"key":"SMITH"},{"floor":49,"key":"REST"}],"circlet_count":0,"master_deck":["Strike_G+1","Strike_G+1","Defend_G+1","Defend_G","Defend_G","Defend_G","Survivor","Neutralize+1","PiercingWail+1","Backstab+1","Heel Hook+1","Poisoned Stab+1","Poisoned Stab+1","Sucker Punch+1","Envenom+1","Sucker Punch+1","Unload","Leg Sweep","Cloak And Dagger","After Image","Envenom+1","Poisoned Stab+1","Glass Knife","Terror+1","Catalyst"],"relics":["Ring of the Snake","Thread and Needle","Juzu Bracelet","Akabeko","Paper Crane","StoneCalendar","Black Star","Tough Bandages","Ornamental Fan","Art of War","Bottled Tornado","Darkstone Periapt","Blue Candle","Happy Flower","Cursed Key","Dream Catcher","Ginger","HornCleat","Regal Pillow","War Paint"],"acts_visited":["Exordium","TheCity","TheBeyond"],"potions_floor_usage":[50,50,50],"damage_taken":[{"damage":0.0,"enemies":"2 Louse","floor":1.0,"turns":3.0},{"damage":0.0,"enemies":"Cultist","floor":4.0,"turns":3.0},{"damage":0.0,"enemies":"3 Sentries","floor":7.0,"turns":10.0},{"damage":0.0,"enemies":"Jaw Worm","floor":10.0,"turns":2.0},{"damage":0.0,"enemies":"Looter","floor":11.0,"turns":2.0},{"damage":3.0,"enemies":"Lagavulin","floor":12.0,"turns":5.0},{"damage":0.0,"enemies":"Red Slaver","floor":13.0,"turns":4.0},{"damage":0.0,"enemies":"The Guardian","floor":16.0,"turns":9.0},{"damage":0.0,"enemies":"Spheric Guardian","floor":18.0,"turns":4.0},{"damage":0.0,"enemies":"Shell Parasite","floor":20.0,"turns":5.0},{"damage":0.0,"enemies":"3 Cultists","floor":22.0,"turns":7.0},{"damage":14.0,"enemies":"Gremlin Leader","floor":23.0,"turns":7.0},{"damage":0.0,"enemies":"Centurion and Healer","floor":24.0,"turns":7.0},{"damage":0.0,"enemies":"Shelled Parasite and Fungi","floor":28.0,"turns":5.0},{"damage":0.0,"enemies":"Cultist and Chosen","floor":30.0,"turns":7.0},{"damage":0.0,"enemies":"Book of Stabbing","floor":31.0,"turns":7.0},{"damage":0.0,"enemies":"Champ","floor":33.0,"turns":13.0},{"damage":0.0,"enemies":"3 Shapes","floor":35.0,"turns":4.0},{"damage":3.0,"enemies":"3 Darklings","floor":37.0,"turns":7.0},{"damage":17.0,"enemies":"Nemesis","floor":41.0,"turns":7.0},{"damage":6,"enemies":"Spire Growth","floor":45,"turns":4},{"damage":0,"enemies":"Giant Head","floor":46,"turns":7},{"damage":0,"enemies":"Maw","floor":47,"turns":5},{"damage":3,"enemies":"3 Darklings","floor":48,"turns":7},{"damage":24,"enemies":"Awakened One","floor":50,"turns":13}],"seed_played":"-5019870383744458790","potions_obtained":[{"floor":1.0,"key":"Explosive Potion"},{"floor":10.0,"key":"FearPotion"},{"floor":11.0,"key":"EssenceOfSteel"},{"floor":12.0,"key":"Dexterity Potion"},{"floor":16.0,"key":"Swift Potion"},{"floor":23.0,"key":"SneckoOil"},{"floor":24.0,"key":"Fruit Juice"},{"floor":30.0,"key":"DistilledChaos"},{"floor":31.0,"key":"FearPotion"},{"floor":41.0,"key":"PowerPotion"},{"floor":47,"key":"Fire Potion"},{"floor":48,"key":"Ancient Potion"}],"is_trial":false,"path_per_floor":["M","?","?","M","?","R","E","R","T","M","M","E","M","?","R","B",null,"M","?","M","$","M","E","M","R","T","R","M","?","M","E","R","B",null,"M","?","M","?","?","R","E","$","T","R","M","E","M","M","R","B",null],"character_chosen":"THE_SILENT","items_purchased":["Unload","HornCleat","Terror"],"campfire_rested":1,"item_purchase_floors":[21,42,42],"current_hp_per_floor":[70,65,52,52,45,45,45,45,45,45,45,42,42,42,42,42,65,65,65,65,65,65,51,51,51,51,51,51,51,51,51,51,56,70,70,70,67,67,67,67,50,50,50,50,44,44,44,41,70,46],"gold":243,"neow_bonus":"ONE_RARE_RELIC","is_daily":false,"chose_seed":false,"campfire_upgraded":8,"win_rate":0.0,"timestamp":1611502673,"path_taken":["M","?","?","M","?","R","E","R","T","M","M","E","M","?","R","BOSS","M","?","M","$","M","E","M","R","T","R","M","?","M","E","R","BOSS","M","?","M","?","?","R","E","?","T","R","M","E","M","M","R","BOSS"],"items_purchased_type":["Card","Relic","Card"],"build_version":"2020-12-22","purchased_purges":2,"victory":true,"max_hp_per_floor":[70,65,65,65,65,65,65,65,65,65,65,65,65,65,65,65,65,65,65,65,65,65,65,65,65,65,65,65,65,65,65,65,70,70,70,70,70,70,70,70,70,70,70,70,70,70,70,70,70,70],"relic_stats":{"Darkstone Periapt":0,"Regal Pillow":8,"Happy Flower":[22],"counters":[25,154],"Blue Candle":[0],"StoneCalendar":[314],"Juzu Bracelet":2,"Ginger":[5],"War Paint":["PiercingWail","Defend_G"],"Cursed Key":0,"Tough Bandages":[144],"Dream Catcher":1,"Ornamental Fan":[200],"Black Star":4,"Art of War":[1],"obtain_stats":[{"Darkstone Periapt":29,"Regal Pillow":46,"Happy Flower":31,"Golden Idol":2,"Blue Candle":31,"Thread and Needle":0,"StoneCalendar":12,"Juzu Bracelet":5,"Ginger":41,"Paper Crane":9,"Bottled Tornado":26,"War Paint":46,"Cursed Key":34,"Akabeko":7,"Tough Bandages":19,"Dream Catcher":41,"HornCleat":42,"Ornamental Fan":23,"Black Star":17,"Art of War":23,"Ring of the Snake":0},{"Darkstone Periapt":14,"Regal Pillow":22,"Happy Flower":16,"Golden Idol":1,"Blue Candle":16,"Thread and Needle":0,"StoneCalendar":6,"Juzu Bracelet":2,"Ginger":20,"Paper Crane":3,"Bottled Tornado":13,"War Paint":22,"Cursed Key":17,"Akabeko":3,"Tough Bandages":9,"Dream Catcher":20,"HornCleat":20,"Ornamental Fan":12,"Black Star":8,"Art of War":12,"Ring of the Snake":0},{"Darkstone Periapt":73,"Regal Pillow":129,"Happy Flower":87,"Golden Idol":3,"Blue Candle":87,"Thread and Needle":0,"StoneCalendar":25,"Juzu Bracelet":6,"Ginger":118,"Paper Crane":16,"Bottled Tornado":68,"War Paint":129,"Cursed Key":100,"Akabeko":16,"Tough Bandages":42,"Dream Catcher":118,"HornCleat":118,"Ornamental Fan":61,"Black Star":38,"Art of War":61,"Ring of the Snake":0}],"Ring of the Snake":[50]},"card_choices":[{"not_picked":["Accuracy","Acrobatics","Dodge and Roll"],"picked":"SKIP","floor":1.0},{"not_picked":["Acrobatics","Reflex"],"picked":"PiercingWail","floor":4.0},{"not_picked":["Cloak And Dagger","Terror"],"picked":"Backstab","floor":7.0},{"not_picked":["Backflip","Flechettes"],"picked":"Heel Hook","floor":10.0},{"not_picked":["Cloak And Dagger","Deflect"],"picked":"Poisoned Stab","floor":11.0},{"not_picked":["Distraction","Burst"],"picked":"Poisoned Stab","floor":12.0},{"not_picked":["Acrobatics","Noxious Fumes"],"picked":"Sucker Punch","floor":13.0},{"not_picked":["Grand Finale","Doppelganger"],"picked":"Envenom","floor":16.0},{"not_picked":["Deflect+1","Cloak And Dagger"],"picked":"Sucker Punch+1","floor":18.0},{"not_picked":["Acrobatics","Reflex+1","Expertise"],"picked":"SKIP","floor":20.0},{"not_picked":["Flechettes","PiercingWail","Dodge and Roll"],"picked":"SKIP","floor":22.0},{"not_picked":["Sucker Punch","Bouncing Flask"],"picked":"Leg Sweep","floor":23.0},{"not_picked":["Dagger Throw","Skewer","Storm of Steel"],"picked":"SKIP","floor":24.0},{"not_picked":["Dagger Throw","Quick Slash"],"picked":"Cloak And Dagger","floor":28.0},{"not_picked":["Bane","Deadly Poison"],"picked":"After Image","floor":30.0},{"not_picked":["Slice","Cloak And Dagger","Underhanded Strike+1"],"picked":"SKIP","floor":31.0},{"not_picked":["Malaise","A Thousand Cuts"],"picked":"Envenom","floor":33.0},{"not_picked":["Finisher","Skewer+1","Acrobatics+1"],"picked":"SKIP","floor":35.0},{"not_picked":["Deadly Poison+1","Flying Knee+1"],"picked":"Poisoned Stab+1","floor":37.0},{"not_picked":["Sucker Punch+1","Distraction"],"picked":"Glass Knife","floor":41.0},{"not_picked":["Dagger Throw+1","Outmaneuver"],"picked":"Catalyst","floor":45},{"not_picked":["Skewer","Riddle With Holes","Reflex+1"],"picked":"SKIP","floor":46},{"not_picked":["Dodge and Roll","Well Laid Plans","Slice+1"],"picked":"SKIP","floor":47},{"not_picked":["Underhanded Strike+1","Leg Sweep","Expertise+1"],"picked":"SKIP","floor":48}],"player_experience":1000549,"relics_obtained":[{"floor":7.0,"key":"Akabeko"},{"floor":9.0,"key":"Paper Crane"},{"floor":12.0,"key":"StoneCalendar"},{"floor":23.0,"key":"Ornamental Fan"},{"floor":23.0,"key":"Art of War"},{"floor":26.0,"key":"Bottled Tornado"},{"floor":31.0,"key":"Blue Candle"},{"floor":31.0,"key":"Happy Flower"},{"floor":41.0,"key":"Dream Catcher"},{"floor":41.0,"key":"Ginger"},{"floor":46,"key":"Regal Pillow"},{"floor":46,"key":"War Paint"}],"event_choices":[{"damage_healed":0.0,"max_hp_gain":0.0,"max_hp_loss":5.0,"gold_gain":0.0,"event_name":"Golden Idol","player_choice":"Lose Max HP","floor":2.0,"gold_loss":0.0,"damage_taken":0.0,"relics_obtained":["Golden Idol"]},{"damage_healed":0.0,"max_hp_gain":0.0,"max_hp_loss":0.0,"gold_gain":0.0,"event_name":"Shining Light","player_choice":"Entered Light","floor":3.0,"gold_loss":0.0,"damage_taken":13.0,"cards_upgraded":["Strike_G","Strike_G"]},{"damage_healed":0.0,"max_hp_gain":0.0,"max_hp_loss":0.0,"gold_gain":0.0,"event_name":"Scrap Ooze","player_choice":"Success","floor":5.0,"gold_loss":0.0,"damage_taken":7.0,"relics_obtained":["Juzu Bracelet"]},{"cards_removed":["Strike_G"],"damage_healed":0.0,"max_hp_gain":0.0,"max_hp_loss":0.0,"gold_gain":0.0,"event_name":"Bonfire Elementals","player_choice":"Offered Basic","floor":14.0,"gold_loss":0.0,"damage_taken":0.0},{"damage_healed":0.0,"max_hp_gain":0.0,"max_hp_loss":0.0,"gold_gain":0.0,"event_name":"The Mausoleum","player_choice":"Opened","floor":19.0,"gold_loss":0.0,"damage_taken":0.0,"relics_obtained":["Tough Bandages"]},{"damage_healed":0.0,"max_hp_gain":0.0,"max_hp_loss":0.0,"gold_gain":0.0,"event_name":"Addict","player_choice":"Obtained Relic","floor":29.0,"gold_loss":85.0,"damage_taken":0.0,"relics_obtained":["Darkstone Periapt"]},{"damage_healed":0.0,"max_hp_gain":0.0,"max_hp_loss":0.0,"gold_gain":333.0,"event_name":"The Moai Head","player_choice":"Gave Idol","floor":36.0,"relics_lost":["Golden Idol"],"gold_loss":0.0,"damage_taken":0.0},{"cards_removed":["Strike_G"],"damage_healed":0.0,"max_hp_gain":0.0,"max_hp_loss":0.0,"gold_gain":0.0,"event_name":"Designer","player_choice":"Upgrade and Remove","floor":38.0,"gold_loss":90.0,"damage_taken":0.0,"cards_upgraded":["Envenom"]},{"damage_healed":0.0,"max_hp_gain":0.0,"max_hp_loss":0.0,"gold_gain":0.0,"event_name":"NoteForYourself","player_choice":"Ignored","floor":39.0,"gold_loss":0.0,"damage_taken":0.0}],"is_beta":false,"boss_relics":[{"not_picked":["Calling Bell","Snecko Eye"],"picked":"Black Star"},{"not_picked":["Fusion Hammer","Astrolabe"],"picked":"Cursed Key"}],"items_purged_floors":[21,42],"is_endless":false,"potions_floor_spawned":[1,10,11,12,16,23,24,30,31,41,47,48],"ascension_level":0}}