{"host":"c52z9ixzgdjttcmx","time":1611508966,"event":{"mods":["BaseMod","Colored Powertips","Downfall","Filter the Spire","Minty Spire (QoL Compilation)","Rare Cards Sparkle","Relic Stats","StSLib"],"gold_per_floor":[99,99,99,109,122,132,179,194,211,211,211,1,1,15,32,32,32,32],"floor_reached":16,"language":"ENG","playtime":795,"items_purged":[],"score":93,"play_id":"627a5290-3297-486b-8123-7644c8a46108","local_time":"20210124112246","is_ascension_mode":false,"campfire_choices":[{"data":"bronze:Defend","floor":1,"key":"SMITH"},{"floor":11,"key":"REST"},{"floor":13,"key":"RECALL"}],"circlet_count":0,"master_deck":["bronze:Strike","bronze:Strike","bronze:Strike","bronze:Strike","bronze:Defend","bronze:Defend","bronze:Defend","bronze:Defend+1","bronze:Replicate","bronze:Goto","bronze:CloningBeam","bronze:Deprecate","bronze:DigitalCarnage","bronze:OilSpill","bronze:Frontload","bronze:MaxOutput","Chrysalis","bronze:Frontload","bronze:Boost","bronze:Overheat"],"relics":["bronze:BronzeCore","StrikeDummy","Spirit Poop","Lantern","Tiny Chest"],"acts_visited":["Exordium"],"potions_floor_usage":[15,15,15],"damage_taken":[{"damage":0,"enemies":"Small Slimes","floor":4,"turns":3},{"damage":11,"enemies":"Jaw Worm","floor":5,"turns":2},{"damage":4,"enemies":"Cultist","floor":6,"turns":3},{"damage":0,"enemies":"Exordium Wildlife","floor":8,"turns":2},{"damage":12,"enemies":"Large Slime","floor":9,"turns":2},{"damage":0,"enemies":"downfall:FleeingMerchant","floor":12,"turns":4},{"damage":10,"enemies":"Exordium Thugs","floor":14,"turns":2},{"damage":22,"enemies":"Gremlin Gang","floor":15,"turns":4},{"damage":59,"enemies":"DF_ARCHETYPE_STREAMLINE","floor":16,"turns":6}],"seed_played":"-8242917321330801502","potions_obtained":[{"floor":4,"key":"bronze:BurnAndBuffPotion"},{"floor":6,"key":"PowerPotion"},{"floor":9,"key":"bronze:BurnAndBuffPotion"}],"is_trial":false,"path_per_floor":["R","?","?","M","M","M","T","M","M","T","R","$","R","M","M","B"],"character_chosen":"THE_AUTOMATON","items_purchased":["Chrysalis","bronze:Frontload"],"campfire_rested":1,"item_purchase_floors":[12,12],"current_hp_per_floor":[77,77,77,77,66,62,62,62,50,50,73,73,73,63,41,0,0,0],"gold":32,"neow_bonus":"TEN_PERCENT_HP_BONUS","is_daily":false,"chose_seed":false,"campfire_upgraded":1,"win_rate":0.0,"timestamp":1611508966,"path_taken":["R","?","?","M","M","M","T","M","?","?","R","$","R","M","M","BOSS"],"items_purchased_type":["Card","Card"],"build_version":"2020-12-22","purchased_purges":0,"victory":false,"max_hp_per_floor":[77,77,77,77,77,77,77,77,77,77,77,77,77,77,77,77,77,77],"relic_stats":{"counters":[9,28],"Tiny Chest":0,"obtain_stats":[{"Lantern":7,"bronze:BronzeCore":0,"Spirit Poop":3,"Tiny Chest":10,"StrikeDummy":2},{"Lantern":3,"bronze:BronzeCore":0,"Spirit Poop":0,"Tiny Chest":5,"StrikeDummy":0},{"Lantern":8,"bronze:BronzeCore":0,"Spirit Poop":0,"Tiny Chest":12,"StrikeDummy":0}]},"card_choices":[{"not_picked":["bronze:Repulsor","bronze:Philosophize"],"picked":"bronze:CloningBeam","floor":4},{"not_picked":["bronze:FineTuning","bronze:BronzeOrb"],"picked":"bronze:Deprecate","floor":5},{"not_picked":["bronze:Turbo","bronze:BitShift"],"picked":"bronze:DigitalCarnage","floor":6},{"not_picked":["bronze:BitShift","bronze:Shield"],"picked":"bronze:OilSpill","floor":8},{"not_picked":["bronze:ChildClass","bronze:BugBarrage"],"picked":"bronze:Frontload","floor":9},{"not_picked":["bronze:BugBarrage","bronze:Deprecate"],"picked":"bronze:MaxOutput","floor":12},{"not_picked":["bronze:Invalidate","bronze:ForceShield"],"picked":"bronze:Boost","floor":14},{"not_picked":["bronze:Deprecate","bronze:DelayedSlice"],"picked":"bronze:Overheat","floor":15}],"player_experience":3341451,"relics_obtained":[{"floor":7,"key":"Lantern"},{"floor":10,"key":"Tiny Chest"}],"event_choices":[{"damage_healed":0,"gold_gain":0,"player_choice":"Box","damage_taken":0,"relics_obtained":["StrikeDummy"],"max_hp_gain":0,"max_hp_loss":0,"event_name":"Big Fish","floor":2,"gold_loss":0,"cards_obtained":["Regret"]},{"cards_removed":["Regret"],"damage_healed":0,"gold_gain":0,"player_choice":"Offered Curse","damage_taken":0,"relics_obtained":["Spirit Poop"],"max_hp_gain":0,"max_hp_loss":0,"event_name":"Bonfire Elementals","floor":3,"gold_loss":0}],"is_beta":false,"boss_relics":[],"items_purged_floors":[],"is_endless":false,"potions_floor_spawned":[4,6,9],"killed_by":"DF_ARCHETYPE_STREAMLINE","ascension_level":0}}