{"host":"uu8qcv8llpcbwyus","time":1611473718,"event":{"mods":["100% Spire Juice","BaseMod","CapriCore","Conspire","Downfall","HololiveMod","Hubris","Marisa（霧雨　魔理沙）","Minty Spire (QoL Compilation)","Reimu（博??梦）","Remilia（蕾米莉?）","Replay The Spire","StSLib","The Administrix","The Animator","The Gatherer","The Immortal","The Servant 0.9.4","TheSwordswoman","WarShipGirlsR/??少女R mod","Yakumo Yukari mod"],"gold_per_floor":[85,110,148,148,228,228,228,228,228,266,285,309,321,355,355,482,482,503,172,188,216,243,276,133,166,190,232,232,272,172,196,196,317,317,345,371,185,216,176,176,229,257,312,312,322,338,338,373,373,397],"floor_reached":51,"language":"ENG","playtime":6100,"items_purged":["Hololive_CallFriendA","Hololive_CallAyundaRisu"],"score":1311,"play_id":"7e60977e-3dbe-4562-9d75-bb1e26ae1e3c","local_time":"20210123233518","is_ascension_mode":true,"campfire_choices":[{"data":"Hololive_CallSpadeEcho","floor":6,"key":"SMITH"},{"data":"Hololive_Rebirth","floor":8,"key":"SMITH"},{"data":"Hololive_CallTsunomakiWatame","floor":15,"key":"SMITH"},{"data":"Hololive_CallShiranuiFlare","floor":28,"key":"SMITH"},{"data":"Hololive_CallArtia","floor":32,"key":"SMITH"},{"data":"ReplayUltimateDefense","floor":40,"key":"SMITH"},{"data":"Hololive_Nanodesu","floor":49,"key":"SMITH"}],"circlet_count":0,"master_deck":["Hololive_Strike","Hololive_Strike","Hololive_Defend","Hololive_CocoNews","Hololive_CallSpadeEcho+1","Hololive_CallTsunomakiWatame+1","Hololive_CallMoonaHoshinova","Hololive_FlyingPonyTail","Hololive_HuntDinosaur+1","Hololive_Rebirth+1","Hololive_CallShiranuiFlare+1","Hololive_FlyingPonyTail","Hololive_CallTsunomakiWatame+1","Hololive_Nanodesu+1","Hololive_ILoveYou","Hololive_Trident+1","Hololive_FlyingPonyTail","Hololive_CandyCastle+1","Hololive_StarCraft","Hololive_CallArtia+1","Hololive_CallOkamiMio+1","Hololive_FlyingPonyTail+1","Hololive_FlareMind","ReplayUltimateDefense+1","Hololive_CallInugamiKorone+1","Hololive_WolfAndLamb","Hololive_CocoNews+1"],"relics":["Hololive_TheStar","conspire:GlowingRock","FossilizedHelix","Replay:Bottled Snecko","Bird Faced Urn","Meat on the Bone","Simple Rune","hubris:RunicObelisk","Strawberry","hubris:Zylophone","Omamori","Mastiff:ReiMu","Replay:Baseball","Gremlin Food","Abe\u0027s Treasure","conspire:TopHat"],"acts_visited":["Exordium","TheCity","TheBeyond"],"potions_floor_usage":[50,50,50,50],"damage_taken":[{"damage":0,"enemies":"conspire:RoseBush","floor":1,"turns":2},{"damage":0,"enemies":"Small Slimes","floor":2,"turns":2},{"damage":0,"enemies":"conspire:MimicChest","floor":3,"turns":3},{"damage":0,"enemies":"Replay:BlueRogue","floor":10,"turns":3},{"damage":0,"enemies":"Jaw Worm","floor":11,"turns":3},{"damage":0,"enemies":"Blue Slaver","floor":12,"turns":3},{"damage":0,"enemies":"3 Louse","floor":13,"turns":3},{"damage":0,"enemies":"Gremlin Nob","floor":14,"turns":3},{"damage":0,"enemies":"Fading Forest","floor":16,"turns":11},{"damage":0,"enemies":"Chosen","floor":18,"turns":3},{"damage":0,"enemies":"2 Thieves","floor":20,"turns":3},{"damage":0,"enemies":"Snake Plant","floor":21,"turns":4},{"damage":0,"enemies":"Centurion and Healer","floor":22,"turns":5},{"damage":0,"enemies":"Replay:Snechameleon","floor":23,"turns":5},{"damage":0,"enemies":"conspire:HollyBat","floor":25,"turns":6},{"damage":0,"enemies":"conspire:Head Lice","floor":27,"turns":7},{"damage":0,"enemies":"Replay:Snechameleon","floor":29,"turns":6},{"damage":0,"enemies":"Shelled Parasite and Fungi","floor":31,"turns":4},{"damage":0,"enemies":"Collector","floor":33,"turns":7},{"damage":0,"enemies":"3 Darklings","floor":35,"turns":5},{"damage":0,"enemies":"Orb Walker","floor":36,"turns":4},{"damage":0,"enemies":"Spire Growth","floor":38,"turns":5},{"damage":0,"enemies":"Giant Head","floor":41,"turns":7},{"damage":0,"enemies":"3 Darklings","floor":42,"turns":5},{"damage":0,"enemies":"4 Shapes","floor":45,"turns":5},{"damage":0,"enemies":"Sphere and 2 Shapes","floor":46,"turns":7},{"damage":0,"enemies":"Transient","floor":48,"turns":5},{"damage":0,"enemies":"Awakened One","floor":50,"turns":10}],"seed_played":"-6029154331023011164","potions_obtained":[{"floor":10,"key":"EntropicBrew"},{"floor":11,"key":"bronze:BurnAndBuffPotion"},{"floor":12,"key":"Flashbang"}],"is_trial":false,"path_per_floor":["M","M","?","?","T","R","?","R","T","E","M","M","M","E","R","B",null,"M","$","M","M","M","E","$","M","T","E","R","E","$","M","R","B",null,"M","M","$","M","?","R","E","M","T","?","M","M","?","M","R","B",null],"character_chosen":"Hololive_HololiveCharacter","items_purchased":["Hololive_ILoveYou","Hololive_Trident+1","Strawberry","Omamori","ReplayUltimateDefense"],"campfire_rested":0,"item_purchase_floors":[19,19,19,24,37],"current_hp_per_floor":[32,32,32,32,32,32,32,32,32,32,32,32,32,32,32,32,32,32,39,39,39,39,39,39,39,39,39,39,39,39,39,39,39,39,39,39,39,39,39,39,39,39,39,39,39,39,39,39,39,39],"gold":397,"neow_bonus":"ONE_RARE_RELIC","is_daily":false,"chose_seed":false,"campfire_upgraded":7,"win_rate":0.0,"timestamp":1611473718,"path_taken":["M","M","?","?","?","R","?","R","T","E","M","M","M","E","R","BOSS","M","?","M","?","M","E","?","M","T","E","R","E","$","M","R","BOSS","M","M","$","M","?","R","E","?","T","?","M","M","?","M","R","BOSS"],"items_purchased_type":["Card","Card","Relic","Relic","Card"],"build_version":"2020-12-22","purchased_purges":2,"victory":true,"max_hp_per_floor":[32,32,32,32,32,32,32,32,32,32,32,32,32,32,32,32,32,32,39,39,39,39,39,39,39,39,39,39,39,39,39,39,39,39,39,39,39,39,39,39,39,39,39,39,39,39,39,39,39,39],"card_choices":[{"not_picked":["Hololive_Drill","Hololive_RevenueBasedLive","Hololive_Breathe"],"picked":"Hololive_FlyingPonyTail","floor":1},{"not_picked":["Hololive_CallYukihanaLamy","Hololive_Rebound","Hololive_BringToTrial","Hololive_CallCivia"],"picked":"SKIP","floor":2},{"not_picked":[],"picked":"Hololive_Rebirth","floor":7},{"not_picked":["Hololive_CallUsadaPekora","Hololive_StrengthChampion","Hololive_Rebound"],"picked":"Hololive_CallShiranuiFlare","floor":10},{"not_picked":["Hololive_RevenueBasedLive","Hololive_DiamondStrike","Hololive_OvertimeWork"],"picked":"Hololive_FlyingPonyTail","floor":11},{"not_picked":["Hololive_CallAkaiHaato","Hololive_HuntDinosaur","Hololive_Drill"],"picked":"Hololive_CallTsunomakiWatame","floor":12},{"not_picked":["Hololive_CallYukihanaLamy","Hololive_RevenueBasedLive","Hololive_CallShiroganeNoel","Hololive_StrengthChampion"],"picked":"SKIP","floor":13},{"not_picked":["Hololive_HuntDinosaur","Hololive_OvertimeWork","Hololive_SummonFox","Hololive_CallYuzukiChoco"],"picked":"SKIP","floor":14},{"not_picked":["Hololive_AWSL","Hololive_HighAtkLowDef","Hololive_IdolExercise"],"picked":"Hololive_Nanodesu","floor":16},{"not_picked":["Hololive_CallUruhaRushia+1","Hololive_Psychosis","Hololive_Trident","Hololive_CallAiraniIofifteen"],"picked":"SKIP","floor":18},{"not_picked":["Hololive_StrengthChampion","Hololive_HuntDinosaur+1","Hololive_Sequa+1","Hololive_OvertimeWork"],"picked":"SKIP","floor":20},{"not_picked":["Hololive_Sequa","Hololive_CallHoushouMarine","Hololive_CallAkaiHaato"],"picked":"Hololive_FlyingPonyTail","floor":21},{"not_picked":["Hololive_CallOkamiMio","Hololive_StrengthChampion","Hololive_CocoNews"],"picked":"Hololive_CandyCastle","floor":22},{"not_picked":["Hololive_FlyingPonyTail","Hololive_Psychosis+1","Hololive_StrengthChampion"],"picked":"Hololive_StarCraft","floor":23},{"not_picked":["Hololive_Rebound+1","Hololive_Breathe","Hololive_CallNekomataOkayu"],"picked":"Hololive_CallArtia","floor":25},{"not_picked":["Hololive_LuckPotion","Hololive_DurableLive","Hololive_OvertimeWork+1"],"picked":"Hololive_CallOkamiMio+1","floor":27},{"not_picked":["Hololive_HuntDinosaur","Hololive_SummonFox+1","Hololive_Drill","Hololive_CallMurasakiShion+1"],"picked":"SKIP","floor":29},{"not_picked":["Hololive_SoulCatcher","Hololive_CandyCastle","Hololive_CallHoshimachiSuisei"],"picked":"Hololive_FlyingPonyTail+1","floor":31},{"not_picked":["Hololive_ScarfAndHalo","Hololive_DDD","Hololive_WolfAndLamb"],"picked":"Hololive_FlareMind","floor":33},{"not_picked":["Hololive_StrengthChampion","Hololive_CallAyundaRisu","Hololive_Psychosis+1","Hololive_CallHimemoriLuna"],"picked":"SKIP","floor":35},{"not_picked":["Hololive_HuntDinosaur+1","Hololive_Breathe","Hololive_DevilCharm","Hololive_Sequa+1"],"picked":"SKIP","floor":36},{"not_picked":["Hololive_RevenueBasedLive","Hololive_Trident","Hololive_Sequa"],"picked":"Hololive_CallInugamiKorone+1","floor":38},{"not_picked":["Hololive_HighAtkLowDef","Hololive_HuntDinosaur+1","Hololive_ILoveYou+1","Hololive_CallOzoraSubaru"],"picked":"SKIP","floor":41},{"not_picked":["Hololive_LuckPotion+1","Hololive_ManjiGathering+1","Hololive_CallShiroganeNoel+1","Hololive_Rebound"],"picked":"SKIP","floor":42},{"not_picked":["Hololive_FlyingPonyTail+1","Hololive_Psychosis+1","Hololive_LuckPotion"],"picked":"Hololive_WolfAndLamb","floor":45},{"not_picked":["Hololive_RevenueBasedLive+1","Hololive_OvertimeWork","Hololive_CallYukihanaLamy","Hololive_Breathe+1"],"picked":"SKIP","floor":46},{"not_picked":["Hololive_CallDoris+1","Hololive_OvertimeWork","Hololive_Sequa"],"picked":"Hololive_CocoNews+1","floor":48}],"player_experience":1139418,"relics_obtained":[{"floor":3,"key":"FossilizedHelix"},{"floor":5,"key":"Replay:Bottled Snecko"},{"floor":9,"key":"Bird Faced Urn"},{"floor":10,"key":"Meat on the Bone"},{"floor":14,"key":"Simple Rune"},{"floor":23,"key":"hubris:Zylophone"},{"floor":26,"key":"Mastiff:ReiMu"},{"floor":27,"key":"Replay:Baseball"},{"floor":29,"key":"Gremlin Food"},{"floor":41,"key":"conspire:TopHat"}],"event_choices":[{"damage_healed":0,"gold_gain":0,"player_choice":"Upgraded Two","damage_taken":0,"max_hp_gain":0,"max_hp_loss":0,"event_name":"Designer","floor":39,"gold_loss":40,"cards_upgraded":["Hololive_CandyCastle","Hololive_CallTsunomakiWatame"]},{"damage_healed":0,"gold_gain":0,"player_choice":"Ignored","damage_taken":0,"max_hp_gain":0,"max_hp_loss":0,"event_name":"Tomb of Lord Red Mask","floor":44,"gold_loss":0},{"damage_healed":0,"gold_gain":0,"player_choice":"Memory 1","damage_taken":0,"max_hp_gain":0,"max_hp_loss":0,"event_name":"SensoryStone","floor":47,"gold_loss":0}],"is_beta":false,"boss_relics":[{"not_picked":["SacredBark","ReplayTheSpireMod:DimensionalGlitch"],"picked":"hubris:RunicObelisk"},{"not_picked":["hubris:ScarierMask","Honey Jar"],"picked":"Abe\u0027s Treasure"}],"items_purged_floors":[19,30],"is_endless":false,"potions_floor_spawned":[10,11,12,13,20,21,27,31,38,42,45,46],"ascension_level":4}}