{"host":"qdfumeom6htv8yxl","time":1611461830,"event":{"mods":["AchievementEnabler","BaseMod","Bestiary","Block Reminder","Minty Spire (QoL Compilation)","Quick Restart","Relic Stats"],"gold_per_floor":[119,30,30,30,30,30,61,61,115,151,172,172,198,198,198,198,198],"floor_reached":16,"language":"ENG","playtime":411,"items_purged":[],"score":293,"play_id":"45de210c-f80a-4474-b657-7068a7d2170d","local_time":"20210123221710","is_ascension_mode":true,"campfire_choices":[{"data":"Gash","floor":6.0,"key":"SMITH"},{"data":"Skim","floor":8.0,"key":"SMITH"},{"data":"Coolheaded","floor":12.0,"key":"SMITH"},{"data":"Beam Cell","floor":15,"key":"SMITH"}],"circlet_count":0,"master_deck":["AscendersBane","Strike_B","Strike_B","Strike_B","Strike_B","Defend_B","Defend_B","Defend_B","Defend_B","Zap","Dualcast","Gash+1","Self Repair+1","Skim+1","Coolheaded+1","Echo Form","Beam Cell+1"],"relics":["Cracked Core","NeowsBlessing","Cables","Golden Idol","Unceasing Top","MealTicket","Juzu Bracelet","Odd Mushroom"],"acts_visited":["Exordium"],"potions_floor_usage":[13],"damage_taken":[{"damage":0.0,"enemies":"Jaw Worm","floor":1.0,"turns":1.0},{"damage":0.0,"enemies":"Lagavulin","floor":7.0,"turns":1.0},{"damage":0.0,"enemies":"3 Sentries","floor":10.0,"turns":1.0},{"damage":2.0,"enemies":"2 Louse","floor":11.0,"turns":3.0},{"damage":41,"enemies":"The Mushroom Lair","floor":13,"turns":5},{"damage":24,"enemies":"Slime Boss","floor":16,"turns":6}],"seed_played":"6301855310735624052","potions_obtained":[{"floor":1.0,"key":"LiquidMemories"},{"floor":11.0,"key":"Regen Potion"}],"is_trial":false,"path_per_floor":["M","$","?","?","?","R","E","R","T","E","M","R","?","?","R","B"],"character_chosen":"DEFECT","items_purchased":["Self Repair"],"campfire_rested":0,"item_purchase_floors":[2],"current_hp_per_floor":[64,64,64,59,59,59,64,64,64,64,64,64,33,38,38,14,14],"gold":198,"neow_bonus":"THREE_ENEMY_KILL","is_daily":false,"chose_seed":false,"campfire_upgraded":4,"win_rate":0.0,"timestamp":1611461830,"path_taken":["M","$","?","?","?","R","E","R","T","E","M","R","?","?","R","BOSS"],"items_purchased_type":["Card"],"build_version":"2020-12-22","purchased_purges":0,"victory":false,"max_hp_per_floor":[71,71,71,71,64,64,64,64,64,64,64,64,64,69,69,69,69],"relic_stats":{"counters":[6,17],"Golden Idol":22,"MealTicket":0,"Juzu Bracelet":0,"obtain_stats":[{"NeowsBlessing":0,"Golden Idol":5,"MealTicket":9,"Juzu Bracelet":10,"Odd Mushroom":13,"Cracked Core":0,"Unceasing Top":7,"Cables":4},{"NeowsBlessing":0,"Golden Idol":1,"MealTicket":2,"Juzu Bracelet":3,"Odd Mushroom":5,"Cracked Core":0,"Unceasing Top":2,"Cables":1},{"NeowsBlessing":0,"Golden Idol":1,"MealTicket":2,"Juzu Bracelet":3,"Odd Mushroom":11,"Cracked Core":0,"Unceasing Top":2,"Cables":1}],"Unceasing Top":[0],"Cables":[11,8,3,0,0]},"card_choices":[{"not_picked":["Recycle","Steam"],"picked":"Gash","floor":1.0},{"not_picked":["Sweeping Beam","Conserve Battery"],"picked":"Skim","floor":7.0},{"not_picked":["Cold Snap","Compile Driver"],"picked":"Coolheaded","floor":10.0},{"not_picked":["Go for the Eyes","Stack"],"picked":"Echo Form","floor":11.0},{"not_picked":["Stack","Steam"],"picked":"Beam Cell","floor":13}],"player_experience":1820126,"relics_obtained":[{"floor":7.0,"key":"Unceasing Top"},{"floor":9.0,"key":"MealTicket"},{"floor":10.0,"key":"Juzu Bracelet"},{"floor":13,"key":"Odd Mushroom"}],"event_choices":[{"damage_healed":0.0,"max_hp_gain":0.0,"max_hp_loss":0.0,"gold_gain":0.0,"event_name":"Living Wall","player_choice":"Grow","floor":3.0,"gold_loss":0.0,"damage_taken":0.0,"cards_upgraded":["Self Repair"]},{"damage_healed":0.0,"max_hp_gain":0.0,"max_hp_loss":0.0,"gold_gain":0.0,"event_name":"Scrap Ooze","player_choice":"Success","floor":4.0,"gold_loss":0.0,"damage_taken":5.0,"relics_obtained":["Cables"]},{"damage_healed":0.0,"max_hp_gain":0.0,"max_hp_loss":7.0,"gold_gain":0.0,"event_name":"Golden Idol","player_choice":"Lose Max HP","floor":5.0,"gold_loss":0.0,"damage_taken":0.0,"relics_obtained":["Golden Idol"]},{"damage_healed":0,"gold_gain":0,"player_choice":"Fought Mushrooms","damage_taken":0,"max_hp_gain":0,"max_hp_loss":0,"event_name":"Mushrooms","floor":13,"gold_loss":0},{"damage_healed":0,"gold_gain":0,"player_choice":"Donut","damage_taken":0,"max_hp_gain":5,"max_hp_loss":0,"event_name":"Big Fish","floor":14,"gold_loss":0}],"is_beta":false,"boss_relics":[],"items_purged_floors":[],"is_endless":false,"potions_floor_spawned":[1,11],"killed_by":"Slime Boss","ascension_level":18}}