{"host":"h1qktzcccqnez8tx","time":1611503094,"event":{"mods":["BaseMod","Block Reminder","Colored Map","Colored Powertips","Curses Come First","Highlight Path","Infinite Spire","Minty Spire (QoL Compilation)","Permanent Neow","Quick Restart","Replay The Spire","StSLib","The Jungle"],"gold_per_floor":[115,133,149,161,215,250,250,270,270,299,299,299,319,349,349,446,446,459,470,60,72,72,100,118,118,118,147,147,157,157,183,183,280,280,296,46,62,72,82,116,133,159,159,16,16,36,64,64,64,102],"floor_reached":51,"language":"ENG","playtime":3763,"items_purged":["Clothesline","Clothesline","Evolve"],"score":1130,"play_id":"02659209-daf1-4750-8e61-449c92cac852","local_time":"20210124164454","daily_mods":["Draft"],"is_ascension_mode":true,"campfire_choices":[{"data":"Flex","floor":11.0,"key":"SMITH"},{"data":"Disarm","floor":15,"key":"SMITH"},{"data":"Whirlwind","floor":25,"key":"SMITH"},{"data":"Berserk","floor":32,"key":"SMITH"},{"data":"Spot Weakness","floor":49,"key":"SMITH"}],"circlet_count":0,"master_deck":["Anger","Flex+1","Heavy Blade","Flex","Wild Strike","Body Slam","Inflame","Battle Trance","Shrug It Off","Power Through","Heavy Blade","Pummel","Rage+1","Flex","Shrug It Off+1","Wild Strike","Wild Strike","Metallicize","Self Repair+1","Disarm+1","Rampage","Immolate+1","Whirlwind+1","Replay:Undeath\u0027s Touch","Spot Weakness+1","Shockwave+1","ReplayReversal","Heavy Blade+1","Replay:Undeath\u0027s Touch","infinitespire:Gouge","Flex","ReplayTheSpireMod:Strike From Hell","Berserk+1","Double Tap+1","Shrug It Off+1","Thunderclap+1","True Grit+1","Warcry+1","Burning Pact+1","Armaments+1","Heavy Blade+1","ReplayTheSpireMod:Splinters","Pommel Strike+1","Bash+1","Thunderclap+1","ReplayTheSpireMod:LeadingStrike+1"],"relics":["Dream Catcher","Replay:Wax Seal","War Paint","Orichalcum","Iron Core","Replay:Bottled Flurry","Honey Jar","White Beast Statue","Toy Ornithopter","Divine Protection","Replay:Rubber Ducky","Happy Flower","Mercury Hourglass","Cursed Key","Guide Book","Mummified Hand","Pet Ghost","Molten Egg 2","Sling","Replay:Bandana"],"acts_visited":["Exordium","TheCity","TheBeyond"],"potions_floor_usage":[13,14,18,23,27,29,31,38,41,46,50,50,50,50],"damage_taken":[{"damage":0.0,"enemies":"2 Louse","floor":1.0,"turns":2.0},{"damage":0.0,"enemies":"Jaw Worm","floor":2.0,"turns":2.0},{"damage":0.0,"enemies":"Small Slimes","floor":3.0,"turns":3.0},{"damage":3.0,"enemies":"2 Fungi Beasts","floor":4.0,"turns":2.0},{"damage":15.0,"enemies":"3 Sentries","floor":6.0,"turns":5.0},{"damage":5.0,"enemies":"3 Louse","floor":8.0,"turns":2.0},{"damage":11.0,"enemies":"Lagavulin","floor":10.0,"turns":6.0},{"damage":4,"enemies":"Lots of Slimes","floor":13,"turns":4},{"damage":5,"enemies":"Gremlin Nob","floor":14,"turns":4},{"damage":8,"enemies":"Slime Boss","floor":16,"turns":8},{"damage":10,"enemies":"2 Thieves","floor":18,"turns":4},{"damage":16,"enemies":"Spheric Guardian","floor":19,"turns":4},{"damage":10,"enemies":"Cultist and Chosen","floor":21,"turns":4},{"damage":11,"enemies":"Book of Stabbing","floor":23,"turns":6},{"damage":5,"enemies":"Snecko","floor":24,"turns":4},{"damage":1,"enemies":"Gremlin Leader","floor":27,"turns":5},{"damage":4,"enemies":"Snake Plant","floor":29,"turns":2},{"damage":5,"enemies":"Slavers","floor":31,"turns":4},{"damage":8,"enemies":"Collector","floor":33,"turns":7},{"damage":0,"enemies":"Orb Walker","floor":35,"turns":3},{"damage":0,"enemies":"3 Shapes","floor":37,"turns":3},{"damage":0,"enemies":"Spire Growth","floor":38,"turns":4},{"damage":0,"enemies":"3 Darklings","floor":39,"turns":3},{"damage":15,"enemies":"Reptomancer","floor":40,"turns":4},{"damage":0,"enemies":"Writhing Mass","floor":41,"turns":5},{"damage":16,"enemies":"Nemesis","floor":42,"turns":3},{"damage":12,"enemies":"Jaw Worm Horde","floor":46,"turns":4},{"damage":0,"enemies":"Reptomancer","floor":47,"turns":3},{"damage":0,"enemies":"Donu and Deca","floor":50,"turns":5}],"seed_played":"2986017974311171452","potions_obtained":[{"floor":2.0,"key":"EssenceOfSteel"},{"floor":3.0,"key":"Adrenaline Potion"},{"floor":5.0,"key":"Fire Potion"},{"floor":13,"key":"Block Potion"},{"floor":14,"key":"infinitespire:BlackPotion"},{"floor":19,"key":"LifebloodPotion"},{"floor":21,"key":"Fire Potion"},{"floor":23,"key":"EssenceOfSteel"},{"floor":24,"key":"Block Potion"},{"floor":27,"key":"Block Potion"},{"floor":29,"key":"Fire Potion"},{"floor":31,"key":"Venom Potion"},{"floor":33,"key":"GamblersBrew"},{"floor":35,"key":"AttackPotion"},{"floor":37,"key":"Block Potion"},{"floor":38,"key":"DistilledChaos"},{"floor":39,"key":"Strength Potion"},{"floor":40,"key":"Languid Potion"},{"floor":41,"key":"Fire Potion"},{"floor":42,"key":"EssenceOfSteel"},{"floor":46,"key":"Adrenaline Potion"},{"floor":47,"key":"AttackPotion"}],"is_trial":true,"path_per_floor":["M","M","M","M","?","E","?","M","T","E","R","?","M","E","R","B",null,"M","M","$","M","$","E","M","R","T","E","AVR","M","?","E","R","B",null,"M","$","M","M","M","E","M","E","T","$","?","M","E","?","R","B",null],"character_chosen":"IRONCLAD","items_purchased":["Spot Weakness","White Beast Statue","Guide Book","Sling"],"campfire_rested":0,"item_purchase_floors":[20,20,36,44],"current_hp_per_floor":[80,80,80,80,48,39,39,40,40,35,35,35,41,46,46,48,72,72,66,66,66,66,65,70,70,70,80,80,76,76,80,80,80,80,80,80,80,80,80,75,80,64,64,64,64,57,67,67,67,76],"gold":102,"neow_bonus":"","is_daily":false,"chose_seed":false,"campfire_upgraded":5,"win_rate":0.0,"timestamp":1611503094,"path_taken":["M","M","M","M","?","E","?","M","T","E","R","?","M","E","R","BOSS","M","M","$","M","$","E","M","R","T","E","AVR","M","?","E","R","BOSS","M","$","M","?","M","E","M","E","T","?","?","?","E","?","R","BOSS"],"items_purchased_type":["Card","Relic","Relic","Relic"],"build_version":"2020-12-22","purchased_purges":3,"victory":true,"max_hp_per_floor":[80,80,80,80,80,80,80,80,80,80,80,80,80,80,80,80,80,80,80,80,80,80,80,80,80,80,80,80,80,80,80,80,80,80,80,80,80,80,80,80,80,80,80,80,80,80,80,76,76,76],"card_choices":[{"not_picked":["Replay:Undeath\u0027s Touch","ReplayTheSpireMod:LeadingStrike"],"picked":"Anger","floor":0.0},{"not_picked":["Clash","Run Through"],"picked":"Flex","floor":0.0},{"not_picked":["Iron Wave","Hemokinesis"],"picked":"Heavy Blade","floor":0.0},{"not_picked":["Thunderclap","Abandon"],"picked":"Clothesline","floor":0.0},{"not_picked":["Thunderclap","Pummel"],"picked":"Flex","floor":0.0},{"not_picked":["Iron Wave","Infernal Blade"],"picked":"Wild Strike","floor":0.0},{"not_picked":["Perfected Strike","Dropkick"],"picked":"Body Slam","floor":0.0},{"not_picked":["Hemokinesis","ReplayTheSpireMod:Corrosion Curse"],"picked":"Inflame","floor":0.0},{"not_picked":["Sword Boomerang","Combust"],"picked":"Clothesline","floor":0.0},{"not_picked":["Body Slam","Perfected Strike"],"picked":"Clothesline","floor":0.0},{"not_picked":["Thunderclap","Replay:Undeath\u0027s Touch"],"picked":"Battle Trance","floor":0.0},{"not_picked":["Warcry","Carnage"],"picked":"Shrug It Off","floor":0.0},{"not_picked":["Pommel Strike","Sword Boomerang"],"picked":"Power Through","floor":0.0},{"not_picked":["Thunderclap","Blood for Blood"],"picked":"Heavy Blade","floor":0.0},{"not_picked":["Uppercut","Cleave"],"picked":"Evolve","floor":0.0},{"not_picked":["True Grit","Armaments","Havoc"],"picked":"SKIP","floor":1.0},{"not_picked":["Replay:Undeath\u0027s Touch","ReplayTheSpireMod:Strike From Hell"],"picked":"Pummel","floor":2.0},{"not_picked":["Feel No Pain","Blood for Blood"],"picked":"Rage","floor":3.0},{"not_picked":["Dark Embrace","Havoc"],"picked":"Flex","floor":4.0},{"not_picked":["Pommel Strike","Corruption"],"picked":"Shrug It Off","floor":5.0},{"not_picked":["Warcry","Hemokinesis"],"picked":"Wild Strike","floor":6.0},{"not_picked":["Perfected Strike","True Grit"],"picked":"Wild Strike","floor":8.0},{"not_picked":["Brutality","Evolve"],"picked":"Metallicize","floor":10.0},{"not_picked":["Beam Cell","ReplayTheSpireMod:Corrosion Curse"],"picked":"Disarm","floor":13},{"not_picked":["Blood for Blood","Force Field"],"picked":"Rampage","floor":14},{"not_picked":["ReplayTheSpireMod:Omega Cannon","Brutality"],"picked":"Immolate","floor":16},{"not_picked":["Wild Strike+1","Spot Weakness","Iron Wave+1"],"picked":"Whirlwind","floor":18},{"not_picked":["Heavy Blade","Clash+1","Havoc+1"],"picked":"Replay:Undeath\u0027s Touch","floor":19},{"not_picked":["Seeing Red","Body Slam","Headbutt+1"],"picked":"Shockwave+1","floor":21},{"not_picked":["Cleave+1","True Grit","Second Wind"],"picked":"ReplayReversal","floor":23},{"not_picked":["Warcry+1","Clothesline","Reaper"],"picked":"Heavy Blade+1","floor":24},{"not_picked":["Rupture","Combust+1","ReplayTheSpireMod:Strike From Hell+1"],"picked":"Replay:Undeath\u0027s Touch","floor":27},{"not_picked":["Rampage","Twin Strike","Infernal Blade"],"picked":"Flex","floor":29},{"not_picked":["Perfected Strike","Infernal Blade+1","True Grit"],"picked":"Berserk","floor":31},{"not_picked":["Eclipse","Demon Form","Immolate"],"picked":"Double Tap","floor":33},{"not_picked":["Burning Pact","Havoc","Thunderclap"],"picked":"Shrug It Off+1","floor":35},{"not_picked":["Headbutt","Bloodletting","Rage+1"],"picked":"Thunderclap+1","floor":37},{"not_picked":["Seeing Red","Hemokinesis+1","Shrug It Off+1"],"picked":"True Grit+1","floor":38},{"not_picked":["Twin Strike+1","ReplayTheSpireMod:Strike From Hell+1","Reckless Charge"],"picked":"Warcry+1","floor":39},{"not_picked":["Demon Form","Combust+1","Body Slam+1"],"picked":"Burning Pact+1","floor":40},{"not_picked":["Sword Boomerang","Life Link","Hemokinesis"],"picked":"Armaments+1","floor":41},{"not_picked":["Run Through","Power Through","Berserk"],"picked":"Heavy Blade+1","floor":42},{"not_picked":["Flame Barrier","Armaments+1","Combust+1"],"picked":"Thunderclap+1","floor":46},{"not_picked":["Twin Strike+1","Replay:Undeath\u0027s Touch+1","Clash+1"],"picked":"ReplayTheSpireMod:LeadingStrike+1","floor":47}],"player_experience":128669,"relics_obtained":[{"floor":5.0,"key":"Dream Catcher"},{"floor":6.0,"key":"Replay:Wax Seal"},{"floor":9.0,"key":"War Paint"},{"floor":10.0,"key":"Orichalcum"},{"floor":14,"key":"Replay:Bottled Flurry"},{"floor":23,"key":"Toy Ornithopter"},{"floor":26,"key":"Divine Protection"},{"floor":27,"key":"Replay:Rubber Ducky"},{"floor":31,"key":"Mercury Hourglass"},{"floor":40,"key":"Mummified Hand"},{"floor":42,"key":"Pet Ghost"},{"floor":43,"key":"Molten Egg 2"},{"floor":47,"key":"Replay:Bandana"}],"event_choices":[{"damage_healed":0.0,"max_hp_gain":0.0,"max_hp_loss":0.0,"gold_gain":0.0,"event_name":"Liars Game","player_choice":"Ignored","floor":7.0,"gold_loss":0.0,"damage_taken":0.0},{"damage_healed":0,"gold_gain":0,"cards_transformed":["Clothesline"],"player_choice":"Transformed","damage_taken":0,"max_hp_gain":0,"max_hp_loss":0,"event_name":"Transmorgrifier","floor":30,"gold_loss":0,"cards_obtained":["ReplayTheSpireMod:Strike From Hell"]},{"damage_healed":0,"gold_gain":0,"player_choice":"2 cards matched","damage_taken":0,"max_hp_gain":0,"max_hp_loss":0,"event_name":"Match and Keep!","floor":45,"gold_loss":0,"cards_obtained":["Pommel Strike","Bash"]},{"damage_healed":0,"gold_gain":0,"player_choice":"Max HP","damage_taken":0,"max_hp_gain":0,"max_hp_loss":4,"event_name":"Winding Halls","floor":48,"gold_loss":0}],"is_beta":false,"boss_relics":[{"not_picked":["Fusion Hammer","Velvet Choker"],"picked":"Honey Jar"},{"not_picked":["Ooze Armor","Mark of Pain"],"picked":"Cursed Key"}],"items_purged_floors":[20,28,36],"is_endless":false,"potions_floor_spawned":[2,3,6,13,14,19,21,23,24,27,29,31,33,35,37,38,39,40,41,42,46,47],"ascension_level":5}}