{"host":"h3bgw7p7cb1roykn","time":1611507243,"event":{"mods":["AchievementEnabler","BaseMod","Colored Map","Minty Spire (QoL Compilation)","StSLib"],"gold_per_floor":[114,132,132,307,81,107,122,122,122,147,147,147,160,175,175,278,278,298,298,298,317,317,317,317,317],"floor_reached":24,"language":"ENG","playtime":787,"items_purged":["Doubt"],"score":214,"play_id":"c7c87fde-762b-46ac-a7f0-358423f31d10","local_time":"20210124175403","is_ascension_mode":true,"campfire_choices":[{"data":"Conserve Battery","floor":8,"key":"SMITH"},{"floor":12,"key":"REST"},{"data":"Sunder","floor":15,"key":"SMITH"},{"data":"Melter","floor":23,"key":"SMITH"}],"circlet_count":0,"master_deck":["Strike_B","Strike_B","Strike_B","Defend_B","Defend_B","Defend_B+1","Zap","Dualcast","Core Surge","Streamline","Sunder+1","Conserve Battery+1","Hologram+1","Melter+1","Multi-Cast","Undo","Lockon+1"],"relics":["Cracked Core","Matryoshka","Frozen Egg 2","Meat on the Bone","PreservedInsect","DataDisk","Snecko Eye"],"acts_visited":["Exordium","TheCity"],"potions_floor_usage":[16,16,21],"damage_taken":[{"damage":0,"enemies":"Small Slimes","floor":1,"turns":3},{"damage":0,"enemies":"2 Louse","floor":2,"turns":2},{"damage":16,"enemies":"3 Sentries","floor":6,"turns":7},{"damage":3,"enemies":"Jaw Worm","floor":7,"turns":3},{"damage":6,"enemies":"Gremlin Nob","floor":10,"turns":3},{"damage":3,"enemies":"Gremlin Gang","floor":13,"turns":4},{"damage":0,"enemies":"2 Fungi Beasts","floor":14,"turns":2},{"damage":45,"enemies":"The Guardian","floor":16,"turns":13},{"damage":5,"enemies":"Spheric Guardian","floor":18,"turns":4},{"damage":0,"enemies":"2 Thieves","floor":21,"turns":2},{"damage":64,"enemies":"Gremlin Leader","floor":24,"turns":6}],"seed_played":"5573724904976082842","potions_obtained":[{"floor":6,"key":"Block Potion"},{"floor":7,"key":"Dexterity Potion"},{"floor":16,"key":"DistilledChaos"}],"is_trial":false,"path_per_floor":["M","M","?","?","$","E","M","R","T","E","?","R","M","M","R","B",null,"M","?","?","M","?","R","E"],"character_chosen":"DEFECT","items_purchased":["Conserve Battery","Hologram","LiquidMemories"],"campfire_rested":1,"item_purchase_floors":[5,5,5],"current_hp_per_floor":[75,75,72,72,72,56,53,53,53,47,32,54,51,51,51,18,75,70,70,64,64,64,64,0,0],"gold":317,"neow_bonus":"ONE_RANDOM_RARE_CARD","is_daily":false,"chose_seed":false,"campfire_upgraded":3,"win_rate":0.0,"timestamp":1611507243,"path_taken":["M","M","?","?","$","E","M","R","T","E","?","R","M","M","R","BOSS","M","?","?","?","?","R","E"],"items_purchased_type":["Card","Card","Potion"],"build_version":"2020-12-22","purchased_purges":1,"victory":false,"max_hp_per_floor":[75,75,75,75,75,75,75,75,75,75,75,75,75,75,75,75,75,75,75,75,75,75,75,75,75],"card_choices":[{"not_picked":["Rebound","Lockon"],"picked":"Streamline","floor":1},{"not_picked":["Hologram","Auto Shields"],"picked":"Sunder","floor":2},{"not_picked":["Recycle","Rebound","Chaos"],"picked":"SKIP","floor":6},{"not_picked":["Barrage","Reinforced Body","Static Discharge+1"],"picked":"SKIP","floor":7},{"not_picked":["Stack","Hologram","Recycle"],"picked":"SKIP","floor":10},{"not_picked":["Stack","Heatsinks+1","Beam Cell"],"picked":"SKIP","floor":13},{"not_picked":["Stack","Consume"],"picked":"Melter","floor":14},{"not_picked":["Rip and Tear","Gash","Conserve Battery"],"picked":"SKIP","floor":18},{"not_picked":["Ball Lightning","Recycle"],"picked":"Lockon+1","floor":21}],"player_experience":231622,"relics_obtained":[{"floor":6,"key":"Frozen Egg 2"},{"floor":9,"key":"Meat on the Bone"},{"floor":9,"key":"PreservedInsect"},{"floor":10,"key":"DataDisk"}],"event_choices":[{"damage_healed":0,"gold_gain":0,"player_choice":"Success","damage_taken":3,"relics_obtained":["Matryoshka"],"max_hp_gain":0,"max_hp_loss":0,"event_name":"Scrap Ooze","floor":3,"gold_loss":0},{"damage_healed":0,"gold_gain":175,"player_choice":"AGREE","damage_taken":0,"max_hp_gain":0,"max_hp_loss":0,"event_name":"Liars Game","floor":4,"gold_loss":0,"cards_obtained":["Doubt"]},{"damage_healed":0,"gold_gain":0,"player_choice":"Entered Light","damage_taken":15,"max_hp_gain":0,"max_hp_loss":0,"event_name":"Shining Light","floor":11,"gold_loss":0,"cards_upgraded":["Hologram","Defend_B"]},{"damage_healed":0,"gold_gain":0,"cards_transformed":["Defend_B","Strike_B"],"player_choice":"Became Test Subject","damage_taken":0,"max_hp_gain":0,"max_hp_loss":0,"event_name":"Drug Dealer","floor":19,"gold_loss":0,"cards_obtained":["Multi-Cast","Undo"]},{"damage_healed":0,"gold_gain":0,"player_choice":"","damage_taken":6,"max_hp_gain":0,"max_hp_loss":0,"event_name":"Knowing Skull","floor":20,"potions_obtained":[],"gold_loss":0,"cards_obtained":[]},{"damage_healed":0,"gold_gain":0,"player_choice":"Ignored","damage_taken":0,"max_hp_gain":0,"max_hp_loss":0,"event_name":"Ghosts","floor":22,"gold_loss":0}],"is_beta":false,"boss_relics":[{"not_picked":["Nuclear Battery","Coffee Dripper"],"picked":"Snecko Eye"}],"items_purged_floors":[5],"is_endless":false,"potions_floor_spawned":[6,7,10,16],"killed_by":"Gremlin Leader","ascension_level":1}}