{"host":"bplbr8uekuotory4","time":1611489976,"event":{"mods":["Act Like it!","BaseMod","Custom Start","Gensokyo","GungeonMod","Hermit","KinomotoSakuraMod(木之本樱)","Marisa（F雨　魔理沙）","Minty Spire (QoL Compilation)","Prisma Mod","Quick Restart","Reimu（博丽灵梦）","Replay The Spire","SOS（斯巴达之子）","Spicy Shops","StSLib","TestMod","The Blackbeard","The Cursed","The Mystic","The Poker Player","The Runesmith","The Saiyan","The Senshi","The Servant 0.9.4","Yuri Mod","[IsaacMod]以撒尖塔"],"gold_per_floor":[312,312,90,110,38,38,84,84,111,159,559,559,607,1009,1009,1029,1029],"floor_reached":16,"language":"ZHS","playtime":337,"items_purged":["Defend_G"],"score":344,"play_id":"135778dc-9176-4ed9-9ec6-263c527e39ee","local_time":"20210124200616","is_ascension_mode":true,"campfire_choices":[{"data":"Adrenaline","floor":6,"key":"SMITH"},{"data":"Neutralize","floor":8,"key":"SMITH"},{"data":"Dagger Spray","floor":15,"key":"SMITH"}],"circlet_count":0,"master_deck":["AscendersBane","Strike_G","Strike_G","Strike_G","Strike_G","Defend_G","Defend_G","Defend_G","Defend_G","Survivor","Neutralize+1","Dagger Spray+1","Adrenaline+1","Escape Plan","Backflip"],"relics":["Ring of the Snake","testmod-TestBox","HushsDoor","testmod-OneHitWonder","BloodDonationBag","Omamori","Replay:Bandana","Durian","Strawberry","DemoMod:GlassGuonStoneRelic","PreservedInsect"],"acts_visited":["Exordium"],"potions_floor_usage":[13],"damage_taken":[{"damage":0,"enemies":"Jaw Worm","floor":1,"turns":1},{"damage":0,"enemies":"Small Slimes","floor":4,"turns":1},{"damage":0,"enemies":"Gremlin Nob","floor":7,"turns":1},{"damage":0,"enemies":"Cultist","floor":10,"turns":1},{"damage":0,"enemies":"Gremlin Gang","floor":13,"turns":6},{"damage":0,"enemies":"Lagavulin","floor":14,"turns":5},{"damage":5,"enemies":"Slime Boss","floor":16,"turns":3}],"seed_played":"-3263217906192657764","potions_obtained":[{"floor":7,"key":"AttackPotion"},{"floor":13,"key":"LiquidBronze"}],"is_trial":false,"path_per_floor":["M","?","$","M","$","R","E","R","T","M","?","?","M","E","R","B"],"character_chosen":"THE_SILENT","items_purchased":["Omamori","Replay:Bandana"],"campfire_rested":0,"item_purchase_floors":[3,5],"current_hp_per_floor":[1,1,1,1,1,1,1,1,8,1,1,79,79,1,1,0,0],"gold":1029,"neow_bonus":"THREE_ENEMY_KILL","is_daily":false,"chose_seed":false,"campfire_upgraded":3,"win_rate":0.0,"timestamp":1611489976,"path_taken":["M","?","$","M","?","R","E","R","T","?","?","?","M","E","R","BOSS"],"items_purchased_type":["Relic","Relic"],"build_version":"2020-12-22","purchased_purges":1,"victory":false,"max_hp_per_floor":[66,66,66,66,66,66,71,71,78,78,78,156,156,156,156,156,156],"card_choices":[{"not_picked":["Tactician","Footwork"],"picked":"Dagger Spray","floor":1},{"not_picked":["Deflect","Slice"],"picked":"Adrenaline","floor":4},{"not_picked":["Sucker Punch","Flying Knee"],"picked":"Escape Plan","floor":7},{"not_picked":["Footwork","Concentrate"],"picked":"Backflip","floor":10},{"not_picked":["ReplayTheSpireMod:Shiv Toss","ReplayTheSpireMod:Exploit Weakness","Acrobatics"],"picked":"SKIP","floor":13},{"not_picked":["Backstab","ReplayTheSpireMod:Exploit Weakness"],"picked":"Bomb","floor":14}],"player_experience":1195880,"relics_obtained":[{"floor":7,"key":"Durian"},{"floor":9,"key":"Strawberry"},{"floor":14,"key":"PreservedInsect"}],"event_choices":[{"cards_removed":["Strike_G"],"damage_healed":0,"gold_gain":0,"player_choice":"Forget","damage_taken":0,"max_hp_gain":0,"max_hp_loss":0,"event_name":"Living Wall","floor":2,"gold_loss":0},{"damage_healed":0,"gold_gain":400,"player_choice":"Sell","damage_taken":0,"max_hp_gain":0,"max_hp_loss":0,"event_name":"恩洛斯的盘子","floor":11,"relics_lost":["NeowsBlessing"],"gold_loss":0},{"damage_healed":0,"gold_gain":0,"player_choice":"Swap Relic","damage_taken":0,"relics_obtained":["testmod-HarvestTotem"],"max_hp_gain":0,"max_hp_loss":0,"event_name":"给自己的盒子","floor":12,"relics_lost":["testmod-HarvestTotem"],"gold_loss":0}],"is_beta":false,"boss_relics":[],"items_purged_floors":[3],"is_endless":false,"potions_floor_spawned":[7,13],"killed_by":"Slime Boss","ascension_level":14}}