{"host":"cgy","time":1611484505,"event":{"mods":["BaseMod","Downfall","Minty Spire (QoL Compilation)","StSLib","The Bug Knight","Warlord Emblem"],"gold_per_floor":[99,99,99,159,175,100,100,100,50,62,76,101,51,78,93,194,194,144,160,175,175,13,25,48,48,59,71,85,35,66,66,80,185,185,35,54,70,70,70,90,90,40,56,86,100,100,115,129,144,144],"floor_reached":51,"language":"ZHS","playtime":5887,"items_purged":[],"score":713,"play_id":"0e3a9aa7-3c10-4dd0-ae1f-c3ee8ff47cdd","local_time":"20210124183505","is_ascension_mode":false,"campfire_choices":[{"data":"Slimebound:Split","floor":1,"key":"SMITH"},{"data":"Slimebound:Repurpose","floor":9,"key":"SMITH"},{"data":"Slimebound:LeechEnergy","floor":13,"key":"SMITH"},{"data":"Slimebound:DuplicatedForm","floor":18,"key":"SMITH"},{"data":"Slimebound:GoopSpray","floor":25,"key":"SMITH"},{"data":"Slimebound:RainOfGoop","floor":29,"key":"SMITH"},{"floor":35,"key":"RECALL"},{"data":"Slimebound:SelfFormingGoo","floor":42,"key":"SMITH"}],"circlet_count":0,"master_deck":["Slimebound:Strike_Slimebound","Slimebound:Strike_Slimebound","Slimebound:Strike_Slimebound","Slimebound:Tackle","Slimebound:Defend_Slimebound","Slimebound:Defend_Slimebound","Slimebound:Defend_Slimebound","Slimebound:Defend_Slimebound","Slimebound:Split+1","Slimebound:CorrosiveSpit","Slimebound:SamplingLick","Slimebound:Repurpose+1","Slimebound:LeechEnergy+1","Slimebound:Equalize","Slimebound:Schlurp","Slimebound:HauntingLick","Slimebound:GoopSpray+1","Slimebound:ItLooksTasty","Slimebound:Prepare","Slimebound:DuplicatedForm+1","Slimebound:RollThrough","Slimebound:LeechingTouch","Slimebound:RainOfGoop+1","Slimebound:PressTheAttack+1","Slimebound:LeechingTouch","Slimebound:Repurpose+1","Slimebound:GoopSpray","Slimebound:SelfFormingGoo+1","Slimebound:LivingWall+1","expansioncontent:GuardianWhirl","Slimebound:LeechEnergy+1","Parasite"],"relics":["Slimebound:AbsorbEndCombat","downfall:HeartsMalice","Regal Pillow","Slimebound:GreedOozeRelic","Boot","Centennial Puzzle","Smiling Mask","Matryoshka","Runic Dome","Strange Spoon","Toy Ornithopter","Peace Pipe","downfall:RedIOU","Busted Crown","downfall:HeartBlessingGreen","Happy Flower","Art of War","Vajra"],"acts_visited":["Exordium","TheCity","TheBeyond"],"potions_floor_usage":[12,12,14,14,22,22,23,30,30,33,33,40,44,47,50,50],"damage_taken":[{"damage":0,"enemies":"Jaw Worm","floor":2,"turns":1},{"damage":0,"enemies":"2 Louse","floor":3,"turns":1},{"damage":0,"enemies":"3 Sentries","floor":4,"turns":1},{"damage":10,"enemies":"Small Slimes","floor":5,"turns":2},{"damage":7,"enemies":"2 Fungi Beasts","floor":10,"turns":2},{"damage":16,"enemies":"3 Louse","floor":11,"turns":3},{"damage":0,"enemies":"Lagavulin","floor":12,"turns":4},{"damage":5,"enemies":"Gremlin Nob","floor":14,"turns":3},{"damage":7,"enemies":"Blue Slaver","floor":15,"turns":2},{"damage":29,"enemies":"IC_STATUS_ARCHETYPE","floor":16,"turns":9},{"damage":10,"enemies":"3 Byrds","floor":19,"turns":4},{"damage":17,"enemies":"Snake Plant","floor":20,"turns":3},{"damage":0,"enemies":"downfall:FleeingMerchant","floor":22,"turns":4},{"damage":4,"enemies":"3 Cultists","floor":23,"turns":5},{"damage":18,"enemies":"Centurion and Healer","floor":26,"turns":4},{"damage":23,"enemies":"Sentry and Sphere","floor":27,"turns":4},{"damage":7,"enemies":"Snake Plant","floor":28,"turns":3},{"damage":2,"enemies":"Book of Stabbing","floor":30,"turns":4},{"damage":0,"enemies":"Cultist and Chosen","floor":32,"turns":5},{"damage":67,"enemies":"DF_ARCHETYPE_CLAW","floor":33,"turns":10},{"damage":11,"enemies":"3 Shapes","floor":36,"turns":4},{"damage":4,"enemies":"Orb Walker","floor":37,"turns":2},{"damage":12,"enemies":"4 Shapes","floor":40,"turns":5},{"damage":20,"enemies":"Jaw Worm Horde","floor":43,"turns":2},{"damage":15,"enemies":"Nemesis","floor":44,"turns":5},{"damage":10,"enemies":"Writhing Mass","floor":45,"turns":5},{"damage":14,"enemies":"3 Darklings","floor":47,"turns":3},{"damage":14,"enemies":"4 Shapes","floor":48,"turns":3},{"damage":0,"enemies":"Sphere and 2 Shapes","floor":49,"turns":4},{"damage":61,"enemies":"WA_ARCHETYPE_DIVINITY","floor":50,"turns":11}],"seed_played":"-5986530552622069720","potions_obtained":[{"floor":4,"key":"Fire Potion"},{"floor":5,"key":"LiquidMemories"},{"floor":11,"key":"LiquidMemories"},{"floor":12,"key":"SpeedPotion"},{"floor":14,"key":"Fire Potion"},{"floor":15,"key":"Explosive Potion"},{"floor":20,"key":"SkillPotion"},{"floor":23,"key":"Block Potion"},{"floor":26,"key":"SkillPotion"},{"floor":28,"key":"LiquidMemories"},{"floor":30,"key":"Fire Potion"},{"floor":33,"key":"Ancient Potion"},{"floor":37,"key":"Fire Potion"},{"floor":40,"key":"Explosive Potion"},{"floor":43,"key":"Fire Potion"},{"floor":49,"key":"Weak Potion"}],"is_trial":false,"path_per_floor":["R","M","M","?","M","?","T","T","R","M","M","E","R","E","M","B",null,"R","M","M","?","$","M","T","R","M","M","M","R","E","?","M","B",null,"R","M","M","?","?","M","T","R","M","E","M","?","M","M","M","B",null],"character_chosen":"SLIMEBOUND","items_purchased":["Strange Spoon"],"campfire_rested":0,"item_purchase_floors":[22],"current_hp_per_floor":[65,65,65,65,57,57,57,57,57,62,49,57,57,54,61,38,65,65,59,58,58,65,65,65,65,59,46,53,53,65,65,65,2,65,65,64,65,65,65,60,60,60,46,59,57,57,56,54,58,35],"gold":144,"neow_bonus":"THREE_ENEMY_KILL","is_daily":false,"chose_seed":false,"campfire_upgraded":7,"win_rate":0.0,"timestamp":1611484505,"path_taken":["R","M","M","?","M","?","T","?","R","M","M","E","R","E","M","BOSS","R","M","M","?","?","M","T","R","M","M","M","R","E","?","M","BOSS","R","M","M","?","?","M","T","R","M","E","M","?","?","M","M","BOSS"],"items_purchased_type":["Relic"],"build_version":"2020-12-18","purchased_purges":0,"victory":true,"max_hp_per_floor":[65,65,65,65,65,65,65,65,65,65,65,65,65,65,65,65,65,65,65,65,65,65,65,65,65,65,65,65,65,65,65,65,65,65,65,65,65,65,65,65,65,65,65,65,65,65,65,65,65,65],"card_choices":[{"not_picked":["Slimebound:LeechingTouch","Slimebound:LeechEnergy"],"picked":"Slimebound:SamplingLick","floor":2},{"not_picked":["Slimebound:ItLooksTasty","Slimebound:FlameTackle"],"picked":"Slimebound:Repurpose","floor":3},{"not_picked":["Slimebound:SlimeBarrage","Slimebound:SpikyOuterGoop"],"picked":"Slimebound:LeechEnergy","floor":4},{"not_picked":["Slimebound:SplitBruiser","Slimebound:Grow"],"picked":"Slimebound:Equalize","floor":5},{"not_picked":["Slimebound:LeechingTouch","Slimebound:Teamwork"],"picked":"Slimebound:Schlurp","floor":10},{"not_picked":["Slimebound:SplitMire","Slimebound:Grow"],"picked":"Slimebound:HauntingLick","floor":11},{"not_picked":["Slimebound:LivingWall","Slimebound:SlimeBarrage"],"picked":"Slimebound:GoopSpray","floor":12},{"not_picked":["Slimebound:FormOfPuddle","Slimebound:Grow"],"picked":"Slimebound:ItLooksTasty","floor":14},{"not_picked":["Slimebound:TongueLash","Slimebound:PressTheAttack"],"picked":"Slimebound:Prepare","floor":15},{"not_picked":["Slimebound:PrepareCrush","Slimebound:DouseInSlime"],"picked":"Slimebound:DuplicatedForm","floor":16},{"not_picked":["Slimebound:GoopSpray","Slimebound:SamplingLick"],"picked":"Slimebound:RollThrough","floor":19},{"not_picked":["Slimebound:BestDefense+1","Slimebound:LevelUp"],"picked":"Slimebound:LeechingTouch","floor":20},{"not_picked":["Slimebound:FlameTackle","Slimebound:SlimeSlap"],"picked":"Slimebound:RainOfGoop","floor":22},{"not_picked":["Slimebound:SplitBruiser","Slimebound:FormOfPuddle+1"],"picked":"Slimebound:PressTheAttack+1","floor":23},{"not_picked":["Slimebound:GoopTackle","Slimebound:RollThrough","Slimebound:ComboTackle"],"picked":"SKIP","floor":26},{"not_picked":["Slimebound:PressTheAttack+1","Slimebound:ComboTackle"],"picked":"Slimebound:LeechingTouch","floor":27},{"not_picked":["Slimebound:FinishingTackle","Slimebound:GrowthPunch"],"picked":"Slimebound:Repurpose+1","floor":28},{"not_picked":["Slimebound:SplitMire+1","Slimebound:RollThrough"],"picked":"Slimebound:GoopSpray","floor":30},{"not_picked":["Slimebound:FirmFortitude","Slimebound:GoopTackle","Slimebound:ItLooksTasty"],"picked":"SKIP","floor":32},{"not_picked":["Slimebound:SlimeSlap","Slimebound:Overexert"],"picked":"Slimebound:SelfFormingGoo","floor":33},{"not_picked":["Slimebound:FinishingTackle"],"picked":"SKIP","floor":36},{"not_picked":[],"picked":"Slimebound:LivingWall+1","floor":37},{"not_picked":[],"picked":"expansioncontent:GuardianWhirl","floor":39},{"not_picked":["Slimebound:Replication+1"],"picked":"SKIP","floor":40},{"not_picked":[],"picked":"Slimebound:LeechEnergy+1","floor":43},{"not_picked":["Slimebound:GoopSpray"],"picked":"SKIP","floor":44},{"not_picked":["Slimebound:SplitAcid+1"],"picked":"SKIP","floor":45},{"not_picked":["Slimebound:PressTheAttack"],"picked":"SKIP","floor":47},{"not_picked":["Slimebound:ComboTackle"],"picked":"SKIP","floor":48},{"not_picked":["Slimebound:ComboTackle+1"],"picked":"SKIP","floor":49}],"player_experience":128390,"relics_obtained":[{"floor":4,"key":"Regal Pillow"},{"floor":7,"key":"Boot"},{"floor":8,"key":"Centennial Puzzle"},{"floor":12,"key":"Smiling Mask"},{"floor":14,"key":"Matryoshka"},{"floor":24,"key":"Toy Ornithopter"},{"floor":24,"key":"Tiny Chest"},{"floor":30,"key":"Peace Pipe"},{"floor":41,"key":"Happy Flower"},{"floor":44,"key":"Art of War"},{"floor":46,"key":"Vajra"}],"event_choices":[{"damage_healed":0,"gold_gain":0,"player_choice":"Ignored","damage_taken":0,"max_hp_gain":0,"max_hp_loss":0,"event_name":"Vampires","floor":21,"gold_loss":0}],"is_beta":true,"boss_relics":[{"not_picked":["Cursed Key","SlaversCollar"],"picked":"Runic Dome"},{"not_picked":["Empty Cage","Pandora\u0027s Box"],"picked":"Busted Crown"}],"items_purged_floors":[],"is_endless":false,"potions_floor_spawned":[4,5,11,12,14,15,20,23,26,28,30,33,37,40,43,49],"ascension_level":0}}