{"host":"irwdypew7j0recua","time":1611469114,"event":{"mods":["AchievementEnabler","BaseMod","Better Third Choice","Better Vampires","BetterRewards","Conspire","Custom Start","Downfall","Googly Eyes","Hermit","Infinite Spire","KomeijiMod","Marisa????????","Minty Spire (QoL Compilation)","Quick Restart","Rare Cards Sparkle","Reworked Bosses","Shop Mod","Spicy Shops","StSLib","The Construct","The Cursed","The Necromancer","WarShipGirlsR/????R mod"],"gold_per_floor":[117,137,137,155,165,199,199,231,231,5,22,22,34,34,34,129,129,144,160,160,150,75,75,108,108,108,108,108,141,141,168,168,273,273,284,284,449,449,204,204,204],"floor_reached":40,"language":"ENG","playtime":1874,"items_purged":["Strike_G","Strike_G","Confused"],"score":503,"play_id":"76f43ced-92c3-49de-97f5-e24d6c9aef1d","local_time":"20210124041834","is_ascension_mode":false,"campfire_choices":[{"data":"Adrenaline","floor":7,"key":"SMITH"},{"floor":12,"key":"REST"},{"data":"Distraction","floor":15,"key":"SMITH"},{"data":"infinitespire:Collect","floor":23,"key":"SMITH"},{"data":"infinitespire:FutureSight","floor":25,"key":"SMITH"},{"data":"Catalyst","floor":32,"key":"SMITH"}],"circlet_count":0,"master_deck":["Strike_G","Strike_G","Defend_G","Defend_G","Defend_G","Defend_G","Survivor","Neutralize","Bouncing Flask","Flying Knee","Adrenaline+1","conspire:PoisonWeapons","Bouncing Flask","Distraction+1","Noxious Fumes","Dodge and Roll","Catalyst","Envenom","Calculated Gamble","Masterful Stab","infinitespire:Collect+1","infinitespire:FutureSight+1","Poisoned Stab","Deflect","Catalyst+1","Poisoned Stab+1","Corpse Explosion","Flash of Steel","Blind","Flash of Steel"],"relics":["Ring of the Snake","NeowsBlessing","infinitespire:PuzzleCube","infinitespire:ShieldingShard","Paper Crane","Happy Flower","construct:WeddingRing","Torii","Ancient Tea Set","Art of War","Red Mask","Runic Dome","Orichalcum"],"acts_visited":["Exordium","TheCity","TheBeyond"],"potions_floor_usage":[8,35],"damage_taken":[{"damage":0,"enemies":"2 Louse","floor":1,"turns":1},{"damage":0,"enemies":"Small Slimes","floor":2,"turns":1},{"damage":0,"enemies":"Cultist","floor":4,"turns":1},{"damage":0,"enemies":"2 Fungi Beasts","floor":5,"turns":3},{"damage":16,"enemies":"Gremlin Nob","floor":6,"turns":3},{"damage":21,"enemies":"Lagavulin","floor":8,"turns":4},{"damage":0,"enemies":"3 Louse","floor":11,"turns":3},{"damage":0,"enemies":"Looter","floor":13,"turns":2},{"damage":0,"enemies":"Slime Boss","floor":16,"turns":5},{"damage":18,"enemies":"2 Thieves","floor":18,"turns":4},{"damage":8,"enemies":"Shell Parasite","floor":19,"turns":6},{"damage":6,"enemies":"conspire:SneckoGhost","floor":24,"turns":5},{"damage":19,"enemies":"Gremlin Leader","floor":29,"turns":4},{"damage":1,"enemies":"Masked Bandits","floor":31,"turns":3},{"damage":22,"enemies":"bossMod:newCollector","floor":33,"turns":4},{"damage":0,"enemies":"Orb Walker","floor":35,"turns":4},{"damage":67,"enemies":"Reptomancer","floor":40,"turns":3}],"seed_played":"7873853895917225687","potions_obtained":[{"floor":2,"key":"AttackPotion"},{"floor":4,"key":"LiquidBronze"},{"floor":5,"key":"sneckomod:MuddlingPotion"},{"floor":13,"key":"SkillPotion"}],"is_trial":false,"path_per_floor":["M","M","?","M","M","E","R","E","T","$","M","R","M","?","R","B",null,"M","M","AVR","?","$","R","E","R","T","?","?","E","?","?","R","B",null,"M","?","?","?","$","E"],"character_chosen":"THE_SILENT","items_purchased":["Happy Flower","Noxious Fumes","Orichalcum"],"campfire_rested":1,"item_purchase_floors":[10,10,39],"current_hp_per_floor":[70,70,63,63,63,47,47,26,26,26,26,47,47,47,47,47,70,52,44,44,44,44,44,38,38,38,38,61,42,42,41,41,19,70,70,70,70,60,60,0,0],"gold":204,"neow_bonus":"THREE_ENEMY_KILL","is_daily":false,"chose_seed":false,"campfire_upgraded":5,"win_rate":0.0,"timestamp":1611469114,"path_taken":["M","M","?","M","M","E","R","E","T","$","M","R","M","?","R","BOSS","M","?","AVR","?","$","R","E","R","T","?","?","E","?","?","R","BOSS","M","?","?","?","$","E"],"items_purchased_type":["Relic","Card","Relic"],"build_version":"2020-12-22","purchased_purges":3,"victory":false,"max_hp_per_floor":[70,70,70,70,70,70,70,70,70,70,70,70,70,70,70,70,70,70,70,70,70,70,70,70,70,70,70,70,70,70,70,70,70,70,70,70,70,70,70,70,70],"card_choices":[{"not_picked":["Crippling Poison","Deflect"],"picked":"Bouncing Flask","floor":1},{"not_picked":["Quick Slash","Masterful Stab"],"picked":"Flying Knee","floor":2},{"not_picked":["Reflex","Dagger Spray"],"picked":"Adrenaline","floor":4},{"not_picked":["Choke","Dodge and Roll"],"picked":"conspire:PoisonWeapons","floor":5},{"not_picked":["Dagger Throw","Predator"],"picked":"Bouncing Flask","floor":6},{"not_picked":["Quick Slash","Backflip"],"picked":"Distraction","floor":8},{"not_picked":["PiercingWail","Cloak And Dagger"],"picked":"Dodge and Roll","floor":11},{"not_picked":["Escape Plan","Underhanded Strike"],"picked":"Catalyst","floor":13},{"not_picked":["Tools of the Trade","Wraith Form v2"],"picked":"Envenom","floor":16},{"not_picked":["Deadly Poison","Bane"],"picked":"Calculated Gamble","floor":18},{"not_picked":["Blade Dance","Poisoned Stab+1"],"picked":"Masterful Stab","floor":19},{"not_picked":[],"picked":"Poisoned Stab","floor":21},{"not_picked":[],"picked":"Deflect","floor":21},{"not_picked":["Slice","Sucker Punch"],"picked":"Catalyst","floor":24},{"not_picked":["Blade Dance","Endless Agony","Backflip"],"picked":"SKIP","floor":29},{"not_picked":["Predator","PiercingWail"],"picked":"Poisoned Stab+1","floor":31},{"not_picked":["Venomology","Glass Knife"],"picked":"Corpse Explosion","floor":33},{"not_picked":["PiercingWail","Dagger Throw+1","Calculated Gamble+1"],"picked":"SKIP","floor":35},{"not_picked":["PanicButton","Panache"],"picked":"Flash of Steel","floor":38},{"not_picked":["Searching","GradualImprovement"],"picked":"Blind","floor":38},{"not_picked":["Trip","Thinking Ahead"],"picked":"Flash of Steel","floor":38}],"player_experience":177815,"relics_obtained":[{"floor":6,"key":"infinitespire:PuzzleCube"},{"floor":8,"key":"infinitespire:ShieldingShard"},{"floor":9,"key":"Paper Crane"},{"floor":24,"key":"infinitespire:Lucky Rock"},{"floor":26,"key":"Ancient Tea Set"},{"floor":29,"key":"Art of War"},{"floor":31,"key":"Red Mask"}],"event_choices":[{"cards_removed":["Strike_G"],"damage_healed":0,"gold_gain":0,"player_choice":"Card Removal","damage_taken":7,"max_hp_gain":0,"max_hp_loss":0,"event_name":"Golden Wing","floor":3,"gold_loss":0},{"cards_removed":["Defend_G"],"damage_healed":0,"gold_gain":0,"player_choice":"Card Removal","damage_taken":0,"max_hp_gain":0,"max_hp_loss":0,"event_name":"Wheel of Change","floor":14,"gold_loss":0},{"damage_healed":23,"gold_gain":0,"player_choice":"Heal","damage_taken":0,"max_hp_gain":0,"max_hp_loss":0,"event_name":"The Library","floor":28,"gold_loss":0},{"damage_healed":0,"gold_gain":0,"player_choice":"Fought Bandits","damage_taken":0,"max_hp_gain":0,"max_hp_loss":0,"event_name":"Masked Bandits","floor":31,"gold_loss":0},{"damage_healed":0,"gold_gain":0,"player_choice":"Memory 3","damage_taken":10,"max_hp_gain":0,"max_hp_loss":0,"event_name":"SensoryStone","floor":38,"gold_loss":0}],"is_beta":false,"boss_relics":[{"not_picked":["Philosopher\u0027s Stone","HoveringKite"],"picked":"construct:WeddingRing"},{"not_picked":["Sozu","Cursed Key"],"picked":"Runic Dome"}],"items_purged_floors":[20,22,39],"is_endless":false,"potions_floor_spawned":[2,4,5,13,18,24],"killed_by":"Reptomancer","ascension_level":0}}