{"host":"gyphjc57tbbk9zp6","time":1611478389,"event":{"mods":["100% Spire Juice","Act Like it!","Arknights The Spire","BaseMod","Downfall","Elementarium","Friendly Minions","FruityMod","Gensokyo","Gremlin Skip","Hallownest","Hermit","Highlight Path","Hubris","Hyrulean Relics","Infinite Spire","Ironclad Rager","Jorbs\u0027s Wanderer Trilogy","KinomotoSakuraMod(????)","Kiyohime????","Koishi","Luminous","Mad Scientist","Marisa????????","Mimic Mod","Minty Spire (QoL Compilation)","Nova Terra(??·??)","Pale of the Ancients","Potionbrewer","Robot Space Explorer","Shedinja","StSLib","SuperFastMode","Td1madao Mod","The Administrix","The Blackbeard","The Bladedancer","The Bug Knight","The Construct","The Disciple","The Druid","The Elementalist","The Exalted","The Hayseed","The Hierophant","The Judge","The Juggle","The Jungle","The Mystic","The Poker Player","The Senshi","The Servant 0.9.4","The Trickster","The Vixen","The Wild Card","TheHero","TheSwordswoman","TheVelvet","Yuyuko"],"gold_per_floor":[99,110,110,125,225,255,280,280,295,312,312,347,73,87,105,204,204,104,124,139,139,157,186,254,254,254,269,281,316,316,344,357,357,357],"floor_reached":33,"language":"ENG","playtime":2459,"items_purged":["Strike_S"],"score":319,"play_id":"cec901bf-ad02-4c4c-b90d-67a468f6b743","local_time":"20210124025309","is_ascension_mode":false,"campfire_choices":[{"data":"KidneyShot","floor":1,"key":"SMITH"},{"data":"WasteNot","floor":8,"key":"SMITH"},{"data":"Luminosity","floor":11,"key":"SMITH"},{"data":"Solidify","floor":18,"key":"SMITH"},{"data":"Initiator","floor":30,"key":"SMITH"}],"circlet_count":0,"master_deck":["elementalist:Water_Emblem","Defend_S+1","Defend_S","Defend_S","Defend_S","KidneyShot+1","Exchange","WasteNot+1","Revamp+1","SpecialFormula","MoonPhase","Potential","Luminosity+1","SpecialFormula","Solidify+1","LightFlow","Luminosity","Defy","Initiator+1","Spin","Defy","TheWorld","Hightail","Unruled","Desolation","BottledTime"],"relics":["SplendidAttire","elementalistmod:RedRibbon","infinitespire:Satchel","potionbrewer:MortarAndPestle","downfall:HeartBlessingGreen","Lantern","infinitespire:CheckeredPen","downfall:RedIOU","Meat on the Bone","Nunchaku"],"acts_visited":["Exordium","TheCity"],"potions_floor_usage":[6,12,31,31,33,33],"damage_taken":[{"damage":0,"enemies":"Jaw Worm","floor":2,"turns":6},{"damage":1,"enemies":"2 Louse","floor":4,"turns":2},{"damage":26,"enemies":"Lagavulin","floor":6,"turns":10},{"damage":0,"enemies":"Cultist","floor":9,"turns":4},{"damage":9,"enemies":"Red Slaver","floor":10,"turns":4},{"damage":8,"enemies":"3 Sentries","floor":12,"turns":8},{"damage":0,"enemies":"downfall:FleeingMerchant","floor":13,"turns":4},{"damage":11,"enemies":"Exordium Wildlife","floor":14,"turns":5},{"damage":0,"enemies":"Large Slime","floor":15,"turns":5},{"damage":18,"enemies":"IC_STATUS_ARCHETYPE","floor":16,"turns":6},{"damage":0,"enemies":"Shell Parasite","floor":19,"turns":3},{"damage":0,"enemies":"3 Cultists","floor":20,"turns":5},{"damage":2,"enemies":"Centurion and Healer","floor":22,"turns":7},{"damage":3,"enemies":"HollowMod:Nosk","floor":23,"turns":7},{"damage":0,"enemies":"Snecko","floor":27,"turns":5},{"damage":0,"enemies":"Chosen and Byrds","floor":28,"turns":8},{"damage":21,"enemies":"Nightmare","floor":29,"turns":8},{"damage":19,"enemies":"Book of Stabbing","floor":31,"turns":5},{"damage":35,"enemies":"Snake Plant","floor":32,"turns":3},{"damage":25,"enemies":"DF_ARCHETYPE_CLAW","floor":33,"turns":11}],"seed_played":"152820105982186162","potions_obtained":[{"floor":4,"key":"SteroidPotion"},{"floor":6,"key":"Dexterity Potion"},{"floor":15,"key":"potionbrewer:CleansingPotion"},{"floor":16,"key":"ColorlessPotion"},{"floor":19,"key":"PowerPotion"},{"floor":22,"key":"Ancient Potion"},{"floor":32,"key":"sneckomod:MuddlingPotion"}],"is_trial":false,"path_per_floor":["R","M","?","M","?","E","T","R","M","M","R","E","$","M","M","B",null,"R","M","M","?","M","E","T","?","?","M","M","NM","R","E","M","B"],"character_chosen":"THE_SERVANT","items_purchased":["LightFlow","Luminosity"],"campfire_rested":0,"item_purchase_floors":[13,13],"current_hp_per_floor":[47,47,47,46,46,20,20,20,25,21,21,18,28,30,40,32,65,65,65,65,65,65,65,65,65,54,54,59,48,48,37,14,0,0],"gold":357,"neow_bonus":"REMOVE_TWO","is_daily":false,"chose_seed":false,"campfire_upgraded":5,"win_rate":0.0,"timestamp":1611478389,"path_taken":["R","M","?","M","?","E","T","R","M","M","R","E","$","M","M","BOSS","R","M","M","?","?","E","T","?","?","M","M","NM","R","E","M","BOSS"],"items_purchased_type":["Card","Card"],"build_version":"2020-12-22","purchased_purges":1,"victory":false,"max_hp_per_floor":[65,65,65,65,65,65,65,65,65,65,65,65,65,65,65,65,65,65,65,65,65,65,65,65,65,70,70,70,70,70,70,70,70,70],"card_choices":[{"not_picked":["DoubleEdge","Starlight"],"picked":"WasteNot","floor":2},{"not_picked":["Alleviate","Defy"],"picked":"Revamp","floor":4},{"not_picked":["Potential","Unruled"],"picked":"SpecialFormula","floor":6},{"not_picked":["Alleviate","WasteNot"],"picked":"Potential","floor":9},{"not_picked":["FastForward","Alleviate","Potential"],"picked":"SKIP","floor":10},{"not_picked":["Starlight","Gouge"],"picked":"SpecialFormula","floor":12},{"not_picked":["Rewind","TimeWarp"],"picked":"Solidify","floor":13},{"not_picked":["Starlight","ReturningBlade"],"picked":"Defy","floor":14},{"not_picked":["SurpressingFire","Potential","FastForward"],"picked":"SKIP","floor":15},{"not_picked":["Deny","SilverMatrix"],"picked":"Initiator","floor":16},{"not_picked":["Collapse","GearUp+1"],"picked":"Spin","floor":19},{"not_picked":["Rewind","FastForward"],"picked":"Defy","floor":20},{"not_picked":["Potential","Rewind"],"picked":"TheWorld","floor":22},{"not_picked":["FastForward","Spin"],"picked":"Hightail","floor":23},{"not_picked":["Alleviate","Rewind","ShiftingGears"],"picked":"SKIP","floor":27},{"not_picked":["Defy","Potential"],"picked":"Unruled","floor":28},{"not_picked":["SpecialFormula","Rearm"],"picked":"Desolation","floor":29},{"not_picked":["KillingDoll","WasteNot","DoubleEdge"],"picked":"SKIP","floor":31},{"not_picked":["Replace","Defy"],"picked":"BottledTime","floor":32}],"player_experience":1057750,"relics_obtained":[{"floor":6,"key":"War Paint"},{"floor":7,"key":"infinitespire:Satchel"},{"floor":12,"key":"potionbrewer:MortarAndPestle"},{"floor":23,"key":"Lantern"},{"floor":24,"key":"infinitespire:CheckeredPen"},{"floor":29,"key":"Meat on the Bone"},{"floor":31,"key":"Nunchaku"}],"event_choices":[{"cards_removed":["Strike_S"],"damage_healed":0,"gold_gain":0,"player_choice":"Offered Basic","damage_taken":0,"max_hp_gain":0,"max_hp_loss":0,"event_name":"Bonfire Elementals","floor":21,"gold_loss":0}],"is_beta":false,"boss_relics":[{"not_picked":["hubris:ScarierMask","potionbrewer:BhaskarasWheel"],"picked":"SplendidAttire"}],"items_purged_floors":[13],"is_endless":false,"potions_floor_spawned":[4,6,15,16,19,22,27,28,32],"killed_by":"DF_ARCHETYPE_CLAW","ascension_level":0}}