{"host":"640uue19m79c7wbt","time":1611448746,"event":{"mods":["BaseMod","Colored Map","Googly Eyes","Highlight Path","Minty Spire (QoL Compilation)","Quick Restart","StSLib"],"gold_per_floor":[114,114,39,314,3,33,46,46,69,69,103,103,130,145,145,145,145],"floor_reached":16,"language":"ENG","playtime":366,"items_purged":[],"score":261,"play_id":"4757853e-fb4d-4bfc-902a-5f1b3b38f3a9","local_time":"20210123193906","is_ascension_mode":true,"campfire_choices":[{"data":"Accuracy","floor":8,"key":"SMITH"},{"data":"Terror","floor":10,"key":"SMITH"},{"floor":12,"key":"REST"},{"floor":15,"key":"REST"}],"circlet_count":0,"master_deck":["AscendersBane","Strike_G","Strike_G","Strike_G","Strike_G","Strike_G","Defend_G","Defend_G","Defend_G","Defend_G","Defend_G","Survivor","Neutralize","Eviscerate","Accuracy+1","Regret","Terror+1","Blade Dance","Cloak And Dagger","Dagger Spray","Cloak And Dagger","Finisher"],"relics":["Ring of the Snake","NeowsBlessing","Art of War","Pear","Gremlin Horn","Snake Skull","Anchor","Ornamental Fan"],"acts_visited":["Exordium"],"potions_floor_usage":[11,16],"damage_taken":[{"damage":0,"enemies":"2 Louse","floor":1,"turns":1},{"damage":0,"enemies":"Gremlin Nob","floor":6,"turns":1},{"damage":0,"enemies":"Small Slimes","floor":7,"turns":1},{"damage":26,"enemies":"Lagavulin","floor":11,"turns":4},{"damage":21,"enemies":"3 Sentries","floor":13,"turns":6},{"damage":1,"enemies":"Cultist","floor":14,"turns":4},{"damage":54,"enemies":"The Guardian","floor":16,"turns":10}],"seed_played":"2783419195257105697","potions_obtained":[{"floor":1,"key":"PowerPotion"},{"floor":6,"key":"SmokeBomb"},{"floor":14,"key":"EssenceOfSteel"}],"is_trial":false,"path_per_floor":["M","?","$","?","$","E","M","R","T","R","E","R","E","M","R","B"],"character_chosen":"THE_SILENT","items_purchased":["Accuracy","Pear","Terror"],"campfire_rested":2,"item_purchase_floors":[3,5,5],"current_hp_per_floor":[59,48,48,48,58,58,58,58,58,58,32,54,33,32,54,0,0],"gold":145,"neow_bonus":"THREE_ENEMY_KILL","is_daily":false,"chose_seed":false,"campfire_upgraded":2,"win_rate":0.0,"timestamp":1611448746,"path_taken":["M","?","$","?","$","E","?","R","T","R","E","R","E","M","R","BOSS"],"items_purchased_type":["Card","Relic","Card"],"build_version":"2020-12-22","purchased_purges":0,"victory":false,"max_hp_per_floor":[66,66,66,66,76,76,76,76,76,76,76,76,76,76,76,76,76],"card_choices":[{"not_picked":["Terror","Outmaneuver"],"picked":"Eviscerate","floor":1},{"not_picked":["PiercingWail","Predator"],"picked":"Blade Dance","floor":6},{"not_picked":["Backflip","Blade Dance"],"picked":"Cloak And Dagger","floor":7},{"not_picked":["Malaise","Bane"],"picked":"Dagger Spray","floor":11},{"not_picked":["Poisoned Stab","Dagger Throw"],"picked":"Cloak And Dagger","floor":13},{"not_picked":["Caltrops","Dagger Spray"],"picked":"Finisher","floor":14}],"player_experience":633368,"relics_obtained":[{"floor":6,"key":"Gremlin Horn"},{"floor":9,"key":"Snake Skull"},{"floor":11,"key":"Anchor"},{"floor":13,"key":"Ornamental Fan"}],"event_choices":[{"damage_healed":0,"gold_gain":0,"player_choice":"Success","damage_taken":11,"relics_obtained":["Art of War"],"max_hp_gain":0,"max_hp_loss":0,"event_name":"Scrap Ooze","floor":2,"gold_loss":0},{"damage_healed":0,"gold_gain":275,"player_choice":"Desecrate","damage_taken":0,"max_hp_gain":0,"max_hp_loss":0,"event_name":"Golden Shrine","floor":4,"gold_loss":0,"cards_obtained":["Regret"]}],"is_beta":false,"boss_relics":[],"items_purged_floors":[],"is_endless":false,"potions_floor_spawned":[1,6,14],"killed_by":"The Guardian","ascension_level":17}}