{"host":"rx4dvj46as2nh7wl","time":1611505309,"event":{"mods":["100% Spire Juice","ATMod(°¢èªMod)","Act Like it!","BaseMod","BetterRewards","Defective Defect","Dota2Spire","Friendly Minions","Gensokyo","GifTheSpireLib","HololiveMod","Hubris","KomeijiMod","Lobotomy","Minty Spire (QoL Compilation)","Permanent Neow","Relic Stats","Replay The Spire","Spicy Shops","StSLib","The Alterego","WarShipGirlsR/Õ½½¢ÉÙÅ®R mod","Yakumo Yukari mod","vexMod"],"gold_per_floor":[119,133,149,149,166,195,214,247,271,331,373,410,569,609,609,730,730,772,798,299,389,428,500,607,607],"floor_reached":24,"language":"ZHS","playtime":3627,"items_purged":[],"score":344,"play_id":"95ed41fd-60e9-4f86-a685-833c2ec408df","local_time":"20210125002149","is_ascension_mode":false,"campfire_choices":[{"data":"alterego_mod:InsideBaseball","floor":15,"key":"SMITH"}],"circlet_count":0,"master_deck":["alterego_mod:Strike","alterego_mod:Strike","alterego_mod:Strike","alterego_mod:Strike","alterego_mod:Defend","alterego_mod:Defend","alterego_mod:Defend","alterego_mod:Defend","alterego_mod:Impale","alterego_mod:BigMeatyClaws","alterego_mod:BrynhildrsRune+1","AT_FamilyPortrait+1","Scorched","alterego_mod:1TonWallop","Mercenary","alterego_mod:Rip","LittleHelper","alterego_mod:Maid","CherryBlossoms","alterego_mod:Rip","ShyLook","alterego_mod:Complex","Wellcheers","alterego_mod:Rip","BeautyBeast","alterego_mod:HighServant","QueenOfHatred","alterego_mod:Bounce","VoidDream","alterego_mod:Cushion","OldLady","alterego_mod:Exercise","alterego_mod:Table+1","WallGazer","alterego_mod:InsideBaseball+1","Freischutz","alterego_mod:Mirror+1","LaLuna","alterego_mod:Venus","Bloodbath","alterego_mod:Cycle+1","alterego_mod:Birthday+1","alterego_mod:MagicResistance+1","SnowQueen","alterego_mod:Belts+1","SingingMachine","alterego_mod:Birthday+1","alterego_mod:Bunnysuit+1","Woodsman"],"relics":["alterego_mod:MasochisticConstitution","AT_ATBox","CogitoBucket","Gensokyo:CelestialsFlawlessClothing","vexMod:RetaliationKit","LuminousBracelet","AT_BellDemon","AT_MibuBalloonWealth","Prayer Wheel","FossilizedHelix","Toxic Egg 2","AT_EbonyIvory","Replay:Bottled Flurry","War Paint","BehaviorAdjustment","AT_TrinityForce","Pet Ghost","Unceasing Top","Iron Hammer","hubris:ToyBattleship","MawBank","Pen Nib","Replay:Mystery Machine"],"acts_visited":["Gensokyo:Gensokyo","TheCity"],"potions_floor_usage":[6,23,24,24],"damage_taken":[{"damage":15,"enemies":"Gensokyo:2_Kodama","floor":1,"turns":5},{"damage":4,"enemies":"Gensokyo:Python","floor":2,"turns":4},{"damage":0,"enemies":"Gensokyo:Gryphon","floor":3,"turns":3},{"damage":4,"enemies":"Gensokyo:VengefulSpirit","floor":5,"turns":2},{"damage":4,"enemies":"Gensokyo:Aya","floor":6,"turns":2},{"damage":14,"enemies":"Gensokyo:LivingMonolith","floor":7,"turns":3},{"damage":28,"enemies":"Gensokyo:Mamizou","floor":8,"turns":6},{"damage":0,"enemies":"Gensokyo:2_Rabbits","floor":10,"turns":1},{"damage":4,"enemies":"Gensokyo:VengefulSpirit","floor":11,"turns":2},{"damage":12,"enemies":"Gensokyo:CorruptedTreant","floor":12,"turns":3},{"damage":10,"enemies":"Gensokyo:Cirno","floor":13,"turns":5},{"damage":88,"enemies":"Gensokyo:Gryphon_and_Rabbit","floor":14,"turns":13},{"damage":120,"enemies":"Gensokyo:Reimu","floor":16,"turns":13},{"damage":4,"enemies":"Shell Parasite","floor":18,"turns":2},{"damage":49,"enemies":"3 Byrds","floor":21,"turns":6},{"damage":3,"enemies":"Snake Plant","floor":22,"turns":2},{"damage":68,"enemies":"Replay:Snechameleon","floor":23,"turns":3},{"damage":442,"enemies":"Shelled Parasite and Fungi","floor":24,"turns":39}],"seed_played":"2576340542647471136","potions_obtained":[{"floor":2,"key":"AttackPotion"},{"floor":6,"key":"Fire Potion"},{"floor":8,"key":"CultistPotion"},{"floor":10,"key":"AttackPotion"},{"floor":14,"key":"Adrenaline Potion"},{"floor":23,"key":"CalmPotion"}],"is_trial":false,"path_per_floor":["M","M","M","?","M","E","M","E","T","M","M","M","E","M","R","B",null,"M","T","$","M","M","E","M"],"character_chosen":"The_Alterego","items_purchased":["alterego_mod:MagicResistance+1","Unceasing Top","Iron Hammer"],"campfire_rested":0,"item_purchase_floors":[20,20,20],"current_hp_per_floor":[56,53,53,35,32,36,59,37,37,37,44,42,54,84,84,32,96,97,97,97,88,89,29,98,98],"gold":607,"neow_bonus":"","is_daily":false,"chose_seed":false,"campfire_upgraded":1,"win_rate":0.0,"timestamp":1611505309,"path_taken":["M","M","M","?","M","E","M","E","T","M","M","M","E","M","R","BOSS","M","?","$","M","M","E","M"],"items_purchased_type":["Card","Relic","Relic"],"build_version":"2020-12-22","purchased_purges":0,"victory":false,"max_hp_per_floor":[71,72,72,72,73,74,90,91,91,91,92,93,94,95,95,96,96,97,97,97,98,99,100,100,100],"relic_stats":{"counters":[21,117],"Prayer Wheel":6,"Pen Nib":[4],"War Paint":["AT_FamilyPortrait","alterego_mod:BrynhildrsRune"],"MawBank":24,"obtain_stats":[{"AT_BellDemon":8,"alterego_mod:MasochisticConstitution":0,"AT_ATBox":0,"AT_MibuBalloonWealth":9,"LuminousBracelet":7,"AT_EbonyIvory":13,"Pen Nib":23,"Gensokyo:CelestialsFlawlessClothing":4,"War Paint":14,"Replay:Mystery Machine":23,"MawBank":22,"Pet Ghost":18,"CogitoBucket":0,"AT_TrinityForce":17,"Prayer Wheel":10,"BehaviorAdjustment":14,"Iron Hammer":20,"Replay:Bottled Flurry":13,"hubris:ToyBattleship":21,"Toxic Egg 2":12,"vexMod:RetaliationKit":6,"FossilizedHelix":11,"Unceasing Top":20},{"AT_BellDemon":8,"alterego_mod:MasochisticConstitution":0,"AT_ATBox":0,"AT_MibuBalloonWealth":8,"LuminousBracelet":7,"AT_EbonyIvory":12,"Pen Nib":19,"Gensokyo:CelestialsFlawlessClothing":3,"War Paint":14,"Replay:Mystery Machine":19,"MawBank":18,"Pet Ghost":16,"CogitoBucket":0,"AT_TrinityForce":15,"Prayer Wheel":9,"BehaviorAdjustment":14,"Iron Hammer":16,"Replay:Bottled Flurry":12,"hubris:ToyBattleship":17,"Toxic Egg 2":11,"vexMod:RetaliationKit":5,"FossilizedHelix":10,"Unceasing Top":16},{"AT_BellDemon":26,"alterego_mod:MasochisticConstitution":0,"AT_ATBox":0,"AT_MibuBalloonWealth":26,"LuminousBracelet":20,"AT_EbonyIvory":37,"Pen Nib":77,"Gensokyo:CelestialsFlawlessClothing":12,"War Paint":51,"Replay:Mystery Machine":77,"MawBank":74,"Pet Ghost":66,"CogitoBucket":0,"AT_TrinityForce":64,"Prayer Wheel":27,"BehaviorAdjustment":51,"Iron Hammer":66,"Replay:Bottled Flurry":37,"hubris:ToyBattleship":72,"Toxic Egg 2":32,"vexMod:RetaliationKit":16,"FossilizedHelix":29,"Unceasing Top":66}],"Unceasing Top":[6]},"card_choices":[{"not_picked":["UniverseFragment","BeautyBeast"],"picked":"Scorched","floor":1},{"not_picked":["alterego_mod:DiscoLights","alterego_mod:BustOut"],"picked":"alterego_mod:1TonWallop","floor":1},{"not_picked":["Bloodbath","FairyFestival"],"picked":"Mercenary","floor":2},{"not_picked":["alterego_mod:HighServant","alterego_mod:Nekomimi"],"picked":"alterego_mod:Rip","floor":2},{"not_picked":["WallGazer","UniverseFragment","MeatLantern"],"picked":"Singing Bowl","floor":3},{"not_picked":["PunishingBird","MHz"],"picked":"LittleHelper","floor":3},{"not_picked":["alterego_mod:1TonWallop","alterego_mod:HighServant"],"picked":"alterego_mod:Maid","floor":3},{"not_picked":["VoidDream","MeatLantern"],"picked":"CherryBlossoms","floor":5},{"not_picked":["alterego_mod:Clap","alterego_mod:DeftHands"],"picked":"alterego_mod:Rip","floor":5},{"not_picked":["Bloodbath","Wellcheers"],"picked":"ShyLook","floor":6},{"not_picked":["alterego_mod:Smother","alterego_mod:DiscoLights"],"picked":"alterego_mod:Complex","floor":6},{"not_picked":["SpiderBud","MHz"],"picked":"Wellcheers","floor":7},{"not_picked":["alterego_mod:PerceptionDisorder","alterego_mod:1TonWallop"],"picked":"alterego_mod:Rip","floor":7},{"not_picked":["Woodsman","UniverseFragment","Bloodbath"],"picked":"Singing Bowl","floor":8},{"not_picked":["Rudolta","Murderer"],"picked":"BeautyBeast","floor":8},{"not_picked":["alterego_mod:Smother","alterego_mod:Clap"],"picked":"alterego_mod:HighServant","floor":8},{"not_picked":["Laetitia","PunishingBird"],"picked":"QueenOfHatred","floor":10},{"not_picked":["alterego_mod:DiscoLights","alterego_mod:DeftHands"],"picked":"alterego_mod:Bounce","floor":10},{"not_picked":["UniverseFragment","MeatLantern"],"picked":"VoidDream","floor":11},{"not_picked":["alterego_mod:TrashNCrash","alterego_mod:DeftHands"],"picked":"alterego_mod:Cushion","floor":11},{"not_picked":["alterego_mod:Skirt","alterego_mod:Pet","alterego_mod:AlterEgo"],"picked":"SKIP","floor":11},{"not_picked":["Murderer","PunishingBird"],"picked":"OldLady","floor":12},{"not_picked":["alterego_mod:TrashNCrash+1","alterego_mod:Complex"],"picked":"alterego_mod:Exercise","floor":12},{"not_picked":["alterego_mod:Skirt","alterego_mod:Schoolgirl+1"],"picked":"alterego_mod:Table+1","floor":12},{"not_picked":["BodiesMountain","MHz"],"picked":"WallGazer","floor":13},{"not_picked":["alterego_mod:Pet+1","alterego_mod:Swimsuit"],"picked":"alterego_mod:InsideBaseball","floor":13},{"not_picked":["HappyTeddy","MeatLantern"],"picked":"Freischutz","floor":14},{"not_picked":["alterego_mod:BeGentle+1","alterego_mod:Skirt"],"picked":"alterego_mod:Mirror+1","floor":14},{"not_picked":["alterego_mod:TrashNCrash+1","alterego_mod:DiscoLights","alterego_mod:Skirt"],"picked":"SKIP","floor":14},{"not_picked":["MeatLantern","SpiderBud"],"picked":"LaLuna","floor":16},{"not_picked":["alterego_mod:BrynhildrRomantia","alterego_mod:InsideBaseball"],"picked":"alterego_mod:Venus","floor":16},{"not_picked":["MHz","Yin"],"picked":"Bloodbath","floor":18},{"not_picked":["alterego_mod:Crossover+1","alterego_mod:GoddessCore"],"picked":"alterego_mod:Cycle+1","floor":18},{"not_picked":["alterego_mod:PresenceConcealment+1","alterego_mod:Bloomers+1"],"picked":"alterego_mod:Birthday+1","floor":18},{"not_picked":["Murderer","BigBird"],"picked":"SnowQueen","floor":21},{"not_picked":["alterego_mod:Bloomers+1","alterego_mod:Birthday+1"],"picked":"alterego_mod:Belts+1","floor":21},{"not_picked":["alterego_mod:Complex","alterego_mod:Pet+1","alterego_mod:PresenceConcealment"],"picked":"SKIP","floor":21},{"not_picked":["Murderer","UniverseFragment"],"picked":"SingingMachine","floor":22},{"not_picked":["alterego_mod:Stockings","alterego_mod:MagicResistance+1"],"picked":"alterego_mod:Birthday+1","floor":22},{"not_picked":["alterego_mod:Pet+1","alterego_mod:MagicResistance+1"],"picked":"alterego_mod:Bunnysuit+1","floor":22},{"not_picked":["MeatLantern","Laetitia"],"picked":"Woodsman","floor":23},{"not_picked":["alterego_mod:GachaTicket","alterego_mod:Venus","alterego_mod:Complex+1"],"picked":"SKIP","floor":23}],"player_experience":163121,"relics_obtained":[{"floor":6,"key":"vexMod:RetaliationKit"},{"floor":8,"key":"AT_BellDemon"},{"floor":9,"key":"AT_MibuBalloonWealth"},{"floor":10,"key":"Prayer Wheel"},{"floor":11,"key":"FossilizedHelix"},{"floor":12,"key":"Toxic Egg 2"},{"floor":13,"key":"AT_EbonyIvory"},{"floor":13,"key":"Replay:Bottled Flurry"},{"floor":14,"key":"War Paint"},{"floor":18,"key":"Pet Ghost"},{"floor":21,"key":"hubris:ToyBattleship"},{"floor":22,"key":"MawBank"},{"floor":23,"key":"Pen Nib"},{"floor":23,"key":"Replay:Mystery Machine"}],"event_choices":[],"is_beta":false,"boss_relics":[{"not_picked":["ReplayTheSpireMod:DimensionalGlitch","Cursed Key"],"picked":"AT_TrinityForce"}],"items_purged_floors":[],"is_endless":false,"potions_floor_spawned":[2,6,8,10,14,16,23],"killed_by":"Shelled Parasite and Fungi","ascension_level":0}}