{"host":"shb6fs4xkmgx64v4","time":1611526065,"event":{"mods":["AchievementEnabler","BaseMod","Colored Map","Downfall","Minty Spire (QoL Compilation)","StSLib"],"gold_per_floor":[99,114,129,159,72,222,222,63,63,74,74,104,124,224,237,336,336,136,147,147,147,29,62,62,62,102,6,20,53,53,12,12,12,12],"floor_reached":32,"language":"ENG","playtime":2068,"items_purged":["downfall:Icky"],"score":301,"play_id":"b41532a5-6591-4dbb-adc3-3b72d88ebc6c","local_time":"20210124170745","is_ascension_mode":false,"campfire_choices":[{"floor":1.0,"key":"RECALL"},{"data":"sneckomod:SerpentIdol","floor":11.0,"key":"SMITH"},{"data":"sneckomod:UnknownRarePower","floor":18.0,"key":"SMITH"},{"floor":25.0,"key":"REST"},{"floor":30.0,"key":"REST"}],"circlet_count":0,"master_deck":["sneckomod:Strike","sneckomod:Strike","sneckomod:Strike","sneckomod:Defend","sneckomod:Defend","sneckomod:Defend","sneckomod:TailWhip","sneckomod:SnekBite","sneckomod:Unknown","sneckomod:Unknown","sneckomod:QuickBite","sneckomod:QuickMove","sneckomod:Unknown1Cost","sneckomod:UnendingSupply+1","sneckomod:UnknownVulnerable","sneckomod:Unknown0Cost","sneckomod:MasterEye","sneckomod:UnknownStrike","sneckomod:SerpentIdol+1","sneckomod:UnknownClassTHE_BRONZE_AUTOMATON","sneckomod:UnlimitedRolls","sneckomod:ImprovisedGuard","sneckomod:Unknown1Cost","sneckomod:UnknownRarePower+1","sneckomod:DiceBlock","sneckomod:UnknownClassTHE_BRONZE_AUTOMATON","sneckomod:UnknownDexterity","sneckomod:UnknownRarePower","sneckomod:UnknownCommonSkill+1","sneckomod:SnekBeam","sneckomod:WideSting","sneckomod:IronFang+1","sneckomod:Cheat","sneckomod:UnknownX","sneckomod:DiceCrush"],"relics":["sneckomod:SneckoSoul","sneckomod:SneckoCommon","Philosopher\u0027s Stone","downfall:HeartBlessingRed","downfall:HeartBlessingGreen","downfall:KnowingSkull","sneckomod:LoadedDie","InkBottle","Shuriken","Centennial Puzzle"],"acts_visited":["Exordium","TheCity"],"potions_floor_usage":[],"damage_taken":[{"damage":0.0,"enemies":"Small Slimes","floor":2.0,"turns":4.0},{"damage":5.0,"enemies":"2 Louse","floor":3.0,"turns":3.0},{"damage":0.0,"enemies":"downfall:FleeingMerchant","floor":5.0,"turns":4.0},{"damage":10.0,"enemies":"downfall:FleeingMerchant","floor":8.0,"turns":4.0},{"damage":1.0,"enemies":"Cultist","floor":10.0,"turns":5.0},{"damage":18.0,"enemies":"Lagavulin","floor":12.0,"turns":6.0},{"damage":13.0,"enemies":"Red Slaver","floor":13.0,"turns":3.0},{"damage":4.0,"enemies":"Gremlin Gang","floor":15.0,"turns":6.0},{"damage":31.0,"enemies":"DF_ARCHETYPE_STREAMLINE","floor":16.0,"turns":9.0},{"damage":4.0,"enemies":"Chosen","floor":19.0,"turns":3.0},{"damage":7.0,"enemies":"downfall:FleeingMerchant","floor":22.0,"turns":4.0},{"damage":47.0,"enemies":"Slavers","floor":23.0,"turns":7.0},{"damage":3.0,"enemies":"Snake Plant","floor":26.0,"turns":2.0},{"damage":27.0,"enemies":"downfall:FleeingMerchant","floor":27.0,"turns":4.0},{"damage":9.0,"enemies":"Snecko","floor":28.0,"turns":5.0},{"damage":22.0,"enemies":"Book of Stabbing","floor":29.0,"turns":4.0},{"damage":17,"enemies":"downfall:FleeingMerchant","floor":31,"turns":4},{"damage":21,"enemies":"Centurion and Healer","floor":32,"turns":5}],"seed_played":"-6322659459213465869","potions_obtained":[{"floor":8.0,"key":"sneckomod:DiceRollPotion"},{"floor":10.0,"key":"Swift Potion"},{"floor":12.0,"key":"SmokeBomb"},{"floor":28.0,"key":"sneckomod:DiceRollPotion"},{"floor":29.0,"key":"Weak Potion"}],"is_trial":false,"path_per_floor":["R","M","M","?","$","?","T","$","?","M","R","E","M","?","M","B",null,"R","M","?","?","$","E","T","R","M","$","M","E","R","$","M"],"character_chosen":"THE_SNECKO","items_purchased":["sneckomod:UnendingSupply","sneckomod:MasterEye","sneckomod:LoadedDie","sneckomod:SnekBeam","sneckomod:WideSting","sneckomod:DiceCrush"],"campfire_rested":2,"item_purchase_floors":[5,8,22,27,27,31],"current_hp_per_floor":[99,99,94,94,94,94,94,84,84,83,83,65,52,52,48,17,99,99,95,95,88,81,34,34,63,60,33,24,2,31,14,0,0,0],"gold":12,"neow_bonus":"TEN_PERCENT_HP_BONUS","is_daily":false,"chose_seed":false,"campfire_upgraded":2,"win_rate":0.0,"timestamp":1611526065,"path_taken":["R","M","M","?","$","?","T","$","?","M","R","E","M","?","M","BOSS","R","M","?","?","$","E","T","R","M","$","?","E","R","?","M"],"items_purchased_type":["Card","Card","Relic","Card","Card","Card"],"build_version":"2020-12-22","purchased_purges":1,"victory":false,"max_hp_per_floor":[99,99,99,99,99,99,99,99,99,99,99,99,99,99,99,99,99,99,99,99,99,99,99,99,99,99,99,99,99,99,99,99,99,99],"card_choices":[{"not_picked":["sneckomod:DiceCrush","sneckomod:RainOfDice"],"picked":"sneckomod:QuickBite","floor":2.0},{"not_picked":["sneckomod:TrashToTreasure","sneckomod:IronFang"],"picked":"sneckomod:QuickMove","floor":3.0},{"not_picked":["sneckomod:DangerNoodle","sneckomod:SoulDraw"],"picked":"sneckomod:Unknown1Cost","floor":5.0},{"not_picked":["sneckomod:Nope","sneckomod:UnknownDraw"],"picked":"sneckomod:UnknownVulnerable","floor":8.0},{"not_picked":["sneckomod:UnknownCommonAttack","sneckomod:GlitteringGambit"],"picked":"sneckomod:Unknown0Cost","floor":8.0},{"not_picked":["sneckomod:UnknownBlock","sneckomod:UnknownX"],"picked":"sneckomod:UnknownStrike","floor":10.0},{"not_picked":["sneckomod:Nope","sneckomod:SoulRoll"],"picked":"sneckomod:SerpentIdol","floor":10.0},{"not_picked":["sneckomod:RainOfDice","sneckomod:Nope"],"picked":"sneckomod:UnlimitedRolls","floor":12.0},{"not_picked":["sneckomod:UnknownCommonAttack","sneckomod:UnknownUncommonSkill"],"picked":"sneckomod:ImprovisedGuard","floor":13.0},{"not_picked":["sneckomod:Nope","sneckomod:DiceCrush"],"picked":"sneckomod:Unknown1Cost","floor":15.0},{"not_picked":["sneckomod:Cheat","sneckomod:DangerNoodle"],"picked":"sneckomod:UnknownRarePower","floor":16.0},{"not_picked":["sneckomod:Rotation+1","sneckomod:Memorize"],"picked":"sneckomod:DiceBlock","floor":19.0},{"not_picked":["sneckomod:Unknown0Cost","sneckomod:UnknownBlock+1"],"picked":"sneckomod:UnknownDexterity","floor":22.0},{"not_picked":["sneckomod:SerpentIdol","sneckomod:Unknown1Cost+1"],"picked":"sneckomod:UnknownRarePower","floor":23.0},{"not_picked":["sneckomod:UnknownClassRED+1","sneckomod:SoulRoll+1"],"picked":"sneckomod:UnknownCommonSkill+1","floor":27.0},{"not_picked":["sneckomod:UnknownClassRED+1","sneckomod:ImprovisedAttack+1"],"picked":"sneckomod:IronFang+1","floor":28.0},{"not_picked":["sneckomod:UnknownClassTHE_BRONZE_AUTOMATON+1","sneckomod:UnknownVulnerable"],"picked":"sneckomod:Cheat","floor":29.0},{"not_picked":["sneckomod:UnknownUncommonSkill","sneckomod:Unknown2Cost+1"],"picked":"sneckomod:UnknownX","floor":31}],"player_experience":287174,"relics_obtained":[{"floor":12.0,"key":"sneckomod:SneckoCommon"},{"floor":23.0,"key":"InkBottle"},{"floor":24.0,"key":"Shuriken"},{"floor":29.0,"key":"Centennial Puzzle"}],"event_choices":[{"damage_healed":0.0,"max_hp_gain":0.0,"max_hp_loss":0.0,"gold_gain":0.0,"event_name":"Living Wall","player_choice":"Grow","floor":9.0,"gold_loss":0.0,"damage_taken":0.0,"cards_upgraded":["sneckomod:UnendingSupply"]},{"damage_healed":0.0,"max_hp_gain":0.0,"max_hp_loss":0.0,"gold_gain":0.0,"event_name":"The Library","player_choice":"Read","floor":20.0,"gold_loss":0.0,"damage_taken":0.0,"cards_obtained":["sneckomod:UnknownClassTHE_BRONZE_AUTOMATON"]}],"is_beta":false,"boss_relics":[{"not_picked":["Runic Pyramid","Pandora\u0027s Box"],"picked":"Philosopher\u0027s Stone"}],"items_purged_floors":[8],"is_endless":false,"potions_floor_spawned":[10,12,13,26,28,29],"killed_by":"Centurion and Healer","ascension_level":0}}