{"host":"ctlqibkg0sskiu65","time":1611479646,"event":{"mods":["AchievementEnabler","Aspiration","BaseMod","BetterRewards","Colored Map","Colored Powertips","Conspire","Fiend Mod","Infinite Spire","Minty Spire (QoL Compilation)","Quick Restart","Replay The Spire","Shop Mod","StSLib","The Bladedancer","The Cursed","The Hierophant","The Jungle","The Kombatant","The Servant 0.9.4","TheBandit"],"gold_per_floor":[109,17,28,28,28,28,54,71,122,152,172,172,172,199,199,274,274,284,295,310,28,47,78,78,104,104,4,4,37,37,49,49,127,127,146,146,146,157,171,171,0,20,46,46,46,76,76,104,104,104,104],"floor_reached":50,"language":"ENG","playtime":2672,"items_purged":["Defend_G","Strike_G"],"score":1482,"play_id":"b461bb10-c489-4c26-b6ba-0f52b1e9a6f7","local_time":"20210124031406","is_ascension_mode":true,"campfire_choices":[{"data":"Poisoned Stab","floor":6.0,"key":"SMITH"},{"floor":12.0,"key":"RECALL"},{"data":"Dagger Spray","floor":15.0,"key":"SMITH"},{"floor":28.0,"key":"REST"},{"data":"Burst","floor":30.0,"key":"SMITH"},{"data":"Fluid Movement","floor":32.0,"key":"SMITH"},{"data":"Bouncing Flask","floor":40.0,"key":"SMITH"},{"data":"Deadly Poison","floor":45.0,"key":"SMITH"},{"data":"Poisoned Stab","floor":47.0,"key":"SMITH"},{"floor":49.0,"key":"REST"}],"circlet_count":0,"master_deck":["AscendersBane","Strike_G","Strike_G","Strike_G","Strike_G","Defend_G","Defend_G","Defend_G","Defend_G","Survivor","Neutralize","Prepared","Deflect","Poisoned Stab+1","Fluid Movement+1","Noxious Fumes","Poisoned Stab+1","Dagger Spray+1","Burst+1","Caltrops","Bouncing Flask+1","All Out Attack+1","Poisoned Stab","infinitespire:Neurotoxin","Backstab+1","Poison Darts","PiercingWail","infinitespire:Starlight","Deadly Poison+1"],"relics":["Ring of the Snake","conspire:Boomerang","Thread and Needle","Blue Doll","Garlic","aspiration:FetidBarrel","Bronze Scales","Dream Catcher","GremlinMask","Regal Pillow","Runic Pyramid","aspiration:HummingbirdHeart","Anchor","conspire:Flyswatter","Bottled Flame","Mummified Hand","Fiend:Scarf","Toolbox","Strawberry","Snake Skull","Kunai","conspire:DecoderRing"],"acts_visited":["Exordium","TheCity","TheBeyond"],"potions_floor_usage":[50],"damage_taken":[{"damage":0.0,"enemies":"Cultist","floor":1.0,"turns":4.0},{"damage":0.0,"enemies":"Jaw Worm","floor":3.0,"turns":4.0},{"damage":0.0,"enemies":"3 Sentries","floor":7.0,"turns":8.0},{"damage":0.0,"enemies":"Small Slimes","floor":8.0,"turns":4.0},{"damage":2.0,"enemies":"Replay:BlueRogue","floor":10.0,"turns":6.0},{"damage":1.0,"enemies":"Gremlin Gang","floor":11.0,"turns":6.0},{"damage":4.0,"enemies":"3 Sentries","floor":14.0,"turns":6.0},{"damage":29.0,"enemies":"Slime Boss","floor":16.0,"turns":10.0},{"damage":0.0,"enemies":"Chosen","floor":18.0,"turns":5.0},{"damage":0.0,"enemies":"2 Thieves","floor":19.0,"turns":4.0},{"damage":23.0,"enemies":"Shelled Parasite and Fungi","floor":20.0,"turns":6.0},{"damage":12.0,"enemies":"Centurion and Healer","floor":22.0,"turns":7.0},{"damage":1.0,"enemies":"Book of Stabbing","floor":23.0,"turns":5.0},{"damage":0.0,"enemies":"conspire:Head Lice","floor":25.0,"turns":6.0},{"damage":0.0,"enemies":"Replay:Snechameleon","floor":29.0,"turns":5.0},{"damage":0.0,"enemies":"Snake Plant","floor":31.0,"turns":3.0},{"damage":44.0,"enemies":"Collector","floor":33.0,"turns":8.0},{"damage":0.0,"enemies":"3 Shapes","floor":35.0,"turns":4.0},{"damage":0.0,"enemies":"3 Darklings","floor":38.0,"turns":3.0},{"damage":11.0,"enemies":"Jaw Worm Horde","floor":39.0,"turns":5.0},{"damage":0.0,"enemies":"Writhing Mass","floor":42.0,"turns":3.0},{"damage":19.0,"enemies":"Nemesis","floor":46.0,"turns":7.0},{"damage":23.0,"enemies":"Nightmare","floor":48.0,"turns":5.0},{"damage":102,"enemies":"conspire:OrnateMirror","floor":50,"turns":7}],"seed_played":"-8436618395667033521","potions_obtained":[{"floor":1.0,"key":"Strength Potion"},{"floor":7.0,"key":"SteroidPotion"},{"floor":8.0,"key":"Ancient Potion"},{"floor":18.0,"key":"Poison Potion"},{"floor":23.0,"key":"Block Potion"},{"floor":35.0,"key":"Cursed Concoction"},{"floor":42.0,"key":"CunningPotion"}],"is_trial":false,"path_per_floor":["M","$","M","T","?","R","E","M","T","E","M","R","?","E","R","B",null,"M","M","M","$","M","E","T","E","T","$","R","E","R","M","R","B",null,"M","?","AVR","M","M","R","$","M","T","?","R","E","R","NM","R","B"],"character_chosen":"THE_SILENT","items_purchased":["Thread and Needle","Blue Doll","Deflect","aspiration:HummingbirdHeart","Strawberry"],"campfire_rested":2,"item_purchase_floors":[0,0,2,21,41],"current_hp_per_floor":[59,59,59,59,59,59,59,59,59,57,56,56,56,52,52,23,55,55,55,32,32,20,19,19,19,19,19,53,53,53,53,53,9,52,52,52,52,52,51,51,58,58,58,58,58,49,49,36,69,0,0],"gold":104,"neow_bonus":"","is_daily":false,"chose_seed":false,"campfire_upgraded":7,"win_rate":0.0,"timestamp":1611479646,"path_taken":["M","$","M","?","?","R","E","M","T","E","M","R","?","E","R","BOSS","M","M","M","$","?","E","?","E","T","$","R","E","R","M","R","BOSS","M","?","AVR","M","M","R","?","M","T","?","R","E","R","NM","R","BOSS"],"items_purchased_type":["Relic","Relic","Card","Relic","Relic"],"build_version":"2020-12-22","purchased_purges":2,"victory":false,"max_hp_per_floor":[66,66,66,66,66,66,66,66,66,66,66,66,66,66,66,66,66,66,66,66,66,66,66,66,66,66,66,66,66,66,66,66,66,66,66,66,66,66,66,66,73,73,73,69,69,69,69,69,69,69,69],"card_choices":[{"not_picked":["Choke","Concentrate"],"picked":"Prepared","floor":1.0},{"not_picked":["Deflect","Heel Hook"],"picked":"Poisoned Stab","floor":3.0},{"not_picked":["Deflect","Backflip"],"picked":"Fluid Movement","floor":7.0},{"not_picked":["Deadly Poison","Terror"],"picked":"Noxious Fumes","floor":8.0},{"not_picked":["Backflip","Flechettes","Choke"],"picked":"SKIP","floor":10.0},{"not_picked":["Terror","Heel Hook"],"picked":"Poisoned Stab","floor":11.0},{"not_picked":["Setup","Terror"],"picked":"Dagger Spray","floor":14.0},{"not_picked":["Grand Finale","aspiration:Lunge"],"picked":"Burst","floor":16.0},{"not_picked":["Expertise","Cloak And Dagger","Backflip+1"],"picked":"SKIP","floor":18.0},{"not_picked":["Dodge and Roll","ReplayTheSpireMod:Tripwire"],"picked":"Caltrops","floor":19.0},{"not_picked":["Deflect","Blade Dance"],"picked":"Bouncing Flask","floor":20.0},{"not_picked":["Infinite Blades","Dagger Spray"],"picked":"All Out Attack+1","floor":22.0},{"not_picked":["Underhanded Strike","Bouncing Flask+1"],"picked":"Poisoned Stab","floor":23.0},{"not_picked":["Slice","Dagger Throw+1"],"picked":"infinitespire:Neurotoxin","floor":25.0},{"not_picked":["Bane","Noxious Fumes"],"picked":"Backstab+1","floor":29.0},{"not_picked":["Cloak And Dagger","Blade Dance","Well Laid Plans"],"picked":"SKIP","floor":31.0},{"not_picked":["Venomology","ReplayTheSpireMod:From All Sides"],"picked":"Poison Darts","floor":33.0},{"not_picked":["Flying Knee","Draining Mist"],"picked":"PiercingWail","floor":35.0},{"not_picked":["Prepared","Acrobatics","Blade Dance"],"picked":"SKIP","floor":38.0},{"not_picked":["Bane","Setup","Masterful Stab+1"],"picked":"SKIP","floor":39.0},{"not_picked":["Underhanded Strike","Dagger Spray+1"],"picked":"Deadly Poison","floor":42.0},{"not_picked":["Outmaneuver+1","Finisher","Blade Dance"],"picked":"SKIP","floor":46.0},{"not_picked":["Tools of the Trade","Hidden Blade+1","Cloak And Dagger"],"picked":"SKIP","floor":48.0}],"player_experience":236412,"relics_obtained":[{"floor":4.0,"key":"Garlic"},{"floor":7.0,"key":"aspiration:FetidBarrel"},{"floor":9.0,"key":"Bronze Scales"},{"floor":10.0,"key":"Dream Catcher"},{"floor":14.0,"key":"Regal Pillow"},{"floor":23.0,"key":"Anchor"},{"floor":24.0,"key":"conspire:Flyswatter"},{"floor":25.0,"key":"Bottled Flame"},{"floor":26.0,"key":"Mummified Hand"},{"floor":43.0,"key":"Snake Skull"},{"floor":46.0,"key":"Kunai"},{"floor":48.0,"key":"conspire:DecoderRing"}],"event_choices":[{"damage_healed":0.0,"max_hp_gain":0.0,"max_hp_loss":0.0,"gold_gain":0.0,"event_name":"FaceTrader","player_choice":"Trade","floor":13.0,"gold_loss":0.0,"damage_taken":0.0,"relics_obtained":["GremlinMask"]},{"damage_healed":0.0,"max_hp_gain":0.0,"max_hp_loss":0.0,"gold_gain":0.0,"event_name":"SecretPortal","player_choice":"Ignored","floor":36.0,"gold_loss":0.0,"damage_taken":0.0},{"damage_healed":0.0,"max_hp_gain":0.0,"max_hp_loss":4.0,"gold_gain":0.0,"event_name":"Winding Halls","player_choice":"Max HP","floor":44.0,"gold_loss":0.0,"damage_taken":0.0}],"is_beta":false,"boss_relics":[{"not_picked":["Kintsugi","Ectoplasm"],"picked":"Runic Pyramid"},{"not_picked":["WristBlade","conspire:SeveredTorchhead"],"picked":"Fiend:Scarf"}],"items_purged_floors":[2,27],"is_endless":false,"potions_floor_spawned":[1,7,8,10,18,23,25,31,35,38,42],"killed_by":"conspire:OrnateMirror","ascension_level":17}}