{"host":"4iyx5awba3brsmhd","time":1611470228,"event":{"mods":["AchievementEnabler","Act Like it!","BaseMod","Better Match","Colored Powertips","Dark Map","Duelist Mod","Hallownest","Hero for Fun","Hubris","Infinite Spire","Magitek Elite","Marisa????????","Melee Mod","Minty Spire (QoL Compilation)","Quick Restart","Rare Cards Sparkle","Replay The Spire","Robot Space Explorer","Shade Mod","StSLib","SuperFastMode","The Blackbeard","The Blue Laboratory","The Bug Knight","The Cursed","The Necromancer","The Servant 0.9.4","TheWitcher"],"gold_per_floor":[15,15,15,28,28,28,59,59,59,59,88,108,108,136,136,232,232,246,246,256,268,268,268,300,300,300,225,225,225,245,265,265,373,373,395,413,437,437,492,528,555,595,618,663,683,683,683],"floor_reached":51,"language":"ENG","playtime":552,"items_purged":["Defend_Y"],"score":1136,"play_id":"ba5f3afe-9887-486d-b2f5-0b209cc4360c","local_time":"20210124013708","is_ascension_mode":true,"campfire_choices":[{"floor":6.0,"key":"RECALL"},{"data":"Defend_Y","floor":8.0,"key":"SMITH"},{"data":"Normal_Punch","floor":15.0,"key":"SMITH"},{"data":"Serious_Punch","floor":23.0,"key":"SMITH"},{"floor":25.0,"key":"REST"},{"data":"Strike_Y","floor":28.0,"key":"SMITH"},{"data":"Pot Of Greed","floor":32,"key":"SMITH"},{"data":"Pot Of Greed","floor":49,"key":"SMITH"}],"circlet_count":0,"master_deck":["Strike_Y","Strike_Y","Strike_Y","Strike_Y+1","Strike_Y","Defend_Y","Defend_Y","Defend_Y+1","Defend_Y","Normal_Punch+1","Slap","Slap","Slap","Serious_Punch+1","Slap+1","Slap","Slap","hubris:Greed","Slap","CommonCold","Thinking Ahead+1","Pot Of Greed+1","Slap","Toss_Stone","Yawn+1","Slap+1","Slap","Voices","Hop+1","Doubt"],"relics":["Cursed Key","Boot","Blue Doll","StoneCalendar","infinitespire:Cupcake","Grinning Jar","Garlic","Replay:Grab Bag","Coffee Dripper","ReplayTheSpireMod:DimensionalGlitch","Astrolabe","hubris:Teleporter","SnafuTest:BearRelic","Bag of Preparation","Potion Belt","Art of War"],"acts_visited":["Exordium","TheCity","TheBeyond"],"potions_floor_usage":[],"damage_taken":[{"damage":0.0,"enemies":"2 Louse","floor":1.0,"turns":1.0},{"damage":0.0,"enemies":"Jaw Worm","floor":4.0,"turns":1.0},{"damage":0.0,"enemies":"Lagavulin","floor":7.0,"turns":1.0},{"damage":0.0,"enemies":"3 Sentries","floor":11.0,"turns":2.0},{"damage":0.0,"enemies":"Cultist","floor":12.0,"turns":1.0},{"damage":0.0,"enemies":"Replay:BlueRogue","floor":14.0,"turns":1.0},{"damage":0.0,"enemies":"The Guardian","floor":16.0,"turns":1.0},{"damage":0.0,"enemies":"Spheric Guardian","floor":18.0,"turns":1.0},{"damage":0.0,"enemies":"3 Byrds","floor":20.0,"turns":1.0},{"damage":0.0,"enemies":"Shelled Parasite and Fungi","floor":21.0,"turns":1.0},{"damage":0.0,"enemies":"theDuelist:KaibaA2","floor":24.0,"turns":1.0},{"damage":0.0,"enemies":"Centurion and Healer","floor":30.0,"turns":1.0},{"damage":0,"enemies":"Sentry and Sphere","floor":31,"turns":1},{"damage":0,"enemies":"hubris:MusketHawk","floor":33,"turns":1},{"damage":0,"enemies":"3 Shapes","floor":35,"turns":1},{"damage":0,"enemies":"Orb Walker","floor":36,"turns":1},{"damage":0,"enemies":"4 Shapes","floor":37,"turns":1},{"damage":0,"enemies":"Mind Bloom Boss Battle","floor":39,"turns":1},{"damage":0,"enemies":"Reptomancer","floor":41,"turns":1},{"damage":0,"enemies":"Nightmare","floor":45,"turns":1},{"damage":0,"enemies":"Sphere and 2 Shapes","floor":46,"turns":1},{"damage":0,"enemies":"Jaw Worm Horde","floor":48,"turns":1},{"damage":0,"enemies":"Replay:Hell Engine","floor":50,"turns":1}],"seed_played":"8077041038945136363","potions_obtained":[{"floor":1.0,"key":"blueLaboratory:LouseDecoction"},{"floor":7.0,"key":"Cursed Concoction"},{"floor":11.0,"key":"Dexterity Potion"},{"floor":31,"key":"infinitespire:BlackPotion"},{"floor":33,"key":"Adrenaline Potion"}],"is_trial":false,"path_per_floor":["M","?","$","M","?","R","E","R","T","?","E","M","?","E","R","B",null,"M","?","M","M","?","R","E","R","T","$","R","AVR","M","M","R","B",null,"M","M","M","?","?","E","T","NM","M","T","M","R","B",null],"character_chosen":"OPM","items_purchased":[],"campfire_rested":1,"item_purchase_floors":[],"current_hp_per_floor":[899,899,899,899,899,899,899,899,899,899,899,899,899,899,899,899,974,974,974,974,974,974,974,974,999,999,999,999,999,999,999,999,999,999,999,999,999,999,999,999,999,999,999,999,999,999,999],"gold":683,"neow_bonus":"BOSS_RELIC","is_daily":false,"chose_seed":false,"campfire_upgraded":6,"win_rate":0.0,"timestamp":1611470228,"path_taken":["M","?","$","M","?","R","E","R","T","?","E","?","?","E","R","BOSS","M","?","M","M","?","R","E","R","T","$","R","AVR","M","M","R","BOSS","M","M","M","?","?","E","T","NM","M","?","?","R","BOSS"],"items_purchased_type":[],"build_version":"2020-12-22","purchased_purges":1,"victory":true,"max_hp_per_floor":[999,999,999,999,999,999,999,999,999,999,999,999,999,999,999,999,999,999,999,999,999,999,999,999,999,999,999,999,999,999,999,999,999,999,999,999,999,999,999,999,999,999,999,999,999,999,999],"card_choices":[{"not_picked":["Do_Nothing","Toss_Stone"],"picked":"Normal_Punch","floor":1.0},{"not_picked":["Hop","Side_Hop","Yawn"],"picked":"SKIP","floor":4.0},{"not_picked":["Yawn","Hip_Strike"],"picked":"Slap","floor":7.0},{"not_picked":["Ignore","Yawn","Terrifying_Presence"],"picked":"SKIP","floor":11.0},{"not_picked":["Normal_Punch","Do_Nothing"],"picked":"Slap","floor":12.0},{"not_picked":["Ignore","Side_Hop","Wear_Disguise"],"picked":"SKIP","floor":14.0},{"not_picked":["Hip_Strike","Get_Hopes_Up"],"picked":"Serious_Punch","floor":16.0},{"not_picked":["Yawn+1","Toss_Stone"],"picked":"Slap+1","floor":18.0},{"not_picked":["Ignore+1","Hop"],"picked":"Slap","floor":20.0},{"not_picked":["Hop","Oh","Side_Hop+1"],"picked":"SKIP","floor":21.0},{"not_picked":["Toss_Stone","Side_Hop"],"picked":"Slap","floor":24.0},{"not_picked":["Toss_Stone","Hop"],"picked":"Slap","floor":30},{"not_picked":["Hop","Yawn","Normal_Punch"],"picked":"SKIP","floor":31},{"not_picked":["Yawn+1","Hop+1"],"picked":"Slap","floor":35},{"not_picked":["Side_Hop","Hop"],"picked":"Toss_Stone","floor":36},{"not_picked":["Normal_Punch+1","Do_Nothing+1"],"picked":"Yawn+1","floor":37},{"not_picked":["Do_Nothing+1","Consecutive_Normal_Punch+1"],"picked":"Slap+1","floor":39},{"not_picked":["Ignore+1","Wear_Disguise"],"picked":"Slap","floor":41},{"not_picked":["Toss_Stone+1","Consecutive_Normal_Punch+1","Wear_Disguise"],"picked":"SKIP","floor":45},{"not_picked":["Consecutive_Normal_Punch","Slap+1"],"picked":"Hop+1","floor":46},{"not_picked":["Normal_Punch+1","Yawn","Do_Nothing"],"picked":"SKIP","floor":48}],"player_experience":435078,"relics_obtained":[{"floor":7.0,"key":"Boot"},{"floor":11.0,"key":"Blue Doll"},{"floor":14.0,"key":"StoneCalendar"},{"floor":24.0,"key":"Grinning Jar"},{"floor":26.0,"key":"Garlic"},{"floor":39,"key":"hubris:Teleporter"},{"floor":41,"key":"SnafuTest:BearRelic"},{"floor":43,"key":"Bag of Preparation"},{"floor":45,"key":"Potion Belt"},{"floor":47,"key":"Art of War"}],"event_choices":[{"damage_healed":0.0,"max_hp_gain":0.0,"max_hp_loss":0.0,"gold_gain":0.0,"event_name":"WeMeetAgain","player_choice":"Ignored","floor":10.0,"gold_loss":0.0,"damage_taken":0.0},{"damage_healed":0.0,"max_hp_gain":0.0,"max_hp_loss":0.0,"gold_gain":0.0,"event_name":"Ghosts","player_choice":"Ignored","floor":22.0,"gold_loss":0.0,"damage_taken":0.0},{"cards_removed":["theDuelist:OrbMetronome"],"damage_healed":0,"gold_gain":0,"player_choice":"Removed Skill","damage_taken":0,"max_hp_gain":0,"max_hp_loss":0,"event_name":"Falling","floor":38,"gold_loss":0},{"damage_healed":0,"gold_gain":0,"player_choice":"Fight","damage_taken":0,"max_hp_gain":0,"max_hp_loss":0,"event_name":"MindBloom","floor":39,"gold_loss":0}],"is_beta":false,"boss_relics":[{"not_picked":["Busted Crown","hubris:GrandSneckoEye"],"picked":"infinitespire:Cupcake"},{"not_picked":["Tiny House","hubris:RunicObelisk"],"picked":"Replay:Grab Bag"},{"not_picked":["Runic Dome","hubris:CrackedHourglass"],"picked":"Coffee Dripper"},{"not_picked":["Velvet Choker","hubris:VirtuousBlindfold"],"picked":"ReplayTheSpireMod:DimensionalGlitch"},{"not_picked":["hubris:BlackHole","Replay:Drink Me"],"picked":"Astrolabe"}],"items_purged_floors":[27],"is_endless":false,"potions_floor_spawned":[1,7,11,12,16,18,31,33,37,41,48],"ascension_level":6}}