{"host":"qfskrnw3pl1q86j0","time":1611446755,"event":{"mods":["BaseMod","Block Reminder","Hermit","Marisa????????","Minty Spire (QoL Compilation)","Quick Restart","Random Character Button","Relic Stats","StSLib","The Poker Player","slay the spire mod where everything is the same but ironclad has a cowboy hat"],"gold_per_floor":[20,37,37,90,110,110,140,140,140,163,185,39,39,74,74,187,214,233,148,148,148,48,83,83,94,94,107,124,124,93,112,112,216,216,239,251,64,77,77,77,87,87,87,117,74,85,101,101,101,101],"floor_reached":51,"language":"ENG","playtime":1302,"items_purged":["Strike_MRS","Defend_MRS"],"score":797,"play_id":"e7aa1437-a179-4300-a40f-ae5ae25c3291","local_time":"20210124010555","is_ascension_mode":false,"campfire_choices":[{"data":"MasterSpark","floor":6.0,"key":"SMITH"},{"data":"DC","floor":8.0,"key":"SMITH"},{"data":"GrandCross","floor":13.0,"key":"SMITH"},{"data":"OortCloud","floor":15.0,"key":"SMITH"},{"data":"MillisecondPulsars","floor":24.0,"key":"SMITH"},{"data":"CollectingQuirk","floor":29.0,"key":"SMITH"},{"data":"OortCloud","floor":32.0,"key":"SMITH"},{"data":"SporeBomb","floor":40,"key":"SMITH"},{"data":"Singularity","floor":42,"key":"SMITH"},{"data":"MilkyWay","floor":49,"key":"SMITH"}],"circlet_count":0,"master_deck":["MasterSpark+1","UpSweep","GrandCross+1","DC+1","OortCloud+1","GalacticHalo","OortCloud+1","Singularity+1","MillisecondPulsars+1","FairyDestructionRay+1","UltimateShortwave+1","PowerUp+1","SporeBomb+1","CollectingQuirk+1","ShootTheMoon","Acceleration+1","AsteroidBelt","MilkyWay+1"],"relics":["MiniHakkero","Akabeko","CeramicFish","HandmadeGrimoire","Pear","Astrolabe","Omamori","MutagenicStrength","Singing Bowl","Mummified Hand","Philosopher\u0027s Stone","Cauldron","Du-Vu Doll","Peace Pipe"],"acts_visited":["Exordium","TheCity","TheBeyond"],"potions_floor_usage":[50],"damage_taken":[{"damage":0.0,"enemies":"2 Louse","floor":1.0,"turns":2.0},{"damage":1.0,"enemies":"Jaw Worm","floor":2.0,"turns":3.0},{"damage":0.0,"enemies":"Small Slimes","floor":5.0,"turns":2.0},{"damage":0.0,"enemies":"Looter","floor":10.0,"turns":1.0},{"damage":0.0,"enemies":"Exordium Wildlife","floor":11.0,"turns":2.0},{"damage":9.0,"enemies":"3 Sentries","floor":14.0,"turns":4.0},{"damage":10.0,"enemies":"Hexaghost","floor":16.0,"turns":8.0},{"damage":4.0,"enemies":"Shell Parasite","floor":18.0,"turns":3.0},{"damage":16.0,"enemies":"Book of Stabbing","floor":23.0,"turns":4.0},{"damage":10.0,"enemies":"2 Thieves","floor":25.0,"turns":3.0},{"damage":0.0,"enemies":"Centurion and Healer","floor":27.0,"turns":2.0},{"damage":16.0,"enemies":"Shelled Parasite and Fungi","floor":28.0,"turns":3.0},{"damage":10.0,"enemies":"Cultist and Chosen","floor":31.0,"turns":2.0},{"damage":11.0,"enemies":"Automaton","floor":33.0,"turns":6.0},{"damage":10.0,"enemies":"3 Darklings","floor":35.0,"turns":3.0},{"damage":0.0,"enemies":"Orb Walker","floor":36.0,"turns":1.0},{"damage":15.0,"enemies":"Writhing Mass","floor":38.0,"turns":2.0},{"damage":0,"enemies":"Sphere and 2 Shapes","floor":41,"turns":3},{"damage":0,"enemies":"Reptomancer","floor":44,"turns":3},{"damage":0,"enemies":"3 Darklings","floor":46,"turns":2},{"damage":0,"enemies":"Jaw Worm Horde","floor":47,"turns":2},{"damage":41,"enemies":"Awakened One","floor":50,"turns":6}],"seed_played":"8709056041405948351","potions_obtained":[{"floor":5.0,"key":"Block Potion"},{"floor":10.0,"key":"LiquidMemories"},{"floor":14.0,"key":"FearPotion"},{"floor":16.0,"key":"GamblersBrew"},{"floor":23.0,"key":"Energy Potion"},{"floor":27.0,"key":"Strength Potion"},{"floor":31.0,"key":"DuplicationPotion"},{"floor":35.0,"key":"Energy Potion"},{"floor":37.0,"key":"CultistPotion"}],"is_trial":false,"path_per_floor":["M","M","?","T","M","R","?","R","T","M","M","$","R","E","R","B",null,"M","?","?","?","$","E","R","M","T","M","M","R","$","M","R","B",null,"M","M","$","M","?","R","M","R","T","E","$","M","M","$","R","B",null],"character_chosen":"MARISA","items_purchased":["OortCloud","ShootTheMoon","AsteroidBelt","Cauldron","MilkyWay"],"campfire_rested":0,"item_purchase_floors":[12,30,37,37,45],"current_hp_per_floor":[75,74,71,71,71,71,71,71,71,71,71,71,71,72,72,62,85,81,81,81,81,81,65,65,57,57,59,45,45,45,37,37,28,95,85,87,87,74,74,74,76,76,76,78,78,80,82,82,82,41],"gold":101,"neow_bonus":"REMOVE_TWO","is_daily":false,"chose_seed":false,"campfire_upgraded":10,"win_rate":0.0,"timestamp":1611446755,"path_taken":["M","M","?","?","?","R","?","R","T","M","M","$","R","E","R","BOSS","M","?","?","?","$","E","R","M","T","M","?","R","$","M","R","BOSS","M","?","$","M","?","R","M","R","T","E","$","M","?","$","R","BOSS"],"items_purchased_type":["Card","Card","Card","Relic","Card"],"build_version":"2020-12-22","purchased_purges":2,"victory":true,"max_hp_per_floor":[75,75,75,75,75,75,75,75,75,75,75,75,75,85,85,85,85,85,85,85,85,85,85,85,87,87,89,91,91,91,93,93,95,95,95,97,97,99,99,99,101,101,101,103,103,105,107,107,107,107],"relic_stats":{"Peace Pipe":0,"Singing Bowl":22,"counters":[22,67],"Mummified Hand":[47],"CeramicFish":126,"Astrolabe":["FairyDestructionRay","UltimateShortwave","PowerUp"],"obtain_stats":[{"Pear":14,"Singing Bowl":23,"CeramicFish":4,"Astrolabe":17,"Omamori":19,"Akabeko":3,"Du-Vu Doll":43,"Peace Pipe":44,"Cauldron":37,"Mummified Hand":26,"MutagenicStrength":21,"Philosopher\u0027s Stone":34,"HandmadeGrimoire":9,"MiniHakkero":0},{"Pear":6,"Singing Bowl":9,"CeramicFish":2,"Astrolabe":7,"Omamori":8,"Akabeko":2,"Du-Vu Doll":18,"Peace Pipe":19,"Cauldron":16,"Mummified Hand":10,"MutagenicStrength":8,"Philosopher\u0027s Stone":14,"HandmadeGrimoire":3,"MiniHakkero":0},{"Pear":14,"Singing Bowl":29,"CeramicFish":5,"Astrolabe":22,"Omamori":25,"Akabeko":5,"Du-Vu Doll":54,"Peace Pipe":57,"Cauldron":49,"Mummified Hand":32,"MutagenicStrength":25,"Philosopher\u0027s Stone":45,"HandmadeGrimoire":7,"MiniHakkero":0}]},"card_choices":[{"not_picked":["GalacticHalo","ChargeUpSpray"],"picked":"GrandCross","floor":1.0},{"not_picked":["UnstableBomb","RefractionSpark"],"picked":"DC","floor":2.0},{"not_picked":["6A","Singularity","GravityBeat"],"picked":"SKIP","floor":5.0},{"not_picked":["WitchLeyline","PowerUp"],"picked":"OortCloud","floor":10.0},{"not_picked":["GravityBeat","DragonMeteor"],"picked":"GalacticHalo","floor":11.0},{"not_picked":["DoubleSpark","PropBag"],"picked":"Singularity","floor":14.0},{"not_picked":["ManaRampage","SuperNova"],"picked":"MillisecondPulsars","floor":16.0},{"not_picked":["GravityBeat","DarkMatter"],"picked":"SporeBomb","floor":18.0},{"not_picked":["PowerUp","MysteriousBeam"],"picked":"CollectingQuirk","floor":23.0},{"not_picked":["MagicChant","MysteriousBeam","WitchOfGreed"],"picked":"Singing Bowl","floor":25.0},{"not_picked":["6A","ChargingUp+1","PropBag"],"picked":"Singing Bowl","floor":27.0},{"not_picked":["GrandCross+1","OneTimeOff+1","DarkSpark"],"picked":"Singing Bowl","floor":28.0},{"not_picked":["GravityBeat+1","NonDirectionalLaser","Robbery"],"picked":"Singing Bowl","floor":31.0},{"not_picked":["SuperNova","EscapeVelocity","BlazingStar"],"picked":"Singing Bowl","floor":33.0},{"not_picked":["PulseMagic+1","ShootingEcho"],"picked":"Acceleration+1","floor":35.0},{"not_picked":["GravityBeat","ShootingEcho","NonDirectionalLaser"],"picked":"Singing Bowl","floor":36.0},{"not_picked":["DragonMeteor+1","PowerUp","GravityBeat"],"picked":"Singing Bowl","floor":38.0},{"not_picked":["MagicAbsorber+1","Acceleration+1","SprinkleStarSeal"],"picked":"Singing Bowl","floor":41},{"not_picked":["SporeBomb+1","BlazeAway","DC+1"],"picked":"Singing Bowl","floor":44},{"not_picked":["BigCrunch","NonDirectionalLaser+1","IllusionStar"],"picked":"Singing Bowl","floor":46},{"not_picked":["EarthLightRay+1","6A+1","NonDirectionalLaser+1"],"picked":"Singing Bowl","floor":47}],"player_experience":999247,"relics_obtained":[{"floor":4.0,"key":"CeramicFish"},{"floor":9.0,"key":"HandmadeGrimoire"},{"floor":14.0,"key":"Pear"},{"floor":23.0,"key":"Singing Bowl"},{"floor":26.0,"key":"Mummified Hand"},{"floor":43,"key":"Du-Vu Doll"},{"floor":44,"key":"Peace Pipe"}],"event_choices":[{"damage_healed":0.0,"max_hp_gain":0.0,"max_hp_loss":0.0,"gold_gain":0.0,"event_name":"Scrap Ooze","player_choice":"Success","floor":3.0,"gold_loss":0.0,"damage_taken":3.0,"relics_obtained":["Akabeko"]},{"damage_healed":0.0,"max_hp_gain":0.0,"max_hp_loss":0.0,"gold_gain":30.0,"event_name":"Dead Adventurer","player_choice":"Searched \u00271\u0027 times","floor":7.0,"gold_loss":0.0,"damage_taken":0.0},{"damage_healed":0.0,"max_hp_gain":0.0,"max_hp_loss":0.0,"gold_gain":0.0,"event_name":"Addict","player_choice":"Obtained Relic","floor":19.0,"gold_loss":85.0,"damage_taken":0.0,"relics_obtained":["Omamori"]},{"cards_removed":["Defend_MRS"],"damage_healed":0.0,"max_hp_gain":0.0,"max_hp_loss":0.0,"gold_gain":0.0,"event_name":"Back to Basics","player_choice":"Elegance","floor":20.0,"gold_loss":0.0,"damage_taken":0.0},{"damage_healed":0.0,"max_hp_gain":0.0,"max_hp_loss":0.0,"gold_gain":0.0,"event_name":"Drug Dealer","player_choice":"Inject Mutagens","floor":21.0,"gold_loss":0.0,"damage_taken":0.0,"relics_obtained":["MutagenicStrength"]},{"damage_healed":0,"gold_gain":0,"player_choice":"Ignored","damage_taken":0,"max_hp_gain":0,"max_hp_loss":0,"event_name":"Transmorgrifier","floor":39,"gold_loss":0}],"is_beta":false,"boss_relics":[{"not_picked":["Black Star","Snecko Eye"],"picked":"Astrolabe"},{"not_picked":["Runic Pyramid","ExperimentalFamiliar"],"picked":"Philosopher\u0027s Stone"}],"items_purged_floors":[12,22],"is_endless":false,"potions_floor_spawned":[5,10,14,16,23,27,31,35,38,41,47],"ascension_level":0}}