{"host":"xp5rvh2jwe2ejyfm","time":1611531133,"event":{"mods":["BaseMod","Downfall","Duelist Mod","GifTheSpireLib","Gremlin Mod","Hermit","Hubris","Minty Spire (QoL Compilation)","Robot Space Explorer","StSLib","The Blackbeard","The Clintock","The Construct","The Cursed","The Disciple","The Forsaken","The Hierophant","The Necromancer","The Runesmith","The Servant 0.9.4"],"gold_per_floor":[114,127,127,138,152,152,185,202,225,252,135,135,153,173,173,278,278,297,105,115,130,130,164,164,175,200,200,233,233,259,278,278,376,376,395,406,42,57,74,99,99,99,99,133,145,161,161,161],"floor_reached":47,"language":"ENG","playtime":1674,"items_purged":[],"score":566,"play_id":"15d67f49-1f59-43a2-866d-47ccaad3dfd5","local_time":"20210124183213","is_ascension_mode":false,"campfire_choices":[{"data":"RobotSpaceExplorer:StarDust","floor":6,"key":"SMITH"},{"floor":12,"key":"REST"},{"data":"RobotSpaceExplorer:PlasmaMissile","floor":15,"key":"SMITH"},{"floor":24,"key":"RECALL"},{"floor":32,"key":"REST"},{"floor":41,"key":"REST"}],"circlet_count":0,"master_deck":["RobotSpaceExplorer:Strike","RobotSpaceExplorer:Strike+1","RobotSpaceExplorer:Strike","RobotSpaceExplorer:Strike","RobotSpaceExplorer:Defend","RobotSpaceExplorer:Defend","RobotSpaceExplorer:Defend","RobotSpaceExplorer:Defend","RobotSpaceExplorer:Scan","RobotSpaceExplorer:MiniLasers","RobotSpaceExplorer:PlasmaMissile+1","RobotSpaceExplorer:StarLightning+1","theForsaken:PlagueCurse","RobotSpaceExplorer:StunGrenade","RobotSpaceExplorer:StarDust+1","RobotSpaceExplorer:StarLightning","RobotSpaceExplorer:DoubleBlock","RobotSpaceExplorer:FreezeRay","RobotSpaceExplorer:IronShell","RobotSpaceExplorer:LaserBurst","RobotSpaceExplorer:GlueShot","RobotSpaceExplorer:PowerCollector","RobotSpaceExplorer:TrailblazerForm","RobotSpaceExplorer:ScrapToss+1","RobotSpaceExplorer:BigMissile","RobotSpaceExplorer:Pulsar","RobotSpaceExplorer:FrostMissile+1","RobotSpaceExplorer:PowerGlove+1","RobotSpaceExplorer:StarLightning","Necronomicurse","RobotSpaceExplorer:MetalStrike","RobotSpaceExplorer:MiniDrones","RobotSpaceExplorer:PowerGlove+1","RobotSpaceExplorer:DroneSwarm","RobotSpaceExplorer:MiniDrones+1","RobotSpaceExplorer:Probe","RobotSpaceExplorer:FreezeRay","RobotSpaceExplorer:IronShell","RobotSpaceExplorer:FrostMissile","RobotSpaceExplorer:Fix","RobotSpaceExplorer:MiniDrones","RobotSpaceExplorer:PlasmaMissile+1","RobotSpaceExplorer:StunGrenade","RobotSpaceExplorer:PowerGlove+1"],"relics":["RobotSpaceExplorer:RoboCore","theForsaken:Lifeblossom","theForsaken:PlagueMask","Akabeko","Blood Vial","Bottled Flame","Fusion Hammer","Whetstone","hubris:Icosahedron","hubris:TinFlute","Necronomicon","Red Mask","MutagenicStrength","Mango","construct:WeddingRing","Gremlin Horn","hubris:GlazedTorus","Regal Pillow","StoneCalendar"],"acts_visited":["Exordium","TheCity","TheBeyond"],"potions_floor_usage":[10,16,23,33,35,40,44,45],"damage_taken":[{"damage":0,"enemies":"2 Louse","floor":1,"turns":4},{"damage":0,"enemies":"Small Slimes","floor":2,"turns":3},{"damage":3,"enemies":"Jaw Worm","floor":4,"turns":3},{"damage":3,"enemies":"3 Louse","floor":5,"turns":3},{"damage":31,"enemies":"3 Sentries","floor":7,"turns":6},{"damage":17,"enemies":"Lots of Slimes","floor":8,"turns":4},{"damage":24,"enemies":"Lagavulin","floor":10,"turns":5},{"damage":4,"enemies":"Blue Slaver","floor":13,"turns":2},{"damage":0,"enemies":"Large Slime","floor":14,"turns":4},{"damage":38,"enemies":"Slime Boss","floor":16,"turns":9},{"damage":0,"enemies":"Spheric Guardian","floor":18,"turns":3},{"damage":5,"enemies":"Chosen","floor":20,"turns":3},{"damage":28,"enemies":"Shelled Parasite and Fungi","floor":21,"turns":4},{"damage":9,"enemies":"theDuelist:KaibaA2","floor":23,"turns":4},{"damage":10,"enemies":"Chosen and Byrds","floor":25,"turns":5},{"damage":4,"enemies":"Masked Bandits","floor":28,"turns":3},{"damage":14,"enemies":"Slavers","floor":30,"turns":3},{"damage":3,"enemies":"Cultist and Chosen","floor":31,"turns":3},{"damage":69,"enemies":"Champ","floor":33,"turns":7},{"damage":38,"enemies":"3 Darklings","floor":35,"turns":6},{"damage":7,"enemies":"3 Shapes","floor":36,"turns":3},{"damage":3,"enemies":"Transient","floor":38,"turns":5},{"damage":31,"enemies":"4 Shapes","floor":39,"turns":3},{"damage":27,"enemies":"Nemesis","floor":40,"turns":3},{"damage":28,"enemies":"Giant Head","floor":44,"turns":6},{"damage":17,"enemies":"Jaw Worm Horde","floor":45,"turns":3},{"damage":18,"enemies":"Writhing Mass","floor":46,"turns":5},{"damage":29,"enemies":"Spire Growth","floor":47,"turns":2}],"seed_played":"1312739001929753348","potions_obtained":[{"floor":1,"key":"RobotSpaceExplorer:RecyclePotion"},{"floor":7,"key":"BlessingOfTheForge"},{"floor":10,"key":"Fire Potion"},{"floor":16,"key":"SteroidPotion"},{"floor":20,"key":"BlessingOfTheForge"},{"floor":31,"key":"Weak Potion"},{"floor":33,"key":"AttackPotion"},{"floor":35,"key":"GamblersBrew"},{"floor":38,"key":"DistilledChaos"},{"floor":44,"key":"PowerPotion"}],"is_trial":false,"path_per_floor":["M","M","?","M","M","R","E","M","T","E","$","R","M","M","R","B",null,"M","$","M","M","?","E","R","M","T","?","?","?","E","M","R","B",null,"M","M","$","M","M","E","R","?","T","E","M","M","M"],"character_chosen":"RobotSpaceExplorer","items_purchased":["RobotSpaceExplorer:IronShell","RobotSpaceExplorer:LaserBurst","RobotSpaceExplorer:BigMissile","Whetstone","RobotSpaceExplorer:FreezeRay","Gremlin Horn","RobotSpaceExplorer:IronShell"],"campfire_rested":3,"item_purchase_floors":[11,11,19,19,37,37,37],"current_hp_per_floor":[75,75,75,75,74,74,47,36,36,20,20,42,43,51,51,21,75,75,75,73,50,50,49,49,47,47,31,35,35,42,46,72,11,89,54,55,55,60,37,17,43,43,43,23,13,7,0,0],"gold":161,"neow_bonus":"RANDOM_COMMON_RELIC","is_daily":false,"chose_seed":false,"campfire_upgraded":2,"win_rate":0.0,"timestamp":1611531133,"path_taken":["M","M","?","M","M","R","E","M","T","E","$","R","M","M","R","BOSS","M","$","M","M","?","E","R","M","T","?","?","?","E","M","R","BOSS","M","M","$","M","M","E","R","?","T","E","M","M","M"],"items_purchased_type":["Card","Card","Card","Relic","Card","Relic","Card"],"build_version":"2020-12-22","purchased_purges":0,"victory":false,"max_hp_per_floor":[75,75,75,75,75,75,75,75,75,75,75,75,75,75,75,75,75,75,75,75,75,75,75,75,75,75,75,75,75,89,89,89,89,89,89,89,89,89,89,89,89,89,89,89,89,89,89,89],"card_choices":[{"not_picked":["RobotSpaceExplorer:SurgingStrike","RobotSpaceExplorer:MiniDrones"],"picked":"RobotSpaceExplorer:PlasmaMissile","floor":1},{"not_picked":["RobotSpaceExplorer:GlueSpray","RobotSpaceExplorer:GearShield"],"picked":"RobotSpaceExplorer:StarLightning","floor":2},{"not_picked":["RobotSpaceExplorer:ToxicBomb","RobotSpaceExplorer:MakeshiftVolley"],"picked":"RobotSpaceExplorer:StunGrenade","floor":4},{"not_picked":["RobotSpaceExplorer:FranticSearch","RobotSpaceExplorer:ShovelStrike"],"picked":"RobotSpaceExplorer:StarDust","floor":5},{"not_picked":["RobotSpaceExplorer:Asteroid","RobotSpaceExplorer:ImprovisedAttack"],"picked":"RobotSpaceExplorer:StarLightning","floor":7},{"not_picked":["RobotSpaceExplorer:Counterblock","RobotSpaceExplorer:SurgingStrike"],"picked":"RobotSpaceExplorer:DoubleBlock","floor":8},{"not_picked":["RobotSpaceExplorer:ShovelStrike","RobotSpaceExplorer:MakeshiftVolley"],"picked":"RobotSpaceExplorer:FreezeRay","floor":10},{"not_picked":["RobotSpaceExplorer:ShovelStrike","RobotSpaceExplorer:Jetpack"],"picked":"RobotSpaceExplorer:GlueShot","floor":13},{"not_picked":["RobotSpaceExplorer:Electropulse","RobotSpaceExplorer:Ammunition"],"picked":"RobotSpaceExplorer:PowerCollector","floor":14},{"not_picked":["RobotSpaceExplorer:Accelerator","RobotSpaceExplorer:Autoloader"],"picked":"RobotSpaceExplorer:TrailblazerForm","floor":16},{"not_picked":["RobotSpaceExplorer:ToxicBomb","RobotSpaceExplorer:SlimeMissile"],"picked":"RobotSpaceExplorer:ScrapToss+1","floor":18},{"not_picked":["RobotSpaceExplorer:SelfCleaning+1","RobotSpaceExplorer:Probe"],"picked":"RobotSpaceExplorer:Pulsar","floor":20},{"not_picked":["RobotSpaceExplorer:ScrapMissile","RobotSpaceExplorer:ShockKick"],"picked":"RobotSpaceExplorer:FrostMissile+1","floor":21},{"not_picked":["RobotSpaceExplorer:MiniDrones","RobotSpaceExplorer:MetalStrike"],"picked":"RobotSpaceExplorer:PowerGlove+1","floor":23},{"not_picked":["RobotSpaceExplorer:Scanner","RobotSpaceExplorer:SurgingShield+1"],"picked":"RobotSpaceExplorer:StarLightning","floor":25},{"not_picked":["RobotSpaceExplorer:ScrapShield","RobotSpaceExplorer:Electroshield+1"],"picked":"RobotSpaceExplorer:MetalStrike","floor":28},{"not_picked":["RobotSpaceExplorer:SurgingShield","RobotSpaceExplorer:JunkDive"],"picked":"RobotSpaceExplorer:MiniDrones","floor":30},{"not_picked":["RobotSpaceExplorer:Pulsar","RobotSpaceExplorer:MakeshiftVolley"],"picked":"RobotSpaceExplorer:PowerGlove+1","floor":31},{"not_picked":["RobotSpaceExplorer:Comet","RobotSpaceExplorer:Arsenal"],"picked":"RobotSpaceExplorer:DroneSwarm","floor":33},{"not_picked":["RobotSpaceExplorer:ShovelStrike+1","RobotSpaceExplorer:ImprovisedAttack"],"picked":"RobotSpaceExplorer:MiniDrones+1","floor":35},{"not_picked":["RobotSpaceExplorer:ExhaustFan+1","RobotSpaceExplorer:ImprovisedAttack+1"],"picked":"RobotSpaceExplorer:Probe","floor":36},{"not_picked":["RobotSpaceExplorer:ShockKick","RobotSpaceExplorer:Probe"],"picked":"RobotSpaceExplorer:FrostMissile","floor":38},{"not_picked":["RobotSpaceExplorer:Counterblock+1","RobotSpaceExplorer:ShockMissile"],"picked":"RobotSpaceExplorer:Fix","floor":39},{"not_picked":["RobotSpaceExplorer:Blitz+1","RobotSpaceExplorer:ToxicBomb"],"picked":"RobotSpaceExplorer:MiniDrones","floor":40},{"not_picked":["RobotSpaceExplorer:MetalStrike+1","RobotSpaceExplorer:Probe"],"picked":"RobotSpaceExplorer:PlasmaMissile+1","floor":44},{"not_picked":["RobotSpaceExplorer:ScrapMissile+1","RobotSpaceExplorer:DoubleBlock+1"],"picked":"RobotSpaceExplorer:StunGrenade","floor":45},{"not_picked":["RobotSpaceExplorer:Ammunition","RobotSpaceExplorer:ImprovisedAttack+1"],"picked":"RobotSpaceExplorer:PowerGlove+1","floor":46}],"player_experience":315085,"relics_obtained":[{"floor":7,"key":"Akabeko"},{"floor":9,"key":"Blood Vial"},{"floor":10,"key":"Bottled Flame"},{"floor":23,"key":"hubris:TinFlute"},{"floor":27,"key":"Necronomicon"},{"floor":28,"key":"Red Mask"},{"floor":30,"key":"Mango"},{"floor":40,"key":"hubris:GlazedTorus"},{"floor":43,"key":"Regal Pillow"},{"floor":44,"key":"StoneCalendar"}],"event_choices":[{"damage_healed":0,"gold_gain":0,"player_choice":"Obtain Plague Curse","damage_taken":0,"max_hp_gain":0,"max_hp_loss":0,"event_name":"Plague Doctor","floor":3,"gold_loss":0,"cards_obtained":["theForsaken:PlagueCurse"]},{"damage_healed":0,"gold_gain":0,"player_choice":"Obtained Book","damage_taken":16,"max_hp_gain":0,"max_hp_loss":0,"event_name":"Cursed Tome","floor":27,"gold_loss":0},{"damage_healed":0,"gold_gain":0,"player_choice":"Fought Bandits","damage_taken":0,"max_hp_gain":0,"max_hp_loss":0,"event_name":"Masked Bandits","floor":28,"gold_loss":0},{"damage_healed":0,"gold_gain":0,"player_choice":"Inject Mutagens","damage_taken":0,"relics_obtained":["MutagenicStrength"],"max_hp_gain":0,"max_hp_loss":0,"event_name":"Drug Dealer","floor":29,"gold_loss":0}],"is_beta":false,"boss_relics":[{"not_picked":["SacredBark","hubris:BlackHole"],"picked":"Fusion Hammer"},{"not_picked":["Calling Bell","Runesmith:UraniumAnvil"],"picked":"construct:WeddingRing"}],"items_purged_floors":[],"is_endless":false,"potions_floor_spawned":[1,7,10,16,20,21,31,33,35,36,38,44],"killed_by":"Spire Growth","ascension_level":0}}