{"host":"zhec3g4cvsmevugl","time":1611503746,"event":{"mods":["BaseMod","BetterRewards","Minty Spire (QoL Compilation)","Relic Stats","Slay-I","StSLib"],"gold_per_floor":[114,130,130,141,141,180,180,213,213,236,276,31,56,89,89,215,215,235,235,235,250,273,314,314,314,338,354,354,120,120,139,139,258,258,272,297,297,297,317,317,361,361,361,381,402,402,402,423,423,423],"floor_reached":51,"language":"ENG","playtime":2756,"items_purged":["Injury"],"score":923,"play_id":"25f40ed1-f834-49fa-bf8d-4fde753e7f93","local_time":"20210124235546","is_ascension_mode":true,"campfire_choices":[{"data":"Choke","floor":7,"key":"SMITH"},{"floor":15,"key":"REST"},{"floor":32,"key":"REST"},{"data":"Apotheosis","floor":40,"key":"SMITH"},{"data":"Accuracy","floor":47,"key":"SMITH"},{"floor":49,"key":"REST"}],"circlet_count":0,"master_deck":["Strike_G+1","Strike_G+1","Strike_G+1","Strike_G+1","Strike_G+1","Defend_G+1","Defend_G+1","Defend_G+1","Defend_G+1","Survivor","Neutralize","Blade Dance","Choke+1","Backstab","Malaise","Blur","Cloak And Dagger","Blur","Blade Dance","Apotheosis+1","Cloak And Dagger","Accuracy+1","A Thousand Cuts","Blade Dance+1","Cloak And Dagger","Endless Agony+1","PiercingWail","Deflect+1","Concentrate+1","Wraith Form v2","PiercingWail","Endless Agony+1","Masterful Stab","Acrobatics","All Out Attack+1","Envenom","Dagger Throw","Infinite Blades","Quick Slash+1","Choke","Madness","Madness","Acrobatics+1","Slice+1","Quick Slash","PiercingWail","Blade Dance+1","Escape Plan+1","Dodge and Roll+1"],"relics":["SlaversCollar","FaceOfCleric","Golden Idol","Prayer Wheel","The Specimen","TungstenRod","Bronze Scales","Odd Mushroom","Sundial","WristBlade","Snake Skull","Lantern","Nunchaku","InkBottle","Philosopher\u0027s Stone","CaptainsWheel","Smiling Mask"],"acts_visited":["Exordium","TheCity","TheBeyond"],"potions_floor_usage":[11,13,44,48],"damage_taken":[{"damage":0,"enemies":"Small Slimes","floor":1,"turns":3},{"damage":0,"enemies":"Cultist","floor":2,"turns":4},{"damage":2,"enemies":"Jaw Worm","floor":4,"turns":3},{"damage":17,"enemies":"Gremlin Nob","floor":6,"turns":4},{"damage":21,"enemies":"3 Sentries","floor":8,"turns":9},{"damage":3,"enemies":"Exordium Wildlife","floor":10,"turns":4},{"damage":9,"enemies":"Gremlin Nob","floor":11,"turns":5},{"damage":4,"enemies":"The Mushroom Lair","floor":13,"turns":3},{"damage":10,"enemies":"3 Sentries","floor":14,"turns":6},{"damage":0,"enemies":"Slime Boss","floor":16,"turns":4},{"damage":25,"enemies":"Shell Parasite","floor":18,"turns":5},{"damage":0,"enemies":"Spheric Guardian","floor":21,"turns":1},{"damage":0,"enemies":"3 Cultists","floor":22,"turns":4},{"damage":11,"enemies":"Book of Stabbing","floor":23,"turns":4},{"damage":0,"enemies":"Snecko","floor":27,"turns":4},{"damage":0,"enemies":"Shelled Parasite and Fungi","floor":31,"turns":3},{"damage":34,"enemies":"Champ","floor":33,"turns":8},{"damage":9,"enemies":"Orb Walker","floor":35,"turns":3},{"damage":0,"enemies":"3 Shapes","floor":36,"turns":2},{"damage":0,"enemies":"Maw","floor":39,"turns":5},{"damage":22,"enemies":"Giant Head","floor":41,"turns":6},{"damage":5,"enemies":"Jaw Worm Horde","floor":44,"turns":3},{"damage":0,"enemies":"4 Shapes","floor":45,"turns":3},{"damage":11,"enemies":"Transient","floor":48,"turns":5},{"damage":32,"enemies":"Donu and Deca","floor":50,"turns":5}],"seed_played":"7929543410274365382","potions_obtained":[{"floor":6,"key":"Regen Potion"},{"floor":8,"key":"Explosive Potion"},{"floor":11,"key":"SpeedPotion"},{"floor":13,"key":"SpeedPotion"},{"floor":16,"key":"LiquidBronze"},{"floor":20,"key":"DuplicationPotion"},{"floor":20,"key":"LiquidBronze"},{"floor":33,"key":"SkillPotion"},{"floor":45,"key":"CunningPotion"}],"is_trial":false,"path_per_floor":["M","M","?","M","?","E","R","E","T","M","E","$","?","E","R","B",null,"M","?","?","M","M","E","?","?","T","M","?","$","?","M","R","B",null,"M","M","?","?","M","R","E","?","T","M","M","?","R","M","R","B",null],"character_chosen":"THE_SILENT","items_purchased":["Apotheosis","Nunchaku","Masterful Stab"],"campfire_rested":3,"item_purchase_floors":[12,29,29],"current_hp_per_floor":[70,70,70,69,69,53,53,33,33,31,37,37,34,25,48,49,78,54,54,54,55,56,46,46,46,46,47,47,47,47,48,73,40,85,77,78,68,68,69,69,48,48,48,44,45,45,45,35,62,31],"gold":423,"neow_bonus":"BOSS_RELIC","is_daily":false,"chose_seed":false,"campfire_upgraded":3,"win_rate":0.0,"timestamp":1611503746,"path_taken":["M","M","?","?","?","E","R","E","T","M","E","$","?","E","R","BOSS","M","?","?","?","M","E","?","?","T","M","?","$","?","M","R","BOSS","M","M","?","?","?","R","E","?","T","M","M","?","R","M","R","BOSS"],"items_purchased_type":["Card","Relic","Card"],"build_version":"2020-12-22","purchased_purges":1,"victory":true,"max_hp_per_floor":[70,70,70,71,71,72,72,73,73,74,75,75,76,77,77,78,78,79,79,79,80,81,82,82,82,82,83,83,83,83,84,84,85,85,86,87,87,87,88,88,89,89,89,90,91,91,91,92,92,93],"relic_stats":{"Nunchaku":[18],"FaceOfCleric":23,"counters":[25,106],"Golden Idol":174,"Sundial":[0],"Bronze Scales":[162],"Prayer Wheel":12,"Snake Skull":[83],"Smiling Mask":0,"obtain_stats":[{"Lantern":26,"The Specimen":8,"Golden Idol":5,"Snake Skull":23,"Odd Mushroom":13,"Smiling Mask":43,"SlaversCollar":0,"Nunchaku":29,"CaptainsWheel":41,"FaceOfCleric":3,"WristBlade":17,"Sundial":14,"Bronze Scales":11,"Prayer Wheel":6,"Philosopher\u0027s Stone":34,"TungstenRod":9,"InkBottle":30,"Ring of the Snake":0},{"Lantern":14,"The Specimen":5,"Golden Idol":3,"Snake Skull":14,"Odd Mushroom":8,"Smiling Mask":21,"SlaversCollar":0,"Nunchaku":15,"CaptainsWheel":21,"FaceOfCleric":2,"WristBlade":10,"Sundial":9,"Bronze Scales":7,"Prayer Wheel":4,"Philosopher\u0027s Stone":17,"TungstenRod":5,"InkBottle":15,"Ring of the Snake":0},{"Lantern":59,"The Specimen":23,"Golden Idol":10,"Snake Skull":59,"Odd Mushroom":35,"Smiling Mask":90,"SlaversCollar":0,"Nunchaku":63,"CaptainsWheel":90,"FaceOfCleric":7,"WristBlade":45,"Sundial":41,"Bronze Scales":32,"Prayer Wheel":14,"Philosopher\u0027s Stone":74,"TungstenRod":23,"InkBottle":63,"Ring of the Snake":0}],"TungstenRod":30,"InkBottle":[32]},"card_choices":[{"not_picked":["Cloak And Dagger","Acrobatics"],"picked":"Blade Dance","floor":1},{"not_picked":["Sucker Punch","Deadly Poison"],"picked":"Choke","floor":2},{"not_picked":["Dagger Throw","Predator"],"picked":"Backstab","floor":4},{"not_picked":["Heel Hook","Acrobatics"],"picked":"Malaise","floor":6},{"not_picked":["Dodge and Roll","Dagger Spray"],"picked":"Blur","floor":8},{"not_picked":["Quick Slash","Footwork"],"picked":"Cloak And Dagger","floor":10},{"not_picked":["Sucker Punch","Poisoned Stab"],"picked":"Blur","floor":10},{"not_picked":["Bane","Dodge and Roll"],"picked":"Blade Dance","floor":11},{"not_picked":["Poisoned Stab","Dodge and Roll"],"picked":"Cloak And Dagger","floor":13},{"not_picked":["Grand Finale","Deflect"],"picked":"Accuracy","floor":14},{"not_picked":["Unload","Storm of Steel"],"picked":"A Thousand Cuts","floor":16},{"not_picked":["Outmaneuver","Prepared"],"picked":"Blade Dance+1","floor":18},{"not_picked":["Backflip+1","Bane"],"picked":"Cloak And Dagger","floor":18},{"not_picked":["Deadly Poison","Corpse Explosion"],"picked":"Endless Agony+1","floor":21},{"not_picked":["All Out Attack","Underhanded Strike"],"picked":"PiercingWail","floor":21},{"not_picked":["Cloak And Dagger","Footwork+1"],"picked":"Deflect+1","floor":22},{"not_picked":["Deflect","Cloak And Dagger"],"picked":"Concentrate+1","floor":22},{"not_picked":["Deflect+1","Prepared+1"],"picked":"Wraith Form v2","floor":23},{"not_picked":["Dodge and Roll","Prepared"],"picked":"PiercingWail","floor":27},{"not_picked":["PiercingWail+1","Backstab"],"picked":"Endless Agony+1","floor":27},{"not_picked":["Flying Knee","Cloak And Dagger"],"picked":"Acrobatics","floor":31},{"not_picked":["Deflect","A Thousand Cuts"],"picked":"All Out Attack+1","floor":31},{"not_picked":["Grand Finale","A Thousand Cuts"],"picked":"Envenom","floor":33},{"not_picked":["Tactician","Deadly Poison+1"],"picked":"Dagger Throw","floor":35},{"not_picked":["Leg Sweep","Outmaneuver+1"],"picked":"Infinite Blades","floor":35},{"not_picked":["Heel Hook+1","Cloak And Dagger+1"],"picked":"Quick Slash+1","floor":36},{"not_picked":["Malaise","Poisoned Stab"],"picked":"Choke","floor":36},{"not_picked":["Slice+1","Blade Dance"],"picked":"Acrobatics+1","floor":39},{"not_picked":["Expertise+1","Dagger Throw+1"],"picked":"Slice+1","floor":39},{"not_picked":["Tactician","Backflip"],"picked":"Quick Slash","floor":41},{"not_picked":["Bane+1","Quick Slash"],"picked":"PiercingWail","floor":44},{"not_picked":["Crippling Poison+1","Heel Hook","Malaise"],"picked":"SKIP","floor":44},{"not_picked":["Deflect+1","Leg Sweep+1"],"picked":"Blade Dance+1","floor":45},{"not_picked":["Heel Hook+1","Prepared","Cloak And Dagger+1"],"picked":"SKIP","floor":45},{"not_picked":["Dodge and Roll","Outmaneuver"],"picked":"Escape Plan+1","floor":48},{"not_picked":["Bouncing Flask","Acrobatics"],"picked":"Dodge and Roll+1","floor":48}],"player_experience":224204,"relics_obtained":[{"floor":6,"key":"Prayer Wheel"},{"floor":8,"key":"The Specimen"},{"floor":9,"key":"TungstenRod"},{"floor":11,"key":"Bronze Scales"},{"floor":13,"key":"Odd Mushroom"},{"floor":14,"key":"Sundial"},{"floor":23,"key":"Snake Skull"},{"floor":26,"key":"Lantern"},{"floor":41,"key":"CaptainsWheel"},{"floor":43,"key":"Smiling Mask"}],"event_choices":[{"damage_healed":0,"gold_gain":0,"player_choice":"Trade","damage_taken":0,"relics_obtained":["FaceOfCleric"],"max_hp_gain":0,"max_hp_loss":0,"event_name":"FaceTrader","floor":3,"gold_loss":0},{"damage_healed":0,"gold_gain":0,"player_choice":"Take Wound","damage_taken":0,"relics_obtained":["Golden Idol"],"max_hp_gain":0,"max_hp_loss":0,"event_name":"Golden Idol","floor":5,"gold_loss":0,"cards_obtained":["Injury"]},{"damage_healed":0,"gold_gain":0,"player_choice":"Fought Mushrooms","damage_taken":0,"max_hp_gain":0,"max_hp_loss":0,"event_name":"Mushrooms","floor":13,"gold_loss":0},{"damage_healed":0,"gold_gain":0,"player_choice":"Simplicity","damage_taken":0,"max_hp_gain":0,"max_hp_loss":0,"event_name":"Back to Basics","floor":19,"gold_loss":0,"cards_upgraded":["Strike_G","Strike_G","Strike_G","Strike_G","Strike_G","Defend_G","Defend_G","Defend_G","Defend_G","Defend_G"]},{"damage_healed":0,"gold_gain":0,"player_choice":"Got Potions","damage_taken":0,"max_hp_gain":0,"max_hp_loss":0,"event_name":"Lab","floor":20,"gold_loss":0},{"damage_healed":0,"gold_gain":0,"player_choice":"Ignored","damage_taken":0,"max_hp_gain":0,"max_hp_loss":0,"event_name":"Beggar","floor":24,"gold_loss":0},{"damage_healed":0,"gold_gain":0,"player_choice":"Ignored","damage_taken":0,"max_hp_gain":0,"max_hp_loss":0,"event_name":"Ghosts","floor":25,"gold_loss":0},{"damage_healed":0,"gold_gain":0,"player_choice":"Ignored","damage_taken":0,"max_hp_gain":0,"max_hp_loss":0,"event_name":"Vampires","floor":28,"gold_loss":0},{"damage_healed":0,"gold_gain":0,"player_choice":"Opened","damage_taken":0,"relics_obtained":["InkBottle"],"max_hp_gain":0,"max_hp_loss":0,"event_name":"The Mausoleum","floor":30,"gold_loss":0},{"damage_healed":0,"gold_gain":0,"player_choice":"Embrace Madness","damage_taken":11,"max_hp_gain":0,"max_hp_loss":0,"event_name":"Winding Halls","floor":37,"gold_loss":0,"cards_obtained":["Madness","Madness"]},{"damage_healed":0,"gold_gain":0,"player_choice":"Ignored","damage_taken":0,"max_hp_gain":0,"max_hp_loss":0,"event_name":"The Moai Head","floor":38,"gold_loss":0},{"damage_healed":0,"gold_gain":0,"player_choice":"Ignored","damage_taken":0,"max_hp_gain":0,"max_hp_loss":0,"event_name":"Tomb of Lord Red Mask","floor":42,"gold_loss":0},{"cards_removed":["Defend_G"],"damage_healed":0,"gold_gain":0,"player_choice":"Removed Skill","damage_taken":0,"max_hp_gain":0,"max_hp_loss":0,"event_name":"Falling","floor":46,"gold_loss":0}],"is_beta":false,"boss_relics":[{"not_picked":["HoveringKite","Sozu"],"picked":"WristBlade"},{"not_picked":["Black Star","Empty Cage"],"picked":"Philosopher\u0027s Stone"}],"items_purged_floors":[12],"is_endless":false,"potions_floor_spawned":[6,8,11,13,16,21,23,33,41,44,45],"ascension_level":2}}