{"host":"jbj9vjxoxc0v9q6j","time":1611460738,"event":{"mods":["BaseMod","Downfall","Hermit","Infinite Spire","Jorbs\u0027s Wanderer Trilogy","Minty Spire (QoL Compilation)","Replay The Spire","Shop Mod","StSLib","The Disciple","The Runesmith","The Senshi","The Servant 0.9.4"],"gold_per_floor":[114,114,132,146,156,156,189,189,189,208,224,224,224,34,34,138,138,154,154,172,183,282,282,300,320,320,320,470,470,531,124,124,134,134],"floor_reached":33,"language":"ENG","playtime":3390,"items_purged":["Defend_Br","Strike_Br"],"score":249,"play_id":"6fb142c1-9490-4c27-a9d7-44bef7061600","local_time":"20210123225858","is_ascension_mode":false,"campfire_choices":[{"data":"SecondHand","floor":6,"key":"SMITH"},{"data":"Keepsakes","floor":8,"key":"SMITH"},{"data":"Goo","floor":13,"key":"SMITH"},{"data":"BeatsPerMinute","floor":15,"key":"SMITH"},{"data":"MasterKey","floor":23,"key":"SMITH"},{"floor":27,"key":"RECALL"},{"data":"infinitespire:UltimateForm","floor":32,"key":"SMITH"}],"circlet_count":0,"master_deck":["Allegro+1","Sospirando+1","Allargando+1","Strike_Br","Strike_Br","Defend_Br","Defend_Br","Defend_Br","SecondHand+1","PatternShift","WindUp","Rallentando","Keepsakes+1","LockedBlood","LockedBlood","Goo+16","LockedMedicine","LockedWhetstone","BeatsPerMinute+1","MasterKey+1","TickedOff","Decay","LockedBlood+1","WakeUpCall","BlueShift","LockedTurtyl","infinitespire:UltimateForm+1","stsjorbsmod:Amnesia","Echoward"],"relics":["Chronometer","NeowsBlessing","infinitespire:PuzzleCube","Eternal Feather","Meat on the Bone","Sozu","Counterbalance","ReplayTheSpireMod:CursedCoin","SsserpentHead","Replay:Bandana","MerchantsRug"],"acts_visited":["Exordium","TheCity"],"potions_floor_usage":[7,24,24,33],"damage_taken":[{"damage":0,"enemies":"Cultist","floor":1,"turns":1},{"damage":0,"enemies":"Jaw Worm","floor":3,"turns":1},{"damage":0,"enemies":"Small Slimes","floor":4,"turns":1},{"damage":7,"enemies":"3 Louse","floor":5,"turns":3},{"damage":8,"enemies":"Replay:BlueRogue","floor":7,"turns":6},{"damage":0,"enemies":"Looter","floor":10,"turns":4},{"damage":4,"enemies":"Red Slaver","floor":11,"turns":4},{"damage":32,"enemies":"The Guardian","floor":16,"turns":12},{"damage":10,"enemies":"3 Byrds","floor":18,"turns":4},{"damage":35,"enemies":"Chosen","floor":20,"turns":7},{"damage":16,"enemies":"Centurion and Healer","floor":21,"turns":6},{"damage":25,"enemies":"Snake Plant","floor":24,"turns":4},{"damage":12,"enemies":"3 Cultists","floor":25,"turns":5},{"damage":31,"enemies":"Cultist and Chosen","floor":30,"turns":6},{"damage":99,"enemies":"Automaton","floor":33,"turns":8}],"seed_played":"-7199817857971465442","potions_obtained":[{"floor":1,"key":"Toxic Potion"},{"floor":3,"key":"DistilledChaos"},{"floor":7,"key":"EssenceOfSteel"},{"floor":10,"key":"LiquidBronze"}],"is_trial":false,"path_per_floor":["M","?","M","M","M","R","E","R","T","M","M","?","R","$","R","B",null,"M","?","M","M","?","R","M","M","T","R","AVR","?","M","$","R","B"],"character_chosen":"CHRONO_CLASS","items_purchased":["LockedWhetstone","BeatsPerMinute","Replay:Bandana","MerchantsRug"],"campfire_rested":0,"item_purchase_floors":[14,14,31,31],"current_hp_per_floor":[65,65,65,65,58,58,56,56,56,62,64,64,65,65,65,43,65,61,61,34,35,35,47,42,44,44,59,59,59,42,42,57,0,0],"gold":134,"neow_bonus":"THREE_ENEMY_KILL","is_daily":false,"chose_seed":false,"campfire_upgraded":6,"win_rate":0.0,"timestamp":1611460738,"path_taken":["M","?","?","M","M","R","E","R","T","M","M","?","R","$","R","BOSS","M","?","M","M","?","R","M","M","T","R","AVR","?","?","$","R","BOSS"],"items_purchased_type":["Card","Card","Relic","Relic"],"build_version":"2020-12-22","purchased_purges":2,"victory":false,"max_hp_per_floor":[65,65,65,65,65,65,65,65,65,65,65,65,65,65,65,65,65,65,65,65,65,65,65,65,65,65,65,65,65,65,65,65,65,65],"card_choices":[{"not_picked":["VestedLegacy","BlueShift"],"picked":"WindUp","floor":1},{"not_picked":["Parity","HandsUpC"],"picked":"Tempo","floor":3},{"not_picked":["WindUp","WakeUpCall"],"picked":"Keepsakes","floor":4},{"not_picked":["Engulf","ExoVibe"],"picked":"LockedBlood","floor":5},{"not_picked":["Engulf","Analog"],"picked":"LockedBlood","floor":7},{"not_picked":["VestedLegacy","ExoVibe"],"picked":"Goo","floor":10},{"not_picked":["BlueShift","LockedBlood"],"picked":"LockedMedicine","floor":11},{"not_picked":["BackFourSeconds","LockedLightning"],"picked":"MasterKey","floor":16},{"not_picked":["AlternateTimeline","Parity+1"],"picked":"TickedOff","floor":18},{"not_picked":["HandsUpB","Accruing"],"picked":"LockedBlood+1","floor":20},{"not_picked":["LockedBlood","AlternateTimeline"],"picked":"WakeUpCall","floor":21},{"not_picked":["TiringSlam","LockedBlood"],"picked":"BlueShift","floor":24},{"not_picked":["BiteCommand","MasterKey"],"picked":"LockedTurtyl","floor":25},{"not_picked":["BlueShift","WindUp+1"],"picked":"Echoward","floor":30}],"player_experience":1941666,"relics_obtained":[{"floor":7,"key":"infinitespire:PuzzleCube"},{"floor":9,"key":"Eternal Feather"},{"floor":12,"key":"Meat on the Bone"},{"floor":26,"key":"Counterbalance"}],"event_choices":[{"cards_removed":["Strike_Br"],"damage_healed":0,"gold_gain":0,"player_choice":"Offered Basic","damage_taken":0,"max_hp_gain":0,"max_hp_loss":0,"event_name":"Bonfire Elementals","floor":2,"gold_loss":0},{"damage_healed":0,"gold_gain":0,"player_choice":"Smashed Altar","damage_taken":0,"max_hp_gain":0,"max_hp_loss":0,"event_name":"Forgotten Altar","floor":19,"gold_loss":0,"cards_obtained":["Decay"]},{"damage_healed":0,"gold_gain":99,"player_choice":"Stole From Cult","damage_taken":0,"max_hp_gain":0,"max_hp_loss":0,"event_name":"Nest","floor":22,"gold_loss":0},{"damage_healed":0,"gold_gain":0,"player_choice":"Trade","damage_taken":0,"relics_obtained":["SsserpentHead"],"max_hp_gain":0,"max_hp_loss":0,"event_name":"FaceTrader","floor":29,"gold_loss":0}],"is_beta":false,"boss_relics":[{"not_picked":["Philosopher\u0027s Stone","infinitespire:Cupcake"],"picked":"Sozu"}],"items_purged_floors":[14,31],"is_endless":false,"potions_floor_spawned":[1,3,7,10,24,25],"killed_by":"Automaton","ascension_level":0}}