{"host":"ordk2y2ebcetabk6","time":1611474938,"event":{"mods":["AlwaysNeverKeys","BaseMod","Better Debug","Colored Map","Colored Powertips","Dark Map","Highlight Path","Minty Spire (QoL Compilation)","Permanent Neow","Rare Cards Sparkle","Spire Arcade","StSLib","The Caster","Wide Potions"],"gold_per_floor":[117,117,137,137,156,156,173,173,198,224,224,249,267,86,86,190,190,130,130,130,130,130,130,55,55,55,10,10,10,10,10,10,10,10,10,10,10,10,10,10,10,10,10,10,10,10,10,10,10,10],"floor_reached":51,"language":"ENG","playtime":2750,"items_purged":["caster:strike"],"score":707,"play_id":"b88d6530-951f-4ccf-88e3-f4a603b8fe7b","local_time":"20210124005538","is_ascension_mode":false,"campfire_choices":[{"data":"caster:Meteor","floor":6,"key":"SMITH"},{"data":"caster:FrostDriver","floor":11,"key":"SMITH"},{"data":"caster:LordOfVermillion","floor":15,"key":"SMITH"},{"data":"caster:IceWall","floor":23,"key":"SMITH"},{"data":"caster:Sleet","floor":25,"key":"SMITH"},{"data":"caster:Channeling","floor":28,"key":"SMITH"},{"data":"caster:DivertFocus","floor":32,"key":"SMITH"},{"data":"caster:Sleet","floor":42,"key":"SMITH"},{"floor":47,"key":"REST"},{"floor":49,"key":"REST"}],"circlet_count":0,"master_deck":["caster:defend+1","caster:defend","caster:defend+1","caster:Meteor+1","caster:Channeling+1","caster:Enfeeble+1","caster:FrostDriver+1","caster:Sleet","caster:LordOfVermillion+1","caster:Sleet+1","caster:IceWall+1","caster:Sleet+1","Flash of Steel"],"relics":["SacredBark","Vajra","Tiny Chest","Odd Mushroom","Happy Flower","Ectoplasm","Letter Opener","Omamori","Singing Bowl","Lantern","Empty Cage","War Paint","Gremlin Horn","MawBank","Pen Nib"],"acts_visited":["Exordium","TheCity","TheBeyond"],"potions_floor_usage":[10,31,31,50,50],"damage_taken":[{"damage":2,"enemies":"Small Slimes","floor":1,"turns":3},{"damage":0,"enemies":"2 Louse","floor":5,"turns":4},{"damage":1,"enemies":"Cultist","floor":7,"turns":4},{"damage":6,"enemies":"The Mushroom Lair","floor":10,"turns":5},{"damage":13,"enemies":"3 Louse","floor":13,"turns":4},{"damage":5,"enemies":"Hexaghost","floor":16,"turns":6},{"damage":10,"enemies":"2 Thieves","floor":18,"turns":4},{"damage":0,"enemies":"Shell Parasite","floor":30,"turns":6},{"damage":0,"enemies":"Cultist and Chosen","floor":31,"turns":5},{"damage":20,"enemies":"Automaton","floor":33,"turns":8},{"damage":25,"enemies":"Orb Walker","floor":35,"turns":5},{"damage":12,"enemies":"3 Shapes","floor":37,"turns":5},{"damage":12,"enemies":"Nemesis","floor":40,"turns":7},{"damage":0,"enemies":"Writhing Mass","floor":44,"turns":5},{"damage":18,"enemies":"Spire Growth","floor":46,"turns":4},{"damage":0,"enemies":"3 Darklings","floor":48,"turns":1},{"damage":15,"enemies":"Donu and Deca","floor":50,"turns":6}],"seed_played":"-6601008351273558895","potions_obtained":[{"floor":3,"key":"PowerPotion"},{"floor":5,"key":"SteroidPotion"},{"floor":10,"key":"Weak Potion"},{"floor":13,"key":"ColorlessPotion"},{"floor":33,"key":"Swift Potion"},{"floor":37,"key":"DistilledChaos"},{"floor":40,"key":"Block Potion"}],"is_trial":false,"path_per_floor":["M","?","?","?","M","R","M","?","T","?","R","T","M","$","R","B",null,"M","?","T","?","?","R","$","R","T","$","R","T","M","M","R","B",null,"M","?","M","T","$","E","?","R","T","M","?","M","R","M","R","B",null],"character_chosen":"THE_CASTER","items_purchased":["caster:LordOfVermillion","caster:Sleet","caster:Sleet"],"campfire_rested":2,"item_purchase_floors":[14,14,27],"current_hp_per_floor":[62,55,55,55,55,55,54,54,54,48,48,48,35,35,35,30,64,54,43,43,43,43,43,43,43,43,43,43,43,45,47,47,29,75,52,52,42,42,42,32,32,32,32,34,34,18,43,45,71,56],"gold":10,"neow_bonus":"BOSS_RELIC","is_daily":false,"chose_seed":false,"campfire_upgraded":8,"win_rate":0.0,"timestamp":1611474938,"path_taken":["M","?","?","?","M","R","?","?","T","?","R","?","M","$","R","BOSS","M","?","?","?","?","R","$","R","T","?","R","?","?","M","R","BOSS","M","?","?","?","$","E","?","R","T","M","?","M","R","?","R","BOSS"],"items_purchased_type":["Card","Card","Card"],"build_version":"2020-12-22","purchased_purges":1,"victory":true,"max_hp_per_floor":[64,64,64,64,64,64,64,64,64,64,64,64,64,64,64,64,64,64,69,69,69,69,69,69,69,69,69,69,69,71,73,73,75,75,77,77,79,79,79,81,81,81,81,83,83,85,85,87,87,87],"card_choices":[{"not_picked":["caster:FlashSpeed","caster:LightningBolt"],"picked":"caster:Enfeeble","floor":1},{"not_picked":["caster:FlashFrost","caster:DiablosFlame","caster:Gain"],"picked":"SKIP","floor":5},{"not_picked":["caster:Gain","caster:Charge"],"picked":"caster:FrostDriver","floor":7},{"not_picked":["caster:Embers","caster:NaturalChaos"],"picked":"caster:Sleet","floor":10},{"not_picked":["caster:BurnItDown","caster:Sandstorm","caster:LAZER"],"picked":"SKIP","floor":13},{"not_picked":["caster:ShortenedChant","caster:ManaOverflow"],"picked":"caster:IceWall","floor":16},{"not_picked":["caster:Kindling+1","caster:WallOfMirrors","caster:LAZER"],"picked":"SKIP","floor":18},{"not_picked":["caster:Gain","caster:Bzzzt","caster:GigaDrain"],"picked":"Singing Bowl","floor":30},{"not_picked":["caster:WallOfMirrors","caster:AlternatingCurrent","caster:Sandstorm"],"picked":"Singing Bowl","floor":31},{"not_picked":["caster:LordOfVermillion","caster:GateOfBabylon","caster:Demi"],"picked":"Singing Bowl","floor":33},{"not_picked":["caster:Enfeeble","caster:Congeal","caster:VoltTackle"],"picked":"Singing Bowl","floor":35},{"not_picked":["caster:LAZER+1","caster:Congeal","caster:GigaDrain"],"picked":"Singing Bowl","floor":37},{"not_picked":["caster:Charge+1","caster:BurnItDown+1","caster:FlashFrost+1"],"picked":"Singing Bowl","floor":40},{"not_picked":["caster:Embers","caster:DiamondDust","caster:FlashSpeed"],"picked":"Singing Bowl","floor":44},{"not_picked":["caster:FlashFrost+1","caster:Susanoo","caster:Inferno"],"picked":"Singing Bowl","floor":46},{"not_picked":["caster:Fireball+1","caster:Enfeeble+1","caster:MagicWeapon+1"],"picked":"Singing Bowl","floor":48}],"player_experience":924782,"relics_obtained":[{"floor":9,"key":"Tiny Chest"},{"floor":10,"key":"Odd Mushroom"},{"floor":12,"key":"Happy Flower"},{"floor":20,"key":"Letter Opener"},{"floor":26,"key":"Singing Bowl"},{"floor":29,"key":"Lantern"},{"floor":38,"key":"Gremlin Horn"},{"floor":40,"key":"MawBank"},{"floor":43,"key":"Pen Nib"}],"event_choices":[{"cards_removed":["caster:strike"],"damage_healed":0,"gold_gain":0,"player_choice":"Card Removal","damage_taken":7,"max_hp_gain":0,"max_hp_loss":0,"event_name":"Golden Wing","floor":2,"gold_loss":0},{"damage_healed":0,"gold_gain":0,"player_choice":"Upgraded","damage_taken":0,"max_hp_gain":0,"max_hp_loss":0,"event_name":"Upgrade Shrine","floor":4,"gold_loss":0,"cards_upgraded":["caster:Enfeeble"]},{"damage_healed":0,"gold_gain":0,"player_choice":"Fought Mushrooms","damage_taken":0,"max_hp_gain":0,"max_hp_loss":0,"event_name":"Mushrooms","floor":10,"gold_loss":0},{"damage_healed":0,"gold_gain":0,"player_choice":"Shed Blood","damage_taken":16,"max_hp_gain":5,"max_hp_loss":0,"event_name":"Forgotten Altar","floor":19,"gold_loss":0},{"damage_healed":0,"gold_gain":0,"player_choice":"Opened","damage_taken":0,"relics_obtained":["Omamori"],"max_hp_gain":0,"max_hp_loss":0,"event_name":"The Mausoleum","floor":21,"gold_loss":0,"cards_obtained":["Writhe"]},{"damage_healed":0,"gold_gain":0,"player_choice":"Gave Potion","damage_taken":0,"relics_obtained":["War Paint"],"max_hp_gain":0,"max_hp_loss":0,"event_name":"WeMeetAgain","floor":36,"gold_loss":0},{"cards_removed":["caster:DivertFocus"],"damage_healed":0,"gold_gain":0,"player_choice":"Removed Skill","damage_taken":0,"max_hp_gain":0,"max_hp_loss":0,"event_name":"Falling","floor":41,"gold_loss":0},{"damage_healed":0,"gold_gain":0,"player_choice":"2 cards matched","damage_taken":0,"max_hp_gain":0,"max_hp_loss":0,"event_name":"Match and Keep!","floor":45,"gold_loss":0,"cards_obtained":["caster:Cryogenesis","Flash of Steel"]}],"is_beta":false,"boss_relics":[{"not_picked":["Pandora\u0027s Box","Sozu"],"picked":"Ectoplasm"},{"not_picked":["Fusion Hammer","Cursed Key"],"picked":"Empty Cage"}],"items_purged_floors":[24],"is_endless":false,"potions_floor_spawned":[5,10,13,30,33,37,40,44],"ascension_level":0}}