{"host":"8s7r99mpv862ws6o","time":1611518577,"event":{"mods":["AchievementEnabler","Act Like it!","BaseMod","Gensokyo","GifTheSpireLib","Minty Spire (QoL Compilation)","Quick Restart","StSLib","Youmu£®ªÍ∆«—˝√Œ£©","Yuyuko"],"gold_per_floor":[115,115,133,145,145,145,173,199,224,235,235,260,260],"floor_reached":12,"language":"ZHS","playtime":393,"items_purged":[],"score":91,"play_id":"7eb75fb4-6a3d-4a2e-8314-33c453339cec","local_time":"20210125040257","is_ascension_mode":true,"campfire_choices":[{"data":"HumanGodSword","floor":6,"key":"SMITH"},{"data":"BizarrenessOfSixRealms","floor":11,"key":"SMITH"}],"circlet_count":0,"master_deck":["Strike_YM","Strike_YM","Strike_YM","Strike_YM","Defend_YM","Defend_YM","Defend_YM","Defend_YM","WheelOfPainOfLivingAndDead","BizarrenessOfSixRealms+1","Gensokyo:CrescentMoonSlash","HumanGodSword+1"],"relics":["HalfPhantom","NeowsBlessing","Gensokyo:Mercy","Blood Vial","Smiling Mask","Nunchaku","Oddly Smooth Stone"],"acts_visited":["Exordium"],"potions_floor_usage":[12],"damage_taken":[{"damage":0,"enemies":"Gensokyo:Python","floor":1,"turns":1},{"damage":0,"enemies":"Gensokyo:2_Kodama","floor":3,"turns":1},{"damage":0,"enemies":"Gensokyo:3_Fairies","floor":4,"turns":2},{"damage":4,"enemies":"Gensokyo:Cirno","floor":7,"turns":5},{"damage":4,"enemies":"Gensokyo:Gryphon_and_Rabbit","floor":10,"turns":6},{"damage":41,"enemies":"Gensokyo:Aya","floor":12,"turns":10}],"seed_played":"3705030082453499124","potions_obtained":[{"floor":1,"key":"Energy Potion"},{"floor":3,"key":"Swift Potion"},{"floor":4,"key":"ColorlessPotion"},{"floor":12,"key":"EssenceOfSteel"}],"is_trial":false,"path_per_floor":["M","?","M","M","?","R","E","T","T","M","R","E"],"character_chosen":"YOUMU","items_purchased":[],"campfire_rested":0,"item_purchase_floors":[],"current_hp_per_floor":[75,64,64,64,64,64,60,60,60,58,58,19,19],"gold":260,"neow_bonus":"THREE_ENEMY_KILL","is_daily":false,"chose_seed":false,"campfire_upgraded":2,"win_rate":0.0,"timestamp":1611518577,"path_taken":["M","?","?","?","?","R","E","?","T","M","R","E"],"items_purchased_type":[],"build_version":"2020-12-22","purchased_purges":0,"victory":false,"max_hp_per_floor":[75,75,75,75,75,75,75,75,75,75,75,75,75],"card_choices":[{"not_picked":["SlashOfAscensionToBuddhahood","PretaSword"],"picked":"BizarrenessOfSixRealms","floor":1},{"not_picked":["LowerRealmReflectionSlash","LightFlashOfTheNetherworld","CrescentMoonSlash"],"picked":"SKIP","floor":3},{"not_picked":["TwoHundredYojanaInOneSlash","PhosphoricSlash"],"picked":"HumanGodSword","floor":4},{"not_picked":["CherryBlossomFlashing","SlashOfTheEternalFuture","SpiderLilyBurial"],"picked":"SKIP","floor":7},{"not_picked":["SpiritCuttingSword","AsTheSilentNirvana","LifeCuttingSword"],"picked":"SKIP","floor":10},{"not_picked":["HesitationCuttingSword","ConstancyOfTheConventionalTruth","ThreeKonsSevenHakus"],"picked":"SKIP","floor":12}],"player_experience":621005,"relics_obtained":[{"floor":7,"key":"Blood Vial"},{"floor":8,"key":"Smiling Mask"},{"floor":9,"key":"Nunchaku"},{"floor":12,"key":"Oddly Smooth Stone"}],"event_choices":[],"is_beta":false,"boss_relics":[],"items_purged_floors":[],"is_endless":false,"potions_floor_spawned":[1,3,4,12],"killed_by":"Gensokyo:Aya","ascension_level":1}}