{"host":"357xrj36sn178zju","time":1611527315,"event":{"mods":["BaseMod","Colored Powertips","Curses Come First","Infinite Spire","Minty Spire (QoL Compilation)","StSLib","The Cursed","The Hierophant"],"gold_per_floor":[116,96,109,109,126,161,180,215,242,242,261,133,147,164,164,268,318,334,31,31,31,49,49,61,61,61,61,61,76,76,13,13,13,13],"floor_reached":33,"language":"ENG","playtime":2257,"items_purged":["Shame"],"score":257,"play_id":"5a291fb3-e436-4885-b4d9-d3d8f394f412","local_time":"20210124232835","is_ascension_mode":false,"campfire_choices":[{"floor":15,"key":"REST"},{"floor":23,"key":"REST"},{"floor":28,"key":"REST"},{"floor":32,"key":"REST"}],"circlet_count":0,"master_deck":["Strike_B+1","Strike_B","Strike_B","Strike_B","Defend_B","Defend_B","Defend_B","Defend_B","Zap+1","Dualcast","White Noise","Ball Lightning","Leap","Darkness+1","Amplify","Sweeping Beam","Darkness","Tempest","Seek","Conserve Battery","Chaos","Capacitor","Decay","Compile Driver+1","Storm"],"relics":["PureWater","Lantern","infinitespire:Cubic Diamond","Matryoshka","War Paint","Blood Vial","Art of War","Sundial","Tiny House","Centennial Puzzle","Orichalcum","Ancient Tea Set","Bag of Marbles","infinitespire:FocusingShard","MawBank"],"acts_visited":["Exordium","TheCity"],"potions_floor_usage":[6,8,8,13,14,18,29],"damage_taken":[{"damage":2,"enemies":"2 Louse","floor":1,"turns":2},{"damage":1,"enemies":"Cultist","floor":3,"turns":4},{"damage":1,"enemies":"Jaw Worm","floor":5,"turns":3},{"damage":8,"enemies":"Lagavulin","floor":6,"turns":5},{"damage":4,"enemies":"Blue Slaver","floor":7,"turns":3},{"damage":4,"enemies":"3 Sentries","floor":8,"turns":7},{"damage":0,"enemies":"3 Louse","floor":11,"turns":2},{"damage":13,"enemies":"Gremlin Gang","floor":13,"turns":4},{"damage":8,"enemies":"Red Slaver","floor":14,"turns":3},{"damage":19,"enemies":"Slime Boss","floor":16,"turns":8},{"damage":31,"enemies":"2 Thieves","floor":18,"turns":3},{"damage":21,"enemies":"Shell Parasite","floor":22,"turns":6},{"damage":25,"enemies":"Centurion and Healer","floor":24,"turns":6},{"damage":51,"enemies":"Sentry and Sphere","floor":29,"turns":6},{"damage":81,"enemies":"Collector","floor":33,"turns":8}],"seed_played":"-5790060760160970251","potions_obtained":[{"floor":2,"key":"GamblersBrew"},{"floor":5,"key":"AttackPotion"},{"floor":6,"key":"Block Potion"},{"floor":7,"key":"PowerPotion"},{"floor":8,"key":"FairyPotion"},{"floor":11,"key":"PowerPotion"},{"floor":17,"key":"Strength Potion"},{"floor":24,"key":"SneckoOil"}],"is_trial":false,"path_per_floor":["M","?","M","?","M","E","M","E","T","?","M","?","M","M","R","B",null,"M","$","?","?","M","R","M","?","T","$","R","M","?","$","R","B"],"character_chosen":"DEFECT","items_purchased":["Centennial Puzzle","Orichalcum"],"campfire_rested":4,"item_purchase_floors":[19,19],"current_hp_per_floor":[73,73,72,72,71,63,59,55,55,55,57,57,46,40,62,45,80,49,49,49,49,30,54,31,31,31,31,55,6,6,6,30,0,0],"gold":13,"neow_bonus":"RANDOM_COMMON_RELIC","is_daily":false,"chose_seed":false,"campfire_upgraded":0,"win_rate":0.0,"timestamp":1611527315,"path_taken":["M","?","?","?","M","E","M","E","T","?","M","?","?","M","R","BOSS","M","?","?","?","M","R","M","?","T","$","R","?","?","?","R","BOSS"],"items_purchased_type":["Relic","Relic"],"build_version":"2020-12-22","purchased_purges":1,"victory":false,"max_hp_per_floor":[75,75,75,75,75,75,75,75,75,75,75,75,75,75,75,75,80,80,80,80,80,80,80,80,80,80,80,80,80,80,80,80,80,80],"card_choices":[{"not_picked":["Coolheaded","Sunder"],"picked":"White Noise","floor":1},{"not_picked":["Barrage","Redo"],"picked":"Ball Lightning","floor":3},{"not_picked":["Gash","Tempest"],"picked":"Leap","floor":5},{"not_picked":["Heatsinks","Rip and Tear"],"picked":"Darkness","floor":6},{"not_picked":["Cold Snap","Rebound"],"picked":"Meteor Strike","floor":7},{"not_picked":["Compile Driver","Coolheaded","Sunder"],"picked":"SKIP","floor":8},{"not_picked":["Gash","Coolheaded"],"picked":"Sweeping Beam","floor":11},{"not_picked":["Consume","Blizzard"],"picked":"Darkness","floor":13},{"not_picked":["Recycle","Beam Cell"],"picked":"Tempest","floor":14},{"not_picked":["Machine Learning","Amplify"],"picked":"Seek","floor":16},{"not_picked":["Barrage","Hologram"],"picked":"Conserve Battery","floor":17},{"not_picked":["Rebound","Hologram"],"picked":"Chaos","floor":18},{"not_picked":["Cold Snap","Coolheaded"],"picked":"Compile Driver+1","floor":22},{"not_picked":["Rip and Tear","Streamline"],"picked":"Storm","floor":24},{"not_picked":["Hello World","Undo","Sweeping Beam"],"picked":"SKIP","floor":29}],"player_experience":191775,"relics_obtained":[{"floor":6,"key":"Matryoshka"},{"floor":8,"key":"War Paint"},{"floor":9,"key":"Blood Vial"},{"floor":9,"key":"Art of War"},{"floor":26,"key":"Bag of Marbles"},{"floor":26,"key":"infinitespire:FocusingShard"}],"event_choices":[{"damage_healed":0,"gold_gain":0,"player_choice":"Bought 1 Potion","damage_taken":0,"max_hp_gain":0,"max_hp_loss":0,"event_name":"The Woman in Blue","floor":2,"gold_loss":0},{"damage_healed":0,"gold_gain":0,"cards_transformed":["Meteor Strike"],"player_choice":"Change","damage_taken":0,"max_hp_gain":0,"max_hp_loss":0,"event_name":"Living Wall","floor":10,"gold_loss":0,"cards_obtained":["Amplify"]},{"damage_healed":0,"gold_gain":0,"player_choice":"Paid Gold","damage_taken":0,"relics_obtained":["Sundial"],"max_hp_gain":0,"max_hp_loss":0,"event_name":"WeMeetAgain","floor":12,"gold_loss":128},{"damage_healed":0,"gold_gain":0,"player_choice":"Read","damage_taken":0,"max_hp_gain":0,"max_hp_loss":0,"event_name":"The Library","floor":20,"gold_loss":0,"cards_obtained":["Capacitor"]},{"damage_healed":0,"gold_gain":0,"player_choice":"Smashed Altar","damage_taken":0,"max_hp_gain":0,"max_hp_loss":0,"event_name":"Forgotten Altar","floor":21,"gold_loss":0,"cards_obtained":["Decay"]},{"damage_healed":0,"gold_gain":0,"player_choice":"Stole Relic","damage_taken":0,"relics_obtained":["Ancient Tea Set"],"max_hp_gain":0,"max_hp_loss":0,"event_name":"Addict","floor":25,"gold_loss":0,"cards_obtained":["Shame"]},{"damage_healed":0,"gold_gain":0,"player_choice":"Opened","damage_taken":0,"relics_obtained":["MawBank"],"max_hp_gain":0,"max_hp_loss":0,"event_name":"The Mausoleum","floor":30,"gold_loss":0}],"is_beta":false,"boss_relics":[{"not_picked":["SacredBark","Runic Dome"],"picked":"Tiny House"}],"items_purged_floors":[31],"is_endless":false,"potions_floor_spawned":[5,6,7,8,11,24],"killed_by":"Collector","ascension_level":0}}