{"host":"c3lc60y5x60jlt1y","time":1611485932,"event":{"mods":["AchievementEnabler","BaseMod","Bestiary","Colored Map","Minty Spire (QoL Compilation)","Quick Restart","StSLib","ojb\u0027s Info Mod"],"gold_per_floor":[361,361,321,2,19,52,71,96,96,96,122,139,139,152,152,226,226,244,38,38,38,53,78,78,78,78],"floor_reached":25,"language":"ENG","playtime":1573,"items_purged":["Shame"],"score":491,"play_id":"cce405d9-f7cb-4b9c-b588-a6c2cc673e48","local_time":"20210124125852","is_ascension_mode":true,"campfire_choices":[{"floor":10.0,"key":"REST"},{"data":"Darkness","floor":13.0,"key":"SMITH"},{"floor":15.0,"key":"REST"},{"floor":24,"key":"REST"}],"circlet_count":0,"master_deck":["AscendersBane","Defend_B","Defend_B","Defend_B","Defend_B","Zap","Dualcast","Sweeping Beam","Defragment","Darkness+1","Capacitor","Leap","Barrage","Cold Snap","Force Field","Doom and Gloom","Buffer+1","Static Discharge+1","Heatsinks+1","Necronomicurse","Bite","Bite","Bite","Bite","Bite","Chill","Conserve Battery"],"relics":["Cracked Core","Vajra","Dead Branch","Frozen Egg 2","Pocketwatch","Tiny Chest","Velvet Choker","Membership Card","Necronomicon","Smiling Mask"],"acts_visited":["Exordium","TheCity"],"potions_floor_usage":[16,23,25],"damage_taken":[{"damage":6.0,"enemies":"2 Louse","floor":1.0,"turns":3.0},{"damage":10.0,"enemies":"Small Slimes","floor":5.0,"turns":3.0},{"damage":20.0,"enemies":"Lagavulin","floor":6.0,"turns":6.0},{"damage":6.0,"enemies":"Cultist","floor":7.0,"turns":4.0},{"damage":32.0,"enemies":"3 Sentries","floor":8.0,"turns":7.0},{"damage":18.0,"enemies":"Lagavulin","floor":11.0,"turns":10.0},{"damage":1.0,"enemies":"2 Fungi Beasts","floor":12.0,"turns":3.0},{"damage":7.0,"enemies":"Exordium Wildlife","floor":14.0,"turns":6.0},{"damage":33,"enemies":"Slime Boss","floor":16,"turns":6},{"damage":0,"enemies":"Chosen","floor":18,"turns":5},{"damage":13,"enemies":"3 Byrds","floor":22,"turns":3},{"damage":29,"enemies":"Slavers","floor":23,"turns":1},{"damage":30,"enemies":"Book of Stabbing","floor":25,"turns":4}],"seed_played":"-4654697056078791684","potions_obtained":[{"floor":3.0,"key":"FairyPotion"},{"floor":3.0,"key":"Swift Potion"},{"floor":12.0,"key":"Block Potion"},{"floor":14.0,"key":"FearPotion"},{"floor":22,"key":"PowerPotion"},{"floor":23,"key":"ColorlessPotion"}],"is_trial":false,"path_per_floor":["M","?","?","$","M","E","M","E","T","R","E","M","R","M","R","B",null,"M","$","?","?","M","E","R","E"],"character_chosen":"DEFECT","items_purchased":["Defragment","Vajra","Membership Card","Heatsinks+1"],"campfire_rested":3,"item_purchase_floors":[4,4,19,19],"current_hp_per_floor":[58,63,63,63,53,33,27,17,17,39,21,20,20,13,35,2,58,58,58,37,37,30,5,20,0,0],"gold":78,"neow_bonus":"TWO_FIFTY_GOLD","is_daily":false,"chose_seed":false,"campfire_upgraded":1,"win_rate":0.0,"timestamp":1611485932,"path_taken":["M","?","?","$","M","E","M","E","T","R","E","?","R","M","R","BOSS","M","$","?","?","M","E","R","E"],"items_purchased_type":["Card","Relic","Relic","Card"],"build_version":"2020-12-22","purchased_purges":1,"victory":false,"max_hp_per_floor":[71,76,76,76,76,76,76,76,76,76,76,76,76,76,76,76,76,76,76,76,53,53,53,53,53,53],"card_choices":[{"not_picked":["Tempest","Capacitor"],"picked":"Sweeping Beam","floor":1.0},{"not_picked":["Cold Snap","Turbo"],"picked":"Darkness","floor":5.0},{"not_picked":["Barrage","Self Repair"],"picked":"Capacitor","floor":6.0},{"not_picked":["Coolheaded","Sweeping Beam"],"picked":"Leap","floor":7.0},{"not_picked":["Turbo","Rip and Tear"],"picked":"Barrage","floor":8.0},{"not_picked":["Melter","Recycle"],"picked":"Cold Snap","floor":11.0},{"not_picked":["Machine Learning+1","Redo"],"picked":"Force Field","floor":12.0},{"not_picked":["Coolheaded","Go for the Eyes"],"picked":"Doom and Gloom","floor":14.0},{"not_picked":["Biased Cognition+1","Core Surge"],"picked":"Buffer+1","floor":16},{"not_picked":["Conserve Battery","Barrage"],"picked":"Static Discharge+1","floor":18},{"not_picked":["Hologram","Rebound+1"],"picked":"Chill","floor":22},{"not_picked":["Barrage","Go for the Eyes"],"picked":"Conserve Battery","floor":23}],"player_experience":8482637,"relics_obtained":[{"floor":6.0,"key":"Dead Branch"},{"floor":8.0,"key":"Frozen Egg 2"},{"floor":9.0,"key":"Pocketwatch"},{"floor":11.0,"key":"Tiny Chest"},{"floor":20,"key":"Necronomicon"},{"floor":23,"key":"Smiling Mask"}],"event_choices":[{"damage_healed":0.0,"max_hp_gain":5.0,"max_hp_loss":0.0,"gold_gain":0.0,"event_name":"Big Fish","player_choice":"Donut","floor":2.0,"gold_loss":0.0,"damage_taken":0.0},{"damage_healed":0.0,"max_hp_gain":0.0,"max_hp_loss":0.0,"gold_gain":0.0,"event_name":"The Woman in Blue","player_choice":"Bought 3 Potions","floor":3.0,"gold_loss":0.0,"damage_taken":0.0},{"damage_healed":0,"gold_gain":0,"player_choice":"Obtained Book","damage_taken":21,"max_hp_gain":0,"max_hp_loss":0,"event_name":"Cursed Tome","floor":20,"gold_loss":0},{"damage_healed":0,"gold_gain":0,"player_choice":"Became a vampire","damage_taken":0,"max_hp_gain":0,"max_hp_loss":23,"event_name":"Vampires","floor":21,"gold_loss":0,"cards_obtained":["Bite","Bite","Bite","Bite","Bite"]}],"is_beta":false,"boss_relics":[{"not_picked":["SlaversCollar","Fusion Hammer"],"picked":"Velvet Choker"}],"items_purged_floors":[4],"is_endless":false,"potions_floor_spawned":[5,12,14,22,23],"killed_by":"Book of Stabbing","ascension_level":19}}