{"host":"qsusua7l529r8z9k","time":1611467519,"event":{"mods":["BaseMod","Downfall","Minty Spire (QoL Compilation)","Spicy Shops","StSLib"],"gold_per_floor":[99,119,29,29,40,40,40,58,43,58,93,104,117,147,165,261,261,261,274,15,115,115,40,40,40,40,40,40,53,78,91,109,214,214,214,228,273,273,288,317,317,331,358,358,369,394,394,422,440,440],"floor_reached":51,"language":"ZHS","playtime":4869,"items_purged":["Parasite","Slimebound:Strike_Slimebound","Slimebound:RainOfGoop","Slimebound:Defend_Slimebound"],"score":827,"play_id":"80c68097-e451-4246-a017-875877161c20","local_time":"20210124135159","is_ascension_mode":false,"campfire_choices":[{"data":"Slimebound:Split","floor":1.0,"key":"SMITH"},{"data":"Slimebound:CorrosiveSpit","floor":6.0,"key":"SMITH"},{"data":"Slimebound:MegaLick","floor":18.0,"key":"SMITH"},{"data":"Slimebound:DuplicatedForm","floor":26.0,"key":"SMITH"},{"data":"Slimebound:RejuvenatingLick","floor":28.0,"key":"SMITH"},{"data":"J.A.X.","floor":35,"key":"SMITH"},{"data":"Slimebound:LeechEnergy","floor":44,"key":"SMITH"}],"circlet_count":0,"master_deck":["Slimebound:Defend_Slimebound","Slimebound:Split+1","Slimebound:CorrosiveSpit+1","Slimebound:OozeBath+1","Slimebound:LeechEnergy+1","Slimebound:FinishingTackle","Slimebound:Dissolve","Slimebound:Repurpose","Slimebound:DuplicatedForm+1","Slimebound:Schlurp","Slimebound:Teamwork","Slimebound:MegaLick+1","Slimebound:ComboTackle","Slimebound:OozeBath","Slimebound:GrowthPunch","Slimebound:RainOfGoop+1","Slimebound:RejuvenatingLick+1","J.A.X.+1","Slimebound:Nibble","Slimebound:SamplingLick+1","Slimebound:SamplingLick+1","Slimebound:Schlurp","Slimebound:WasteNot","Slimebound:MassFeed+1","Slimebound:SpikyOuterGoop+1","Slimebound:RejuvenatingLick+1","Slimebound:AcidTongue","Slimebound:TongueLash","Slimebound:LivingWall","Slimebound:Prepare+1","Slimebound:ProtectTheBoss","Slimebound:ServeAndProtect+1","Slimebound:ViciousTackle"],"relics":["Slimebound:AbsorbEndCombat","Slimebound:AggressiveSlimeRelic","Eternal Feather","Meat on the Bone","Sozu","Chemical X","MutagenicStrength","Bag of Preparation","Peace Pipe","Red Mask","Astrolabe","Ice Cream","Oddly Smooth Stone","Centennial Puzzle","Gambling Chip","TungstenRod","Singing Bowl"],"acts_visited":["Exordium","TheCity","TheBeyond"],"potions_floor_usage":[],"damage_taken":[{"damage":2.0,"enemies":"2 Louse","floor":2.0,"turns":4.0},{"damage":0.0,"enemies":"downfall:FleeingMerchant","floor":3.0,"turns":4.0},{"damage":1.0,"enemies":"Cultist","floor":5.0,"turns":3.0},{"damage":1.0,"enemies":"Jaw Worm","floor":8.0,"turns":3.0},{"damage":11.0,"enemies":"downfall:FleeingMerchant","floor":9.0,"turns":4.0},{"damage":1.0,"enemies":"2 Fungi Beasts","floor":10.0,"turns":3.0},{"damage":19.0,"enemies":"Lagavulin","floor":11.0,"turns":5.0},{"damage":15.0,"enemies":"Large Slime","floor":12.0,"turns":3.0},{"damage":2.0,"enemies":"3 Louse","floor":13.0,"turns":3.0},{"damage":27.0,"enemies":"Gremlin Nob","floor":14.0,"turns":3.0},{"damage":0.0,"enemies":"Exordium Wildlife","floor":15.0,"turns":3.0},{"damage":56.0,"enemies":"DF_ARCHETYPE_STREAMLINE","floor":16.0,"turns":9.0},{"damage":0.0,"enemies":"Chosen","floor":19.0,"turns":4.0},{"damage":17.0,"enemies":"downfall:FleeingMerchant","floor":20.0,"turns":4.0},{"damage":36.0,"enemies":"downfall:Augmenter","floor":21.0,"turns":5.0},{"damage":16.0,"enemies":"downfall:FleeingMerchant","floor":23.0,"turns":3.0},{"damage":3.0,"enemies":"Snake Plant","floor":29.0,"turns":2.0},{"damage":6.0,"enemies":"Masked Bandits","floor":30.0,"turns":3.0},{"damage":3.0,"enemies":"Cultist and Chosen","floor":31.0,"turns":3.0},{"damage":21.0,"enemies":"Centurion and Healer","floor":32.0,"turns":4.0},{"damage":29.0,"enemies":"SI_MIRROR_ARCHETYPE","floor":33.0,"turns":6.0},{"damage":21,"enemies":"3 Darklings","floor":36,"turns":4},{"damage":51,"enemies":"2 Orb Walkers","floor":37,"turns":4},{"damage":8,"enemies":"3 Shapes","floor":39,"turns":3},{"damage":34,"enemies":"Nemesis","floor":40,"turns":5},{"damage":24,"enemies":"Maw","floor":42,"turns":5},{"damage":37,"enemies":"Reptomancer","floor":43,"turns":5},{"damage":26,"enemies":"Jaw Worm Horde","floor":45,"turns":4},{"damage":21,"enemies":"Nemesis","floor":46,"turns":5},{"damage":18,"enemies":"Nemesis","floor":47,"turns":3},{"damage":16,"enemies":"Reptomancer","floor":48,"turns":5},{"damage":6,"enemies":"Spire Growth","floor":49,"turns":4},{"damage":21,"enemies":"IC_BLOCK_ARCHETYPE","floor":50,"turns":7}],"seed_played":"-5144822101872456476","potions_obtained":[{"floor":5.0,"key":"Dexterity Potion"},{"floor":8.0,"key":"DuplicationPotion"},{"floor":10.0,"key":"SpeedPotion"},{"floor":16.0,"key":"FairyPotion"}],"is_trial":false,"path_per_floor":["R","M","$","?","M","R","T","M","$","M","E","M","M","E","M","B",null,"R","M","$","?","?","$","T","?","R","?","R","M","?","M","M","B",null,"R","M","?","?","M","E","T","M","E","R","M","E","?","E","M","B",null],"character_chosen":"SLIMEBOUND","items_purchased":["Chemical X","Bag of Preparation"],"campfire_rested":0,"item_purchase_floors":[20,23],"current_hp_per_floor":[65,63,62,62,62,62,62,62,56,59,59,61,62,54,58,20,62,62,62,47,44,33,37,37,37,49,49,61,62,62,67,65,58,67,67,65,32,32,44,30,30,41,39,57,52,54,59,53,61,63],"gold":440,"neow_bonus":"THREE_RARE_CARDS","is_daily":false,"chose_seed":false,"campfire_upgraded":7,"win_rate":0.0,"timestamp":1611467519,"path_taken":["R","M","$","?","?","R","T","M","$","M","E","M","M","E","M","BOSS","R","M","$","?","?","$","T","?","R","?","R","?","?","M","M","BOSS","R","M","?","?","M","E","T","M","E","R","M","E","?","E","M","BOSS"],"items_purchased_type":["Relic","Relic"],"build_version":"2020-12-22","purchased_purges":4,"victory":true,"max_hp_per_floor":[65,65,62,62,62,62,62,62,62,62,62,62,62,62,62,62,62,62,62,62,62,67,67,67,67,67,67,67,67,67,67,67,67,67,67,67,67,67,67,67,67,67,67,67,67,67,67,69,75,75],"card_choices":[{"not_picked":["Slimebound:RallyTheTroops","Slimebound:MassRepurpose"],"picked":"Slimebound:OozeBath","floor":0.0},{"not_picked":["Slimebound:LeechingTouch","Slimebound:SlimeSpikes"],"picked":"Slimebound:LeechEnergy","floor":2.0},{"not_picked":["Slimebound:RollThrough","Slimebound:DivideAndConquer"],"picked":"Slimebound:FinishingTackle","floor":3.0},{"not_picked":["Slimebound:SplitLeeching","Slimebound:SpikyOuterGoop"],"picked":"Slimebound:Dissolve","floor":5.0},{"not_picked":["Slimebound:HauntingLick","Slimebound:SlimeSpikes"],"picked":"Slimebound:Repurpose","floor":8.0},{"not_picked":["Slimebound:AcidTongue","Slimebound:LeechEnergy","Slimebound:GoopTackle"],"picked":"SKIP","floor":9.0},{"not_picked":["Slimebound:HauntingLick","Slimebound:Schlurp"],"picked":"Slimebound:DuplicatedForm","floor":10.0},{"not_picked":["Slimebound:SplitLeeching","Slimebound:SlimeTap"],"picked":"Slimebound:Schlurp","floor":11.0},{"not_picked":["Slimebound:AcidTongue","Slimebound:TongueLash"],"picked":"Slimebound:Teamwork","floor":12.0},{"not_picked":["Slimebound:Prepare","Slimebound:GoopSpray"],"picked":"Slimebound:MegaLick","floor":13.0},{"not_picked":["Slimebound:Prepare","Slimebound:PressTheAttack"],"picked":"Slimebound:ComboTackle","floor":14.0},{"not_picked":["Slimebound:SplitAcid","Slimebound:LivingWall","Slimebound:Grow"],"picked":"SKIP","floor":15.0},{"not_picked":["Slimebound:OneTwoCombo","Slimebound:DuplicatedForm"],"picked":"Slimebound:OozeBath","floor":16.0},{"not_picked":["Slimebound:SplitLeeching","Slimebound:LeechEnergy+1"],"picked":"Slimebound:GrowthPunch","floor":19.0},{"not_picked":["Slimebound:SplitLeeching","Slimebound:Chomp"],"picked":"Slimebound:RainOfGoop+1","floor":20.0},{"not_picked":[],"picked":"J.A.X.","floor":21.0},{"not_picked":["Slimebound:GrowthPunch","Slimebound:Schlurp"],"picked":"Slimebound:Nibble","floor":21.0},{"not_picked":["Slimebound:Chomp+1","Slimebound:SlimeBarrage"],"picked":"Slimebound:SamplingLick+1","floor":23.0},{"not_picked":["Slimebound:CheckThePlaybook","Slimebound:LeechingTouch+1"],"picked":"Slimebound:SamplingLick+1","floor":29.0},{"not_picked":["Slimebound:LeechEnergy","Slimebound:SplitAcid"],"picked":"Slimebound:GoopSpray","floor":30.0},{"not_picked":["Slimebound:ProtectTheBoss","Slimebound:Schlurp","Slimebound:Replication"],"picked":"SKIP","floor":31.0},{"not_picked":["Slimebound:ProtectTheBoss","Slimebound:Replication"],"picked":"Slimebound:Schlurp","floor":31.0},{"not_picked":["Slimebound:DivideAndConquer","Slimebound:GoopTackle"],"picked":"Slimebound:WasteNot","floor":32.0},{"not_picked":["Slimebound:PrepareCrush","Slimebound:FirmFortitude"],"picked":"Slimebound:OozeBath","floor":33.0},{"not_picked":["Slimebound:Prepare","Slimebound:HauntingLick"],"picked":"Slimebound:AcidTongue","floor":36},{"not_picked":["Slimebound:LivingWall","Slimebound:ItLooksTasty+1"],"picked":"Slimebound:TongueLash","floor":37},{"not_picked":["Slimebound:ServeAndProtect","Slimebound:FinishingTackle+1"],"picked":"Slimebound:LivingWall","floor":39},{"not_picked":["Slimebound:LeechLife","Slimebound:SlimeSpikes","Slimebound:OneTwoCombo"],"picked":"SKIP","floor":40},{"not_picked":["Slimebound:GoopTackle+1","Slimebound:Equalize"],"picked":"Slimebound:Prepare+1","floor":42},{"not_picked":["Slimebound:LivingWall+1","Slimebound:GrowthPunch+1","Slimebound:TongueLash"],"picked":"SKIP","floor":43},{"not_picked":["Slimebound:RejuvenatingLick","Slimebound:LivingWall+1"],"picked":"Slimebound:ProtectTheBoss","floor":45},{"not_picked":["Slimebound:GoopTackle","Slimebound:DivideAndConquer+1"],"picked":"Slimebound:ServeAndProtect+1","floor":46},{"not_picked":["Slimebound:DivideAndConquer+1","Slimebound:PressTheAttack"],"picked":"Slimebound:ViciousTackle","floor":47},{"not_picked":["Slimebound:ComboTackle+1","Slimebound:Grow+1","Slimebound:LeadByExample+1"],"picked":"Singing Bowl","floor":48},{"not_picked":["Slimebound:LeechEnergy","Slimebound:RollThrough","Slimebound:SlimeSpikes+1"],"picked":"Singing Bowl","floor":49}],"player_experience":506594,"relics_obtained":[{"floor":7.0,"key":"Slimebound:AggressiveSlimeRelic"},{"floor":11.0,"key":"Eternal Feather"},{"floor":14.0,"key":"Meat on the Bone"},{"floor":21.0,"key":"MutagenicStrength"},{"floor":24.0,"key":"Peace Pipe"},{"floor":30.0,"key":"Red Mask"},{"floor":37,"key":"Ice Cream"},{"floor":40,"key":"Oddly Smooth Stone"},{"floor":41,"key":"Centennial Puzzle"},{"floor":43,"key":"Gambling Chip"},{"floor":46,"key":"TungstenRod"},{"floor":48,"key":"Singing Bowl"}],"event_choices":[{"damage_healed":0.0,"max_hp_gain":0.0,"max_hp_loss":0.0,"gold_gain":0.0,"event_name":"Masked Bandits","player_choice":"Fought Bandits","floor":30.0,"gold_loss":0.0,"damage_taken":0.0},{"damage_healed":0,"gold_gain":0,"player_choice":"Fight","damage_taken":0,"max_hp_gain":0,"max_hp_loss":0,"event_name":"Mysterious Sphere","floor":37,"gold_loss":0},{"cards_removed":["Slimebound:GoopSpray"],"damage_healed":0,"gold_gain":0,"player_choice":"Removed Skill","damage_taken":0,"max_hp_gain":0,"max_hp_loss":0,"event_name":"Falling","floor":38,"gold_loss":0}],"is_beta":false,"boss_relics":[{"not_picked":["Cursed Key","Slimebound:AbsorbEndCombatUpgraded"],"picked":"Sozu"},{"not_picked":["Snecko Eye","Velvet Choker"],"picked":"Astrolabe"}],"items_purged_floors":[3,20,23,23],"is_endless":false,"potions_floor_spawned":[5,8,10,12,13,16,29,30,31,32,33,36,39,40,43,47],"ascension_level":0}}