{"host":"q6ff4ns2kep02ti6","time":1611514139,"event":{"mods":["AchievementEnabler","BaseMod","Minty Spire (QoL Compilation)","Relic Stats","StSLib","Unceasing Turn Reminder"],"gold_per_floor":[113,131,148,166,166,166,179,223,296,296,471,511,483,39,39,39,39],"floor_reached":16,"language":"ENG","playtime":787,"items_purged":["Doubt"],"score":165,"play_id":"2eed2617-6c8f-4f4b-b7ad-1a25b677f0c3","local_time":"20210124194859","is_ascension_mode":true,"campfire_choices":[{"data":"Consume","floor":6,"key":"SMITH"},{"floor":10,"key":"REST"},{"data":"Dualcast","floor":15,"key":"SMITH"}],"circlet_count":0,"master_deck":["AscendersBane","Strike_B","Strike_B","Strike_B","Strike_B","Defend_B","Defend_B","Defend_B","Defend_B","Zap+1","Dualcast+1","Consume+1","Rebound","Ball Lightning","Genetic Algorithm","Seek"],"relics":["Cracked Core","Golden Idol","Smiling Mask","Singing Bowl","CaptainsWheel","Bottled Lightning","Lantern"],"acts_visited":["Exordium"],"potions_floor_usage":[8,8,12,16],"damage_taken":[{"damage":0,"enemies":"Small Slimes","floor":1,"turns":3},{"damage":16,"enemies":"2 Louse","floor":2,"turns":2},{"damage":2,"enemies":"Jaw Worm","floor":3,"turns":3},{"damage":2,"enemies":"Exordium Thugs","floor":4,"turns":4},{"damage":17,"enemies":"Gremlin Gang","floor":7,"turns":3},{"damage":39,"enemies":"3 Sentries","floor":8,"turns":5},{"damage":25,"enemies":"Lagavulin","floor":12,"turns":5},{"damage":13,"enemies":"Slime Boss","floor":16,"turns":4}],"seed_played":"-7161757150938197290","potions_obtained":[{"floor":1,"key":"Regen Potion"},{"floor":2,"key":"SteroidPotion"},{"floor":4,"key":"Swift Potion"},{"floor":8,"key":"Swift Potion"},{"floor":12,"key":"Dexterity Potion"}],"is_trial":false,"path_per_floor":["M","M","M","M","?","R","M","E","T","R","?","E","?","$","R","B"],"character_chosen":"DEFECT","items_purchased":["Bottled Lightning","Lantern"],"campfire_rested":1,"item_purchase_floors":[14,14],"current_hp_per_floor":[68,52,50,48,48,48,31,6,6,26,26,3,3,3,3,0,0],"gold":39,"neow_bonus":"UPGRADE_CARD","is_daily":false,"chose_seed":false,"campfire_upgraded":2,"win_rate":0.0,"timestamp":1611514139,"path_taken":["M","M","M","M","?","R","M","E","T","R","?","E","?","$","R","BOSS"],"items_purchased_type":["Relic","Relic"],"build_version":"2020-12-22","purchased_purges":1,"victory":false,"max_hp_per_floor":[75,75,75,75,69,69,69,69,69,69,69,71,71,71,71,71,71],"relic_stats":{"Singing Bowl":2,"counters":[8,29],"Golden Idol":20,"Smiling Mask":25,"obtain_stats":[{"CaptainsWheel":12,"Lantern":14,"Singing Bowl":9,"Golden Idol":5,"Bottled Lightning":14,"Cracked Core":0,"Smiling Mask":8},{"CaptainsWheel":7,"Lantern":7,"Singing Bowl":6,"Golden Idol":4,"Bottled Lightning":7,"Cracked Core":0,"Smiling Mask":6},{"CaptainsWheel":25,"Lantern":25,"Singing Bowl":20,"Golden Idol":12,"Bottled Lightning":25,"Cracked Core":0,"Smiling Mask":20}]},"card_choices":[{"not_picked":["Loop","Ball Lightning"],"picked":"Consume","floor":1},{"not_picked":["BootSequence","Skim"],"picked":"Rebound","floor":2},{"not_picked":["Barrage","Steam","Streamline"],"picked":"SKIP","floor":3},{"not_picked":["Turbo","Compile Driver"],"picked":"Ball Lightning","floor":4},{"not_picked":["Stack","Beam Cell"],"picked":"Genetic Algorithm","floor":7},{"not_picked":["Skim","Storm"],"picked":"Seek","floor":8},{"not_picked":["Sweeping Beam","Hologram","Hello World"],"picked":"Singing Bowl","floor":12}],"player_experience":1022283,"relics_obtained":[{"floor":8,"key":"Smiling Mask"},{"floor":9,"key":"Singing Bowl"},{"floor":12,"key":"CaptainsWheel"}],"event_choices":[{"damage_healed":0,"gold_gain":0,"player_choice":"Lose Max HP","damage_taken":0,"relics_obtained":["Golden Idol"],"max_hp_gain":0,"max_hp_loss":6,"event_name":"Golden Idol","floor":5,"gold_loss":0},{"damage_healed":0,"gold_gain":175,"player_choice":"AGREE","damage_taken":0,"max_hp_gain":0,"max_hp_loss":0,"event_name":"Liars Game","floor":11,"gold_loss":0,"cards_obtained":["Doubt"]},{"damage_healed":0,"gold_gain":0,"player_choice":"Left Gold","damage_taken":0,"max_hp_gain":0,"max_hp_loss":0,"event_name":"World of Goop","floor":13,"gold_loss":28}],"is_beta":false,"boss_relics":[],"items_purged_floors":[14],"is_endless":false,"potions_floor_spawned":[1,2,4,8,12],"killed_by":"Slime Boss","ascension_level":10}}