{"host":"takgv9cv6xf64vhq","time":1611458124,"event":{"mods":["BaseMod","Colored Powertips","Downfall","Marisa£®ÏF”Í°°ƒß¿Ì…≥£©","Minty Spire (QoL Compilation)","Replay The Spire","StSLib","The Cursed"],"gold_per_floor":[119,119,138,138,158,158,168,168,237,251,277,293,326,338,338,435,435,454,454,454,69,82,82,112,112,182,197,197,197,210,237,237,335,335,345,357,43,60,60,106,140,153,153,164,164,187,206,218,218,218,218,218,20,52,52],"floor_reached":56,"language":"ZHS","playtime":4583,"items_purged":[],"score":1346,"play_id":"00a13ae4-a68f-431e-8454-ab14599a5472","local_time":"20210124111524","is_ascension_mode":false,"campfire_choices":[{"data":"Neutralize","floor":6,"key":"SMITH"},{"data":"A Thousand Cuts","floor":23,"key":"SMITH"},{"data":"Caltrops","floor":25,"key":"SMITH"},{"data":"Footwork","floor":29,"key":"SMITH"},{"data":"Dodge and Roll","floor":32,"key":"SMITH"},{"floor":45,"key":"RECALL"},{"data":"Footwork","floor":49,"key":"SMITH"},{"data":"Crippling Poison","floor":52,"key":"SMITH"}],"circlet_count":0,"master_deck":["Strike_G","Strike_G","Strike_G+1","Defend_G+1","Defend_G+2","Defend_G+1","Defend_G+1","Defend_G+1","Survivor","Neutralize+1","Dagger Throw","Crippling Poison+1","Caltrops+1","Dagger Spray","Dagger Spray","A Thousand Cuts+1","Dodge and Roll+1","Atom Bomb","Footwork+1","Corpse Explosion+1","PiercingWail+1","Toxin Wave+1","Midas Touch+1","Outmaneuver+1","Dodge and Roll+1","Dagger Throw","Backflip+1","Bullet Time+1","Footwork+1","Prepared+1","ReplayTheSpireMod:Tripwire+1","Madness+1","Madness+1","Terror+1","Caltrops+1","Catalyst+1","Quick Slash+1","Eviscerate","Underhanded Strike+1","Tactician+1"],"relics":["Ring of the Snake","NeowsBlessing","Replay:Ringing Soul","Omamori","Pen Nib","Toxic Egg 2","Replay:Bronze Core","Nilry\u0027s Codex","FaceOfCleric","Blood Vial","Incense Burner","Replay:Bottled Eggs","Simple Rune","Snecko Scales","Tough Bandages","Vampiric Spirits","Smiling Mask","ReplayTheSpireMod:Shallot","Oddly Smooth Stone","Strange Spoon","Unceasing Top"],"acts_visited":["Exordium","TheCity","TheBeyond","TheEnding"],"potions_floor_usage":[13,16,16,16,16,22,24,24,24,31,33,33,42,55,55,55],"damage_taken":[{"damage":0,"enemies":"Small Slimes","floor":1,"turns":1},{"damage":0,"enemies":"Cultist","floor":3,"turns":1},{"damage":0,"enemies":"Jaw Worm","floor":5,"turns":1},{"damage":10,"enemies":"2 Fungi Beasts","floor":7,"turns":3},{"damage":0,"enemies":"Gremlin Gang","floor":10,"turns":1},{"damage":5,"enemies":"Exordium Wildlife","floor":12,"turns":3},{"damage":22,"enemies":"3 Sentries","floor":13,"turns":6},{"damage":2,"enemies":"Lots of Slimes","floor":14,"turns":2},{"damage":14,"enemies":"The Guardian","floor":16,"turns":8},{"damage":11,"enemies":"Spheric Guardian","floor":18,"turns":7},{"damage":0,"enemies":"Shell Parasite","floor":22,"turns":5},{"damage":6,"enemies":"Book of Stabbing","floor":24,"turns":1},{"damage":4,"enemies":"Shelled Parasite and Fungi","floor":27,"turns":6},{"damage":20,"enemies":"Snake Plant","floor":30,"turns":4},{"damage":0,"enemies":"Gremlin Leader","floor":31,"turns":7},{"damage":33,"enemies":"Champ","floor":33,"turns":11},{"damage":0,"enemies":"3 Darklings","floor":35,"turns":2},{"damage":2,"enemies":"3 Shapes","floor":36,"turns":3},{"damage":0,"enemies":"3 Darklings","floor":38,"turns":2},{"damage":7,"enemies":"2 Orb Walkers","floor":40,"turns":4},{"damage":21,"enemies":"Reptomancer","floor":41,"turns":4},{"damage":0,"enemies":"Transient","floor":42,"turns":5},{"damage":0,"enemies":"Writhing Mass","floor":44,"turns":1},{"damage":7,"enemies":"Jaw Worm Horde","floor":47,"turns":3},{"damage":0,"enemies":"Maw","floor":48,"turns":6},{"damage":7,"enemies":"Time Eater","floor":50,"turns":10},{"damage":1,"enemies":"Shield and Spear","floor":54,"turns":4},{"damage":1,"enemies":"The Heart","floor":55,"turns":7}],"seed_played":"-2433522000823589966","potions_obtained":[{"floor":7,"key":"Regen Potion"},{"floor":10,"key":"Death Potion"},{"floor":12,"key":"EntropicBrew"},{"floor":14,"key":"SkillPotion"},{"floor":16,"key":"Explosive Potion"},{"floor":22,"key":"Fire Potion"},{"floor":27,"key":"LiquidMemories"},{"floor":30,"key":"Adrenaline Potion"},{"floor":31,"key":"Death Potion"},{"floor":35,"key":"Strength Potion"},{"floor":41,"key":"Poison Potion"},{"floor":44,"key":"Toxic Potion"}],"is_trial":false,"path_per_floor":["M","?","M","?","M","R","M","?","T","M","T","M","E","M","R","B",null,"M","?","?","$","M","R","E","R","T","M","T","R","M","E","R","B",null,"M","M","$","M","?","?","E","M","T","M","R","T","M","M","R","B",null,"R","$","E","B",null],"character_chosen":"THE_SILENT","items_purchased":["Toxin Wave+1","Blood Vial","Midas Touch+1","Tough Bandages","Strange Spoon","Energy Potion"],"campfire_rested":0,"item_purchase_floors":[21,21,21,37,53,53],"current_hp_per_floor":[70,70,70,70,70,70,60,70,70,73,73,71,67,68,61,50,85,77,61,61,64,70,70,70,70,70,72,72,72,55,61,61,34,112,116,118,118,124,111,110,103,109,109,143,143,143,140,150,150,145,152,152,152,155,156],"gold":52,"neow_bonus":"THREE_ENEMY_KILL","is_daily":false,"chose_seed":false,"campfire_upgraded":7,"win_rate":0.0,"timestamp":1611458124,"path_taken":["M","?","?","?","M","R","M","?","T","?","?","?","E","M","R","BOSS","M","?","?","$","?","R","E","R","T","M","?","R","M","E","R","BOSS","M","?","$","M","?","?","E","M","T","M","R","?","M","M","R","BOSS","R","$","E","BOSS"],"items_purchased_type":["Card","Relic","Card","Relic","Relic","Potion"],"build_version":"2020-12-22","purchased_purges":0,"victory":true,"max_hp_per_floor":[70,70,70,70,70,70,70,70,70,73,73,76,79,82,82,85,85,88,88,88,91,95,95,99,99,99,103,103,103,104,108,108,112,112,116,120,120,124,127,131,135,139,139,143,143,143,147,151,151,152,152,152,152,156,157],"card_choices":[{"not_picked":["Flying Knee","Acrobatics"],"picked":"Dagger Throw","floor":1},{"not_picked":["Calculated Gamble","Crippling Poison"],"picked":"Caltrops","floor":3},{"not_picked":["Distraction","Acrobatics"],"picked":"Dagger Spray","floor":5},{"not_picked":["Dagger Throw","Well Laid Plans"],"picked":"Dagger Spray","floor":7},{"not_picked":["Sucker Punch","Dash"],"picked":"A Thousand Cuts","floor":10},{"not_picked":["Acrobatics","Slice"],"picked":"Dodge and Roll","floor":12},{"not_picked":["Tools of the Trade","Burst"],"picked":"Atom Bomb","floor":13},{"not_picked":["Dagger Spray","PiercingWail"],"picked":"Footwork","floor":14},{"not_picked":["Burst+1","Adrenaline+1"],"picked":"Corpse Explosion+1","floor":16},{"not_picked":["Dagger Throw","Prepared+1"],"picked":"PiercingWail+1","floor":18},{"not_picked":["Well Laid Plans","Dagger Spray"],"picked":"Outmaneuver+1","floor":22},{"not_picked":["Infinite Blades+1","Tactician+1"],"picked":"Dodge and Roll+1","floor":24},{"not_picked":["Poisoned Stab","Flying Knee"],"picked":"Dagger Throw","floor":27},{"not_picked":["Underhanded Strike","Sucker Punch","Finisher"],"picked":"SKIP","floor":30},{"not_picked":["Expertise+1","Hidden Blade+1"],"picked":"Backflip+1","floor":31},{"not_picked":["Night Terror+1","Corpse Explosion+1"],"picked":"Bullet Time+1","floor":33},{"not_picked":["Acrobatics+1","Dodge and Roll+1"],"picked":"Footwork","floor":35},{"not_picked":["Acrobatics+1","Bane"],"picked":"Prepared+1","floor":36},{"not_picked":["Dodge and Roll+1","Escape Plan+1"],"picked":"ReplayTheSpireMod:Tripwire+1","floor":38},{"not_picked":["Toxin Wave+1","Deadly Poison+1"],"picked":"Terror+1","floor":40},{"not_picked":["Replay:Bag of Tricks+1","Sucker Punch"],"picked":"Caltrops+1","floor":41},{"not_picked":["Backflip+1","Flying Knee+1"],"picked":"Catalyst+1","floor":42},{"not_picked":["All Out Attack","Acrobatics+1"],"picked":"Quick Slash+1","floor":44},{"not_picked":["Terror+1","Poisoned Stab+1"],"picked":"Eviscerate","floor":47},{"not_picked":["Acrobatics+1","Escape Plan+1"],"picked":"Underhanded Strike+1","floor":48},{"not_picked":["Expertise+1","Riddle With Holes"],"picked":"Tactician+1","floor":54}],"player_experience":34984,"relics_obtained":[{"floor":9,"key":"Replay:Ringing Soul"},{"floor":11,"key":"Omamori"},{"floor":13,"key":"Pen Nib"},{"floor":19,"key":"Nilry\u0027s Codex"},{"floor":24,"key":"Incense Burner"},{"floor":28,"key":"Replay:Bottled Eggs"},{"floor":31,"key":"Simple Rune"},{"floor":40,"key":"Vampiric Spirits"},{"floor":41,"key":"Smiling Mask"},{"floor":43,"key":"ReplayTheSpireMod:Shallot"},{"floor":46,"key":"Oddly Smooth Stone"},{"floor":54,"key":"Unceasing Top"}],"event_choices":[{"damage_healed":0,"gold_gain":0,"cards_transformed":["Strike_G"],"player_choice":"Transformed","damage_taken":0,"max_hp_gain":0,"max_hp_loss":0,"event_name":"Transmorgrifier","floor":2,"gold_loss":0,"cards_obtained":["Crippling Poison"]},{"damage_healed":10,"gold_gain":0,"player_choice":"Full Heal","damage_taken":0,"max_hp_gain":0,"max_hp_loss":0,"event_name":"Wheel of Change","floor":8,"gold_loss":0},{"damage_healed":0,"gold_gain":0,"player_choice":"Success","damage_taken":7,"relics_obtained":["Toxic Egg 2"],"max_hp_gain":0,"max_hp_loss":0,"event_name":"Scrap Ooze","floor":15,"gold_loss":0},{"damage_healed":0,"gold_gain":0,"player_choice":"Obtained Book","damage_taken":16,"max_hp_gain":0,"max_hp_loss":0,"event_name":"Cursed Tome","floor":19,"gold_loss":0},{"damage_healed":0,"gold_gain":0,"player_choice":"Trade","damage_taken":0,"relics_obtained":["FaceOfCleric"],"max_hp_gain":0,"max_hp_loss":0,"event_name":"FaceTrader","floor":20,"gold_loss":0},{"damage_healed":0,"gold_gain":0,"player_choice":"Embrace Madness","damage_taken":16,"max_hp_gain":0,"max_hp_loss":0,"event_name":"Winding Halls","floor":39,"gold_loss":0,"cards_obtained":["Madness","Madness"]},{"damage_healed":0,"gold_gain":0,"player_choice":"Fight","damage_taken":0,"max_hp_gain":0,"max_hp_loss":0,"event_name":"Mysterious Sphere","floor":40,"gold_loss":0}],"is_beta":false,"boss_relics":[{"not_picked":["Kintsugi","Empty Cage"],"picked":"Replay:Bronze Core"},{"not_picked":["Black Star","SacredBark"],"picked":"Snecko Scales"}],"items_purged_floors":[],"is_endless":false,"potions_floor_spawned":[7,10,12,14,16,22,27,30,31,35,41,44],"ascension_level":0}}