{"host":"cgy","time":1611501727,"event":{"mods":["BaseMod","Downfall","Minty Spire (QoL Compilation)","StSLib","The Bug Knight","Warlord Emblem"],"gold_per_floor":[110,120,120,138,63,88,88,38,90,120,120,139,39,74,74,172,172,182,182,107,122,139,169,169,204,204,204,224,243,269,169,169,266,266,286,333,92,0,20,46,46,79,79,79,113,127,77,104,104,104,104,104,54,85,85],"floor_reached":56,"language":"ZHS","playtime":1546,"items_purged":["WarlordEmblem:Defend_DK","WarlordEmblem:DeathGateway","WarlordEmblem:Defend_DK","WarlordEmblem:Defend_DK","WarlordEmblem:RuneStrike","WarlordEmblem:RuneStrike+1"],"score":1705,"play_id":"71f679e8-fccf-4fbf-bd02-75d6079ef5bf","local_time":"20210124232207","is_ascension_mode":true,"campfire_choices":[{"floor":7.0,"key":"RECALL"},{"floor":15,"key":"REST"},{"data":"WarlordEmblem:FrozenTouch","floor":24,"key":"SMITH"},{"data":"WarlordEmblem:BodyStrike","floor":32,"key":"SMITH"},{"data":"WarlordEmblem:RuneDefend","floor":41,"key":"SMITH"},{"data":"WarlordEmblem:RuneStrike","floor":44,"key":"SMITH"},{"data":"WarlordEmblem:BlackCommand","floor":49,"key":"SMITH"}],"circlet_count":0,"master_deck":["WarlordEmblem:RuneDefend+1","WarlordEmblem:Frostmourne+1","WarlordEmblem:BodyStrike+1","WarlordEmblem:FrozenTouch+1","WarlordEmblem:BodyStrike+1","WarlordEmblem:BlackCommand+1","WarlordEmblem:DeathContract+1","WarlordEmblem:BlackCommand+1","WarlordEmblem:FrozenChain+1"],"relics":["WarlordEmblem:RuneSword","WarlordEmblem:DKHelm","WarlordEmblem:DK_Ghoul","Strawberry","Centennial Puzzle","PreservedInsect","Torii","Coffee Dripper","MutagenicStrength","Bag of Marbles","Bottled Lightning","The Courier","Molten Egg 2","Philosopher\u0027s Stone","Smiling Mask","Pear","Red Mask","Potion Belt","Darkstone Periapt","FossilizedHelix","Art of War","Orichalcum","Bag of Preparation"],"acts_visited":["Exordium","TheCity","TheBeyond","TheEnding"],"potions_floor_usage":[16,16,16,33,33,33,46,46,46,46,55],"damage_taken":[{"damage":6.0,"enemies":"Jaw Worm","floor":1.0,"turns":5.0},{"damage":0.0,"enemies":"Cultist","floor":2.0,"turns":4.0},{"damage":5.0,"enemies":"2 Louse","floor":4.0,"turns":3.0},{"damage":0.0,"enemies":"Lagavulin","floor":6.0,"turns":5.0},{"damage":5.0,"enemies":"Gremlin Nob","floor":10.0,"turns":4.0},{"damage":6.0,"enemies":"Exordium Wildlife","floor":12.0,"turns":2.0},{"damage":9,"enemies":"3 Sentries","floor":14,"turns":3},{"damage":15,"enemies":"Hexaghost","floor":16,"turns":5},{"damage":0,"enemies":"Shell Parasite","floor":18,"turns":4},{"damage":8,"enemies":"2 Thieves","floor":21,"turns":3},{"damage":0,"enemies":"Snake Plant","floor":22,"turns":3},{"damage":2,"enemies":"Slavers","floor":23,"turns":2},{"damage":0,"enemies":"Gremlin Leader","floor":25,"turns":3},{"damage":0,"enemies":"Centurion and Healer","floor":28,"turns":3},{"damage":0,"enemies":"Snecko","floor":29,"turns":3},{"damage":8,"enemies":"Slavers","floor":30,"turns":2},{"damage":0,"enemies":"Champ","floor":33,"turns":5},{"damage":0,"enemies":"3 Shapes","floor":35,"turns":2},{"damage":0,"enemies":"3 Darklings","floor":39,"turns":2},{"damage":0,"enemies":"Giant Head","floor":40,"turns":4},{"damage":0,"enemies":"Reptomancer","floor":42,"turns":2},{"damage":0,"enemies":"Giant Head","floor":45,"turns":4},{"damage":0,"enemies":"Transient","floor":46,"turns":5},{"damage":0,"enemies":"Reptomancer","floor":48,"turns":2},{"damage":0,"enemies":"Awakened One","floor":50,"turns":4},{"damage":0,"enemies":"Shield and Spear","floor":54,"turns":2},{"damage":21,"enemies":"The Heart","floor":55,"turns":5}],"seed_played":"5060092865290785515","potions_obtained":[{"floor":1.0,"key":"ColorlessPotion"},{"floor":2.0,"key":"SpeedPotion"},{"floor":4.0,"key":"Strength Potion"},{"floor":16,"key":"WarlordEmblem:DKPoisonPotion"},{"floor":18,"key":"DuplicationPotion"},{"floor":21,"key":"BlessingOfTheForge"},{"floor":33,"key":"SkillPotion"},{"floor":35,"key":"Dexterity Potion"},{"floor":39,"key":"PowerPotion"},{"floor":40,"key":"bronze:BurnAndBuffPotion"},{"floor":45,"key":"BlessingOfTheForge"},{"floor":54,"key":"Dexterity Potion"}],"is_trial":false,"path_per_floor":["M","M","?","M","$","E","R","?","T","E","T","M","$","E","R","B",null,"M","?","?","M","M","E","R","E","T","?","M","M","E","$","R","B",null,"M","T","$","?","M","E","R","E","T","R","E","M","$","E","R","B",null,"R","$","E","B",null],"character_chosen":"DeathKnight","items_purchased":["Pear"],"campfire_rested":1,"item_purchase_floors":[37],"current_hp_per_floor":[74,74,74,69,69,76,76,76,76,71,71,65,65,56,82,67,87,87,87,87,79,79,77,77,77,77,77,77,77,69,69,69,69,87,87,87,97,97,97,97,97,97,97,97,99,101,101,101,101,103,103,103,103,103,82],"gold":85,"neow_bonus":"TRANSFORM_CARD","is_daily":false,"chose_seed":false,"campfire_upgraded":5,"win_rate":0.0,"timestamp":1611501727,"path_taken":["M","M","?","?","$","E","R","?","T","E","?","?","?","E","R","BOSS","M","?","?","M","M","E","R","E","T","?","?","M","E","$","R","BOSS","M","?","$","?","M","E","R","E","T","R","E","M","?","E","R","BOSS","R","$","E","BOSS"],"items_purchased_type":["Relic"],"build_version":"2020-12-18","purchased_purges":6,"victory":true,"max_hp_per_floor":[80,80,80,80,80,87,87,87,87,87,87,87,87,87,87,87,87,87,87,87,87,87,87,87,87,87,87,87,87,87,87,87,87,87,87,87,97,97,97,97,97,97,97,97,99,101,101,101,101,103,103,103,103,103,103],"card_choices":[{"not_picked":["WarlordEmblem:DeathShake","WarlordEmblem:WrathOfSindragosa","WarlordEmblem:HeartStrike"],"picked":"SKIP","floor":1.0},{"not_picked":["WarlordEmblem:RuneFocus","WarlordEmblem:VoidStrike","WarlordEmblem:ForceDeflexion"],"picked":"SKIP","floor":2.0},{"not_picked":["WarlordEmblem:VoidDefend","WarlordEmblem:DeathStrike"],"picked":"WarlordEmblem:BodyStrike","floor":4.0},{"not_picked":["WarlordEmblem:DeathStrike","WarlordEmblem:WrathOfSindragosa","WarlordEmblem:SwordWave"],"picked":"SKIP","floor":6.0},{"not_picked":["WarlordEmblem:BloodSacrifice","WarlordEmblem:EvilWorm","WarlordEmblem:RunePerfusion"],"picked":"SKIP","floor":10.0},{"not_picked":["WarlordEmblem:BloodSacrifice","WarlordEmblem:EvilSee","WarlordEmblem:LichBody"],"picked":"SKIP","floor":12.0},{"not_picked":["WarlordEmblem:HeartStrike","WarlordEmblem:ForceDeflexion","WarlordEmblem:VoidStrike"],"picked":"SKIP","floor":14},{"not_picked":["WarlordEmblem:RuneIndex","WarlordEmblem:CondemnStrike"],"picked":"WarlordEmblem:FrozenTouch","floor":16},{"not_picked":["WarlordEmblem:DeathCoil","WarlordEmblem:RuneRecast+1","WarlordEmblem:AntiMagicShield"],"picked":"SKIP","floor":18},{"not_picked":["WarlordEmblem:SwordWave+1","WarlordEmblem:BloodSacrifice+1","WarlordEmblem:Withstand"],"picked":"SKIP","floor":21},{"not_picked":["WarlordEmblem:DeathGateway","WarlordEmblem:BloodStrike+1","WarlordEmblem:WrathOfSindragosa"],"picked":"SKIP","floor":22},{"not_picked":["WarlordEmblem:LichBody","WarlordEmblem:CurseStrike","WarlordEmblem:CondemnStrike"],"picked":"SKIP","floor":23},{"not_picked":["WarlordEmblem:DeathWither","WarlordEmblem:EvilStrike","WarlordEmblem:BloodMask"],"picked":"SKIP","floor":25},{"not_picked":["WarlordEmblem:BodyStrike","WarlordEmblem:Withstand","WarlordEmblem:ForceDeflexion"],"picked":"SKIP","floor":28},{"not_picked":["WarlordEmblem:DeathStrike","WarlordEmblem:HeartStrike","WarlordEmblem:VoidStrike"],"picked":"SKIP","floor":29},{"not_picked":["WarlordEmblem:BloodMask+1","WarlordEmblem:Execute+1"],"picked":"WarlordEmblem:BodyStrike+1","floor":30},{"not_picked":["WarlordEmblem:RuneRecast","WarlordEmblem:WillOfTheNecropolis","WarlordEmblem:EvilSee+1"],"picked":"SKIP","floor":35},{"not_picked":["WarlordEmblem:DeathStrike+1","WarlordEmblem:FrozenDeath+1","WarlordEmblem:FrostbiteStrike+1"],"picked":"SKIP","floor":39},{"not_picked":["WarlordEmblem:CurseStrike+1","WarlordEmblem:BloodStrike+1"],"picked":"WarlordEmblem:BlackCommand+1","floor":40},{"not_picked":["WarlordEmblem:CurseBlade","WarlordEmblem:FrozenChain+1"],"picked":"WarlordEmblem:DeathContract+1","floor":42},{"not_picked":["WarlordEmblem:EvilSee","WarlordEmblem:Potential","WarlordEmblem:FrozenDeath+1"],"picked":"SKIP","floor":45},{"not_picked":["WarlordEmblem:RuneExplode+1","WarlordEmblem:RuneRegen","WarlordEmblem:WinterHorn"],"picked":"SKIP","floor":46},{"not_picked":["WarlordEmblem:Execute+1","WarlordEmblem:DeathContract+1"],"picked":"WarlordEmblem:BlackCommand","floor":48},{"not_picked":["WarlordEmblem:FrozenWill","WarlordEmblem:RuneRecover"],"picked":"WarlordEmblem:FrozenChain+1","floor":54}],"player_experience":145418,"relics_obtained":[{"floor":6.0,"key":"Strawberry"},{"floor":10.0,"key":"Centennial Puzzle"},{"floor":11.0,"key":"PreservedInsect"},{"floor":14,"key":"Torii"},{"floor":23,"key":"Bag of Marbles"},{"floor":25,"key":"Bottled Lightning"},{"floor":26,"key":"The Courier"},{"floor":30,"key":"Molten Egg 2"},{"floor":36,"key":"Smiling Mask"},{"floor":40,"key":"Potion Belt"},{"floor":42,"key":"Darkstone Periapt"},{"floor":43,"key":"FossilizedHelix"},{"floor":45,"key":"Art of War"},{"floor":48,"key":"Orichalcum"},{"floor":54,"key":"Bag of Preparation"}],"event_choices":[{"damage_healed":0.0,"max_hp_gain":0.0,"max_hp_loss":0.0,"gold_gain":0.0,"event_name":"Accursed Blacksmith","player_choice":"Forge","floor":3.0,"gold_loss":0.0,"damage_taken":0.0,"cards_upgraded":["WarlordEmblem:Frostmourne"]},{"cards_removed":["WarlordEmblem:RuneStrike"],"damage_healed":0.0,"max_hp_gain":0.0,"max_hp_loss":0.0,"gold_gain":0.0,"event_name":"The Cleric","player_choice":"Card Removal","floor":8.0,"gold_loss":50.0,"damage_taken":0.0},{"damage_healed":0,"gold_gain":0,"player_choice":"Inject Mutagens","damage_taken":0,"relics_obtained":["MutagenicStrength"],"max_hp_gain":0,"max_hp_loss":0,"event_name":"Drug Dealer","floor":19,"gold_loss":0},{"cards_removed":["WarlordEmblem:RuneStrike"],"damage_healed":0,"gold_gain":0,"player_choice":"Gave Gold","damage_taken":0,"max_hp_gain":0,"max_hp_loss":0,"event_name":"Beggar","floor":20,"gold_loss":75},{"damage_healed":0,"gold_gain":0,"player_choice":"Ignored","damage_taken":0,"max_hp_gain":0,"max_hp_loss":0,"event_name":"Ghosts","floor":27,"gold_loss":0},{"damage_healed":0,"gold_gain":0,"player_choice":"Paid","damage_taken":0,"relics_obtained":["Red Mask"],"max_hp_gain":0,"max_hp_loss":0,"event_name":"Tomb of Lord Red Mask","floor":38,"gold_loss":92}],"is_beta":true,"boss_relics":[{"not_picked":["Calling Bell","Astrolabe"],"picked":"Coffee Dripper"},{"not_picked":["Velvet Choker","Tiny House"],"picked":"Philosopher\u0027s Stone"}],"items_purged_floors":[5,13,31,37,47,53],"is_endless":false,"potions_floor_spawned":[1,2,4,12,16,18,21,22,23,30,33,35,39,40,45,54],"ascension_level":1}}