{"host":"g6ro9orofrb8aq2e","time":1611469471,"event":{"mods":["BaseMod","Minty Spire (QoL Compilation)","SuperFastMode"],"gold_per_floor":[14,14,14,14,14,14,43,43,43,43,43,87,117,137,137,258,258,276,290,330,290,313,344,344,382,407,420,454,18,18,18,18,146,146,164,177,510,510,556,570,617,617,617,637,669,16,48,58,58,58,58],"floor_reached":50,"language":"ZHS","playtime":1816,"items_purged":["Strike_R"],"score":931,"play_id":"6490885d-9820-4875-808f-03004ea2341e","local_time":"20210123222431","is_ascension_mode":true,"campfire_choices":[{"data":"Perfected Strike","floor":6.0,"key":"SMITH"},{"data":"Limit Break","floor":8.0,"key":"SMITH"},{"floor":15.0,"key":"REST"},{"floor":24.0,"key":"REST"},{"data":"Inflame","floor":30.0,"key":"SMITH"},{"data":"Warcry","floor":32.0,"key":"SMITH"},{"data":"Heavy Blade","floor":42.0,"key":"SMITH"},{"data":"Immolate","floor":49,"key":"SMITH"}],"circlet_count":0,"master_deck":["AscendersBane","Strike_R+1","Strike_R+1","Strike_R+1","Defend_R","Defend_R","Defend_R+1","Bash","Limit Break+1","Perfected Strike+1","Anger","Disarm","Bludgeon","Pommel Strike","Immolate+1","Hemokinesis","Warcry+1","Thunderclap+1","Inflame+1","Headbutt+1","Inflame+1","Berserk","Heavy Blade+1","Armaments"],"relics":["Black Blood","Whetstone","Orichalcum","Prayer Wheel","Red Mask","Meat on the Bone","Pear","PreservedInsect","Happy Flower","Nunchaku","Lizard Tail","Busted Crown","StoneCalendar","Art of War","Lantern","Bag of Preparation","Thread and Needle","Letter Opener","Oddly Smooth Stone"],"acts_visited":["Exordium","TheCity","TheBeyond"],"potions_floor_usage":[50,50],"damage_taken":[{"damage":12.0,"enemies":"Small Slimes","floor":1.0,"turns":4.0},{"damage":39.0,"enemies":"3 Sentries","floor":7.0,"turns":8.0},{"damage":14.0,"enemies":"Lagavulin","floor":12.0,"turns":5.0},{"damage":0.0,"enemies":"2 Louse","floor":14.0,"turns":2.0},{"damage":29.0,"enemies":"The Guardian","floor":16.0,"turns":9.0},{"damage":12.0,"enemies":"3 Byrds","floor":18.0,"turns":5.0},{"damage":26.0,"enemies":"Shell Parasite","floor":19.0,"turns":6.0},{"damage":26.0,"enemies":"Masked Bandits","floor":20.0,"turns":4.0},{"damage":7.0,"enemies":"Snecko","floor":22.0,"turns":3.0},{"damage":28.0,"enemies":"Book of Stabbing","floor":23.0,"turns":4.0},{"damage":24.0,"enemies":"Slavers","floor":25.0,"turns":6.0},{"damage":19.0,"enemies":"Snake Plant","floor":27.0,"turns":4.0},{"damage":11.0,"enemies":"Gremlin Leader","floor":28.0,"turns":3.0},{"damage":84.0,"enemies":"Automaton","floor":33.0,"turns":8.0},{"damage":15.0,"enemies":"Orb Walker","floor":35.0,"turns":3.0},{"damage":15.0,"enemies":"3 Shapes","floor":36.0,"turns":3.0},{"damage":51.0,"enemies":"2 Orb Walkers","floor":39.0,"turns":5.0},{"damage":0.0,"enemies":"Jaw Worm Horde","floor":40.0,"turns":2.0},{"damage":30.0,"enemies":"3 Darklings","floor":44.0,"turns":3.0},{"damage":7.0,"enemies":"Reptomancer","floor":45.0,"turns":3.0},{"damage":13.0,"enemies":"Nemesis","floor":47.0,"turns":5.0},{"damage":15,"enemies":"Writhing Mass","floor":48,"turns":4},{"damage":106,"enemies":"Awakened One","floor":50,"turns":6}],"seed_played":"-6929081339396062159","potions_obtained":[{"floor":12.0,"key":"ColorlessPotion"},{"floor":19.0,"key":"AttackPotion"},{"floor":21.0,"key":"Weak Potion"},{"floor":21.0,"key":"BlessingOfTheForge"},{"floor":21.0,"key":"SneckoOil"},{"floor":25.0,"key":"Weak Potion"},{"floor":27.0,"key":"Strength Potion"},{"floor":39.0,"key":"FearPotion"},{"floor":40.0,"key":"FairyPotion"},{"floor":45.0,"key":"Fire Potion"},{"floor":47.0,"key":"ColorlessPotion"}],"is_trial":false,"path_per_floor":["M","?","?","?","?","R","E","R","T","?","$","E","?","M","R","B",null,"M","M","?","?","M","E","R","E","T","M","E","$","R","$","R","B",null,"M","M","?","?","?","M","T","R","T","M","E","$","E","M","R","B"],"character_chosen":"IRONCLAD","items_purchased":["Nunchaku","Lizard Tail","Thread and Needle","Armaments","Letter Opener"],"campfire_rested":2,"item_purchase_floors":[29,29,46,46,46],"current_hp_per_floor":[66,66,50,55,48,48,15,15,15,15,15,7,7,13,36,13,63,63,49,35,35,40,24,47,57,57,62,63,63,63,63,63,68,84,81,78,78,78,51,63,63,63,63,57,62,62,61,58,58,0,0],"gold":58,"neow_bonus":"THREE_RARE_CARDS","is_daily":false,"chose_seed":false,"campfire_upgraded":6,"win_rate":0.0,"timestamp":1611469471,"path_taken":["M","?","?","?","?","R","E","R","T","?","?","E","?","M","R","BOSS","M","M","?","?","M","E","R","E","T","?","E","$","R","?","R","BOSS","M","M","?","?","?","?","?","R","T","M","E","$","E","M","R","BOSS"],"items_purchased_type":["Relic","Relic","Relic","Card","Relic"],"build_version":"2020-12-22","purchased_purges":1,"victory":false,"max_hp_per_floor":[80,80,80,85,85,85,85,85,85,79,79,79,79,79,79,79,79,79,79,79,79,79,79,79,89,89,89,89,89,89,89,89,89,89,89,89,89,89,89,89,89,89,89,89,89,89,89,89,89,89,89],"card_choices":[{"not_picked":["Brutality","Corruption"],"picked":"Limit Break","floor":0.0},{"not_picked":["Feel No Pain","True Grit"],"picked":"Perfected Strike","floor":1.0},{"not_picked":["Rampage","Dark Embrace"],"picked":"Anger","floor":7.0},{"not_picked":["Perfected Strike","Anger"],"picked":"Disarm","floor":12.0},{"not_picked":["Feel No Pain","Carnage"],"picked":"Bludgeon","floor":14.0},{"not_picked":["Shrug It Off","Power Through"],"picked":"Pommel Strike","floor":14.0},{"not_picked":["Feed","Juggernaut"],"picked":"Immolate","floor":16.0},{"not_picked":["Rage","Body Slam+1"],"picked":"Hemokinesis","floor":18.0},{"not_picked":["Anger","Sword Boomerang","Evolve+1"],"picked":"SKIP","floor":18.0},{"not_picked":["Shrug It Off","Sentinel"],"picked":"Bloodletting","floor":19.0},{"not_picked":["Feel No Pain","Sever Soul"],"picked":"Warcry","floor":19.0},{"not_picked":["Iron Wave","Warcry"],"picked":"Thunderclap+1","floor":20.0},{"not_picked":["Whirlwind+1","Sword Boomerang"],"picked":"Inflame","floor":22.0},{"not_picked":["Dark Embrace","Dropkick","Cleave"],"picked":"SKIP","floor":22.0},{"not_picked":["Shrug It Off","Disarm+1","Sword Boomerang"],"picked":"SKIP","floor":23.0},{"not_picked":["Wild Strike+1","Brutality"],"picked":"Headbutt+1","floor":25.0},{"not_picked":["Disarm","Cleave","Headbutt"],"picked":"SKIP","floor":27.0},{"not_picked":["Headbutt","Disarm+1","Iron Wave+1"],"picked":"SKIP","floor":27.0},{"not_picked":["Rampage","Havoc"],"picked":"Inflame+1","floor":28.0},{"not_picked":["Reaper","Corruption"],"picked":"Berserk","floor":33.0},{"not_picked":[],"picked":"Heavy Blade","floor":35.0},{"not_picked":["Shrug It Off+1"],"picked":"SKIP","floor":35.0},{"not_picked":["Iron Wave"],"picked":"SKIP","floor":36.0},{"not_picked":["Perfected Strike"],"picked":"SKIP","floor":36.0},{"not_picked":["True Grit"],"picked":"SKIP","floor":40.0},{"not_picked":["Whirlwind"],"picked":"SKIP","floor":40.0},{"not_picked":["Evolve+1"],"picked":"SKIP","floor":44.0},{"not_picked":["Dropkick+1"],"picked":"SKIP","floor":44.0},{"not_picked":["Impervious"],"picked":"SKIP","floor":45.0},{"not_picked":["Flame Barrier"],"picked":"SKIP","floor":47.0},{"not_picked":["Clash"],"picked":"SKIP","floor":48},{"not_picked":["Sentinel"],"picked":"SKIP","floor":48}],"player_experience":352714,"relics_obtained":[{"floor":7.0,"key":"Whetstone"},{"floor":9.0,"key":"Orichalcum"},{"floor":12.0,"key":"Prayer Wheel"},{"floor":20.0,"key":"Red Mask"},{"floor":23.0,"key":"Meat on the Bone"},{"floor":25.0,"key":"Pear"},{"floor":26.0,"key":"PreservedInsect"},{"floor":28.0,"key":"Happy Flower"},{"floor":39.0,"key":"StoneCalendar"},{"floor":41.0,"key":"Art of War"},{"floor":43.0,"key":"Lantern"},{"floor":45.0,"key":"Bag of Preparation"},{"floor":47.0,"key":"Oddly Smooth Stone"}],"event_choices":[{"cards_removed":["Defend_R"],"damage_healed":0.0,"max_hp_gain":0.0,"max_hp_loss":0.0,"gold_gain":0.0,"event_name":"Living Wall","player_choice":"Forget","floor":2.0,"gold_loss":0.0,"damage_taken":0.0},{"damage_healed":0.0,"max_hp_gain":0.0,"max_hp_loss":0.0,"gold_gain":0.0,"event_name":"Shining Light","player_choice":"Entered Light","floor":3.0,"gold_loss":0.0,"damage_taken":16.0,"cards_upgraded":["Strike_R","Defend_R"]},{"damage_healed":0.0,"max_hp_gain":5.0,"max_hp_loss":0.0,"gold_gain":0.0,"event_name":"Big Fish","player_choice":"Donut","floor":4.0,"gold_loss":0.0,"damage_taken":0.0},{"cards_removed":["Strike_R"],"damage_healed":0.0,"max_hp_gain":0.0,"max_hp_loss":0.0,"gold_gain":0.0,"event_name":"Golden Wing","player_choice":"Card Removal","floor":5.0,"gold_loss":0.0,"damage_taken":7.0},{"damage_healed":0.0,"max_hp_gain":0.0,"max_hp_loss":6.0,"gold_gain":0.0,"event_name":"Golden Idol","player_choice":"Lose Max HP","floor":10.0,"gold_loss":0.0,"damage_taken":0.0,"relics_obtained":["Golden Idol"]},{"damage_healed":0.0,"max_hp_gain":0.0,"max_hp_loss":0.0,"gold_gain":30.0,"event_name":"Dead Adventurer","player_choice":"Searched \u00271\u0027 times","floor":13.0,"gold_loss":0.0,"damage_taken":0.0},{"damage_healed":0.0,"max_hp_gain":0.0,"max_hp_loss":0.0,"gold_gain":0.0,"event_name":"Masked Bandits","player_choice":"Fought Bandits","floor":20.0,"gold_loss":0.0,"damage_taken":0.0},{"damage_healed":0.0,"max_hp_gain":0.0,"max_hp_loss":0.0,"gold_gain":0.0,"event_name":"The Woman in Blue","player_choice":"Bought 3 Potions","floor":21.0,"gold_loss":0.0,"damage_taken":0.0},{"damage_healed":0.0,"max_hp_gain":0.0,"max_hp_loss":0.0,"gold_gain":333.0,"event_name":"The Moai Head","player_choice":"Gave Idol","floor":37.0,"relics_lost":["Golden Idol"],"gold_loss":0.0,"damage_taken":0.0},{"cards_removed":["Bloodletting"],"damage_healed":0.0,"max_hp_gain":0.0,"max_hp_loss":0.0,"gold_gain":0.0,"event_name":"Falling","player_choice":"Removed Skill","floor":38.0,"gold_loss":0.0,"damage_taken":0.0},{"damage_healed":0.0,"max_hp_gain":0.0,"max_hp_loss":0.0,"gold_gain":0.0,"event_name":"Mysterious Sphere","player_choice":"Fight","floor":39.0,"gold_loss":0.0,"damage_taken":0.0}],"is_beta":false,"boss_relics":[{"not_picked":["SacredBark","Mark of Pain"],"picked":"Black Blood"},{"not_picked":["Philosopher\u0027s Stone","Empty Cage"],"picked":"Busted Crown"}],"items_purged_floors":[46],"is_endless":false,"potions_floor_spawned":[12,19,22,25,27,39,40,45,47],"killed_by":"Awakened One","ascension_level":10}}