{"host":"r10yh36zs2k9z1sa","time":1611486261,"event":{"mods":["AchievementEnabler","Act Like it!","Aspiration","Astrologer","BaseMod","Colored Map","Conspire","Decade(¤ý¤p©ú)","Gensokyo","Hermit","Highlight Path","KinomotoSakuraMod(¤ì¤§¥»?)","Koishi","Marisa¡]Ãú«B¡@Å]²z¨F¡^","Minty Spire (QoL Compilation)","Permanent Neow","Quick Restart","Reimu¡]³Õ???¡^","Remilia¡]Á¢¦Ì²ú?¡^","StSLib","SuperFastMode","The Administrix","The Blackbeard","The Bug Knight","The Cursed","The Gatherer","The Marked","The Mystic","The Saiyan","The Senshi","The Servant 0.9.4","Youmu¡]»î¾z§¯?¡^","Yuri Mod","Yuyuko"],"gold_per_floor":[117,342,362,322,332,361,361,361,385,401,417,17,49,87,87,211,211,252,45,81,124,169,426,93,135,135,135,15,79,116,459,459,604,604,669,233,233,306,370,654,732,817,871,871,911,996,996,208,208,258],"floor_reached":51,"language":"ZHS","playtime":7789,"items_purged":["blackbeard:BlackbeardStrike","blackbeard:BlackbeardDefend"],"score":1014,"play_id":"98729648-893f-4cb7-b1da-2f6c4770ddcc","local_time":"20210124190421","is_ascension_mode":false,"campfire_choices":[{"data":"blackbeard:Cutlass","floor":8,"key":"SMITH"},{"data":"blackbeard:RemoveScurvy","floor":15,"key":"SMITH"},{"data":"Apotheosis","floor":32,"key":"SMITH"},{"data":"blackbeard:BoostMorale","floor":47,"key":"SMITH"},{"data":"blackbeard:BoostMorale","floor":49,"key":"SMITH"}],"circlet_count":0,"master_deck":["blackbeard:BlackbeardStrike","blackbeard:BlackbeardStrike","blackbeard:IntimidatingStrike","blackbeard:BlackbeardDefend","blackbeard:BlackbeardDefend","blackbeard:BlackbeardDefend","blackbeard:Cutlass+1","blackbeard:Boarding","blackbeard:AgileStrike","blackbeard:GoldenStrike","blackbeard:Intoxication","blackbeard:BrownPants","Finesse","blackbeard:Bandana","blackbeard:RemoveScurvy+1","blackbeard:BoostMorale+1","blackbeard:CloakAndCannonball+1","blackbeard:PowderKeg","blackbeard:Lifeboat","blackbeard:WiseDefense+1","blackbeard:GoldenStrike","blackbeard:Bandana","blackbeard:BoostMorale+1","blackbeard:DoubleBottom+1","Gensokyo:SevenSchoolMysteries","blackbeard:Halberd","blackbeard:Salvager","Gensokyo:UnhurriedMind+1","blackbeard:TacticalRetreat","blackbeard:DeadlyArsenal"],"relics":["blackbeard:LoadTheCannons","Turnip","blackbeard:Penknife","PaintedHorse:ReiMu","PureWhite:ReiMu","Bird Faced Urn","Vajra","blackbeard:BloodOrange","aspiration:Lifesprig","Busted Crown","blackbeard:PoorMathSkills","Gremlin Horn","blackbeard:HipFlask","Tea:ReiMu","Gensokyo:DemonMask","conspire:Flyswatter","aspiration:PoetsPen_weak","MealTicket","aspiration:FrozenJewel","conspire:GiftBox","Darkstone Periapt","Blood Vial","Bronze Scales","conspire:GlowingRock","TheAbacus","Boot"],"acts_visited":["Exordium","Exordium","Gensokyo:Gensokyoer"],"potions_floor_usage":[6,33,39],"damage_taken":[{"damage":3,"enemies":"Jaw Worm","floor":1,"turns":3},{"damage":0,"enemies":"2 Louse","floor":3,"turns":2},{"damage":0,"enemies":"Cultist","floor":5,"turns":3},{"damage":18,"enemies":"Gremlin Nob","floor":6,"turns":4},{"damage":0,"enemies":"Large Slime","floor":10,"turns":2},{"damage":0,"enemies":"2 Fungi Beasts","floor":11,"turns":2},{"damage":12,"enemies":"Lagavulin","floor":13,"turns":6},{"damage":0,"enemies":"Exordium Wildlife","floor":14,"turns":3},{"damage":3,"enemies":"Hexaghost","floor":16,"turns":9},{"damage":10,"enemies":"Gensokyo:CosmicMonolith","floor":18,"turns":5},{"damage":0,"enemies":"Gensokyo:2_Gloops","floor":20,"turns":5},{"damage":3,"enemies":"Gensokyo:Wraith","floor":21,"turns":5},{"damage":12,"enemies":"Gensokyo:Swordslinger","floor":22,"turns":4},{"damage":0,"enemies":"Gensokyo:Reisen","floor":23,"turns":7},{"damage":11,"enemies":"Gensokyo:Slime_Group","floor":25,"turns":6},{"damage":0,"enemies":"Gensokyo:Tenshi","floor":29,"turns":5},{"damage":0,"enemies":"Gensokyo:Wraith","floor":30,"turns":5},{"damage":6,"enemies":"Gensokyo:Mirror_and_Dog","floor":31,"turns":6},{"damage":8,"enemies":"Gensokyo:Eternal_Rivals","floor":33,"turns":9},{"damage":0,"enemies":"Gensokyo:3_Boulders","floor":35,"turns":3},{"damage":0,"enemies":"Gensokyo:3_Bats","floor":38,"turns":6},{"damage":6,"enemies":"Gensokyo:Dusk_and_Dawn","floor":39,"turns":8},{"damage":0,"enemies":"Gensokyo:Marisa","floor":40,"turns":4},{"damage":0,"enemies":"Gensokyo:AtlasGolem","floor":41,"turns":7},{"damage":0,"enemies":"Gensokyo:Doremy","floor":42,"turns":3},{"damage":3,"enemies":"Gensokyo:Doremy","floor":45,"turns":8},{"damage":0,"enemies":"Gensokyo:Kasen","floor":46,"turns":5},{"damage":0,"enemies":"Gensokyo:Scarlet_Devils","floor":50,"turns":6}],"seed_played":"2869690633088418820","potions_obtained":[{"floor":1,"key":"PowerPotion"},{"floor":5,"key":"GrandPatriotsElixir:ReiMu"},{"floor":11,"key":"GrandPatriotsElixir:ReiMu"},{"floor":14,"key":"SpeedPotion"},{"floor":20,"key":"Strength Potion"},{"floor":22,"key":"blackbeard:OrangeJuicePotion"},{"floor":30,"key":"EntropicBrew"},{"floor":31,"key":"Regen Potion"},{"floor":35,"key":"SkillPotion"},{"floor":40,"key":"Energy Potion"}],"is_trial":false,"path_per_floor":["M","?","M","?","M","E","?","R","T","M","M","$","E","M","R","B",null,"M","COS","M","M","M","E","$","M","T","?","?","E","M","M","R","B",null,"M","COS","?","M","M","E","M","E","T","?","?","E","R","$","R","B",null],"character_chosen":"BLACKBEARD_CLASS","items_purchased":["blackbeard:BrownPants","blackbeard:BloodOrange","Finesse","Apotheosis","blackbeard:HipFlask","conspire:GlowingRock","blackbeard:TacticalRetreat","blackbeard:DeadlyArsenal","TheAbacus","Boot"],"campfire_rested":0,"item_purchase_floors":[12,12,12,24,24,48,48,48,48,48],"current_hp_per_floor":[51,51,51,51,51,33,33,33,33,33,33,33,25,31,31,42,75,73,73,75,75,75,75,75,74,74,74,74,75,75,75,75,74,75,75,75,75,75,75,75,75,75,75,75,75,75,75,75,75,75],"gold":258,"neow_bonus":"ONE_RARE_RELIC","is_daily":false,"chose_seed":false,"campfire_upgraded":5,"win_rate":0.0,"timestamp":1611486261,"path_taken":["M","?","M","?","M","E","?","R","T","M","M","$","E","M","R","BOSS","M","COS","M","M","M","E","?","M","T","?","?","E","M","M","R","BOSS","M","COS","?","M","M","E","M","E","T","?","?","E","R","?","R","BOSS"],"items_purchased_type":["Card","Relic","Card","Card","Relic","Relic","Card","Card","Relic","Relic"],"build_version":"2020-12-22","purchased_purges":2,"victory":true,"max_hp_per_floor":[75,75,75,75,75,75,75,75,75,75,75,75,75,75,75,75,75,75,75,75,75,75,75,75,75,75,75,75,75,75,75,75,75,75,75,75,75,75,75,75,75,75,75,75,75,75,75,75,75,75],"card_choices":[{"not_picked":["blackbeard:CloakAndCannonball","blackbeard:DeadlyArsenal"],"picked":"blackbeard:Boarding","floor":1},{"not_picked":["blackbeard:BeatUp","blackbeard:DeadlyArsenal","blackbeard:DelayedPain"],"picked":"SKIP","floor":3},{"not_picked":["blackbeard:PiratesWill","blackbeard:SwordDance"],"picked":"blackbeard:AgileStrike","floor":5},{"not_picked":["blackbeard:Sharpening","blackbeard:CloakAndCannonball","blackbeard:WiseDefense"],"picked":"SKIP","floor":6},{"not_picked":["blackbeard:BlindAttacks","blackbeard:Spear"],"picked":"blackbeard:GoldenStrike","floor":10},{"not_picked":["blackbeard:GoldenDefense","blackbeard:Sharpening"],"picked":"blackbeard:Intoxication","floor":11},{"not_picked":["blackbeard:CloakAndCannonball","blackbeard:GoldenDefense"],"picked":"blackbeard:Bandana","floor":13},{"not_picked":["blackbeard:DelayedPain","blackbeard:Fencing"],"picked":"blackbeard:RemoveScurvy","floor":14},{"not_picked":["blackbeard:ReapersScythe","blackbeard:GoldenGuillotine"],"picked":"blackbeard:BoostMorale","floor":16},{"not_picked":["blackbeard:Sharpening+1"],"picked":"SKIP","floor":18},{"not_picked":[],"picked":"blackbeard:CloakAndCannonball+1","floor":20},{"not_picked":[],"picked":"blackbeard:PowderKeg","floor":20},{"not_picked":[],"picked":"blackbeard:Lifeboat","floor":21},{"not_picked":["blackbeard:SwordDance"],"picked":"SKIP","floor":21},{"not_picked":["blackbeard:SwordDance+1"],"picked":"SKIP","floor":22},{"not_picked":["blackbeard:SwordDance+1"],"picked":"SKIP","floor":22},{"not_picked":[],"picked":"blackbeard:WiseDefense+1","floor":23},{"not_picked":["blackbeard:WeaponProficiency"],"picked":"SKIP","floor":25},{"not_picked":[],"picked":"blackbeard:GoldenStrike","floor":29},{"not_picked":["blackbeard:BlindAttacks"],"picked":"SKIP","floor":30},{"not_picked":[],"picked":"blackbeard:Bandana","floor":31},{"not_picked":[],"picked":"blackbeard:BoostMorale","floor":33},{"not_picked":[],"picked":"blackbeard:DoubleBottom+1","floor":35},{"not_picked":["blackbeard:RearmingStrike+1"],"picked":"SKIP","floor":38},{"not_picked":["blackbeard:Sharpening+1"],"picked":"SKIP","floor":38},{"not_picked":["blackbeard:MegaUpgrade"],"picked":"SKIP","floor":39},{"not_picked":["blackbeard:BeatUp+1"],"picked":"SKIP","floor":39},{"not_picked":["blackbeard:SmithingHammer"],"picked":"SKIP","floor":40},{"not_picked":[],"picked":"blackbeard:Salvager","floor":41},{"not_picked":["blackbeard:Sword"],"picked":"SKIP","floor":41},{"not_picked":["blackbeard:FishingNets"],"picked":"SKIP","floor":42},{"not_picked":["Gensokyo:RisingWorld+1","Gensokyo:LifeSpringInfinity+1"],"picked":"Gensokyo:UnhurriedMind+1","floor":45},{"not_picked":["blackbeard:FishingNets"],"picked":"SKIP","floor":46}],"player_experience":347675,"relics_obtained":[{"floor":6,"key":"PureWhite:ReiMu"},{"floor":9,"key":"Vajra"},{"floor":13,"key":"aspiration:Lifesprig"},{"floor":23,"key":"Gremlin Horn"},{"floor":26,"key":"Tea:ReiMu"},{"floor":29,"key":"conspire:Flyswatter"},{"floor":40,"key":"aspiration:FrozenJewel"},{"floor":42,"key":"Darkstone Periapt"},{"floor":43,"key":"Blood Vial"},{"floor":46,"key":"Bronze Scales"}],"event_choices":[{"damage_healed":0,"gold_gain":225,"player_choice":"YARR","damage_taken":0,"relics_obtained":["blackbeard:Penknife"],"max_hp_gain":0,"max_hp_loss":0,"event_name":"blackbeard:Ssssserpent","floor":2,"gold_loss":0},{"damage_healed":0,"gold_gain":0,"player_choice":"¶ë?","damage_taken":0,"relics_obtained":["PaintedHorse:ReiMu"],"max_hp_gain":0,"max_hp_loss":0,"event_name":"yidonshenshe","floor":4,"gold_loss":40},{"damage_healed":0,"gold_gain":0,"player_choice":"Gave Potion","damage_taken":0,"relics_obtained":["Bird Faced Urn"],"max_hp_gain":0,"max_hp_loss":0,"event_name":"WeMeetAgain","floor":7,"gold_loss":0}],"is_beta":false,"boss_relics":[{"not_picked":["Empty Cage","Snecko Eye"],"picked":"Busted Crown"},{"not_picked":["aspiration:RunicSpoon","aspiration:WatcherSkillbook"],"picked":"aspiration:PoetsPen_weak"}],"items_purged_floors":[12,48],"is_endless":false,"potions_floor_spawned":[1,5,11,14,20,22,30,31,35,40,41,46],"ascension_level":0}}