{"host":"fv4u04bzswzfg5qa","time":1611464735,"event":{"mods":["BaseMod","Colored Map","Colored Powertips","Highlight Path","Minty Spire (QoL Compilation)","Replay The Spire","StSLib","Synergy Search"],"gold_per_floor":[109,121,138,138,138,138,88,88,148,166,166,178,190,212,224,253,265,378,390,412,434,446,471,483,495,507,519,544,556,636,666,678,690,702,702],"floor_reached":34,"language":"ENG","playtime":2108,"items_purged":[],"score":242,"play_id":"f24e56db-73c3-42aa-837e-66afc504913e","local_time":"20210124000535","is_ascension_mode":false,"campfire_choices":[{"data":"Vigilance","floor":8,"key":"SMITH"},{"data":"CarveReality","floor":12,"key":"SMITH"},{"floor":17,"key":"REST"},{"data":"DevaForm","floor":25,"key":"SMITH"},{"floor":29,"key":"REST"},{"data":"Pray","floor":32,"key":"SMITH"}],"circlet_count":0,"master_deck":["Strike_P","Strike_P","Strike_P","Defend_P","Defend_P","Defend_P","Defend_P","Eruption+1","Vigilance+1","EmptyBody","Halt","CarveReality+1","Consecrate","Conclude","CarveReality","Pray+1","DevaForm+1","Swivel","Consecrate","Replay:AtTheReady","Replay:BluntJabs+1","Establishment"],"relics":["PureWater","NeowsBlessing","Pear","MawBank","Mummified Hand","Oddly Smooth Stone","Velvet Choker","Molten Egg 2"],"acts_visited":["Exordium","TheCity"],"potions_floor_usage":[18,28,34],"damage_taken":[{"damage":0.0,"enemies":"Jaw Worm","floor":1.0,"turns":1.0},{"damage":0,"enemies":"2 Louse","floor":2,"turns":1},{"damage":0,"enemies":"Cultist","floor":3,"turns":1},{"damage":20,"enemies":"Lagavulin Event","floor":9,"turns":5},{"damage":3,"enemies":"Red Slaver","floor":10,"turns":3},{"damage":18,"enemies":"Exordium Thugs","floor":14,"turns":5},{"damage":0,"enemies":"Large Slime","floor":16,"turns":3},{"damage":51,"enemies":"The Guardian","floor":18,"turns":11},{"damage":0,"enemies":"Spheric Guardian","floor":20,"turns":4},{"damage":8,"enemies":"Chosen","floor":21,"turns":4},{"damage":20,"enemies":"Snake Plant","floor":23,"turns":4},{"damage":14,"enemies":"Sentry and Sphere","floor":28,"turns":7},{"damage":12,"enemies":"3 Cultists","floor":31,"turns":5},{"damage":53,"enemies":"Replay:Snechameleon","floor":34,"turns":6}],"seed_played":"5456058852032740445","potions_obtained":[{"floor":1,"key":"BlessingOfTheForge"},{"floor":2,"key":"BottledMiracle"},{"floor":14,"key":"Swift Potion"},{"floor":23,"key":"ColorlessPotion"}],"is_trial":false,"path_per_floor":["M","M","M","?","PTL","PTL","?","R","?","M","T","R","T","M","?","M","R","B",null,"M","M","?","M","?","R","PTL","PTL","M","R","T","M","R","?","E"],"character_chosen":"WATCHER","items_purchased":[],"campfire_rested":2,"item_purchase_floors":[],"current_hp_per_floor":[72,72,72,72,72,72,72,72,62,59,59,59,59,41,38,38,62,11,82,82,74,74,54,54,54,54,54,40,64,64,52,52,52,0,0],"gold":702,"neow_bonus":"THREE_ENEMY_KILL","is_daily":false,"chose_seed":false,"campfire_upgraded":4,"win_rate":0.0,"timestamp":1611464735,"path_taken":["M","M","M","?","PTL","PTL","?","R","?","?","T","R","?","M","?","M","R","BOSS","M","M","?","M","?","R","PTL","PTL","M","R","T","M","R","?","E"],"items_purchased_type":[],"build_version":"2020-12-22","purchased_purges":0,"victory":false,"max_hp_per_floor":[72,72,72,72,72,72,72,72,82,82,82,82,82,82,82,82,82,82,82,82,82,82,82,82,82,82,82,82,82,82,82,82,82,82,82],"card_choices":[{"not_picked":["Replay:ManipulateFuture","Replay:DivineShield"],"picked":"EmptyBody","floor":1},{"not_picked":["Indignation","Sanctity"],"picked":"Halt","floor":2},{"not_picked":["FlyingSleeves","JustLucky"],"picked":"CarveReality","floor":3},{"not_picked":["ClearTheMind","Replay:Hum"],"picked":"Consecrate","floor":9},{"not_picked":["EmptyBody","SashWhip"],"picked":"Conclude","floor":10},{"not_picked":["Sanctity","Replay:DivineShield"],"picked":"CarveReality","floor":14},{"not_picked":["FearNoEvil","Evaluate"],"picked":"Pray","floor":16},{"not_picked":["Replay:AllIn","Replay:LoomingThreat"],"picked":"DevaForm","floor":18},{"not_picked":["Replay:Cycle","WaveOfTheHand"],"picked":"Swivel","floor":20},{"not_picked":["WaveOfTheHand","Replay:BluntJabs"],"picked":"Consecrate","floor":21},{"not_picked":["Crescendo","Replay:ManipulateFuture","JustLucky"],"picked":"SKIP","floor":23},{"not_picked":["Replay:ManipulateFuture","ClearTheMind"],"picked":"Replay:AtTheReady","floor":28},{"not_picked":["Crescendo","WaveOfTheHand"],"picked":"Replay:BluntJabs+1","floor":31}],"player_experience":197193,"relics_obtained":[{"floor":9,"key":"Pear"},{"floor":11,"key":"MawBank"},{"floor":13,"key":"Mummified Hand"},{"floor":30,"key":"Molten Egg 2"}],"event_choices":[{"damage_healed":0,"gold_gain":0,"player_choice":"Grow","damage_taken":0,"max_hp_gain":0,"max_hp_loss":0,"event_name":"Living Wall","floor":4,"gold_loss":0,"cards_upgraded":["Eruption"]},{"cards_removed":["Strike_P"],"damage_healed":0,"gold_gain":0,"player_choice":"Card Removal","damage_taken":0,"max_hp_gain":0,"max_hp_loss":0,"event_name":"The Cleric","floor":7,"gold_loss":50},{"damage_healed":0,"gold_gain":0,"player_choice":"Searched \u00272\u0027 times","damage_taken":0,"max_hp_gain":0,"max_hp_loss":0,"event_name":"Dead Adventurer","floor":9,"gold_loss":0},{"damage_healed":0,"gold_gain":0,"player_choice":"Success","damage_taken":3,"relics_obtained":["Oddly Smooth Stone"],"max_hp_gain":0,"max_hp_loss":0,"event_name":"Scrap Ooze","floor":15,"gold_loss":0},{"damage_healed":0,"gold_gain":0,"player_choice":"Ignored","damage_taken":0,"max_hp_gain":0,"max_hp_loss":0,"event_name":"Vampires","floor":22,"gold_loss":0},{"damage_healed":0,"gold_gain":0,"player_choice":"Ignored","damage_taken":0,"max_hp_gain":0,"max_hp_loss":0,"event_name":"Ghosts","floor":24,"gold_loss":0},{"damage_healed":0,"gold_gain":0,"player_choice":"Read","damage_taken":0,"max_hp_gain":0,"max_hp_loss":0,"event_name":"The Library","floor":33,"gold_loss":0,"cards_obtained":["Establishment"]}],"is_beta":false,"boss_relics":[{"not_picked":["Black Star","Astrolabe"],"picked":"Velvet Choker"}],"items_purged_floors":[],"is_endless":false,"potions_floor_spawned":[1,2,14,23],"killed_by":"Replay:Snechameleon","ascension_level":0}}