{"host":"8d3fefv2347kqkpz","time":1611526686,"event":{"mods":["AchievementEnabler","Act Like it!","Aspiration","BaseMod","Better Vampires","Colored Map","Colored Powertips","Conspire","GifTheSpireLib","Hermit","Highlight Path","Hubris","Marisa£®ÏF”Í°°ƒß¿Ì…≥£©","Mimic Mod","Minty Spire (QoL Compilation)","Quick Restart","Rare Cards Sparkle","Reimu£®≤©¿ˆ¡È√Œ£©","Relic Stats","Remilia£®¿Ÿ√◊¿Ú—«£©","Replay The Spire","Spicy Shops","StSLib","The Cursed","The Jungle","The Servant 0.9.4","Waifu the Spire","Youmu£®ªÍ∆«—˝√Œ£©"],"gold_per_floor":[113,130,130,147,166,166,166,166,203,215,226,226,243,243,243,345,345,368,368,388,388,412,438,472,472,472],"floor_reached":25,"language":"ZHS","playtime":1630,"items_purged":[],"score":217,"play_id":"6611fc28-b24d-4581-a877-53233636bf83","local_time":"20210125061806","is_ascension_mode":false,"campfire_choices":[{"data":"hermit:RoundhouseKick","floor":6,"key":"SMITH"},{"floor":8,"key":"REST"},{"floor":12,"key":"REST"},{"data":"hermit:Scavenge","floor":15,"key":"SMITH"}],"circlet_count":0,"master_deck":["hermit:Strike_Hermit","hermit:Strike_Hermit","hermit:Strike_Hermit","hermit:Defend_Hermit","hermit:Defend_Hermit","hermit:Defend_Hermit","hermit:Defend_Hermit","hermit:Snapshot","hermit:Covet","hermit:BodyArmor+1","hermit:BigShot","hermit:RoundhouseKick+1","hermit:WideOpen","hermit:Scavenge+1","hermit:TakeAim","hermit:Vantage","hermit:Headshot+1","hermit:Ricochet","hermit:Dive","hermit:Showdown"],"relics":["hermit:Momento","Toy Ornithopter","Tiny Chest"],"acts_visited":["Exordium","TheCity"],"potions_floor_usage":[],"damage_taken":[{"damage":1,"enemies":"Jaw Worm","floor":1,"turns":4},{"damage":1,"enemies":"2 Louse","floor":2,"turns":3},{"damage":0,"enemies":"Cultist","floor":4,"turns":3},{"damage":22,"enemies":"2 Fungi Beasts","floor":5,"turns":5},{"damage":8,"enemies":"Large Slime","floor":9,"turns":11},{"damage":2,"enemies":"Large Slime","floor":10,"turns":8},{"damage":4,"enemies":"Gremlin Gang","floor":11,"turns":4},{"damage":2,"enemies":"3 Louse","floor":13,"turns":3},{"damage":54,"enemies":"Slime Boss","floor":16,"turns":13},{"damage":25,"enemies":"Shell Parasite","floor":18,"turns":11},{"damage":19,"enemies":"3 Byrds","floor":20,"turns":7},{"damage":22,"enemies":"Snake Plant","floor":22,"turns":5},{"damage":46,"enemies":"Sentry and Sphere","floor":23,"turns":8},{"damage":12,"enemies":"Gremlin Leader","floor":24,"turns":9},{"damage":3,"enemies":"Cultist and Chosen","floor":25,"turns":1}],"seed_played":"-4188284192563622346","potions_obtained":[{"floor":2,"key":"LiquidMemories"},{"floor":10,"key":"Swift Potion"},{"floor":13,"key":"ZuzhouPotion:ReiMu"}],"is_trial":false,"path_per_floor":["M","M","?","M","M","R","?","R","MIM","M","M","R","M","?","R","B",null,"M","?","M","?","M","M","E","M"],"character_chosen":"HERMIT","items_purchased":[],"campfire_rested":2,"item_purchase_floors":[],"current_hp_per_floor":[81,80,73,73,51,51,51,75,67,65,61,82,80,80,80,26,82,57,57,38,82,60,14,2,0,0],"gold":472,"neow_bonus":"TEN_PERCENT_HP_BONUS","is_daily":false,"chose_seed":false,"campfire_upgraded":2,"win_rate":0.0,"timestamp":1611526686,"path_taken":["M","M","?","M","M","R","?","R","MIM","M","M","R","?","?","R","BOSS","M","?","?","?","M","M","E","M"],"items_purchased_type":[],"build_version":"2020-12-22","purchased_purges":0,"victory":false,"max_hp_per_floor":[82,82,82,82,82,82,82,82,82,82,82,82,82,82,82,82,82,82,82,82,82,82,82,82,82,82],"relic_stats":{"counters":[15,95],"Tiny Chest":0,"obtain_stats":[{"Tiny Chest":24,"hermit:Momento":0,"Toy Ornithopter":9},{"Tiny Chest":14,"hermit:Momento":0,"Toy Ornithopter":5},{"Tiny Chest":94,"hermit:Momento":0,"Toy Ornithopter":26}],"Toy Ornithopter":0},"card_choices":[{"not_picked":["hermit:Feint","hermit:Snipe","hermit:LowProfile"],"picked":"SKIP","floor":1},{"not_picked":["hermit:Snipe","hermit:TrackingShot"],"picked":"hermit:BodyArmor","floor":2},{"not_picked":["hermit:Desperado","hermit:TrackingShot"],"picked":"hermit:BigShot","floor":4},{"not_picked":["hermit:Snipe","hermit:SprayPray"],"picked":"hermit:RoundhouseKick","floor":5},{"not_picked":["hermit:Feint","hermit:Misfire"],"picked":"hermit:PistolWhip","floor":9},{"not_picked":["hermit:Glare","hermit:CalledShot"],"picked":"hermit:WideOpen","floor":10},{"not_picked":["hermit:LowProfile","hermit:Headshot"],"picked":"hermit:Scavenge","floor":11},{"not_picked":["hermit:HeroicBravado","hermit:CalledShot"],"picked":"hermit:TakeAim","floor":13},{"not_picked":["hermit:Misfire","hermit:LuckOfTheDraw"],"picked":"hermit:Vantage","floor":18},{"not_picked":["hermit:ShadowCloak","hermit:BodyArmor+1"],"picked":"hermit:Headshot+1","floor":20},{"not_picked":["hermit:FullyLoaded+1","hermit:DeadMansHand"],"picked":"hermit:Ricochet","floor":22},{"not_picked":["hermit:CalledShot","hermit:HighCaliber"],"picked":"hermit:Dive","floor":23},{"not_picked":["hermit:NoHoldsBarred","hermit:Reprieve"],"picked":"hermit:Showdown","floor":24}],"player_experience":180740,"relics_obtained":[{"floor":9,"key":"Toy Ornithopter"},{"floor":24,"key":"Tiny Chest"}],"event_choices":[{"cards_removed":["hermit:Strike_Hermit"],"damage_healed":0,"gold_gain":0,"player_choice":"Card Removal","damage_taken":7,"max_hp_gain":0,"max_hp_loss":0,"event_name":"Golden Wing","floor":3,"gold_loss":0},{"damage_healed":0,"gold_gain":0,"player_choice":"Ignored","damage_taken":0,"max_hp_gain":0,"max_hp_loss":0,"event_name":"NoteForYourself","floor":19,"gold_loss":0},{"cards_removed":["hermit:PistolWhip"],"damage_healed":44,"gold_gain":0,"player_choice":"Offered Uncommon","damage_taken":0,"max_hp_gain":0,"max_hp_loss":0,"event_name":"Bonfire Elementals","floor":21,"gold_loss":0}],"is_beta":false,"boss_relics":[{"not_picked":["aspiration:RunicSpoon","Velvet Choker","hubris:VirtuousBlindfold"]}],"items_purged_floors":[],"is_endless":false,"potions_floor_spawned":[2,10,13,22,23],"killed_by":"Cultist and Chosen","ascension_level":0}}