{"host":"7lqra3rfanasaqnt","time":1611527650,"event":{"mods":["AchievementEnabler","Act Like it!","BaseMod","Colored Powertips","Downfall","Friendly Minions","Gremlin Mod","Minty Spire (QoL Compilation)","StSLib"],"gold_per_floor":[99,116,135,155,92,92,92,92,7,22,22,33,45,57,76,76,76],"floor_reached":16,"language":"ENG","playtime":919,"items_purged":[],"score":96,"play_id":"3861a660-f451-4306-ba39-0335cd1bf132","local_time":"20210124153410","is_ascension_mode":false,"campfire_choices":[{"data":"Gremlin:GremlinDance","floor":1,"key":"SMITH"},{"data":"Gremlin:Tadah","floor":11,"key":"SMITH"}],"circlet_count":0,"master_deck":["Gremlin:Strike","Gremlin:Strike","Gremlin:Strike","Gremlin:Strike","Gremlin:Defend","Gremlin:Defend","Gremlin:Defend","Gremlin:Defend","Gremlin:TagTeam","Gremlin:GremlinDance+1","Gremlin:Dazzle","Gremlin:Patsy","Gremlin:Whiz+1","Gremlin:Changeo","Gremlin:Tadah+1","Gremlin:CounterStrike","Gremlin:Necromancy","Gremlin:Jeer","Gremlin:Glimmer","Gremlin:CatScratch","Gremlin:Unforgiving"],"relics":["Gremlin:GremlinKnob","Gambling Chip","Torii","hexamod:CandleOfCauterizing"],"acts_visited":["Exordium"],"potions_floor_usage":[13,16,16,16],"damage_taken":[{"damage":0,"enemies":"Cultist","floor":2,"turns":3},{"damage":0,"enemies":"Small Slimes","floor":3,"turns":3},{"damage":1,"enemies":"Jaw Worm","floor":4,"turns":4},{"damage":0,"enemies":"downfall:FleeingMerchant","floor":5,"turns":4},{"damage":1,"enemies":"downfall:FleeingMerchant","floor":9,"turns":4},{"damage":0,"enemies":"Blue Slaver","floor":10,"turns":3},{"damage":0,"enemies":"Exordium Wildlife","floor":12,"turns":3},{"damage":1,"enemies":"Gremlin Gang","floor":13,"turns":3},{"damage":0,"enemies":"Blue Slaver","floor":14,"turns":3},{"damage":8,"enemies":"2 Fungi Beasts","floor":15,"turns":3},{"damage":95,"enemies":"SI_SHIV_ARCHETYPE","floor":16,"turns":11}],"seed_played":"-4226504419445729923","potions_obtained":[{"floor":2,"key":"Fire Potion"},{"floor":10,"key":"Weak Potion"},{"floor":12,"key":"LiquidMemories"},{"floor":14,"key":"Dexterity Potion"}],"is_trial":false,"path_per_floor":["R","M","M","M","$","?","T","?","$","M","R","M","M","M","M","B"],"character_chosen":"GREMLIN","items_purchased":["Gremlin:Tadah","Gremlin:Necromancy"],"campfire_rested":0,"item_purchase_floors":[5,9],"current_hp_per_floor":[19,19,19,19,19,17,17,17,16,17,17,17,17,17,9,0,0],"gold":76,"neow_bonus":"ONE_RARE_RELIC","is_daily":false,"chose_seed":false,"campfire_upgraded":2,"win_rate":0.0,"timestamp":1611527650,"path_taken":["R","M","M","?","$","?","T","?","$","M","R","?","M","M","M","BOSS"],"items_purchased_type":["Card","Card"],"build_version":"2020-12-22","purchased_purges":0,"victory":false,"max_hp_per_floor":[19,19,19,19,19,19,19,19,19,19,19,19,19,19,19,19,19],"card_choices":[{"not_picked":["Gremlin:Revel","Gremlin:Jeer"],"picked":"Gremlin:Dazzle","floor":2},{"not_picked":["Gremlin:Polish","Gremlin:RageBreak"],"picked":"Gremlin:Patsy","floor":3},{"not_picked":["Gremlin:GlitterGuard","Gremlin:Glimmer"],"picked":"Gremlin:Whiz","floor":4},{"not_picked":["Gremlin:GremlinArms","Gremlin:PartyStick"],"picked":"Gremlin:Changeo","floor":5},{"not_picked":["Gremlin:Mockery","Gremlin:DaggerDance"],"picked":"Gremlin:CounterStrike","floor":9},{"not_picked":["Gremlin:BubbleBarrier","Gremlin:BulkUp","Gremlin:PourSalt"],"picked":"SKIP","floor":10},{"not_picked":["Gremlin:Tadah","Gremlin:ShowStopper"],"picked":"Gremlin:Jeer","floor":12},{"not_picked":["Gremlin:MakeshiftArmor","Gremlin:GremlinMeal"],"picked":"Gremlin:Glimmer","floor":13},{"not_picked":["Gremlin:Tadah","Gremlin:Presto"],"picked":"Gremlin:CatScratch","floor":14},{"not_picked":["Gremlin:Changeo","Gremlin:Presto"],"picked":"Gremlin:Unforgiving","floor":15}],"player_experience":584290,"relics_obtained":[{"floor":7,"key":"hexamod:CandleOfCauterizing"}],"event_choices":[{"damage_healed":0,"gold_gain":0,"player_choice":"Success","damage_taken":2,"relics_obtained":["Torii"],"max_hp_gain":0,"max_hp_loss":0,"event_name":"Scrap Ooze","floor":6,"gold_loss":0}],"is_beta":false,"boss_relics":[],"items_purged_floors":[],"is_endless":false,"potions_floor_spawned":[2,10,12,14],"killed_by":"SI_SHIV_ARCHETYPE","ascension_level":0}}