{"host":"ywif2ugnepgiw45s","time":1611498618,"event":{"mods":["Act Like it!","BaseMod","Better Skull","Downfall","Elementarium","GifTheSpireLib","Hermit","Marisa????????","Minty Spire (QoL Compilation)","READ ME - Guardian Mod","Replay The Spire","Shade Mod","Shop Mod","StSLib","The Cursed","The Jungle","The Runesmith","The Servant 0.9.4"],"gold_per_floor":[0,17,2,2,13,46,73,73,86,111,111,124,135,45,61,156,156,56,74,88,88,37,37,37,70,85,85,85,98,98,98,110,209,309,309,319,179,198,208,38,38,38,88,88,88,103,3,3,3,38,53,53,53,53],"floor_reached":52,"language":"ENG","playtime":3197,"items_purged":["champ:Strike","Hallucinations","theJungle:Gourd+1"],"score":606,"play_id":"026a8837-0801-481b-b743-c195c78d5630","local_time":"20210124093018","is_ascension_mode":false,"campfire_choices":[{"data":"champ:Execute","floor":1,"key":"SMITH"},{"data":"champ:ShieldWall","floor":8,"key":"SMITH"},{"data":"champ:StrikeOfGenius","floor":18,"key":"SMITH"},{"floor":27,"key":"REST"},{"floor":35,"key":"RECALL"},{"data":"champ:Duel","floor":42,"key":"SMITH"},{"floor":45,"key":"DIG"},{"floor":47,"key":"DIG"}],"circlet_count":0,"master_deck":["champ:Strike","champ:Strike","champ:Strike","champ:Execute+1","champ:Taunt","champ:Endure","champ:Duel+1","champ:FancyFootwork","champ:ShieldWall+1","champ:ShieldWall","champ:FocusedDefense","champ:UltimateStance+1","champ:SkillfulDodge+1","champ:GladiatorStyle","champ:StrikeOfGenius+1","champ:SteelEdge","ReplayTheSpireMod:IOU","Finesse+1","theJungle:Gourd+1","theJungle:Gourd+1","theJungle:Gourd+1","theJungle:Gourd+1","champ:Improvising","champ:CalledShot+1","champ:Circumvent+1","expansioncontent:QuickStudy+1","champ:HoldFirm+1"],"relics":["champ:ChampionCrown","BranchBurnRelic","Mirror","Strawberry","Bottled Flame","Toxic Egg 2","Replay:Ancient Bell","Guardian:PocketSentry","InkBottle","Replay:Kaleidoscope","downfall:HeartBlessingGreen","ReplayTheSpireMod:CursedCoin","Shovel","Gremlin Horn","Slimebound:PreparedRelic","theJungle:SpiritDisease","Replay:Wanted Poster","ClockworkSouvenir","Spirit Poop","Ice Cream","Golden Egg","downfall:HeartBlessingRed","Girya","Medical Kit"],"acts_visited":["Exordium","Exordium","TheBeyond"],"potions_floor_usage":[15,25,40,50,52,52,52],"damage_taken":[{"damage":13,"enemies":"Jaw Worm","floor":2,"turns":3},{"damage":20,"enemies":"downfall:FleeingMerchant","floor":3,"turns":4},{"damage":10,"enemies":"Cultist","floor":5,"turns":3},{"damage":52,"enemies":"3 Sentries","floor":6,"turns":11},{"damage":0,"enemies":"2 Louse","floor":9,"turns":4},{"damage":16,"enemies":"Replay:BlueRogue","floor":10,"turns":7},{"damage":10,"enemies":"2 Fungi Beasts","floor":12,"turns":3},{"damage":39,"enemies":"3 Louse","floor":13,"turns":5},{"damage":30,"enemies":"downfall:FleeingMerchant","floor":14,"turns":4},{"damage":19,"enemies":"Large Slime","floor":15,"turns":5},{"damage":45,"enemies":"IC_STATUS_ARCHETYPE","floor":16,"turns":7},{"damage":45,"enemies":"theJungle:5_Spyders","floor":19,"turns":6},{"damage":46,"enemies":"theJungle:Flameango_and_Byrd","floor":20,"turns":5},{"damage":10,"enemies":"downfall:FleeingMerchant","floor":22,"turns":4},{"damage":35,"enemies":"theJungle:MamaSnecko","floor":25,"turns":5},{"damage":35,"enemies":"theJungle:2_Snecko_Cultists","floor":26,"turns":3},{"damage":10,"enemies":"Snake Plant","floor":29,"turns":2},{"damage":5,"enemies":"theJungle:Lyon","floor":32,"turns":4},{"damage":0,"enemies":"SI_MIRROR_ARCHETYPE","floor":33,"turns":10},{"damage":10,"enemies":"3 Shapes","floor":36,"turns":6},{"damage":5,"enemies":"downfall:FleeingMerchant","floor":37,"turns":4},{"damage":7,"enemies":"3 Darklings","floor":38,"turns":5},{"damage":35,"enemies":"Transient","floor":39,"turns":5},{"damage":38,"enemies":"downfall:FleeingMerchant","floor":40,"turns":4},{"damage":6,"enemies":"downfall:FleeingMerchant","floor":43,"turns":6},{"damage":23,"enemies":"Writhing Mass","floor":46,"turns":4},{"damage":10,"enemies":"downfall:FleeingMerchant","floor":50,"turns":2},{"damage":28,"enemies":"Sphere and 2 Shapes","floor":51,"turns":5},{"damage":94,"enemies":"DF_ARCHETYPE_ORBS","floor":52,"turns":8}],"seed_played":"138842351795921921","potions_obtained":[{"floor":2,"key":"Strength Potion"},{"floor":9,"key":"champ:CounterPotion"},{"floor":13,"key":"ColorlessPotion"},{"floor":15,"key":"SpeedPotion"},{"floor":20,"key":"Strength Potion"},{"floor":25,"key":"DuplicationPotion"},{"floor":43,"key":"Explosive Potion"},{"floor":51,"key":"BlessingOfTheForge"}],"is_trial":false,"path_per_floor":["R","M","$","?","M","E","T","R","M","E","T","M","M","$","M","B",null,"R","M","M","?","$","?","T","E","M","R","?","M","?","?","M","B",null,"R","M","$","M","M","?","T","R","?","?","R","M","R","PTL","PTL","$","M","B"],"character_chosen":"THE_CHAMP","items_purchased":["ReplayTheSpireMod:CursedCoin","Finesse+1","ClockworkSouvenir","Medical Kit","expansioncontent:QuickStudy"],"campfire_rested":1,"item_purchase_floors":[22,22,40,50,50],"current_hp_per_floor":[90,90,90,90,90,73,80,80,94,93,93,93,89,89,80,55,97,97,97,81,81,81,57,57,52,32,61,61,66,66,66,61,86,97,97,97,97,90,75,57,57,57,86,86,86,85,85,85,85,94,71,0,0,0],"gold":53,"neow_bonus":"ONE_RARE_RELIC","is_daily":false,"chose_seed":false,"campfire_upgraded":4,"win_rate":0.0,"timestamp":1611498618,"path_taken":["R","M","$","?","?","E","T","R","M","E","?","?","M","$","M","BOSS","R","M","M","?","$","?","T","E","M","R","?","M","?","?","M","BOSS","R","M","$","M","M","?","T","R","?","?","R","?","R","PTL","PTL","$","M","BOSS"],"items_purchased_type":["Relic","Card","Relic","Relic","Card"],"build_version":"2020-12-22","purchased_purges":3,"victory":false,"max_hp_per_floor":[90,90,90,90,90,90,97,97,97,97,97,97,97,97,97,97,97,97,97,97,97,97,97,97,97,97,97,97,97,97,97,97,97,97,97,97,97,97,97,97,97,97,97,97,97,97,97,97,97,97,97,97,97,97],"card_choices":[{"not_picked":["champ:FocusedBerserking","champ:CrownThrow"],"picked":"champ:Endure","floor":2},{"not_picked":["champ:CrownThrow","champ:FalseCounter"],"picked":"champ:Duel","floor":3},{"not_picked":["champ:FlashCut","champ:TornadoPunch"],"picked":"champ:FancyFootwork","floor":5},{"not_picked":["champ:FanOfKnives","champ:BerserkersShout"],"picked":"champ:ShieldWall","floor":6},{"not_picked":["champ:BladeFlurry","champ:FancyFootwork"],"picked":"champ:ShieldWall","floor":9},{"not_picked":["champ:RapidStrikes","champ:PerfectedStrike"],"picked":"champ:FocusedDefense","floor":10},{"not_picked":["champ:IronFortress","champ:PreciseThrust"],"picked":"champ:UltimateStance+1","floor":12},{"not_picked":["champ:Backstep+1","champ:EnGarde+1"],"picked":"champ:SkillfulDodge+1","floor":13},{"not_picked":["champ:PreemptiveStrike","champ:FlashCut","champ:StanceDance+1"],"picked":"SKIP","floor":14},{"not_picked":["champ:EnGarde+1","champ:SetATrap+1"],"picked":"champ:GladiatorStyle","floor":15},{"not_picked":["champ:HoldFirm+1","champ:IgnorePain+1"],"picked":"champ:StrikeOfGenius","floor":16},{"not_picked":["CurseOfTheBell","Shame"],"picked":"Overencumbered","floor":17},{"not_picked":["downfall:Haunted","Delirium"],"picked":"ReplayTheSpireMod:Splinters","floor":17},{"not_picked":["Regret","ReplayTheSpireMod:Doomed"],"picked":"Hallucinations","floor":17},{"not_picked":["champ:Haymaker","champ:Shatter","champ:BladeFlurry"],"picked":"SKIP","floor":19},{"not_picked":["champ:EnGarde+1","champ:HeartStrike","champ:EndlessRage"],"picked":"SKIP","floor":20},{"not_picked":["champ:FalseCounter+1","champ:CrookedStrike"],"picked":"champ:SteelEdge","floor":22},{"not_picked":["champ:EnragedBash","champ:SetATrap+1","champ:Haymaker+1"],"picked":"SKIP","floor":25},{"not_picked":["champ:GutPunch","champ:TornadoPunch","champ:Shatter"],"picked":"SKIP","floor":26},{"not_picked":["champ:BladeFlurry","champ:TornadoPunch","champ:FanOfKnives"],"picked":"SKIP","floor":29},{"not_picked":["champ:AdrenalArmor+1","champ:ArenaPreparation+1","champ:PerfectedStrike+1"],"picked":"SKIP","floor":32},{"not_picked":["champ:HeavySlash","champ:StrikeOfGenius"],"picked":"champ:Improvising","floor":33},{"not_picked":["champ:Haymaker","champ:FalseCounter+1","champ:FocusedBerserking+1"],"picked":"SKIP","floor":36},{"not_picked":["champ:PerfectedStrike+1","champ:SetATrap+1","champ:BringItOn+1"],"picked":"SKIP","floor":37},{"not_picked":["champ:GutPunch","champ:CrookedStrike+1"],"picked":"champ:CalledShot+1","floor":38},{"not_picked":["champ:TornadoPunch","champ:HeartStrike+1","champ:BringItOn+1"],"picked":"SKIP","floor":39},{"not_picked":["champ:FlashCut","champ:ArenaPreparation+1","champ:FanOfKnives+1"],"picked":"SKIP","floor":40},{"not_picked":["champ:FanOfKnives","champ:Haymaker"],"picked":"champ:Circumvent+1","floor":43},{"not_picked":["champ:Circumvent+1","champ:EnGarde+1","champ:IronFortress+1"],"picked":"SKIP","floor":46},{"not_picked":["champ:BladeFlurry","champ:Shatter+1","champ:Duel"],"picked":"SKIP","floor":50},{"not_picked":["champ:StanceDance+1","champ:PreciseThrust"],"picked":"champ:HoldFirm+1","floor":51}],"player_experience":1734103,"relics_obtained":[{"floor":6,"key":"Mirror"},{"floor":7,"key":"Strawberry"},{"floor":10,"key":"Bottled Flame"},{"floor":11,"key":"Toxic Egg 2"},{"floor":24,"key":"Gremlin Horn"},{"floor":25,"key":"Slimebound:PreparedRelic"},{"floor":41,"key":"Spirit Poop"},{"floor":43,"key":"Ice Cream"},{"floor":45,"key":"Golden Egg"},{"floor":47,"key":"Girya"}],"event_choices":[],"is_beta":false,"boss_relics":[{"not_picked":["Empty Cage","Fusion Hammer"],"picked":"Replay:Ancient Bell"},{"not_picked":["Toy Ornithopter","ReplayTheSpireMod:Lightbulb"],"picked":"Guardian:PocketSentry"},{"not_picked":["Runesmith:Nanobots","Replay:Ringing Soul"],"picked":"InkBottle"},{"not_picked":["Prayer Wheel","Mango"],"picked":"Replay:Kaleidoscope"},{"not_picked":["Replay:Drink Me","Ring of Chaos"],"picked":"Replay:Wanted Poster"}],"items_purged_floors":[14,22,37],"is_endless":false,"potions_floor_spawned":[2,9,13,15,20,25,29,33,36,39,43,51],"killed_by":"DF_ARCHETYPE_ORBS","ascension_level":0}}