{"host":"swphzoo6hmc78epl","time":1611470763,"event":{"mods":["BaseMod","Highlight Path","Minty Spire (QoL Compilation)","Quick Restart"],"gold_per_floor":[116,132,57,232,243,259,259,259,285,285,40,5,31,41,41,141,141,155,174,174,194,194,227,227,227,252,264,264,139,163,180,180,282,282,293,393,243,293,118,146,164,197,221,221,241,268,268,315,315,315,315,315,121,149,149],"floor_reached":56,"language":"ENG","playtime":2162,"items_purged":["Strike_P","Doubt","Writhe","Strike_P","Defend_P"],"score":1758,"play_id":"7d30caba-ddfc-4794-9e95-5a781ed48185","local_time":"20210124014603","is_ascension_mode":true,"campfire_choices":[{"data":"SandsOfTime","floor":8,"key":"SMITH"},{"data":"Protect","floor":10,"key":"SMITH"},{"data":"Tantrum","floor":15,"key":"SMITH"},{"floor":24,"key":"RECALL"},{"floor":32,"key":"REST"},{"floor":44,"key":"REST"},{"floor":49,"key":"REST"},{"floor":52,"key":"REST"}],"circlet_count":0,"master_deck":["Defend_P","Defend_P","Defend_P","Eruption","Vigilance","SandsOfTime+1","CutThroughFate","CutThroughFate","Tantrum+1","Vault+1","DeceiveReality+1","Wallop+1","Wallop","Halt","DeusExMachina+1","Wireheading+1","InnerPeace+1","ReachHeaven","Omniscience","Vault","Ragnarok","SandsOfTime+1"],"relics":["Snecko Eye","Potion Belt","Happy Flower","Bronze Scales","Shuriken","Fusion Hammer","Matryoshka","Mango","Akabeko","Lantern","Juzu Bracelet","Vajra","VioletLotus","Prayer Wheel","Bottled Tornado","Regal Pillow","Strawberry","Lizard Tail","War Paint","Toy Ornithopter"],"acts_visited":["TheCity","TheBeyond","TheEnding"],"potions_floor_usage":[27,55,55,55,55],"damage_taken":[{"damage":0,"enemies":"Cultist","floor":1,"turns":4},{"damage":2,"enemies":"2 Louse","floor":2,"turns":2},{"damage":0,"enemies":"Small Slimes","floor":5,"turns":2},{"damage":2,"enemies":"Exordium Wildlife","floor":6,"turns":2},{"damage":0,"enemies":"Gremlin Nob","floor":13,"turns":1},{"damage":0,"enemies":"Looter","floor":14,"turns":2},{"damage":32,"enemies":"Hexaghost","floor":16,"turns":6},{"damage":0,"enemies":"3 Byrds","floor":18,"turns":3},{"damage":0,"enemies":"Shell Parasite","floor":19,"turns":2},{"damage":0,"enemies":"Centurion and Healer","floor":21,"turns":3},{"damage":0,"enemies":"Book of Stabbing","floor":23,"turns":5},{"damage":3,"enemies":"Snake Plant","floor":27,"turns":3},{"damage":0,"enemies":"Sentry and Sphere","floor":31,"turns":4},{"damage":4,"enemies":"Champ","floor":33,"turns":6},{"damage":0,"enemies":"3 Darklings","floor":35,"turns":2},{"damage":0,"enemies":"Mind Bloom Boss Battle","floor":38,"turns":3},{"damage":0,"enemies":"Nemesis","floor":40,"turns":3},{"damage":0,"enemies":"Orb Walker","floor":41,"turns":2},{"damage":0,"enemies":"Giant Head","floor":42,"turns":4},{"damage":0,"enemies":"Maw","floor":45,"turns":3},{"damage":0,"enemies":"Nemesis","floor":46,"turns":3},{"damage":0,"enemies":"2 Orb Walkers","floor":48,"turns":2},{"damage":0,"enemies":"Donu and Deca","floor":50,"turns":4},{"damage":0,"enemies":"Shield and Spear","floor":54,"turns":2},{"damage":32,"enemies":"The Heart","floor":55,"turns":7}],"seed_played":"4561246300739492292","potions_obtained":[{"floor":2,"key":"SmokeBomb"},{"floor":13,"key":"Fire Potion"},{"floor":27,"key":"CultistPotion"},{"floor":31,"key":"AttackPotion"},{"floor":35,"key":"LiquidMemories"},{"floor":41,"key":"LiquidMemories"},{"floor":42,"key":"SneckoOil"}],"is_trial":false,"path_per_floor":["M","M","$","?","M","M","?","R","T","R","$","?","E","M","R","B",null,"M","M","?","M","?","E","R","?","T","M","?","$","T","M","R","B",null,"M","?","$","?","$","E","M","E","T","R","M","E","?","?","R","B",null,"R","$","E","B",null],"character_chosen":"WATCHER","items_purchased":["Bronze Scales","War Paint","BottledMiracle"],"campfire_rested":4,"item_purchase_floors":[11,53,53],"current_hp_per_floor":[72,70,70,70,70,68,61,61,61,61,61,72,72,72,72,40,64,64,64,64,64,64,78,78,78,78,75,58,58,58,58,85,81,89,89,89,89,89,89,89,89,89,89,91,91,98,98,98,98,98,98,98,98,98,77],"gold":149,"neow_bonus":"BOSS_RELIC","is_daily":false,"chose_seed":false,"campfire_upgraded":3,"win_rate":0.0,"timestamp":1611470763,"path_taken":["M","M","$","?","M","M","?","R","T","R","$","?","E","M","R","BOSS","M","M","?","M","?","E","R","?","T","M","?","$","?","M","R","BOSS","M","?","$","?","$","E","M","E","T","R","M","E","?","?","R","BOSS","R","$","E","BOSS"],"items_purchased_type":["Relic","Relic","Potion"],"build_version":"2020-12-22","purchased_purges":5,"victory":true,"max_hp_per_floor":[72,72,72,72,72,72,72,72,72,72,72,72,72,72,72,72,72,72,72,72,72,72,86,86,86,86,86,91,91,91,91,91,91,91,91,91,91,91,91,91,91,91,91,91,91,98,98,98,98,98,98,98,98,98,98],"card_choices":[{"not_picked":["EmptyFist","JustLucky"],"picked":"SandsOfTime","floor":1},{"not_picked":["Nirvana","CarveReality"],"picked":"CutThroughFate","floor":2},{"not_picked":["Evaluate","PathToVictory"],"picked":"Protect","floor":5},{"not_picked":["FlurryOfBlows","Consecrate"],"picked":"CutThroughFate","floor":6},{"not_picked":["JustLucky","Indignation","Prostrate"],"picked":"SKIP","floor":13},{"not_picked":["SashWhip","Crescendo"],"picked":"Tantrum","floor":14},{"not_picked":["LessonLearned","Alpha"],"picked":"Vault","floor":16},{"not_picked":["FlyingSleeves","Nirvana"],"picked":"DeceiveReality+1","floor":18},{"not_picked":["CrushJoints","Collect"],"picked":"Wallop+1","floor":19},{"not_picked":["EmptyBody","Sanctity+1"],"picked":"Wallop","floor":21},{"not_picked":["Prostrate","JustLucky"],"picked":"Wireheading+1","floor":23},{"not_picked":["Prostrate+1","ThirdEye"],"picked":"InnerPeace+1","floor":27},{"not_picked":["FlurryOfBlows","FollowUp+1"],"picked":"ReachHeaven","floor":31},{"not_picked":["Establishment","ConjureBlade"],"picked":"Omniscience","floor":33},{"not_picked":["SashWhip","PathToVictory+1","Protect"],"picked":"SKIP","floor":35},{"not_picked":["SashWhip+1","CutThroughFate"],"picked":"Vault","floor":38},{"not_picked":["PathToVictory+1","FlyingSleeves+1","CarveReality"],"picked":"SKIP","floor":40},{"not_picked":["Halt+1","FollowUp","Vengeance"],"picked":"SKIP","floor":41},{"not_picked":["EmptyFist+1","FlurryOfBlows+1","FollowUp"],"picked":"SKIP","floor":41},{"not_picked":["LikeWater","FearNoEvil"],"picked":"Ragnarok","floor":42},{"not_picked":["ClearTheMind","InnerPeace"],"picked":"SandsOfTime+1","floor":45},{"not_picked":["Crescendo","Evaluate+1","TalkToTheHand+1"],"picked":"SKIP","floor":45},{"not_picked":["Brilliance","WreathOfFlame","ConjureBlade"],"picked":"SKIP","floor":46},{"not_picked":["SashWhip","Perseverance+1","LikeWater+1"],"picked":"SKIP","floor":54}],"player_experience":834268,"relics_obtained":[{"floor":9,"key":"Happy Flower"},{"floor":13,"key":"Shuriken"},{"floor":23,"key":"Mango"},{"floor":26,"key":"Akabeko"},{"floor":26,"key":"Lantern"},{"floor":30,"key":"Juzu Bracelet"},{"floor":30,"key":"Vajra"},{"floor":38,"key":"Prayer Wheel"},{"floor":40,"key":"Bottled Tornado"},{"floor":42,"key":"Regal Pillow"},{"floor":46,"key":"Strawberry"},{"floor":48,"key":"Lizard Tail"},{"floor":54,"key":"Toy Ornithopter"}],"event_choices":[{"damage_healed":0,"gold_gain":175,"player_choice":"AGREE","damage_taken":0,"max_hp_gain":0,"max_hp_loss":0,"event_name":"Liars Game","floor":4,"gold_loss":0,"cards_obtained":["Doubt"]},{"damage_healed":0,"gold_gain":0,"player_choice":"Success","damage_taken":7,"relics_obtained":["Potion Belt"],"max_hp_gain":0,"max_hp_loss":0,"event_name":"Scrap Ooze","floor":7,"gold_loss":0},{"damage_healed":18,"gold_gain":0,"player_choice":"Healed","damage_taken":0,"max_hp_gain":0,"max_hp_loss":0,"event_name":"The Cleric","floor":12,"gold_loss":35},{"damage_healed":0,"gold_gain":0,"player_choice":"Opened","damage_taken":0,"relics_obtained":["Matryoshka"],"max_hp_gain":0,"max_hp_loss":0,"event_name":"The Mausoleum","floor":20,"gold_loss":0,"cards_obtained":["Writhe"]},{"damage_healed":0,"gold_gain":0,"cards_transformed":["Strike_P","Strike_P"],"player_choice":"Became Test Subject","damage_taken":0,"max_hp_gain":0,"max_hp_loss":0,"event_name":"Drug Dealer","floor":22,"gold_loss":0,"cards_obtained":["Halt","DeusExMachina"]},{"damage_healed":0,"gold_gain":0,"player_choice":"Ignored","damage_taken":0,"max_hp_gain":0,"max_hp_loss":0,"event_name":"Ghosts","floor":25,"gold_loss":0},{"damage_healed":0,"gold_gain":0,"player_choice":"Shed Blood","damage_taken":22,"max_hp_gain":5,"max_hp_loss":0,"event_name":"Forgotten Altar","floor":28,"gold_loss":0},{"damage_healed":0,"gold_gain":100,"player_choice":"Pray","damage_taken":0,"max_hp_gain":0,"max_hp_loss":0,"event_name":"Golden Shrine","floor":36,"gold_loss":0},{"damage_healed":0,"gold_gain":0,"player_choice":"Fight","damage_taken":0,"max_hp_gain":0,"max_hp_loss":0,"event_name":"MindBloom","floor":38,"gold_loss":0},{"cards_removed":["Protect"],"damage_healed":0,"gold_gain":0,"player_choice":"Removed Skill","damage_taken":0,"max_hp_gain":0,"max_hp_loss":0,"event_name":"Falling","floor":47,"gold_loss":0},{"damage_healed":0,"gold_gain":0,"player_choice":"Fight","damage_taken":0,"max_hp_gain":0,"max_hp_loss":0,"event_name":"Mysterious Sphere","floor":48,"gold_loss":0}],"is_beta":false,"boss_relics":[{"not_picked":["Runic Pyramid","Runic Dome"],"picked":"Fusion Hammer"},{"not_picked":["Velvet Choker","Coffee Dripper"],"picked":"VioletLotus"}],"items_purged_floors":[3,11,29,37,39],"is_endless":false,"potions_floor_spawned":[2,13,27,31,35,41,42,48,54],"ascension_level":5}}