{"host":"08z5bj28eube4vug","time":1611528166,"event":{"mods":["2.2 Compatiblity","Abigail Mod","Act Like it!","BaseMod","Beaked The Cultist","Bestiary","Friendly Minions","Gensokyo","GungeonMod","Hallownest","Kiyohime????","Koishi","Lobotomy","Marisa????????","Minty Spire (QoL Compilation)","Prisma Mod","Remilia??????","Replay The Spire","StSLib","Td1madao Mod","The Alterego","The Bug Knight","The Jungle","The Sage","The Senshi","The Servant 0.9.4","Waifu the Spire","WarShipGirlsR/????R mod","Yuri Mod"],"gold_per_floor":[109,79,7,23,37,67,67,85,85,85,111,143,155,167,198,210,222,331,343,375,406,418,448,420,432,454,466,478,521,533,565,610,641,653,768,780,806,818,849,911,148,148,177,177,203,203,229,245,245,262,262,262],"floor_reached":53,"language":"ENG","playtime":3134,"items_purged":["Regret"],"score":1194,"play_id":"c1b93592-59cd-4583-8b35-49eeb9907bdc","local_time":"20210125014246","is_ascension_mode":true,"campfire_choices":[{"data":"Koishi:EmbryosDream","floor":7,"key":"SMITH"},{"data":"Koishi:FidgetySnatcher","floor":10,"key":"SMITH"},{"floor":17,"key":"REST"},{"data":"Koishi:UnconsciousUrges","floor":25,"key":"SMITH"},{"data":"Koishi:JumpScare","floor":27,"key":"SMITH"},{"data":"Koishi:SubterraneanRose","floor":30,"key":"SMITH"},{"data":"Koishi:SprinkleStarAndHeart","floor":34,"key":"SMITH"},{"data":"ReplayTheSpireMod:Brewmster","floor":42,"key":"SMITH"},{"data":"Koishi:VengefulSpirit","floor":44,"key":"SMITH"},{"data":"Koishi:Provoke","floor":46,"key":"SMITH"},{"data":"Koishi:PerfectMindControl","floor":49,"key":"SMITH"},{"data":"Koishi:RacingHeart","floor":51,"key":"SMITH"}],"circlet_count":0,"master_deck":["Koishi:BasicStrike+1","Koishi:BasicStrike","Koishi:BasicStrike","Koishi:BasicStrike+1","Koishi:BasicDefend","Koishi:BasicDefend","Koishi:BasicDefend","Koishi:BasicDefend","Koishi:Provoke+1","Koishi:HauntingSlash+1","Clumsy","Koishi:Jaunt+1","Koishi:EmbryosDream+1","Koishi:SprinkleStarAndHeart+1","Koishi:FidgetySnatcher+1","Koishi:RacingHeart+1","Koishi:UnconsciousUrges+1","Koishi:JumpScare+1","Koishi:SilentAndRestless","Koishi:SubterraneanRose+1","Koishi:PhantomStrike","Koishi:PerfectMindControl+1","PrismaMod:IllyaInstallRuler","Koishi:SubterraneanRose+1","ReplayTheSpireMod:Brewmster+1","Koishi:VengefulSpirit+1","Koishi:YoukaiPolygraph+1","Koishi:JumpScare+1"],"relics":["Koishi:ImaginaryFriend","DemoMod:GundromedaStrain","ReplayTheSpireMod:CursedCoin","Pet Ghost","sagemod:Red_Beast_Statue","sagemod:Blowpipe","MawBank","Busted Crown","DemoMod:VorpalBullet","Meat on the Bone","MealTicket","beaked:SacredDeck","TungstenRod","ClockworkSouvenir","Potion Belt","DemoMod:AgedBell","Replay:Towering Pillar of Hats"],"acts_visited":["Exordium","TheCity","TheBeyond"],"potions_floor_usage":[11,15,18,18,20,26,35,40,43,43,43,43,47,50,52,52,52,52,52,52,52],"damage_taken":[{"damage":1,"enemies":"Small Slimes","floor":1,"turns":3},{"damage":0,"enemies":"Cultist","floor":4,"turns":3},{"damage":2,"enemies":"Jaw Worm","floor":5,"turns":3},{"damage":22,"enemies":"HollowMod:MossKnight","floor":6,"turns":10},{"damage":2,"enemies":"Large Slime","floor":8,"turns":5},{"damage":22,"enemies":"Lagavulin","floor":11,"turns":5},{"damage":3,"enemies":"2 Fungi Beasts","floor":12,"turns":3},{"damage":0,"enemies":"Red Slaver","floor":15,"turns":3},{"damage":0,"enemies":"Slime Boss","floor":18,"turns":6},{"damage":27,"enemies":"2 Thieves","floor":20,"turns":4},{"damage":11,"enemies":"Spheric Guardian","floor":21,"turns":6},{"damage":17,"enemies":"3 Cultists","floor":23,"turns":5},{"damage":0,"enemies":"Snecko","floor":26,"turns":3},{"damage":12,"enemies":"Book of Stabbing","floor":29,"turns":5},{"damage":0,"enemies":"Chosen and Byrds","floor":31,"turns":3},{"damage":6,"enemies":"Gremlin Leader","floor":32,"turns":6},{"damage":21,"enemies":"Cultist and Chosen","floor":33,"turns":5},{"damage":42,"enemies":"Champ","floor":35,"turns":14},{"damage":18,"enemies":"3 Shapes","floor":37,"turns":5},{"damage":0,"enemies":"Orb Walker","floor":39,"turns":3},{"damage":0,"enemies":"Mind Bloom Boss Battle","floor":40,"turns":6},{"damage":15,"enemies":"HollowMod:StalkingDevout","floor":43,"turns":7},{"damage":0,"enemies":"Nemesis","floor":47,"turns":4},{"damage":0,"enemies":"Spire Growth","floor":48,"turns":5},{"damage":13,"enemies":"3 Darklings","floor":50,"turns":3},{"damage":20,"enemies":"Donu and Deca","floor":52,"turns":8}],"seed_played":"-4178977081345052538","potions_obtained":[{"floor":1,"key":"SkillPotion"},{"floor":2,"key":"FearPotion"},{"floor":2,"key":"Weak Potion"},{"floor":12,"key":"Fire Potion"},{"floor":18,"key":"Regen Potion"},{"floor":23,"key":"Ancient Potion"},{"floor":26,"key":"FearPotion"},{"floor":31,"key":"FairyPotion"},{"floor":35,"key":"FearPotion"},{"floor":37,"key":"DistilledChaos"},{"floor":39,"key":"Reflective Coating"},{"floor":50,"key":"DuplicationPotion"}],"is_trial":false,"path_per_floor":["M","?","$","M","M","E","R","M","T","R","E","M","PTL","PTL","M","?","R","B",null,"M","M","?","M","?","R","M","R","T","E","R","M","E","M","R","B",null,"M","$","M","?","$","R","E","R","T","R","E","M","R","M","R","B",null],"character_chosen":"KOISHI","items_purchased":["ReplayTheSpireMod:CursedCoin","Pet Ghost","ReplayTheSpireMod:Brewmster","ClockworkSouvenir","Potion Belt","FairyPotion","Koishi:VengefulSpirit","DuplicationPotion"],"campfire_rested":1,"item_purchase_floors":[3,3,41,41,41,41,41,41],"current_hp_per_floor":[55,55,55,56,55,37,37,37,37,37,15,15,15,15,20,8,26,26,52,52,45,45,36,36,36,42,42,42,40,40,48,52,37,37,36,54,44,59,60,60,60,60,55,55,55,55,60,60,60,55,55,43],"gold":262,"neow_bonus":"ONE_RARE_RELIC","is_daily":false,"chose_seed":false,"campfire_upgraded":11,"win_rate":0.0,"timestamp":1611528166,"path_taken":["M","?","$","M","M","E","R","?","T","R","E","M","PTL","PTL","M","?","R","BOSS","M","M","?","M","?","R","?","R","T","E","R","M","E","M","R","BOSS","M","$","M","?","$","R","E","R","T","R","E","M","R","M","R","BOSS"],"items_purchased_type":["Relic","Relic","Card","Relic","Relic","Potion","Card","Potion"],"build_version":"2020-12-22","purchased_purges":1,"victory":true,"max_hp_per_floor":[60,60,60,60,60,60,60,60,60,60,60,60,60,60,60,60,60,60,60,60,60,60,60,60,60,60,60,60,60,60,60,60,60,60,60,60,60,60,60,60,60,60,60,60,60,60,60,60,60,60,60,60],"card_choices":[{"not_picked":["Koishi:HeartfeltFancy","Koishi:BloodcurdlingScream"],"picked":"Koishi:Jaunt","floor":1},{"not_picked":["Koishi:VengefulSpirit","Koishi:StrangeCloudFist"],"picked":"Koishi:EmbryosDream","floor":4},{"not_picked":["Koishi:SubterraneanRose","Koishi:JumpScare"],"picked":"Koishi:SprinkleStarAndHeart","floor":5},{"not_picked":["Koishi:SuperEgo","Koishi:MindNumbingTerror"],"picked":"Koishi:FidgetySnatcher","floor":6},{"not_picked":["Koishi:BloodcurdlingScream","Koishi:PhantomStrike"],"picked":"Koishi:RacingHeart","floor":8},{"not_picked":["Koishi:DreadfulBlow","Koishi:GhostParty"],"picked":"Koishi:UnconsciousUrges","floor":11},{"not_picked":["Koishi:MassHysteria","Koishi:HeartAttack"],"picked":"Koishi:JumpScare","floor":12},{"not_picked":["Koishi:RollingInRichesHeart","Koishi:EmbryosDream","Koishi:GhostParty"],"picked":"SKIP","floor":15},{"not_picked":["Koishi:RoseHell","Koishi:TerrifyingSpectre"],"picked":"Koishi:SilentAndRestless","floor":18},{"not_picked":["Koishi:HeartAttack"],"picked":"SKIP","floor":20},{"not_picked":["Koishi:Bloodlust"],"picked":"SKIP","floor":21},{"not_picked":["Koishi:UnconsciousUrges"],"picked":"SKIP","floor":23},{"not_picked":["Koishi:DreadfulBlow"],"picked":"SKIP","floor":26},{"not_picked":["Koishi:FleetingPhantom"],"picked":"SKIP","floor":29},{"not_picked":["Koishi:Bloodlust"],"picked":"SKIP","floor":31},{"not_picked":[],"picked":"Koishi:PhantomStrike","floor":32},{"not_picked":["Koishi:CatchAndRose"],"picked":"SKIP","floor":33},{"not_picked":[],"picked":"Koishi:PerfectMindControl","floor":35},{"not_picked":[],"picked":"Koishi:SubterraneanRose+1","floor":37},{"not_picked":["Koishi:Jaunt+1"],"picked":"SKIP","floor":39},{"not_picked":["Koishi:ReflexRadar"],"picked":"SKIP","floor":43},{"not_picked":["Koishi:SpiritedAway"],"picked":"SKIP","floor":47},{"not_picked":[],"picked":"Koishi:YoukaiPolygraph+1","floor":48},{"not_picked":[],"picked":"Koishi:JumpScare+1","floor":50}],"player_experience":838039,"relics_obtained":[{"floor":6,"key":"sagemod:Red_Beast_Statue"},{"floor":9,"key":"sagemod:Blowpipe"},{"floor":11,"key":"MawBank"},{"floor":28,"key":"DemoMod:VorpalBullet"},{"floor":29,"key":"Meat on the Bone"},{"floor":32,"key":"MealTicket"},{"floor":40,"key":"TungstenRod"},{"floor":43,"key":"DemoMod:AgedBell"},{"floor":47,"key":"Replay:Towering Pillar of Hats"}],"event_choices":[{"damage_healed":0,"gold_gain":0,"player_choice":"Bought 2 Potions","damage_taken":0,"max_hp_gain":0,"max_hp_loss":0,"event_name":"The Woman in Blue","floor":2,"gold_loss":0},{"damage_healed":0,"gold_gain":0,"player_choice":"Entered Light","damage_taken":12,"max_hp_gain":0,"max_hp_loss":0,"event_name":"Shining Light","floor":16,"gold_loss":0,"cards_upgraded":["Koishi:BasicStrike","Koishi:HauntingSlash"]},{"damage_healed":0,"gold_gain":0,"player_choice":"Read","damage_taken":0,"max_hp_gain":0,"max_hp_loss":0,"event_name":"The Library","floor":22,"gold_loss":0,"cards_obtained":["Koishi:SubterraneanRose"]},{"damage_healed":0,"gold_gain":0,"player_choice":"Upgraded Two","damage_taken":0,"max_hp_gain":0,"max_hp_loss":0,"event_name":"Designer","floor":24,"gold_loss":40,"cards_upgraded":["Koishi:BasicStrike","Koishi:Jaunt"]},{"damage_healed":0,"gold_gain":0,"player_choice":"Fight","damage_taken":0,"max_hp_gain":0,"max_hp_loss":0,"event_name":"MindBloom","floor":40,"gold_loss":0}],"is_beta":false,"boss_relics":[{"not_picked":["SacredBark","Philosopher\u0027s Stone"],"picked":"Busted Crown"},{"not_picked":["Honey Jar","Black Star"],"picked":"beaked:SacredDeck"}],"items_purged_floors":[3],"is_endless":false,"potions_floor_spawned":[1,4,6,12,18,23,26,31,35,37,39,50],"ascension_level":8}}