{"host":"hv7yb09uheo1d113","time":1611456258,"event":{"mods":["Act Like it!","Ascension Unlocker","BaseMod","Better Altar","Better Note","Colored Map","Colored Powertips","Downfall","GifTheSpireLib","Minty Spire (QoL Compilation)","Reworked Bosses","Shop Mod","StSLib","Synergy Search"],"gold_per_floor":[99,115,130,130,145,173,173,173,348,348,3,3,13,43,62,62,62,62],"floor_reached":16,"language":"ENG","playtime":3028,"items_purged":["Guardian:Strike_Guardian"],"score":187,"play_id":"60cac263-82ca-456c-b09a-da7059ac5840","local_time":"20210123204418","is_ascension_mode":true,"campfire_choices":[{"data":"Guardian:TwinSlam","floor":1,"key":"SMITH"},{"floor":10,"key":"REST"},{"data":"Guardian:PrismaticBeam","floor":12,"key":"SMITH"}],"circlet_count":0,"master_deck":["AscendersBane","Guardian:Strike_Guardian","Guardian:Defend_Guardian","Guardian:Defend_Guardian","Guardian:Defend_Guardian","Guardian:Defend_Guardian","Guardian:CurlUp+1","Guardian:TwinSlam+1","Guardian:Incinerate","Guardian:HyperBeam_Guardian","Guardian:Preprogram","Guardian:PrimingBeam","Guardian:FuturePlans","Doubt","Guardian:RevengeProtocol","Guardian:PrismaticBeam+1","Guardian:Gem_Cyan","Guardian:Incinerate","Guardian:BronzeArmor"],"relics":["Guardian:ModeShifter","Thread and Needle","Calipers","Guardian:PickAxe","Lee\u0027s Waffle","Centennial Puzzle"],"acts_visited":["Exordium"],"potions_floor_usage":[16],"damage_taken":[{"damage":10,"enemies":"2 Louse","floor":2,"turns":2},{"damage":6,"enemies":"Cultist","floor":3,"turns":4},{"damage":2,"enemies":"Jaw Worm","floor":5,"turns":2},{"damage":10,"enemies":"3 Sentries","floor":6,"turns":3},{"damage":11,"enemies":"3 Sentries","floor":8,"turns":3},{"damage":10,"enemies":"downfall:FleeingMerchant","floor":11,"turns":4},{"damage":7,"enemies":"Large Slime","floor":13,"turns":5},{"damage":6,"enemies":"Lagavulin","floor":14,"turns":8},{"damage":1,"enemies":"Blue Slaver","floor":15,"turns":3},{"damage":59,"enemies":"IC_STATUS_ARCHETYPE","floor":16,"turns":13}],"seed_played":"-6902485049974027683","potions_obtained":[{"floor":2,"key":"Energy Potion"},{"floor":13,"key":"Guardian:BlockOnCardUsePotion"},{"floor":14,"key":"Guardian:AcceleratePotion"}],"is_trial":false,"path_per_floor":["R","M","M","?","M","E","T","?","?","R","$","R","M","E","M","B"],"character_chosen":"GUARDIAN","items_purchased":["Lee\u0027s Waffle","Guardian:PrismaticBeam","Guardian:Gem_Green"],"campfire_rested":1,"item_purchase_floors":[11,11,11],"current_hp_per_floor":[65,55,49,49,47,37,37,8,8,27,72,72,65,59,58,0,0,0],"gold":62,"neow_bonus":"TRANSFORM_TWO_CARDS","is_daily":false,"chose_seed":false,"campfire_upgraded":2,"win_rate":0.0,"timestamp":1611456258,"path_taken":["R","M","M","?","?","E","T","?","?","R","?","R","?","E","M","BOSS"],"items_purchased_type":["Relic","Card","Card"],"build_version":"2020-12-22","purchased_purges":1,"victory":false,"max_hp_per_floor":[65,65,65,65,65,65,65,65,65,65,72,72,72,72,72,72,72,72],"card_choices":[{"not_picked":["Guardian:TemporalShield","Guardian:WalkerClaw"],"picked":"Guardian:Preprogram","floor":2},{"not_picked":["Guardian:Incinerate","Guardian:GuardianWhirl"],"picked":"Guardian:PrimingBeam","floor":3},{"not_picked":["Guardian:Recover","Guardian:PrismaticBeam"],"picked":"Guardian:Gem_Green","floor":5},{"not_picked":["Guardian:Incinerate","Guardian:StasisEngine"],"picked":"Guardian:FuturePlans","floor":6},{"not_picked":["Guardian:RollAttack","Guardian:TemporalShield"],"picked":"Guardian:RevengeProtocol","floor":11},{"not_picked":["Guardian:FuturePlans","Guardian:Preprogram"],"picked":"Guardian:Gem_Cyan","floor":13},{"not_picked":["Guardian:WalkerClaw","Guardian:PrimingBeam"],"picked":"Guardian:Incinerate","floor":14},{"not_picked":["Guardian:Gem_Fragmented","Guardian:CrystalBeam"],"picked":"Guardian:BronzeArmor","floor":15}],"player_experience":248148,"relics_obtained":[{"floor":6,"key":"Thread and Needle"},{"floor":7,"key":"Calipers"},{"floor":14,"key":"Centennial Puzzle"}],"event_choices":[],"is_beta":false,"boss_relics":[],"items_purged_floors":[11],"is_endless":false,"potions_floor_spawned":[2,8,13,14,15],"killed_by":"IC_STATUS_ARCHETYPE","ascension_level":14}}