{"host":"hwrdjx5eod2cxh09","time":1611493656,"event":{"mods":["AchievementEnabler","BaseMod","Bestiary","Minty Spire (QoL Compilation)","Relic Stats"],"gold_per_floor":[117,131,151,151,169,198,198,198,221,221,240,268,268,293,293,392,392,406,406,418,97,107,107,122,122,122,154,69,96,114,114,114],"floor_reached":31,"language":"ENG","playtime":1195,"items_purged":["Strike_B"],"score":336,"play_id":"2234efa7-a7fd-4b48-85a0-2aa7532a10da","local_time":"20210124220736","is_ascension_mode":true,"campfire_choices":[{"data":"Multi-Cast","floor":7.0,"key":"SMITH"},{"data":"Reinforced Body","floor":10.0,"key":"SMITH"},{"floor":15.0,"key":"REST"},{"data":"Defragment","floor":23,"key":"SMITH"},{"floor":25,"key":"REST"}],"circlet_count":0,"master_deck":["Strike_B","Strike_B","Strike_B","Defend_B","Defend_B","Defend_B","Defend_B+1","Zap+1","Dualcast","Compile Driver","Steam","Reinforced Body+1","Streamline+1","Multi-Cast+1","Defragment+1","Undo","Core Surge","Capacitor","Genetic Algorithm+1","Defragment+1","BootSequence","Ball Lightning","Echo Form"],"relics":["Cracked Core","NeowsBlessing","War Paint","Centennial Puzzle","Smiling Mask","Lantern","Juzu Bracelet","SlaversCollar","Bag of Preparation","Anchor","Torii","Pen Nib","Toxic Egg 2"],"acts_visited":["Exordium","TheCity"],"potions_floor_usage":[16,20,27,29,29],"damage_taken":[{"damage":0.0,"enemies":"Cultist","floor":1.0,"turns":1.0},{"damage":0.0,"enemies":"Jaw Worm","floor":2.0,"turns":1.0},{"damage":0.0,"enemies":"2 Louse","floor":3.0,"turns":1.0},{"damage":15.0,"enemies":"Exordium Thugs","floor":5.0,"turns":6.0},{"damage":7.0,"enemies":"Lagavulin","floor":6.0,"turns":6.0},{"damage":3.0,"enemies":"Blue Slaver","floor":11.0,"turns":3.0},{"damage":21.0,"enemies":"Gremlin Nob","floor":12.0,"turns":4.0},{"damage":0.0,"enemies":"3 Sentries","floor":14.0,"turns":1.0},{"damage":15,"enemies":"The Guardian","floor":16,"turns":10},{"damage":17,"enemies":"Spheric Guardian","floor":18,"turns":4},{"damage":5,"enemies":"3 Byrds","floor":20,"turns":4},{"damage":20,"enemies":"Snecko","floor":22,"turns":7},{"damage":14,"enemies":"Snake Plant","floor":24,"turns":4},{"damage":19,"enemies":"Book of Stabbing","floor":27,"turns":5},{"damage":22,"enemies":"Gremlin Leader","floor":29,"turns":9},{"damage":9,"enemies":"Shelled Parasite and Fungi","floor":30,"turns":6},{"damage":2,"enemies":"Sentry and Sphere","floor":31,"turns":5}],"seed_played":"-4904305483208364500","potions_obtained":[{"floor":2.0,"key":"Regen Potion"},{"floor":5.0,"key":"PowerPotion"},{"floor":6.0,"key":"FocusPotion"},{"floor":16,"key":"FocusPotion"},{"floor":18,"key":"SkillPotion"},{"floor":24,"key":"SneckoOil"},{"floor":29,"key":"Fruit Juice"}],"is_trial":false,"path_per_floor":["M","M","M","?","M","E","R","?","T","R","M","E","?","E","R","B",null,"M","?","M","$","M","R","M","R","T","E","?","E","M","M"],"character_chosen":"DEFECT","items_purchased":["Bag of Preparation","FocusPotion","Defragment"],"campfire_rested":2,"item_purchase_floors":[21,21,21],"current_hp_per_floor":[75,75,75,63,48,41,41,46,46,46,43,22,6,6,30,15,80,63,63,58,58,38,38,24,48,48,29,29,12,3,1,1],"gold":114,"neow_bonus":"THREE_ENEMY_KILL","is_daily":false,"chose_seed":false,"campfire_upgraded":3,"win_rate":0.0,"timestamp":1611493656,"path_taken":["M","M","M","?","M","E","R","?","T","R","M","E","?","E","R","BOSS","M","?","M","$","M","R","M","R","T","E","?","E","M","M"],"items_purchased_type":["Relic","Potion","Card"],"build_version":"2020-12-22","purchased_purges":1,"victory":false,"max_hp_per_floor":[75,75,75,75,75,75,75,80,80,80,80,80,80,80,80,80,80,80,80,80,80,80,80,80,80,80,80,80,85,85,85,85],"relic_stats":{"Centennial Puzzle":[33],"Torii":6,"counters":[17,77],"Pen Nib":[2],"Juzu Bracelet":1,"Bag of Preparation":[12],"War Paint":["Defend_B","Zap"],"Smiling Mask":25,"obtain_stats":[{"Lantern":12,"NeowsBlessing":0,"Torii":27,"Pen Nib":28,"Juzu Bracelet":14,"Bag of Preparation":21,"War Paint":4,"Smiling Mask":9,"SlaversCollar":17,"Centennial Puzzle":6,"Anchor":26,"Toxic Egg 2":29,"Cracked Core":0},{"Lantern":7,"NeowsBlessing":0,"Torii":14,"Pen Nib":14,"Juzu Bracelet":8,"Bag of Preparation":11,"War Paint":3,"Smiling Mask":5,"SlaversCollar":9,"Centennial Puzzle":5,"Anchor":13,"Toxic Egg 2":15,"Cracked Core":0},{"Lantern":22,"NeowsBlessing":0,"Torii":57,"Pen Nib":57,"Juzu Bracelet":23,"Bag of Preparation":41,"War Paint":3,"Smiling Mask":15,"SlaversCollar":33,"Centennial Puzzle":15,"Anchor":52,"Toxic Egg 2":66,"Cracked Core":0}]},"card_choices":[{"not_picked":["Leap","Turbo"],"picked":"Compile Driver","floor":1.0},{"not_picked":["Go for the Eyes","Beam Cell"],"picked":"Steam","floor":2.0},{"not_picked":["Tempest","Rebound"],"picked":"Reinforced Body","floor":3.0},{"not_picked":["Heatsinks","Barrage"],"picked":"Streamline","floor":5.0},{"not_picked":["Rebound","Gash"],"picked":"Multi-Cast","floor":6.0},{"not_picked":["Conserve Battery","Steam"],"picked":"Reprogram","floor":11.0},{"not_picked":["Darkness","Turbo"],"picked":"Defragment","floor":12.0},{"not_picked":["Hyperbeam","Consume"],"picked":"Undo","floor":14.0},{"not_picked":["Amplify","Fission"],"picked":"Core Surge","floor":16},{"not_picked":["Beam Cell","White Noise"],"picked":"Capacitor","floor":18},{"not_picked":["Compile Driver","Turbo+1"],"picked":"Genetic Algorithm+1","floor":20},{"not_picked":["Compile Driver","Sweeping Beam","Rebound"],"picked":"SKIP","floor":22},{"not_picked":["Blizzard+1","White Noise"],"picked":"BootSequence","floor":24},{"not_picked":["Steam Power+1","Barrage"],"picked":"Ball Lightning","floor":27},{"not_picked":["FTL","Double Energy+1"],"picked":"Echo Form","floor":29},{"not_picked":["Streamline+1","Stack+1","Barrage"],"picked":"SKIP","floor":30}],"player_experience":277958,"relics_obtained":[{"floor":6.0,"key":"Centennial Puzzle"},{"floor":9.0,"key":"Smiling Mask"},{"floor":12.0,"key":"Lantern"},{"floor":14.0,"key":"Juzu Bracelet"},{"floor":26,"key":"Anchor"},{"floor":27,"key":"Torii"},{"floor":29,"key":"Toxic Egg 2"}],"event_choices":[{"damage_healed":0.0,"max_hp_gain":0.0,"max_hp_loss":0.0,"gold_gain":0.0,"event_name":"Scrap Ooze","player_choice":"Success","floor":4.0,"gold_loss":0.0,"damage_taken":12.0,"relics_obtained":["War Paint"]},{"damage_healed":0.0,"max_hp_gain":5.0,"max_hp_loss":0.0,"gold_gain":0.0,"event_name":"Big Fish","player_choice":"Donut","floor":8.0,"gold_loss":0.0,"damage_taken":0.0},{"damage_healed":0.0,"max_hp_gain":0.0,"max_hp_loss":0.0,"gold_gain":0.0,"event_name":"Shining Light","player_choice":"Entered Light","floor":13.0,"gold_loss":0.0,"damage_taken":16.0,"cards_upgraded":["Streamline","Defragment"]},{"cards_removed":["Reprogram"],"damage_healed":0,"gold_gain":0,"player_choice":"Purged","damage_taken":0,"max_hp_gain":0,"max_hp_loss":0,"event_name":"Purifier","floor":19,"gold_loss":0},{"damage_healed":0,"gold_gain":0,"player_choice":"Obtained Relic","damage_taken":0,"relics_obtained":["Pen Nib"],"max_hp_gain":0,"max_hp_loss":0,"event_name":"Addict","floor":28,"gold_loss":85}],"is_beta":false,"boss_relics":[{"not_picked":["SacredBark","Fusion Hammer"],"picked":"SlaversCollar"}],"items_purged_floors":[21],"is_endless":false,"potions_floor_spawned":[2,5,6,11,16,18,24,29],"killed_by":"Sentry and Sphere","ascension_level":1}}