{"host":"jnjxzd6rarbui4j8","time":1611448268,"event":{"mods":["AchievementEnabler","BaseMod","Colored Map","Highlight Path","Minty Spire (QoL Compilation)","Relic Stats","StSLib"],"gold_per_floor":[109,109,128,146,146,171,171,215,215,215,40,40,111,145,145,239,239,262,280,4,4,16,47,47,76,157,192,192,206,231,250,250,323,323,343,362,414,44,44,54,54,88,88,88,88,88,115,129,129,129,129,129,129,4,29,29,29],"floor_reached":56,"language":"ENG","playtime":5140,"items_purged":["Strike_G","Strike_G","Strike_G"],"score":2223,"play_id":"e896b832-615c-4123-afb2-87bd7ce12b7e","local_time":"20210123193108","is_ascension_mode":true,"campfire_choices":[{"floor":10.0,"key":"REST"},{"data":"Blade Dance","floor":15.0,"key":"SMITH"},{"data":"Wraith Form v2","floor":24.0,"key":"SMITH"},{"data":"Blade Dance","floor":28.0,"key":"SMITH"},{"data":"Terror","floor":32.0,"key":"SMITH"},{"floor":41.0,"key":"RECALL"},{"data":"Blade Dance","floor":44.0,"key":"SMITH"},{"data":"Neutralize","floor":46.0,"key":"SMITH"},{"data":"After Image","floor":49.0,"key":"SMITH"},{"data":"After Image","floor":53.0,"key":"SMITH"}],"circlet_count":0,"master_deck":["AscendersBane","Strike_G+1","Defend_G","Defend_G","Defend_G","Defend_G","Survivor","Neutralize+1","Blade Dance+1","Predator+1","Dagger Throw","Flying Knee","Accuracy+1","Blade Dance+1","Blade Dance+1","Wraith Form v2+1","PiercingWail","PiercingWail","After Image+1","Terror+1","After Image+1","Accuracy+1","After Image","After Image","Cloak And Dagger+1","Noxious Fumes"],"relics":["Ring of the Snake","Akabeko","Happy Flower","Bloody Idol","StoneCalendar","Singing Bowl","The Specimen","WristBlade","Ornamental Fan","Potion Belt","Question Card","HornCleat","Meat on the Bone","Dream Catcher","Coffee Dripper","Calipers","InkBottle","PreservedInsect","Blue Candle","Molten Egg 2","Sundial","Bronze Scales"],"acts_visited":["Exordium","TheCity","TheBeyond","TheEnding"],"potions_floor_usage":[55,55,56,56],"damage_taken":[{"damage":0.0,"enemies":"2 Louse","floor":1.0,"turns":3.0},{"damage":0.0,"enemies":"Jaw Worm","floor":3.0,"turns":3.0},{"damage":0.0,"enemies":"Small Slimes","floor":4.0,"turns":2.0},{"damage":12.0,"enemies":"3 Sentries","floor":6.0,"turns":6.0},{"damage":25.0,"enemies":"Gremlin Nob","floor":8.0,"turns":4.0},{"damage":0.0,"enemies":"Lagavulin","floor":14.0,"turns":4.0},{"damage":0.0,"enemies":"Slime Boss","floor":16.0,"turns":4.0},{"damage":0.0,"enemies":"Chosen","floor":18.0,"turns":3.0},{"damage":0.0,"enemies":"3 Byrds","floor":19.0,"turns":3.0},{"damage":0.0,"enemies":"Snecko","floor":22.0,"turns":3.0},{"damage":6.0,"enemies":"Book of Stabbing","floor":23.0,"turns":5.0},{"damage":13.0,"enemies":"Slavers","floor":25.0,"turns":6.0},{"damage":14.0,"enemies":"Gremlin Leader","floor":27.0,"turns":2.0},{"damage":8.0,"enemies":"Shelled Parasite and Fungi","floor":29.0,"turns":3.0},{"damage":0.0,"enemies":"Slavers","floor":30.0,"turns":3.0},{"damage":0.0,"enemies":"Centurion and Healer","floor":31.0,"turns":7.0},{"damage":4.0,"enemies":"Collector","floor":33.0,"turns":4.0},{"damage":1.0,"enemies":"Orb Walker","floor":35.0,"turns":4.0},{"damage":0.0,"enemies":"3 Darklings","floor":36.0,"turns":7.0},{"damage":0.0,"enemies":"2 Orb Walkers","floor":37.0,"turns":3.0},{"damage":0.0,"enemies":"Spire Growth","floor":40.0,"turns":2.0},{"damage":1.0,"enemies":"Nemesis","floor":42.0,"turns":5.0},{"damage":1.0,"enemies":"Giant Head","floor":47.0,"turns":5.0},{"damage":0.0,"enemies":"Maw","floor":48.0,"turns":4.0},{"damage":8.0,"enemies":"Time Eater","floor":50.0,"turns":14.0},{"damage":22.0,"enemies":"Donu and Deca","floor":51.0,"turns":9.0},{"damage":0,"enemies":"Shield and Spear","floor":55,"turns":6},{"damage":75,"enemies":"The Heart","floor":56,"turns":5}],"seed_played":"-3027191269700550728","potions_obtained":[{"floor":4.0,"key":"Explosive Potion"},{"floor":16.0,"key":"Dexterity Potion"},{"floor":19.0,"key":"SkillPotion"},{"floor":22.0,"key":"Explosive Potion"},{"floor":25.0,"key":"FearPotion"},{"floor":31.0,"key":"GamblersBrew"},{"floor":35.0,"key":"CultistPotion"},{"floor":37.0,"key":"SkillPotion"},{"floor":42.0,"key":"SteroidPotion"}],"is_trial":false,"path_per_floor":["M","?","M","M","?","E","?","E","T","R","$","?","T","E","R","B",null,"M","M","$","?","M","E","R","E","T","E","R","M","E","M","R","B",null,"M","M","?","$","?","M","R","E","T","R","T","R","E","M","R","B","B",null,"R","$","E","B"],"character_chosen":"THE_SILENT","items_purchased":["Accuracy","Blade Dance","Ornamental Fan","InkBottle"],"campfire_rested":1,"item_purchase_floors":[11,11,20,38],"current_hp_per_floor":[59,52,52,52,52,40,40,15,15,33,33,15,15,15,15,15,49,51,53,53,53,60,59,59,53,58,51,51,48,53,58,58,59,67,72,74,76,76,76,76,76,76,76,76,76,76,76,76,76,68,46,69,69,69,74,0,0],"gold":29,"neow_bonus":"RANDOM_COMMON_RELIC","is_daily":false,"chose_seed":false,"campfire_upgraded":8,"win_rate":0.0,"timestamp":1611448268,"path_taken":["M","?","M","M","?","E","?","E","T","R","$","?","?","E","R","BOSS","M","?","$","?","M","E","R","E","T","E","R","M","E","M","R","BOSS","M","M","?","$","?","?","R","E","T","R","?","R","E","M","R","BOSS","BOSS","R","$","E","BOSS"],"items_purchased_type":["Card","Card","Relic","Relic"],"build_version":"2020-12-22","purchased_purges":3,"victory":false,"max_hp_per_floor":[66,66,66,66,66,66,60,60,60,60,60,60,60,60,60,60,60,62,64,64,64,66,66,66,68,68,70,70,70,70,70,70,70,70,72,74,76,76,76,76,76,76,76,76,76,76,76,76,76,76,76,76,76,76,76,76,76],"relic_stats":{"Happy Flower":[38],"Singing Bowl":16,"counters":[28,129],"Blue Candle":[1],"StoneCalendar":[91],"PreservedInsect":207,"Question Card":13,"Dream Catcher":0,"Ornamental Fan":[332],"Sundial":[4],"Bloody Idol":56,"Bronze Scales":[84],"obtain_stats":[{"Potion Belt":23,"Calipers":37,"Happy Flower":6,"Singing Bowl":9,"The Specimen":14,"Golden Idol":7,"Blue Candle":43,"StoneCalendar":8,"PreservedInsect":42,"Question Card":25,"Akabeko":0,"Dream Catcher":30,"HornCleat":26,"WristBlade":17,"Ornamental Fan":20,"Sundial":47,"Bloody Idol":21,"Bronze Scales":55,"Molten Egg 2":45,"Coffee Dripper":34,"InkBottle":38,"Ring of the Snake":0,"Meat on the Bone":27},{"Potion Belt":11,"Calipers":20,"Happy Flower":4,"Singing Bowl":5,"The Specimen":6,"Golden Idol":4,"Blue Candle":22,"StoneCalendar":5,"PreservedInsect":22,"Question Card":12,"Akabeko":0,"Dream Catcher":15,"HornCleat":12,"WristBlade":7,"Ornamental Fan":9,"Sundial":23,"Bloody Idol":9,"Bronze Scales":27,"Molten Egg 2":22,"Coffee Dripper":17,"InkBottle":20,"Ring of the Snake":0,"Meat on the Bone":13},{"Potion Belt":40,"Calipers":79,"Happy Flower":14,"Singing Bowl":18,"The Specimen":22,"Golden Idol":14,"Blue Candle":86,"StoneCalendar":18,"PreservedInsect":86,"Question Card":46,"Akabeko":0,"Dream Catcher":54,"HornCleat":46,"WristBlade":26,"Ornamental Fan":32,"Sundial":91,"Bloody Idol":32,"Bronze Scales":124,"Molten Egg 2":86,"Coffee Dripper":65,"InkBottle":79,"Ring of the Snake":0,"Meat on the Bone":48}],"InkBottle":[33],"Ring of the Snake":[56],"Meat on the Bone":0},"card_choices":[{"not_picked":["Underhanded Strike","Outmaneuver","Caltrops"],"picked":"SKIP","floor":1.0},{"not_picked":["Acrobatics","Dodge and Roll"],"picked":"Blade Dance","floor":3.0},{"not_picked":["Crippling Poison","Bane"],"picked":"Predator","floor":4.0},{"not_picked":["Escape Plan","Flechettes"],"picked":"Dagger Throw","floor":6.0},{"not_picked":["Concentrate","Caltrops"],"picked":"Flying Knee","floor":8.0},{"not_picked":["Dash","Dagger Spray"],"picked":"Blade Dance","floor":14.0},{"not_picked":["Die Die Die","Envenom"],"picked":"Wraith Form v2","floor":16.0},{"not_picked":["Concentrate","Flying Knee+1","Dagger Throw"],"picked":"Singing Bowl","floor":18.0},{"not_picked":["Choke","Masterful Stab+1","Caltrops"],"picked":"Singing Bowl","floor":19.0},{"not_picked":["Dagger Throw","Poisoned Stab","Dagger Spray"],"picked":"Singing Bowl","floor":22.0},{"not_picked":["Cloak And Dagger","Quick Slash"],"picked":"PiercingWail","floor":23.0},{"not_picked":["Envenom","Outmaneuver","Deadly Poison"],"picked":"Singing Bowl","floor":25.0},{"not_picked":["Dagger Throw","Bane+1","Infinite Blades","Night Terror"],"picked":"Singing Bowl","floor":27.0},{"not_picked":["Poisoned Stab","Underhanded Strike","Dagger Spray"],"picked":"PiercingWail","floor":29.0},{"not_picked":["Concentrate","Blur","A Thousand Cuts"],"picked":"After Image","floor":30.0},{"not_picked":["Setup","Predator","Deflect"],"picked":"Terror","floor":31.0},{"not_picked":["Adrenaline","Venomology","Storm of Steel"],"picked":"After Image","floor":33.0},{"not_picked":["Masterful Stab+1","Dash","Deadly Poison","Slice"],"picked":"Singing Bowl","floor":35.0},{"not_picked":["Setup","Blur","Quick Slash","Predator"],"picked":"Singing Bowl","floor":36.0},{"not_picked":["Caltrops","Catalyst","Flying Knee","Bane"],"picked":"Singing Bowl","floor":37.0},{"not_picked":["Cloak And Dagger","Deadly Poison+1","Sucker Punch"],"picked":"Accuracy+1","floor":40.0},{"not_picked":["Tools of the Trade","Deadly Poison","Well Laid Plans"],"picked":"After Image","floor":42.0},{"not_picked":["Glass Knife+1","Sucker Punch+1","Unload+1"],"picked":"After Image","floor":47.0},{"not_picked":["Backflip","Predator+1","Underhanded Strike+1"],"picked":"Cloak And Dagger+1","floor":48.0},{"not_picked":["Underhanded Strike+1","Masterful Stab+1","Endless Agony+1"],"picked":"Noxious Fumes","floor":55}],"player_experience":2500084,"relics_obtained":[{"floor":6.0,"key":"Happy Flower"},{"floor":8.0,"key":"StoneCalendar"},{"floor":9.0,"key":"Singing Bowl"},{"floor":14.0,"key":"The Specimen"},{"floor":23.0,"key":"Potion Belt"},{"floor":25.0,"key":"Question Card"},{"floor":26.0,"key":"HornCleat"},{"floor":27.0,"key":"Meat on the Bone"},{"floor":30.0,"key":"Dream Catcher"},{"floor":37.0,"key":"Calipers"},{"floor":42.0,"key":"PreservedInsect"},{"floor":43.0,"key":"Blue Candle"},{"floor":45.0,"key":"Molten Egg 2"},{"floor":47.0,"key":"Sundial"},{"floor":55,"key":"Bronze Scales"}],"event_choices":[{"cards_removed":["Defend_G"],"damage_healed":0.0,"max_hp_gain":0.0,"max_hp_loss":0.0,"gold_gain":0.0,"event_name":"Golden Wing","player_choice":"Card Removal","floor":2.0,"gold_loss":0.0,"damage_taken":7.0},{"damage_healed":0.0,"max_hp_gain":0.0,"max_hp_loss":0.0,"gold_gain":0.0,"event_name":"Living Wall","player_choice":"Grow","floor":5.0,"gold_loss":0.0,"damage_taken":0.0,"cards_upgraded":["Predator"]},{"damage_healed":0.0,"max_hp_gain":0.0,"max_hp_loss":6.0,"gold_gain":0.0,"event_name":"Golden Idol","player_choice":"Lose Max HP","floor":7.0,"gold_loss":0.0,"damage_taken":0.0,"relics_obtained":["Golden Idol"]},{"damage_healed":0.0,"max_hp_gain":0.0,"max_hp_loss":0.0,"gold_gain":0.0,"event_name":"Shining Light","player_choice":"Entered Light","floor":12.0,"gold_loss":0.0,"damage_taken":18.0,"cards_upgraded":["Strike_G","Accuracy"]},{"damage_healed":0.0,"max_hp_gain":0.0,"max_hp_loss":0.0,"gold_gain":0.0,"event_name":"Forgotten Altar","player_choice":"Gave Idol","floor":21.0,"relics_lost":["Golden Idol"],"gold_loss":0.0,"damage_taken":0.0,"relics_obtained":["Bloody Idol"]},{"damage_healed":0.0,"max_hp_gain":0.0,"max_hp_loss":0.0,"gold_gain":0.0,"event_name":"Mysterious Sphere","player_choice":"Fight","floor":37.0,"gold_loss":0.0,"damage_taken":0.0},{"cards_removed":["Strike_G"],"damage_healed":0.0,"max_hp_gain":0.0,"max_hp_loss":0.0,"gold_gain":0.0,"event_name":"Bonfire Elementals","player_choice":"Offered Basic","floor":39.0,"gold_loss":0.0,"damage_taken":0.0}],"is_beta":false,"boss_relics":[{"not_picked":["Snecko Eye","Black Star"],"picked":"WristBlade"},{"not_picked":["Sozu","Velvet Choker"],"picked":"Coffee Dripper"}],"items_purged_floors":[11,38,54],"is_endless":false,"potions_floor_spawned":[4,16,19,22,25,31,35,37,42],"killed_by":"The Heart","ascension_level":20}}