{"host":"1s3n9odryuenogaq","time":1611494798,"event":{"mods":["AchievementEnabler","BaseMod","BetterRewards","Colored Map","Colored Powertips","Googly Eyes","GungeonMod","Minty Spire (QoL Compilation)","StSLib"],"gold_per_floor":[114,137,137,147,1,13,13,42,42,42,42,75,90,110,110,217,217,229,229,8,25,57,57,122,152,152,179,179,217,230,330,330,433,433,452,470,470,16,42,42,67,123,123,150,150,172,251,285,285,285,285,285,1,86,86],"floor_reached":56,"language":"ENG","playtime":7111,"items_purged":[],"score":1797,"play_id":"336a98e9-a31a-4ed5-adc5-701ec2df74f5","local_time":"20210124132638","is_ascension_mode":true,"campfire_choices":[{"floor":10.0,"key":"REST"},{"floor":15.0,"key":"RECALL"},{"data":"DemoMod:TableSutra","floor":23.0,"key":"SMITH"},{"floor":28.0,"key":"REST"},{"data":"DemoMod:ConditionalReflex","floor":32.0,"key":"SMITH"},{"floor":40.0,"key":"REST"},{"floor":45.0,"key":"REST"},{"floor":49,"key":"REST"},{"floor":52,"key":"REST"}],"circlet_count":0,"master_deck":["DemoMod:Strike_Huntress","DemoMod:Strike_Huntress","DemoMod:Strike_Huntress","DemoMod:Defend_Huntress","DemoMod:Defend_Huntress+1","DemoMod:Defend_Huntress","DemoMod:Defend_Huntress","DemoMod:Roll","DemoMod:ManualReload","DemoMod:RustySidearm","DemoMod:CrossBow","Master of Strategy","DemoMod:CombinedRifle+1","DemoMod:AWP+1","DemoMod:ManualReload","DemoMod:MachoBrace+1","DemoMod:TableSutra+1","DemoMod:Unity+1","DemoMod:HungryBullets","DemoMod:LifeOrb+1","DemoMod:ChanceBullets","DemoMod:TeaPot+1","DemoMod:Casey+1","DemoMod:HuntsMan+1","DemoMod:BulletBore+1","DemoMod:ShadowBullets+1","DemoMod:TripleGun+1","DemoMod:Unmoved+1","DemoMod:HighKaliber+1","DemoMod:BSG+1","DemoMod:ShadowBullets+1","DemoMod:FortunesFavor+1","DemoMod:MegaHand+1","DemoMod:ConditionalReflex+1","DemoMod:FightSabre+1","DemoMod:HuntsMan+1","DemoMod:TeaPot+1","Flash of Steel+1","DemoMod:HungryBullets","DemoMod:ZorGun+1","DemoMod:Unity+1","DemoMod:Unity+1","DemoMod:Gungine+1","DemoMod:AC15+1","DemoMod:DirectionalPad+1","DemoMod:AWP+1","DemoMod:Unity+1","DemoMod:PracticeMakesPerfect","DemoMod:TableSutra+1"],"relics":["DemoMod:Dog","DemoMod:GnawedKey","Molten Egg 2","Boot","HornCleat","DemoMod:GundromedaStrain","War Paint","Black Star","DemoMod:ClearGuonStone","Red Mask","DemoMod:SerJunkan","DemoMod:CrisisStone","Incense Burner","The Courier","DemoMod:NanoMachines","Pantograph","DemoMod:Orange","Fusion Hammer","Matryoshka","Shuriken","DemoMod:Junk","DemoMod:GreenGuonStone","Omamori","Bottled Tornado","Meat on the Bone","TungstenRod","Lizard Tail","DemoMod:MeltedRock","DemoMod:SilverBullets","DemoMod:OrangeGuonStone","DemoMod:HoleyGrail"],"acts_visited":["Exordium","TheCity","TheBeyond","TheEnding"],"potions_floor_usage":[],"damage_taken":[{"damage":0.0,"enemies":"Cultist","floor":1.0,"turns":4.0},{"damage":0.0,"enemies":"2 Louse","floor":4.0,"turns":2.0},{"damage":9.0,"enemies":"Jaw Worm","floor":6.0,"turns":2.0},{"damage":14.0,"enemies":"Gremlin Nob","floor":8.0,"turns":3.0},{"damage":0.0,"enemies":"Lagavulin","floor":12.0,"turns":4.0},{"damage":0.0,"enemies":"Red Slaver","floor":13.0,"turns":1.0},{"damage":0.0,"enemies":"Exordium Thugs","floor":14.0,"turns":2.0},{"damage":15.0,"enemies":"The Guardian","floor":16.0,"turns":8.0},{"damage":6.0,"enemies":"Spheric Guardian","floor":18.0,"turns":4.0},{"damage":0.0,"enemies":"2 Thieves","floor":21.0,"turns":2.0},{"damage":8.0,"enemies":"Masked Bandits","floor":22.0,"turns":3.0},{"damage":2.0,"enemies":"Gremlin Leader","floor":24.0,"turns":5.0},{"damage":13.0,"enemies":"Snecko","floor":25.0,"turns":7.0},{"damage":1.0,"enemies":"Book of Stabbing","floor":27.0,"turns":3.0},{"damage":0.0,"enemies":"Snecko","floor":29.0,"turns":5.0},{"damage":0.0,"enemies":"Snecko","floor":30.0,"turns":3.0},{"damage":0.0,"enemies":"Champ","floor":33.0,"turns":8.0},{"damage":3.0,"enemies":"3 Shapes","floor":35.0,"turns":2.0},{"damage":0.0,"enemies":"Orb Walker","floor":36.0,"turns":3.0},{"damage":0.0,"enemies":"Sphere and 2 Shapes","floor":39.0,"turns":4.0},{"damage":0.0,"enemies":"Giant Head","floor":41.0,"turns":5.0},{"damage":0.0,"enemies":"Mind Bloom Boss Battle","floor":42.0,"turns":3.0},{"damage":3.0,"enemies":"Nemesis","floor":44.0,"turns":5.0},{"damage":0,"enemies":"Jaw Worm Horde","floor":46,"turns":2},{"damage":0,"enemies":"Giant Head","floor":47,"turns":4},{"damage":0,"enemies":"Spire Growth","floor":48,"turns":3},{"damage":11,"enemies":"Donu and Deca","floor":50,"turns":5},{"damage":12,"enemies":"Shield and Spear","floor":54,"turns":3},{"damage":16,"enemies":"The Heart","floor":55,"turns":5}],"seed_played":"-4114056615421801996","potions_obtained":[{"floor":6.0,"key":"Strength Potion"},{"floor":12.0,"key":"DistilledChaos"},{"floor":13.0,"key":"DistilledChaos"},{"floor":27.0,"key":"ColorlessPotion"},{"floor":30.0,"key":"Block Potion"},{"floor":42.0,"key":"Dexterity Potion"}],"is_trial":false,"path_per_floor":["M","T","?","M","$","M","$","E","T","R","T","E","M","M","R","B",null,"M","?","$","M","?","R","E","?","T","E","R","?","M","?","R","B",null,"M","M","?","$","M","R","E","?","T","E","R","M","E","?","R","B",null,"R","$","E","B",null],"character_chosen":"HUNTRESS","items_purchased":["DemoMod:GnawedKey","Molten Egg 2","DemoMod:CombinedRifle+1","DemoMod:Unity+1","DemoMod:HungryBullets","DemoMod:ClearGuonStone","DemoMod:TripleGun+1","Matryoshka","Shuriken","DemoMod:HungryBullets","DemoMod:SilverBullets","DemoMod:Unity+1","DemoMod:PracticeMakesPerfect"],"campfire_rested":6,"item_purchase_floors":[0,0,0,5,5,20,20,38,38,38,53,53,53],"current_hp_per_floor":[70,70,70,70,70,61,61,47,47,68,68,68,68,68,68,53,70,64,64,64,64,56,56,54,41,41,40,59,71,71,71,71,77,77,74,74,74,74,74,77,77,77,77,74,77,77,77,77,77,66,77,77,77,65,61],"gold":86,"neow_bonus":"","is_daily":false,"chose_seed":false,"campfire_upgraded":2,"win_rate":0.0,"timestamp":1611494798,"path_taken":["M","?","?","?","$","M","?","E","T","R","?","E","?","M","R","BOSS","M","?","$","M","?","R","E","?","T","E","R","?","M","?","R","BOSS","M","?","?","$","M","R","E","?","T","E","R","M","E","?","R","BOSS","R","$","E","BOSS"],"items_purchased_type":["Relic","Relic","Card","Card","Card","Relic","Card","Relic","Relic","Card","Relic","Card","Card"],"build_version":"2020-12-22","purchased_purges":0,"victory":true,"max_hp_per_floor":[70,70,70,70,70,70,70,70,70,70,70,70,70,70,70,70,70,70,65,65,65,65,65,65,65,65,65,65,77,77,77,77,77,77,77,77,77,77,77,77,77,77,77,77,77,77,77,77,77,77,77,77,77,77,77],"card_choices":[{"not_picked":["DemoMod:Unmoved","DemoMod:PotionOfGunFriendShip"],"picked":"DemoMod:AWP+1","floor":1.0},{"not_picked":["DemoMod:AC15+1","DemoMod:Purify+1"],"picked":"DemoMod:TableSutra","floor":4.0},{"not_picked":["DemoMod:HungryBullets","DemoMod:JK47+1"],"picked":"DemoMod:LifeOrb+1","floor":6.0},{"not_picked":["DemoMod:Elimentaler+1","DemoMod:BattleInHaste"],"picked":"DemoMod:ChanceBullets","floor":8.0},{"not_picked":["DemoMod:Ejector","DemoMod:AWP+1"],"picked":"DemoMod:TeaPot+1","floor":12.0},{"not_picked":["DemoMod:GunstockTap+1","DemoMod:TeaPot+1"],"picked":"DemoMod:Casey+1","floor":13.0},{"not_picked":["DemoMod:SkilledReload","DemoMod:HardPowerCard"],"picked":"DemoMod:HuntsMan+1","floor":14.0},{"not_picked":["DemoMod:Desperate","DemoMod:Eureka"],"picked":"DemoMod:BulletBore+1","floor":16.0},{"not_picked":["DemoMod:PracticeMakesPerfect","DemoMod:DoubleSwitch+1"],"picked":"DemoMod:ShadowBullets+1","floor":18.0},{"not_picked":["DemoMod:RadGun+1","DemoMod:HungryBullets"],"picked":"DemoMod:Unmoved+1","floor":21.0},{"not_picked":["DemoMod:JK47+1","DemoMod:Replace"],"picked":"DemoMod:HighKaliber+1","floor":22.0},{"not_picked":["DemoMod:BalloonGun+1","DemoMod:FastSwitch"],"picked":"DemoMod:BSG+1","floor":24.0},{"not_picked":["DemoMod:FeignSurrender","DemoMod:JK47+1"],"picked":"DemoMod:ShadowBullets+1","floor":25.0},{"not_picked":["DemoMod:HungryBullets","DemoMod:ShadowBullets"],"picked":"DemoMod:FortunesFavor+1","floor":27.0},{"not_picked":["DemoMod:FastSwitch","DemoMod:Ejector"],"picked":"DemoMod:MegaHand+1","floor":29.0},{"not_picked":["DemoMod:Replace","DemoMod:Evolver"],"picked":"DemoMod:ConditionalReflex","floor":30.0},{"not_picked":["DemoMod:BulletBore+1","DemoMod:SuppressiveFire"],"picked":"DemoMod:FightSabre+1","floor":33.0},{"not_picked":["DemoMod:TeaPot+1","DemoMod:Unmoved"],"picked":"DemoMod:HuntsMan+1","floor":35.0},{"not_picked":["DemoMod:BoxingGlove+1","DemoMod:HighKaliber+1"],"picked":"DemoMod:TeaPot+1","floor":36.0},{"not_picked":["PanicButton","Jack Of All Trades"],"picked":"Flash of Steel+1","floor":37.0},{"not_picked":["DemoMod:Unmoved+1","DemoMod:EasyReloadBullets"],"picked":"DemoMod:ZorGun+1","floor":39.0},{"not_picked":["DemoMod:MegaHand+1","DemoMod:GunstockTap+1"],"picked":"DemoMod:Unity+1","floor":41.0},{"not_picked":["DemoMod:Rummage+1","DemoMod:LifeOrb+1"],"picked":"DemoMod:Unity+1","floor":42.0},{"not_picked":["DemoMod:EasyReloadBullets+1","DemoMod:BoxingGlove+1"],"picked":"DemoMod:Gungine+1","floor":44.0},{"not_picked":["DemoMod:BattleInHaste+1","DemoMod:DoubleSwitch"],"picked":"DemoMod:AC15+1","floor":46},{"not_picked":["DemoMod:Unmoved+1","DemoMod:BattleInHaste+1"],"picked":"DemoMod:DirectionalPad+1","floor":47},{"not_picked":["DemoMod:DoubleSwitch","DemoMod:TableSutra"],"picked":"DemoMod:AWP+1","floor":48},{"not_picked":["DemoMod:BlackHoleGun+1","DemoMod:Unmoved+1"],"picked":"DemoMod:TableSutra+1","floor":54}],"player_experience":940512,"relics_obtained":[{"floor":8.0,"key":"Boot"},{"floor":9.0,"key":"HornCleat"},{"floor":11.0,"key":"DemoMod:GundromedaStrain"},{"floor":12.0,"key":"War Paint"},{"floor":22.0,"key":"Red Mask"},{"floor":24.0,"key":"DemoMod:SerJunkan"},{"floor":24.0,"key":"DemoMod:CrisisStone"},{"floor":25.0,"key":"Incense Burner"},{"floor":26.0,"key":"The Courier"},{"floor":27.0,"key":"DemoMod:NanoMachines"},{"floor":27.0,"key":"Pantograph"},{"floor":29.0,"key":"DemoMod:Orange"},{"floor":41.0,"key":"DemoMod:Junk"},{"floor":41.0,"key":"DemoMod:GreenGuonStone"},{"floor":42.0,"key":"DemoMod:Junk"},{"floor":43.0,"key":"Omamori"},{"floor":43.0,"key":"DemoMod:Junk"},{"floor":44.0,"key":"Bottled Tornado"},{"floor":44.0,"key":"Meat on the Bone"},{"floor":47,"key":"TungstenRod"},{"floor":47,"key":"Lizard Tail"},{"floor":48,"key":"DemoMod:Junk"},{"floor":48,"key":"DemoMod:MeltedRock"},{"floor":54,"key":"DemoMod:OrangeGuonStone"},{"floor":54,"key":"DemoMod:HoleyGrail"}],"event_choices":[{"damage_healed":0.0,"max_hp_gain":0.0,"max_hp_loss":0.0,"gold_gain":0.0,"event_name":"Match and Keep!","player_choice":"2 cards matched","floor":3.0,"gold_loss":0.0,"damage_taken":0.0,"cards_obtained":["DemoMod:ManualReload","DemoMod:MachoBrace"]},{"damage_healed":0.0,"max_hp_gain":0.0,"max_hp_loss":0.0,"gold_gain":0.0,"event_name":"Masked Bandits","player_choice":"Fought Bandits","floor":22.0,"gold_loss":0.0,"damage_taken":0.0},{"damage_healed":0.0,"max_hp_gain":0.0,"max_hp_loss":0.0,"gold_gain":100.0,"event_name":"Golden Shrine","player_choice":"Pray","floor":31.0,"gold_loss":0.0,"damage_taken":0.0},{"damage_healed":0.0,"max_hp_gain":0.0,"max_hp_loss":0.0,"gold_gain":0.0,"event_name":"SensoryStone","player_choice":"Memory 1","floor":37.0,"gold_loss":0.0,"damage_taken":0.0},{"damage_healed":0.0,"max_hp_gain":0.0,"max_hp_loss":0.0,"gold_gain":0.0,"event_name":"MindBloom","player_choice":"Fight","floor":42.0,"gold_loss":0.0,"damage_taken":0.0}],"is_beta":false,"boss_relics":[{"not_picked":["Tiny House","Sozu"],"picked":"Black Star"},{"not_picked":["Empty Cage","Pandora\u0027s Box"],"picked":"Fusion Hammer"}],"items_purged_floors":[],"is_endless":false,"potions_floor_spawned":[6,12,13,16,22,27,30,35,36,42],"ascension_level":1}}