{"host":"6p0attdrtjqaih7v","time":1611457775,"event":{"mods":["2.2 Compatiblity","AchievementEnabler","Bard","BaseMod","Better Skull","Better Third Choice","Colored Powertips","Hermit","Highlight Path","Jorbs\u0027s Wanderer Trilogy","Key Reminder","Minty Spire (QoL Compilation)","Permanent Neow","Quick Restart","Random Character Button","Relic Stats","Replay The Spire","Robot Space Explorer","StSLib"],"gold_per_floor":[112,36,50,50,69,69,98,98,98,98,171,171,44,70,70,70,70],"floor_reached":16,"language":"ENG","playtime":562,"items_purged":["Pain"],"score":212,"play_id":"2c44f8bb-e8bb-4a74-8975-bb501f821046","local_time":"20210123220935","is_ascension_mode":true,"campfire_choices":[{"data":"bard:Blink","floor":6,"key":"SMITH"},{"floor":10,"key":"REST"},{"floor":12,"key":"REST"},{"data":"bard:SplendidForm","floor":15,"key":"SMITH"}],"circlet_count":0,"master_deck":["AscendersBane","bard:Strike","bard:Strike","bard:Strike","bard:Defend","bard:Defend","bard:Defend","bard:Defend","bard:Riposte","bard:Inspire","bard:Encore","bard:Fermata","bard:Flourish","bard:Blink+1","bard:SongBolt","bard:EchoEcho","bard:SplendidForm+1","bard:ViciousMockery"],"relics":["bard:PitchPipe","bard:BagPipes","ReplayTheSpireMod:Ninjato","Matryoshka","Dream Catcher","Peace Pipe"],"acts_visited":["Exordium"],"potions_floor_usage":[16],"damage_taken":[{"damage":11,"enemies":"Cultist","floor":1,"turns":6},{"damage":0,"enemies":"2 Louse","floor":3,"turns":4},{"damage":5,"enemies":"Jaw Worm","floor":5,"turns":5},{"damage":42,"enemies":"Gremlin Nob","floor":7,"turns":5},{"damage":3,"enemies":"Replay:BlueRogue","floor":14,"turns":5},{"damage":41,"enemies":"Slime Boss","floor":16,"turns":9}],"seed_played":"-276415295843122555","potions_obtained":[{"floor":7,"key":"FearPotion"},{"floor":11,"key":"CultistPotion"},{"floor":11,"key":"DuplicationPotion"}],"is_trial":false,"path_per_floor":["M","$","M","$","M","R","E","?","T","R","?","R","$","E","R","B"],"character_chosen":"BARD","items_purchased":["bard:Flourish","bard:ViciousMockery"],"campfire_rested":2,"item_purchase_floors":[2,13],"current_hp_per_floor":[48,48,48,48,43,43,1,1,1,20,20,39,39,36,36,0,0],"gold":70,"neow_bonus":"TRANSFORM_CARD","is_daily":false,"chose_seed":false,"campfire_upgraded":2,"win_rate":0.0,"timestamp":1611457775,"path_taken":["M","?","M","$","M","R","E","?","T","R","?","R","$","E","R","BOSS"],"items_purchased_type":["Card","Card"],"build_version":"2020-12-22","purchased_purges":1,"victory":false,"max_hp_per_floor":[66,66,66,66,66,66,66,66,66,66,66,66,66,66,66,66,66],"relic_stats":{"Peace Pipe":0,"Dream Catcher":1,"counters":[6,34],"obtain_stats":[{"Peace Pipe":14,"bard:BagPipes":0,"Dream Catcher":11,"ReplayTheSpireMod:Ninjato":7,"Matryoshka":9,"bard:PitchPipe":0},{"Peace Pipe":5,"bard:BagPipes":0,"Dream Catcher":4,"ReplayTheSpireMod:Ninjato":4,"Matryoshka":4,"bard:PitchPipe":0},{"Peace Pipe":25,"bard:BagPipes":0,"Dream Catcher":20,"ReplayTheSpireMod:Ninjato":20,"Matryoshka":20,"bard:PitchPipe":0}]},"card_choices":[{"not_picked":["bard:Sift","bard:QuickSong"],"picked":"bard:Fermata","floor":1},{"not_picked":["bard:Sift","bard:QuickSong"],"picked":"bard:Blink","floor":3},{"not_picked":["bard:Doot","bard:InspiringSong"],"picked":"bard:SongBolt","floor":5},{"not_picked":["bard:Rhapsody","bard:StudiedStrike","bard:Gamble"],"picked":"SKIP","floor":7},{"not_picked":["bard:PhantasmalForce","bard:BestowCurse"],"picked":"bard:EchoEcho","floor":11},{"not_picked":["bard:BestowCurse","bard:EchoEcho"],"picked":"bard:SplendidForm","floor":12},{"not_picked":["bard:QuickSong","bard:Sift","bard:InspiringSong"],"picked":"SKIP","floor":14}],"player_experience":928113,"relics_obtained":[{"floor":7,"key":"ReplayTheSpireMod:Ninjato"},{"floor":9,"key":"Matryoshka"},{"floor":11,"key":"Dream Catcher"},{"floor":14,"key":"Peace Pipe"}],"event_choices":[{"damage_healed":0,"gold_gain":0,"player_choice":"Ignored","damage_taken":0,"max_hp_gain":0,"max_hp_loss":0,"event_name":"Shining Light","floor":8,"gold_loss":0}],"is_beta":false,"boss_relics":[],"items_purged_floors":[13],"is_endless":false,"potions_floor_spawned":[7,14],"killed_by":"Slime Boss","ascension_level":20}}