{"host":"aqym1xxr3lb31d9m","time":1611482673,"event":{"mods":["BaseMod","Block Reminder","Colored Map","Colored Powertips","DeckTracker","Highlight Path","Minty Spire (QoL Compilation)","Quick Restart","Random Character Button","StSLib","SuperFastMode","UnlockEverythingMod"],"gold_per_floor":[209,223,223,242,242,242,242,242],"floor_reached":7,"language":"JPN","playtime":180,"items_purged":[],"score":82,"play_id":"c570905d-08b3-4fd7-9288-6f01beab3038","local_time":"20210124190433","is_ascension_mode":true,"campfire_choices":[{"data":"White Noise","floor":6,"key":"SMITH"}],"circlet_count":0,"master_deck":["AscendersBane","Strike_B","Strike_B","Strike_B","Strike_B","Defend_B","Defend_B","Defend_B","Defend_B","Zap","Dualcast","White Noise+1","Sweeping Beam","Defragment+1"],"relics":["Cracked Core"],"acts_visited":["Exordium"],"potions_floor_usage":[],"damage_taken":[{"damage":4,"enemies":"Small Slimes","floor":1,"turns":4},{"damage":14,"enemies":"Jaw Worm","floor":2,"turns":4},{"damage":14,"enemies":"2 Louse","floor":4,"turns":3},{"damage":45,"enemies":"Lagavulin","floor":7,"turns":6}],"seed_played":"-1890910958836020175","potions_obtained":[{"floor":1,"key":"Ancient Potion"},{"floor":4,"key":"DuplicationPotion"}],"is_trial":false,"path_per_floor":["M","M","?","M","?","R","E"],"character_chosen":"DEFECT","items_purchased":[],"campfire_rested":0,"item_purchase_floors":[],"current_hp_per_floor":[60,46,46,32,32,32,0,0],"gold":242,"neow_bonus":"HUNDRED_GOLD","is_daily":false,"chose_seed":false,"campfire_upgraded":1,"win_rate":0.0,"timestamp":1611482673,"path_taken":["M","M","?","M","?","R","E"],"items_purchased_type":[],"build_version":"2020-12-22","purchased_purges":0,"victory":false,"max_hp_per_floor":[71,71,71,71,71,71,71,71],"card_choices":[{"not_picked":["Genetic Algorithm","Beam Cell"],"picked":"White Noise","floor":1},{"not_picked":["Turbo","Go for the Eyes"],"picked":"Sweeping Beam","floor":2},{"not_picked":["Steam","Storm"],"picked":"Defragment","floor":4}],"player_experience":4011829,"relics_obtained":[],"event_choices":[{"damage_healed":0,"gold_gain":0,"player_choice":"Ignored","damage_taken":0,"max_hp_gain":0,"max_hp_loss":0,"event_name":"Shining Light","floor":3,"gold_loss":0},{"damage_healed":0,"gold_gain":0,"player_choice":"Grow","damage_taken":0,"max_hp_gain":0,"max_hp_loss":0,"event_name":"Living Wall","floor":5,"gold_loss":0,"cards_upgraded":["Defragment"]}],"is_beta":false,"boss_relics":[],"items_purged_floors":[],"is_endless":false,"potions_floor_spawned":[1,4],"killed_by":"Lagavulin","ascension_level":20}}