{"host":"qrt7o4dq2qslzw13","time":1611511188,"event":{"mods":["AchievementEnabler","BaseMod","Colored Map","Colored Powertips","Minty Spire (QoL Compilation)","Quick Restart","StSLib","SuperFastMode"],"gold_per_floor":[218,218,218,229,229,3,3,3,3,22,42,42,58,58,58],"floor_reached":14,"language":"ENG","playtime":282,"items_purged":[],"score":80,"play_id":"fb56345c-2bf1-4ae7-85d4-29b0af8f6a91","local_time":"20210124125948","is_ascension_mode":false,"campfire_choices":[{"data":"TalkToTheHand","floor":7.0,"key":"SMITH"},{"data":"Eruption","floor":12,"key":"SMITH"}],"circlet_count":0,"master_deck":["Strike_P","Strike_P","Strike_P","Strike_P","Defend_P","Defend_P+1","Defend_P","Defend_P+1","Eruption+1","Vigilance","Collect+1","TalkToTheHand+1","Injury","Fasting2","Fasting2","ClearTheMind","FollowUp","Prostrate"],"relics":["PureWater","Golden Idol","DollysMirror","Pantograph"],"acts_visited":["Exordium"],"potions_floor_usage":[11],"damage_taken":[{"damage":0.0,"enemies":"Cultist","floor":1.0,"turns":3.0},{"damage":5.0,"enemies":"2 Louse","floor":4.0,"turns":3.0},{"damage":10.0,"enemies":"Small Slimes","floor":10.0,"turns":4.0},{"damage":6,"enemies":"Blue Slaver","floor":11,"turns":7},{"damage":10,"enemies":"Lots of Slimes","floor":13,"turns":5},{"damage":29,"enemies":"3 Sentries","floor":14,"turns":6}],"seed_played":"4853282828814085556","potions_obtained":[{"floor":1.0,"key":"FearPotion"}],"is_trial":false,"path_per_floor":["M","?","?","M","?","$","R","$","T","M","M","R","M","E"],"character_chosen":"WATCHER","items_purchased":["Fasting2","DollysMirror"],"campfire_rested":0,"item_purchase_floors":[6,6],"current_hp_per_floor":[72,72,58,53,53,53,53,53,53,43,37,37,27,0,0],"gold":58,"neow_bonus":"HUNDRED_GOLD","is_daily":false,"chose_seed":false,"campfire_upgraded":2,"win_rate":0.0,"timestamp":1611511188,"path_taken":["M","?","?","M","?","$","R","?","T","?","M","R","M","E"],"items_purchased_type":["Card","Relic"],"build_version":"2020-12-22","purchased_purges":0,"victory":false,"max_hp_per_floor":[72,72,72,72,72,72,72,72,72,72,72,72,72,72,72],"card_choices":[{"not_picked":["FearNoEvil","Evaluate"],"picked":"Collect","floor":1.0},{"not_picked":["Nirvana","JustLucky"],"picked":"TalkToTheHand","floor":4.0},{"not_picked":["EmptyFist","SashWhip"],"picked":"ClearTheMind","floor":10.0},{"not_picked":["SashWhip","Protect"],"picked":"FollowUp","floor":11},{"not_picked":["Halt","ReachHeaven"],"picked":"Prostrate","floor":13}],"player_experience":584906,"relics_obtained":[{"floor":9.0,"key":"Pantograph"}],"event_choices":[{"damage_healed":0.0,"max_hp_gain":0.0,"max_hp_loss":0.0,"gold_gain":0.0,"event_name":"Living Wall","player_choice":"Grow","floor":2.0,"gold_loss":0.0,"damage_taken":0.0,"cards_upgraded":["Collect"]},{"damage_healed":0.0,"max_hp_gain":0.0,"max_hp_loss":0.0,"gold_gain":0.0,"event_name":"Shining Light","player_choice":"Entered Light","floor":3.0,"gold_loss":0.0,"damage_taken":14.0,"cards_upgraded":["Defend_P","Defend_P"]},{"damage_healed":0.0,"max_hp_gain":0.0,"max_hp_loss":0.0,"gold_gain":0.0,"event_name":"Golden Idol","player_choice":"Take Wound","floor":5.0,"gold_loss":0.0,"damage_taken":0.0,"relics_obtained":["Golden Idol"],"cards_obtained":["Injury"]}],"is_beta":false,"boss_relics":[],"items_purged_floors":[],"is_endless":false,"potions_floor_spawned":[1],"killed_by":"3 Sentries","ascension_level":0}}