{"host":"f5n4tidiz2n5sooh","time":1611492738,"event":{"mods":["BaseMod","Colored Map","Minty Spire (QoL Compilation)","Relic Stats","Slay the Relics Exporter","StSLib"],"gold_per_floor":[111,125,140,8,20,48,48,79,102,177,177,195,195,195,195,266,266,280,296,296,6,19,19,50,61,61,71,71,103,103,103,103,103,103],"floor_reached":33,"language":"ENG","playtime":1219,"items_purged":["Strike_B","Strike_B"],"score":590,"play_id":"45257557-4065-43ee-89dd-a0ede80ecce5","local_time":"20210124065218","is_ascension_mode":true,"campfire_choices":[{"data":"Reinforced Body","floor":7,"key":"SMITH"},{"data":"Lockon","floor":13,"key":"SMITH"},{"floor":15,"key":"REST"},{"floor":23,"key":"REST"},{"data":"Loop","floor":28,"key":"SMITH"},{"data":"Biased Cognition","floor":32,"key":"SMITH"}],"circlet_count":0,"master_deck":["AscendersBane","Strike_B","Defend_B","Defend_B","Defend_B","Defend_B","Zap","Dualcast","Cold Snap","Lockon+1","Compile Driver","Ball Lightning","Ball Lightning","Reinforced Body+1","Chill","Conserve Battery","Double Energy","Biased Cognition+1","Glacier","Genetic Algorithm","RitualDagger","Loop+1","Recycle","Reinforced Body","Cold Snap"],"relics":["Cracked Core","The Courier","Happy Flower","Regal Pillow","Orichalcum","Snecko Eye","Medical Kit","Cables","Calipers","Frozen Egg 2","Vajra"],"acts_visited":["Exordium","TheCity"],"potions_floor_usage":[6,8,8,22,24,24,29],"damage_taken":[{"damage":2,"enemies":"Jaw Worm","floor":1,"turns":3},{"damage":1,"enemies":"2 Louse","floor":2,"turns":2},{"damage":5,"enemies":"Small Slimes","floor":3,"turns":3},{"damage":12,"enemies":"Exordium Wildlife","floor":5,"turns":3},{"damage":6,"enemies":"Gremlin Nob","floor":6,"turns":3},{"damage":6,"enemies":"3 Sentries","floor":8,"turns":6},{"damage":5,"enemies":"Large Slime","floor":12,"turns":4},{"damage":30,"enemies":"The Guardian","floor":16,"turns":11},{"damage":28,"enemies":"3 Byrds","floor":18,"turns":6},{"damage":0,"enemies":"Chosen","floor":19,"turns":3},{"damage":14,"enemies":"Shelled Parasite and Fungi","floor":22,"turns":6},{"damage":5,"enemies":"Gremlin Leader","floor":24,"turns":8},{"damage":5,"enemies":"Centurion and Healer","floor":25,"turns":8},{"damage":2,"enemies":"Snake Plant","floor":27,"turns":4},{"damage":12,"enemies":"Book of Stabbing","floor":29,"turns":5},{"damage":48,"enemies":"Collector","floor":33,"turns":3}],"seed_played":"-7789957145989092419","potions_obtained":[{"floor":1,"key":"SteroidPotion"},{"floor":3,"key":"Block Potion"},{"floor":6,"key":"Fire Potion"},{"floor":16,"key":"DistilledChaos"},{"floor":22,"key":"Fire Potion"},{"floor":25,"key":"GamblersBrew"},{"floor":27,"key":"EssenceOfSteel"}],"is_trial":false,"path_per_floor":["M","M","M","$","M","E","R","E","T","?","?","M","R","?","R","B",null,"M","M","?","$","M","R","E","M","T","M","R","E","?","T","R","B"],"character_chosen":"DEFECT","items_purchased":["Ball Lightning","Loop","Medical Kit","BlessingOfTheForge"],"campfire_rested":2,"item_purchase_floors":[4,21,21,21],"current_hp_per_floor":[69,68,63,63,51,45,45,39,39,28,28,23,23,23,61,31,66,38,38,32,32,18,56,51,46,46,44,44,32,48,48,48,0,0],"gold":103,"neow_bonus":"TEN_PERCENT_HP_BONUS","is_daily":false,"chose_seed":false,"campfire_upgraded":4,"win_rate":0.0,"timestamp":1611492738,"path_taken":["M","M","M","$","M","E","R","E","T","?","?","M","R","?","R","BOSS","M","M","?","$","M","R","E","M","T","M","R","E","?","?","R","BOSS"],"items_purchased_type":["Card","Card","Relic","Potion"],"build_version":"2020-12-22","purchased_purges":2,"victory":false,"max_hp_per_floor":[78,78,78,78,78,78,78,78,78,78,78,78,78,78,78,78,78,78,78,78,78,78,78,78,78,78,78,78,78,78,78,78,78,78],"relic_stats":{"Regal Pillow":30,"Happy Flower":[19],"counters":[16,77],"Snecko Eye":[87,64,73,65],"Orichalcum":[30],"Medical Kit":[0],"obtain_stats":[{"Regal Pillow":9,"Calipers":26,"Happy Flower":8,"Snecko Eye":17,"Vajra":31,"The Courier":6,"Orichalcum":11,"Frozen Egg 2":29,"Cracked Core":0,"Medical Kit":21,"Cables":24},{"Regal Pillow":6,"Calipers":13,"Happy Flower":6,"Snecko Eye":8,"Vajra":15,"The Courier":5,"Orichalcum":6,"Frozen Egg 2":15,"Cracked Core":0,"Medical Kit":10,"Cables":12},{"Regal Pillow":20,"Calipers":65,"Happy Flower":20,"Snecko Eye":35,"Vajra":74,"The Courier":14,"Orichalcum":20,"Frozen Egg 2":74,"Cracked Core":0,"Medical Kit":44,"Cables":58}],"Cables":[17,9,8,0,0]},"card_choices":[{"not_picked":["Undo","Aggregate"],"picked":"Cold Snap","floor":1},{"not_picked":["Barrage","Hologram"],"picked":"Lockon","floor":2},{"not_picked":["Hello World","Streamline"],"picked":"Compile Driver","floor":3},{"not_picked":["Double Energy","Gash"],"picked":"Ball Lightning","floor":5},{"not_picked":["Stack","Beam Cell"],"picked":"Reinforced Body","floor":6},{"not_picked":["Fission","Beam Cell"],"picked":"Chill","floor":8},{"not_picked":["Redo","Conserve Battery","Steam"],"picked":"SKIP","floor":12},{"not_picked":["Redo","Steam"],"picked":"Conserve Battery","floor":12},{"not_picked":["Meteor Strike","Fission"],"picked":"Biased Cognition","floor":16},{"not_picked":["Melter","Steam"],"picked":"Glacier","floor":18},{"not_picked":["Beam Cell","Sunder"],"picked":"Genetic Algorithm","floor":19},{"not_picked":["Compile Driver","Streamline"],"picked":"Recycle","floor":22},{"not_picked":["Multi-Cast","Creative AI"],"picked":"Reinforced Body","floor":24},{"not_picked":["Go for the Eyes","FTL"],"picked":"Cold Snap","floor":25},{"not_picked":["Redo","Beam Cell","Sweeping Beam+1"],"picked":"SKIP","floor":27},{"not_picked":["Sweeping Beam","Redo","Go for the Eyes"],"picked":"SKIP","floor":29}],"player_experience":2024868,"relics_obtained":[{"floor":6,"key":"The Courier"},{"floor":8,"key":"Happy Flower"},{"floor":9,"key":"Regal Pillow"},{"floor":24,"key":"Cables"},{"floor":26,"key":"Calipers"},{"floor":29,"key":"Frozen Egg 2"},{"floor":31,"key":"Vajra"}],"event_choices":[{"damage_healed":0,"gold_gain":75,"player_choice":"Gather Gold","damage_taken":11,"max_hp_gain":0,"max_hp_loss":0,"event_name":"World of Goop","floor":10,"gold_loss":0},{"damage_healed":0,"gold_gain":0,"player_choice":"Searched \u00271\u0027 times","damage_taken":0,"relics_obtained":["Orichalcum"],"max_hp_gain":0,"max_hp_loss":0,"event_name":"Dead Adventurer","floor":11,"gold_loss":0},{"damage_healed":0,"gold_gain":0,"cards_transformed":["Strike_B"],"player_choice":"Change","damage_taken":0,"max_hp_gain":0,"max_hp_loss":0,"event_name":"Living Wall","floor":14,"gold_loss":0,"cards_obtained":["Double Energy"]},{"damage_healed":0,"gold_gain":0,"player_choice":"Joined the Cult","damage_taken":6,"max_hp_gain":0,"max_hp_loss":0,"event_name":"Nest","floor":20,"gold_loss":0,"cards_obtained":["RitualDagger"]},{"damage_healed":16,"gold_gain":0,"player_choice":"Heal","damage_taken":0,"max_hp_gain":0,"max_hp_loss":0,"event_name":"The Library","floor":30,"gold_loss":0}],"is_beta":false,"boss_relics":[{"not_picked":["Nuclear Battery","Empty Cage"],"picked":"Snecko Eye"}],"items_purged_floors":[4,21],"is_endless":false,"potions_floor_spawned":[1,3,5,6,16,22,25,27],"killed_by":"Collector","ascension_level":20}}