{"host":"c6uvvgqwlxq4k23y","time":1611482630,"event":{"mods":["Arknights The Spire","BaseMod","CapriCore","DeckTracker","Hermit","Minty Spire (QoL Compilation)","StSLib","SuperFastMode","The Cursed"],"gold_per_floor":[13,24,37,47,47,81,101,101,101,101,112,146,165,165,165,284,284,309,219,233,248,271,271,271],"floor_reached":23,"language":"KOR","playtime":922,"items_purged":[],"score":307,"play_id":"e8b97c74-4dfc-4366-9b48-df0615737d8b","local_time":"20210124190350","is_ascension_mode":false,"campfire_choices":[{"data":"ats:Armor Crushing Shot","floor":8.0,"key":"SMITH"},{"data":"ats:Emotion Absorption","floor":10.0,"key":"SMITH"},{"floor":15.0,"key":"REST"}],"circlet_count":0,"master_deck":["ats:Strike C","ats:Strike S","ats:Strike V","ats:Armor Crushing Shot+1","ats:Defend","ats:Defend","ats:Defend","ats:Defend","ats:Emotion Absorption+1","ats:Powerful Strike","ats:Apocalypse","ats:Nebulous Foxfire","ats:Rapid Magazine","ats:Roar Of Ursus+1","ats:Revitalization","ats:Hook Shot","ats:Encircling Forest","ats:Absolute Focus"],"relics":["ats:Sanity","Ginger","ats:Originium","Meat on the Bone","Tiny Chest","Omamori","Golden Idol"],"acts_visited":["Exordium","TheCity"],"potions_floor_usage":[22],"damage_taken":[{"damage":2.0,"enemies":"2 Louse","floor":1.0,"turns":3.0},{"damage":0.0,"enemies":"Small Slimes","floor":2.0,"turns":4.0},{"damage":1.0,"enemies":"Cultist","floor":3.0,"turns":3.0},{"damage":7.0,"enemies":"3 Louse","floor":4.0,"turns":3.0},{"damage":39.0,"enemies":"Lagavulin","floor":6.0,"turns":6.0},{"damage":23.0,"enemies":"Gremlin Gang","floor":7.0,"turns":15.0},{"damage":10.0,"enemies":"Lots of Slimes","floor":11.0,"turns":3.0},{"damage":14.0,"enemies":"Gremlin Nob","floor":12.0,"turns":3.0},{"damage":10.0,"enemies":"2 Fungi Beasts","floor":13.0,"turns":4.0},{"damage":81.0,"enemies":"Slime Boss","floor":16.0,"turns":19.0},{"damage":33,"enemies":"Shell Parasite","floor":18,"turns":7},{"damage":44,"enemies":"3 Byrds","floor":20,"turns":13},{"damage":63,"enemies":"Snake Plant","floor":21,"turns":8},{"damage":119,"enemies":"Centurion and Healer","floor":22,"turns":14},{"damage":91,"enemies":"Book of Stabbing","floor":23,"turns":8}],"seed_played":"8503061989797631456","potions_obtained":[{"floor":1.0,"key":"SteroidPotion"},{"floor":2.0,"key":"Weak Potion"},{"floor":11.0,"key":"AttackPotion"},{"floor":20,"key":"AttackPotion"},{"floor":22,"key":"Swift Potion"}],"is_trial":false,"path_per_floor":["M","M","M","M","$","E","M","R","T","R","M","E","M","?","R","B",null,"M","?","M","M","M","E"],"character_chosen":"DOCTOR_CLASS","items_purchased":[],"campfire_rested":1,"item_purchase_floors":[],"current_hp_per_floor":[70,70,69,62,62,28,72,72,72,72,64,50,50,32,53,34,72,50,50,63,48,43,0,0],"gold":271,"neow_bonus":"ONE_RARE_RELIC","is_daily":false,"chose_seed":false,"campfire_upgraded":2,"win_rate":0.0,"timestamp":1611482630,"path_taken":["M","M","M","M","$","E","M","R","T","R","M","E","M","?","R","BOSS","M","?","?","M","M","E"],"items_purchased_type":[],"build_version":"2020-12-22","purchased_purges":0,"victory":false,"max_hp_per_floor":[72,72,72,72,72,72,72,72,72,72,72,72,72,72,72,72,72,72,72,72,72,72,72,72],"card_choices":[{"not_picked":["ats:Counter Healing Mode","ats:Chain Hook"],"picked":"ats:Powerful Strike","floor":1.0},{"not_picked":["ats:Ignite","ats:Counter Healing Mode","ats:Spore Proliferation"],"picked":"SKIP","floor":2.0},{"not_picked":["ats:Steam Pump","ats:Serious Mode"],"picked":"ats:Apocalypse","floor":3.0},{"not_picked":["ats:Hammer On","ats:Assault Order","ats:Very Hot Blade"],"picked":"SKIP","floor":4.0},{"not_picked":["ats:Poison Spread","ats:Sunburst"],"picked":"ats:Nebulous Foxfire","floor":6.0},{"not_picked":["ats:Demon Strength","ats:Very Hot Blade","ats:Thermite Blade"],"picked":"SKIP","floor":7.0},{"not_picked":["ats:Shell Defense","ats:Defend Order","ats:Hammer On"],"picked":"SKIP","floor":11.0},{"not_picked":["ats:Hammer On","ats:Cat Scratch"],"picked":"ats:Rapid Magazine","floor":12.0},{"not_picked":["ats:Red Shift","ats:Steam Pump","ats:Burning Ground"],"picked":"SKIP","floor":13.0},{"not_picked":["ats:Soul Rend","ats:Dogmatic Field"],"picked":"ats:Roar Of Ursus","floor":16.0},{"not_picked":["ats:Song Of Battle","ats:Blood Oath"],"picked":"ats:Revitalization","floor":18},{"not_picked":["ats:Automatic Cover+1","ats:Closed Bolt Burst Fire"],"picked":"ats:Hook Shot","floor":20},{"not_picked":["ats:Powerful Strike+1","ats:Counter Healing Mode+1"],"picked":"ats:Encircling Forest","floor":21},{"not_picked":["ats:Blood Oath","ats:Assault Order"],"picked":"ats:Absolute Focus","floor":22}],"player_experience":339311,"relics_obtained":[{"floor":6.0,"key":"ats:Originium"},{"floor":6.0,"key":"Meat on the Bone"},{"floor":9.0,"key":"Tiny Chest"},{"floor":12.0,"key":"ats:Originium"},{"floor":12.0,"key":"Omamori"}],"event_choices":[{"damage_healed":0.0,"max_hp_gain":0.0,"max_hp_loss":0.0,"gold_gain":0.0,"event_name":"Golden Idol","player_choice":"Take Damage","floor":14.0,"gold_loss":0.0,"damage_taken":18.0,"relics_obtained":["Golden Idol"]},{"cards_removed":["ats:Strike G"],"damage_healed":0,"gold_gain":0,"player_choice":"Upgrade and Remove","damage_taken":0,"max_hp_gain":0,"max_hp_loss":0,"event_name":"Designer","floor":19,"gold_loss":90,"cards_upgraded":["ats:Roar Of Ursus"]}],"is_beta":false,"boss_relics":[{"not_picked":["Pandora\u0027s Box","Fusion Hammer","Snecko Eye"]}],"items_purged_floors":[],"is_endless":false,"potions_floor_spawned":[1,2,11,20,22],"killed_by":"Book of Stabbing","ascension_level":0}}