{"host":"o54aw4mfims5m8ve","time":1611488378,"event":{"mods":["BaseMod","Downfall","Minty Spire (QoL Compilation)","StSLib"],"gold_per_floor":[99,116,131,131,142,142,167,195,8,20,20,34,19,19,35,139,139,139,153,167,167,267,267,267,267,293,293,293,293,305,317,336,438,438,438,438,23,23,23,23,23],"floor_reached":39,"language":"ENG","playtime":4241,"items_purged":["bronze:Defend","bronze:Replicate"],"score":396,"play_id":"5ddbd6cd-84d1-4e2f-8625-ba248fa88853","local_time":"20210124113938","is_ascension_mode":false,"campfire_choices":[{"data":"bronze:Replicate","floor":1,"key":"SMITH"},{"data":"bronze:Goto","floor":11,"key":"SMITH"},{"data":"bronze:NullPointer","floor":18,"key":"SMITH"},{"floor":23,"key":"REST"},{"data":"bronze:OilSpill","floor":25,"key":"SMITH"},{"floor":29,"key":"REST"},{"data":"bronze:Invalidate","floor":35,"key":"SMITH"}],"circlet_count":0,"master_deck":["bronze:Strike","bronze:Defend","bronze:Defend","bronze:Replicate+1","bronze:Goto+1","bronze:Overheat","bronze:ChildClass+1","bronze:OilSpill+1","bronze:Overload","expansioncontent:AwakenDeath","bronze:Invalidate+1","bronze:ChosenStrike+1","bronze:NullPointer+1","bronze:Shield","bronze:HyperBeam","bronze:DigitalCarnage+1","bronze:Iterate+1","bronze:Shell+1","bronze:Verify+1"],"relics":["bronze:BronzeCore","Juzu Bracelet","Cursed Key","Lizard Tail","Matryoshka","Nunchaku","Frozen Egg 2","Pocketwatch","Spirit Poop","CultistMask","Velvet Choker","Bronze Scales","Membership Card"],"acts_visited":["Exordium","TheCity","TheBeyond"],"potions_floor_usage":[15,16,16,33,33,37],"damage_taken":[{"damage":0,"enemies":"Jaw Worm","floor":2,"turns":3},{"damage":1,"enemies":"2 Louse","floor":3,"turns":4},{"damage":0,"enemies":"Cultist","floor":5,"turns":3},{"damage":13,"enemies":"Lagavulin","floor":8,"turns":6},{"damage":0,"enemies":"downfall:FleeingMerchant","floor":9,"turns":4},{"damage":1,"enemies":"Blue Slaver","floor":10,"turns":3},{"damage":5,"enemies":"Red Slaver","floor":12,"turns":3},{"damage":12,"enemies":"downfall:FleeingMerchant","floor":13,"turns":4},{"damage":11,"enemies":"Exordium Thugs","floor":15,"turns":3},{"damage":25,"enemies":"SI_SHIV_ARCHETYPE","floor":16,"turns":7},{"damage":11,"enemies":"Shell Parasite","floor":19,"turns":4},{"damage":10,"enemies":"Chosen","floor":20,"turns":3},{"damage":27,"enemies":"Colosseum Nobs","floor":22,"turns":4},{"damage":22,"enemies":"Gremlin Leader","floor":26,"turns":4},{"damage":19,"enemies":"Shelled Parasite and Fungi","floor":30,"turns":3},{"damage":20,"enemies":"Centurion and Healer","floor":31,"turns":3},{"damage":0,"enemies":"Snake Plant","floor":32,"turns":1},{"damage":42,"enemies":"IC_MUSHROOM_ARCHETYPE","floor":33,"turns":6},{"damage":14,"enemies":"downfall:FleeingMerchant","floor":37,"turns":4}],"seed_played":"-744048927062962210","potions_obtained":[{"floor":3,"key":"Dexterity Potion"},{"floor":10,"key":"Strength Potion"},{"floor":15,"key":"Fruit Juice"},{"floor":20,"key":"FearPotion"},{"floor":30,"key":"LiquidBronze"},{"floor":31,"key":"LiquidMemories"},{"floor":33,"key":"sneckomod:MuddlingPotion"}],"is_trial":false,"path_per_floor":["R","M","M","?","M","?","T","E","$","M","R","M","$","?","M","B",null,"R","M","M","?","?","R","T","R","E","?","?","R","M","M","M","B",null,"R","?","$","?","M"],"character_chosen":"THE_AUTOMATON","items_purchased":["expansioncontent:AwakenDeath","Bronze Scales","Membership Card"],"campfire_rested":2,"item_purchase_floors":[9,37,37],"current_hp_per_floor":[77,77,76,76,76,76,76,63,63,62,62,57,45,45,39,14,82,82,71,61,61,34,58,58,58,36,36,36,60,41,21,21,41,82,82,82,68,68,0,0,0],"gold":23,"neow_bonus":"TEN_PERCENT_HP_BONUS","is_daily":false,"chose_seed":false,"campfire_upgraded":5,"win_rate":0.0,"timestamp":1611488378,"path_taken":["R","M","M","?","M","?","T","E","?","M","R","M","$","?","M","BOSS","R","M","M","?","?","R","T","R","E","?","?","R","M","M","M","BOSS","R","?","$","?","M"],"items_purchased_type":["Card","Relic","Relic"],"build_version":"2020-12-22","purchased_purges":2,"victory":false,"max_hp_per_floor":[77,77,77,77,77,77,77,77,77,77,77,77,77,77,82,82,82,82,82,82,82,82,82,82,82,82,82,82,82,82,82,82,82,82,82,82,82,82,82,82,82],"card_choices":[{"not_picked":["bronze:BugBarrage","bronze:Shield"],"picked":"bronze:ClassDefault","floor":2},{"not_picked":["bronze:WhirlingStrike","bronze:DelayedGuard"],"picked":"bronze:Overheat","floor":3},{"not_picked":["bronze:DarkDash","bronze:Overheat"],"picked":"bronze:ChildClass","floor":5},{"not_picked":["bronze:CleanCode","bronze:FineTuning"],"picked":"bronze:OilSpill","floor":8},{"not_picked":["bronze:Frontload","bronze:Philosophize"],"picked":"bronze:Overload","floor":9},{"not_picked":["bronze:ChildClass","bronze:Frontload"],"picked":"bronze:Invalidate","floor":10},{"not_picked":["bronze:OilSpill","bronze:MaxOutput"],"picked":"bronze:ChosenStrike","floor":12},{"not_picked":["bronze:ItsAFeature","bronze:Turbo"],"picked":"bronze:NullPointer","floor":13},{"not_picked":["bronze:DelayedGuard","bronze:ItsAFeature"],"picked":"bronze:Shield","floor":15},{"not_picked":["bronze:FindAndReplace","bronze:SpaghettiCode"],"picked":"bronze:HyperBeam","floor":16},{"not_picked":["bronze:OilSpill","bronze:WhirlingStrike","bronze:Overheat"],"picked":"SKIP","floor":19},{"not_picked":["bronze:BugBarrage+1","bronze:Branch"],"picked":"bronze:DigitalCarnage+1","floor":20},{"not_picked":["bronze:BronzeArmor","bronze:DelayedGuard","bronze:Safeguard"],"picked":"SKIP","floor":26},{"not_picked":["bronze:Invalidate","bronze:ItsAFeature+1"],"picked":"bronze:Iterate+1","floor":30},{"not_picked":["bronze:BuggyMess","bronze:DelayedSlice","bronze:BitShift"],"picked":"SKIP","floor":31},{"not_picked":["bronze:Invalidate+1","bronze:FineTuning"],"picked":"bronze:Shell+1","floor":32},{"not_picked":["bronze:RecursiveStrike","bronze:Format"],"picked":"bronze:Verify+1","floor":33},{"not_picked":["bronze:Branch","bronze:Overheat","bronze:NullPointer+1"],"picked":"SKIP","floor":37}],"player_experience":149147,"relics_obtained":[{"floor":8,"key":"Juzu Bracelet"},{"floor":22,"key":"Lizard Tail"},{"floor":22,"key":"Matryoshka"},{"floor":24,"key":"Nunchaku"},{"floor":24,"key":"Frozen Egg 2"},{"floor":26,"key":"Pocketwatch"}],"event_choices":[{"cards_removed":["bronze:Strike"],"damage_healed":0,"gold_gain":0,"player_choice":"Card Removal","damage_taken":0,"max_hp_gain":0,"max_hp_loss":0,"event_name":"The Cleric","floor":4,"gold_loss":0},{"cards_removed":["downfall:Icky"],"damage_healed":0,"gold_gain":0,"player_choice":"Offered Curse","damage_taken":0,"relics_obtained":["Spirit Poop"],"max_hp_gain":0,"max_hp_loss":0,"event_name":"Bonfire Elementals","floor":27,"gold_loss":0},{"damage_healed":0,"gold_gain":0,"player_choice":"Trade","damage_taken":0,"relics_obtained":["CultistMask"],"max_hp_gain":0,"max_hp_loss":0,"event_name":"FaceTrader","floor":28,"gold_loss":0},{"cards_removed":["bronze:ClassDefault"],"damage_healed":0,"gold_gain":0,"player_choice":"Removed Power","damage_taken":0,"max_hp_gain":0,"max_hp_loss":0,"event_name":"Falling","floor":36,"gold_loss":0}],"is_beta":false,"boss_relics":[{"not_picked":["Snecko Eye","Coffee Dripper"],"picked":"Cursed Key"},{"not_picked":["Calling Bell","Fusion Hammer"],"picked":"Velvet Choker"}],"items_purged_floors":[9,37],"is_endless":false,"potions_floor_spawned":[3,10,15,20,30,31,33],"killed_by":"3 Shapes","ascension_level":0}}