{"host":"50per11302020","time":1611446836,"event":{"mods":["AchievementEnabler","BaseMod","Colored Map","Minty Spire (QoL Compilation)","Relic Stats","StSLib"],"gold_per_floor":[114,114,130,55,73,102,102,252,252,18,51,27,27,52,52,123,123,133,153,165,165,185,214,214,239,239,239,213,227,227,255,267,355,367,391,413,425,454,171,198,214,240,240,240,260,260,291,61,61,61],"floor_reached":51,"language":"ENG","playtime":4278,"items_purged":["Doubt","Normality"],"score":1525,"play_id":"d54bf452-f583-4f4f-970e-5d16cdc2a76a","local_time":"20210123160716","is_ascension_mode":true,"campfire_choices":[{"data":"Armaments","floor":7.0,"key":"SMITH"},{"floor":13.0,"key":"REST"},{"data":"Demon Form","floor":15.0,"key":"SMITH"},{"data":"Evolve","floor":24,"key":"SMITH"},{"data":"Bash","floor":30,"key":"SMITH"},{"floor":32,"key":"REST"},{"data":"Demon Form","floor":44,"key":"SMITH"},{"floor":46,"key":"REST"},{"data":"Fire Breathing","floor":49,"key":"SMITH"}],"circlet_count":0,"master_deck":["AscendersBane","Strike_R+1","Strike_R+1","Strike_R+1","Defend_R+1","Defend_R+1","Defend_R+1","Defend_R+1","Bash+1","Armaments+1","Evolve+1","Demon Form+1","Fire Breathing+1","Warcry+1","Good Instincts+1","Iron Wave+1","Havoc+1","Disarm+1","Reaper+1","Body Slam+1","Power Through+1","Offering+1","Iron Wave+1","Sentinel+1","Uppercut+1","Shrug It Off+1","Entrench+1","Exhume+1","Disarm+1","Havoc+1","Demon Form+1","Shockwave+1","Entrench+1","Sword Boomerang+1","Brutality+1","Heavy Blade+1"],"relics":["Burning Blood","Molten Egg 2","Toxic Egg 2","Art of War","Blood Vial","SlaversCollar","Nunchaku","FossilizedHelix","Turnip","MawBank","Cursed Key","Singing Bowl","Pen Nib","Bottled Lightning","Frozen Egg 2","Lantern"],"acts_visited":["Exordium","TheCity","TheBeyond"],"potions_floor_usage":[18,18,22,40,45,50,50],"damage_taken":[{"damage":7.0,"enemies":"Cultist","floor":1.0,"turns":4.0},{"damage":3.0,"enemies":"2 Louse","floor":3.0,"turns":4.0},{"damage":3.0,"enemies":"Jaw Worm","floor":5.0,"turns":9.0},{"damage":25.0,"enemies":"Lagavulin","floor":6.0,"turns":7.0},{"damage":21.0,"enemies":"3 Sentries","floor":11.0,"turns":5.0},{"damage":8.0,"enemies":"Lagavulin","floor":14.0,"turns":6.0},{"damage":25.0,"enemies":"Slime Boss","floor":16.0,"turns":7.0},{"damage":77,"enemies":"3 Byrds","floor":18,"turns":11},{"damage":27,"enemies":"Shell Parasite","floor":19,"turns":10},{"damage":41,"enemies":"Sentry and Sphere","floor":20,"turns":7},{"damage":19,"enemies":"Snake Plant","floor":22,"turns":6},{"damage":16,"enemies":"Gremlin Leader","floor":23,"turns":11},{"damage":11,"enemies":"Book of Stabbing","floor":25,"turns":6},{"damage":0,"enemies":"Centurion and Healer","floor":29,"turns":9},{"damage":23,"enemies":"Slavers","floor":31,"turns":9},{"damage":7,"enemies":"Champ","floor":33,"turns":17},{"damage":11,"enemies":"3 Darklings","floor":35,"turns":9},{"damage":6,"enemies":"Orb Walker","floor":36,"turns":5},{"damage":6,"enemies":"Maw","floor":38,"turns":7},{"damage":8,"enemies":"Reptomancer","floor":40,"turns":7},{"damage":29,"enemies":"Sphere and 2 Shapes","floor":41,"turns":7},{"damage":6,"enemies":"Giant Head","floor":42,"turns":6},{"damage":72,"enemies":"Transient","floor":45,"turns":6},{"damage":17,"enemies":"Reptomancer","floor":47,"turns":7},{"damage":59,"enemies":"Time Eater","floor":50,"turns":11}],"seed_played":"8867062204239061671","potions_obtained":[{"floor":5.0,"key":"BloodPotion"},{"floor":16.0,"key":"Block Potion"},{"floor":18,"key":"Fire Potion"},{"floor":25,"key":"Weak Potion"},{"floor":29,"key":"SpeedPotion"},{"floor":35,"key":"LiquidMemories"},{"floor":42,"key":"AttackPotion"},{"floor":47,"key":"DuplicationPotion"}],"is_trial":false,"path_per_floor":["M","$","M","?","M","E","R","?","T","$","E","$","R","E","R","B",null,"M","M","M","?","M","E","R","E","T","?","$","M","R","E","R","B",null,"M","M","?","M","$","E","M","E","T","R","M","R","E","$","R","B",null],"character_chosen":"IRONCLAD","items_purchased":["Warcry+1","Good Instincts+1","Havoc+1","Shrug It Off+1","Singing Bowl","Havoc+1","DuplicationPotion","Heavy Blade+1"],"campfire_rested":3,"item_purchase_floors":[10,10,12,28,39,39,48,48],"current_hp_per_floor":[74,74,77,77,80,61,61,61,61,61,46,46,70,68,68,51,74,50,65,50,50,54,82,82,82,82,82,82,82,82,66,82,82,82,82,82,82,82,82,82,73,82,82,82,62,82,82,82,82,82],"gold":61,"neow_bonus":"TEN_PERCENT_HP_BONUS","is_daily":false,"chose_seed":false,"campfire_upgraded":6,"win_rate":0.0,"timestamp":1611446836,"path_taken":["M","$","M","?","M","E","R","?","T","$","E","?","R","E","R","BOSS","M","M","M","?","M","E","R","E","T","?","$","M","R","E","R","BOSS","M","M","?","M","$","E","M","E","T","R","M","R","E","$","R","BOSS"],"items_purchased_type":["Card","Card","Card","Card","Relic","Card","Potion","Card"],"build_version":"2020-12-18","purchased_purges":2,"victory":true,"max_hp_per_floor":[82,82,82,82,82,82,82,82,82,82,82,82,82,82,82,82,82,82,82,82,82,82,82,82,82,82,82,82,82,82,82,82,82,82,82,82,82,82,82,82,82,82,82,82,82,82,82,82,82,82],"relic_stats":{"Blood Vial":14,"Nunchaku":[13],"Singing Bowl":0,"counters":[25,193],"Turnip":[24],"Pen Nib":[4],"Art of War":[53],"MawBank":96,"Cursed Key":1,"obtain_stats":[{"Lantern":47,"Singing Bowl":39,"Pen Nib":40,"Frozen Egg 2":43,"MawBank":31,"Cursed Key":34,"Burning Blood":0,"Blood Vial":14,"SlaversCollar":17,"Nunchaku":23,"Molten Egg 2":6,"Turnip":26,"Art of War":11,"Bottled Lightning":42,"Toxic Egg 2":9,"FossilizedHelix":25},{"Lantern":24,"Singing Bowl":19,"Pen Nib":20,"Frozen Egg 2":22,"MawBank":15,"Cursed Key":16,"Burning Blood":0,"Blood Vial":6,"SlaversCollar":7,"Nunchaku":12,"Molten Egg 2":4,"Turnip":13,"Art of War":5,"Bottled Lightning":22,"Toxic Egg 2":4,"FossilizedHelix":13},{"Lantern":182,"Singing Bowl":149,"Pen Nib":156,"Frozen Egg 2":169,"MawBank":111,"Cursed Key":128,"Burning Blood":0,"Blood Vial":35,"SlaversCollar":42,"Nunchaku":87,"Molten Egg 2":24,"Turnip":93,"Art of War":29,"Bottled Lightning":169,"Toxic Egg 2":24,"FossilizedHelix":93}],"Burning Blood":97},"card_choices":[{"not_picked":["Clash","Feel No Pain"],"picked":"Armaments","floor":1.0},{"not_picked":["Heavy Blade","Twin Strike"],"picked":"Evolve","floor":3.0},{"not_picked":["True Grit","Shrug It Off"],"picked":"Demon Form","floor":5.0},{"not_picked":["Ghostly Armor","Dark Embrace"],"picked":"Fire Breathing","floor":6.0},{"not_picked":["Seeing Red+1","Rampage+1"],"picked":"Iron Wave+1","floor":11.0},{"not_picked":["Flex+1","Twin Strike+1"],"picked":"Disarm+1","floor":14.0},{"not_picked":["Juggernaut","Fiend Fire+1"],"picked":"Reaper+1","floor":16.0},{"not_picked":["Twin Strike+1","Burning Pact+1","Pommel Strike+1"],"picked":"SKIP","floor":18},{"not_picked":["Perfected Strike+1","Combust"],"picked":"Body Slam+1","floor":19},{"not_picked":["Flex+1","Whirlwind+1"],"picked":"Power Through+1","floor":20},{"not_picked":["Wild Strike+1","Impervious+1"],"picked":"Iron Wave+1","floor":22},{"not_picked":["True Grit+1","Flex+1"],"picked":"Sentinel+1","floor":23},{"not_picked":["Bloodletting+1","Combust+1"],"picked":"Uppercut+1","floor":25},{"not_picked":["Flex+1","Anger+1"],"picked":"Entrench+1","floor":29},{"not_picked":["Thunderclap+1","Combust","Reckless Charge+1"],"picked":"SKIP","floor":31},{"not_picked":["Brutality","Fiend Fire+1"],"picked":"Exhume+1","floor":33},{"not_picked":["True Grit+1","Cleave+1","Twin Strike+1"],"picked":"SKIP","floor":35},{"not_picked":["Armaments+1","Flex+1","Wild Strike+1"],"picked":"SKIP","floor":36},{"not_picked":["Spot Weakness+1","Combust"],"picked":"Disarm+1","floor":38},{"not_picked":["Whirlwind+1","Flame Barrier+1"],"picked":"Demon Form","floor":40},{"not_picked":["Clash+1","Perfected Strike+1"],"picked":"Shockwave+1","floor":41},{"not_picked":["Disarm+1","Dropkick+1"],"picked":"Entrench+1","floor":42},{"not_picked":["Cleave+1","Clash+1"],"picked":"Sword Boomerang+1","floor":45},{"not_picked":["Spot Weakness+1","Blood for Blood+1"],"picked":"Brutality+1","floor":47}],"player_experience":345287,"relics_obtained":[{"floor":6.0,"key":"Molten Egg 2"},{"floor":9.0,"key":"Toxic Egg 2"},{"floor":11.0,"key":"Art of War"},{"floor":14.0,"key":"Blood Vial"},{"floor":23,"key":"Nunchaku"},{"floor":25,"key":"FossilizedHelix"},{"floor":26,"key":"Turnip"},{"floor":31,"key":"MawBank"},{"floor":40,"key":"Pen Nib"},{"floor":42,"key":"Bottled Lightning"},{"floor":43,"key":"Frozen Egg 2"},{"floor":47,"key":"Lantern"}],"event_choices":[{"cards_removed":["Strike_R"],"damage_healed":0.0,"max_hp_gain":0.0,"max_hp_loss":0.0,"gold_gain":0.0,"event_name":"The Cleric","player_choice":"Card Removal","floor":4.0,"gold_loss":75.0,"damage_taken":0.0},{"damage_healed":0.0,"max_hp_gain":0.0,"max_hp_loss":0.0,"gold_gain":150.0,"event_name":"Liars Game","player_choice":"AGREE","floor":8.0,"gold_loss":0.0,"damage_taken":0.0,"cards_obtained":["Doubt"]},{"damage_healed":0,"gold_gain":0,"player_choice":"Read","damage_taken":0,"max_hp_gain":0,"max_hp_loss":0,"event_name":"The Library","floor":21,"gold_loss":0,"cards_obtained":["Offering"]},{"damage_healed":0,"gold_gain":0,"player_choice":"Simplicity","damage_taken":0,"max_hp_gain":0,"max_hp_loss":0,"event_name":"Back to Basics","floor":27,"gold_loss":0,"cards_upgraded":["Strike_R","Strike_R","Strike_R","Strike_R","Defend_R","Defend_R","Defend_R","Defend_R"]},{"cards_removed":["Strike_R"],"damage_healed":0,"gold_gain":0,"player_choice":"Purged","damage_taken":0,"max_hp_gain":0,"max_hp_loss":0,"event_name":"Purifier","floor":37,"gold_loss":0}],"is_beta":true,"boss_relics":[{"not_picked":["Busted Crown","Ectoplasm"],"picked":"SlaversCollar"},{"not_picked":["Astrolabe","Snecko Eye"],"picked":"Cursed Key"}],"items_purged_floors":[10,48],"is_endless":false,"potions_floor_spawned":[5,16,18,25,29,33,35,42,47],"ascension_level":17}}