{"host":"clf2hd4adhiiw0zf","time":1611477566,"event":{"mods":["AchievementEnabler","BaseMod","Beaked The Cultist","Bestiary","Dark Map","Downfall","Gremlin Mod","Hermit","Jorbs\u0027s Wanderer Trilogy","Marisa????????","Minty Spire (QoL Compilation)","Shop Mod","StSLib","The Cursed","The Servant 0.9.4","UnlockEverythingMod"],"gold_per_floor":[99,99,112,26,41,59,128,161,177,209,209,119,119,132,150,254,304,204,222,240,259,259,109,109,109,109,109,109],"floor_reached":26,"language":"ENG","playtime":2279,"items_purged":["downfall:Haunted"],"score":240,"play_id":"6300a107-1219-4618-9670-f2ee86758ce8","local_time":"20210124013926","is_ascension_mode":true,"campfire_choices":[{"data":"Apotheosis","floor":1,"key":"SMITH"},{"floor":11,"key":"RECALL"},{"data":"champ:FanOfKnives","floor":18,"key":"SMITH"},{"data":"Ghostly","floor":25,"key":"SMITH"}],"circlet_count":0,"master_deck":["champ:Strike","champ:Strike","champ:Strike","champ:Strike+1","champ:Defend","champ:Defend","champ:Defend+1","champ:Defend+1","champ:Execute","champ:Taunt","Apotheosis+1","downfall:Malfunctioning","champ:DefensiveStyle+1","champ:PerfectedStrike","champ:BerserkerStyle","champ:SwordSigil","champ:FlashCut","champ:Haymaker","champ:IgnorePain","champ:CheapShot","champ:FanOfKnives+1","champ:ShieldWall","champ:PreciseThrust","champ:EnchantSword","champ:ArenaPreparation","champ:ViciousMockery","champ:SwordThrow","Ghostly+1","Doubt","downfall:Haunted"],"relics":["champ:ChampionCrown","Question Card","Centennial Puzzle","Mercury Hourglass","downfall:ExtraCursedKey","Tiny House","downfall:HeartBlessingRed","champ:DefensiveTrainingManual","Lizard Tail"],"acts_visited":["Exordium","TheCity"],"potions_floor_usage":[8,16,26],"damage_taken":[{"damage":15,"enemies":"2 Louse","floor":3,"turns":4},{"damage":22,"enemies":"downfall:FleeingMerchant","floor":4,"turns":4},{"damage":15,"enemies":"Jaw Worm","floor":5,"turns":5},{"damage":0,"enemies":"Cultist","floor":6,"turns":2},{"damage":26,"enemies":"Lagavulin","floor":8,"turns":5},{"damage":5,"enemies":"Red Slaver","floor":9,"turns":2},{"damage":41,"enemies":"Gremlin Nob","floor":10,"turns":3},{"damage":45,"enemies":"downfall:FleeingMerchant","floor":12,"turns":5},{"damage":35,"enemies":"Blue Slaver","floor":14,"turns":2},{"damage":20,"enemies":"Gremlin Gang","floor":15,"turns":3},{"damage":17,"enemies":"SI_SHIV_ARCHETYPE","floor":16,"turns":5},{"damage":4,"enemies":"Chosen","floor":19,"turns":3},{"damage":2,"enemies":"Shell Parasite","floor":20,"turns":4},{"damage":2,"enemies":"3 Cultists","floor":21,"turns":4},{"damage":70,"enemies":"Snake Plant","floor":26,"turns":3}],"seed_played":"-6949885926647163259","potions_obtained":[{"floor":3,"key":"champ:OpenerPotion"},{"floor":5,"key":"AttackPotion"},{"floor":8,"key":"AttackPotion"},{"floor":9,"key":"Explosive Potion"},{"floor":16,"key":"Strength Potion"},{"floor":17,"key":"hexamod:SoulburnPotion"}],"is_trial":false,"path_per_floor":["R","?","M","$","M","M","T","E","M","E","R","$","?","M","M","B",null,"R","M","M","M","?","?","T","R","M"],"character_chosen":"THE_CHAMP","items_purchased":["champ:BerserkerStyle"],"campfire_rested":0,"item_purchase_floors":[4],"current_hp_per_floor":[90,90,90,88,87,87,87,71,66,60,60,50,50,50,40,33,95,95,91,89,87,87,87,87,87,17,17,17],"gold":109,"neow_bonus":"RANDOM_COLORLESS_2","is_daily":false,"chose_seed":false,"campfire_upgraded":3,"win_rate":0.0,"timestamp":1611477566,"path_taken":["R","?","M","$","M","M","T","E","M","E","R","$","?","M","M","BOSS","R","M","M","M","?","?","T","R","M"],"items_purchased_type":["Card"],"build_version":"2020-12-22","purchased_purges":1,"victory":false,"max_hp_per_floor":[90,90,90,90,90,90,90,90,90,90,90,90,90,90,90,90,95,95,95,95,95,95,95,95,95,95,95,95],"card_choices":[{"not_picked":["Violence","Secret Weapon"],"picked":"Apotheosis","floor":0},{"not_picked":["champ:BringItOn","champ:GladiatorStyle"],"picked":"champ:DefensiveStyle","floor":3},{"not_picked":["champ:PreemptiveStrike","champ:ArenaPreparation"],"picked":"champ:PerfectedStrike","floor":4},{"not_picked":["champ:Endure","champ:TornadoPunch"],"picked":"champ:SwordSigil","floor":5},{"not_picked":["champ:Haymaker","champ:CrownThrow"],"picked":"champ:FlashCut","floor":6},{"not_picked":["champ:BerserkerStyle","champ:SkillfulDodge","champ:Backstep"],"picked":"champ:Haymaker","floor":8},{"not_picked":["champ:Shatter","champ:DefensiveStyle","champ:Haymaker"],"picked":"champ:IgnorePain","floor":9},{"not_picked":["champ:Shatter","champ:FancyFootwork","champ:GladiatorStyle"],"picked":"champ:CheapShot","floor":10},{"not_picked":["champ:FlashCut","champ:HeartStrike","champ:Haymaker"],"picked":"champ:FanOfKnives","floor":12},{"not_picked":["champ:BerserkersShout","champ:EnGarde","champ:Endure"],"picked":"champ:ShieldWall","floor":14},{"not_picked":["champ:Backstep","champ:BerserkersShout","champ:SwordSigil"],"picked":"champ:PreciseThrust","floor":15},{"not_picked":["champ:ShieldThrow","champ:SteelEdge","champ:VampiricStrike"],"picked":"champ:EnchantSword","floor":16},{"not_picked":["champ:Haymaker","champ:Backstep","champ:DefensiveShout"],"picked":"champ:ArenaPreparation","floor":17},{"not_picked":["champ:EndlessRage+1","champ:Parry","champ:AdrenalArmor"],"picked":"champ:ViciousMockery","floor":19},{"not_picked":["champ:FalseCounter","champ:PerfectedStrike","champ:ShieldWall","champ:ArenaPreparation"],"picked":"SKIP","floor":20},{"not_picked":["champ:AdrenalArmor+1","champ:PerfectedStrike+1","champ:RageSigil"],"picked":"champ:SwordThrow","floor":21}],"player_experience":98337,"relics_obtained":[{"floor":7,"key":"Question Card"},{"floor":8,"key":"Centennial Puzzle"},{"floor":10,"key":"Mercury Hourglass"},{"floor":24,"key":"Lizard Tail"}],"event_choices":[],"is_beta":false,"boss_relics":[{"not_picked":["bronze:MakeshiftBattery","Runic Dome"],"picked":"Tiny House"}],"items_purged_floors":[12],"is_endless":false,"potions_floor_spawned":[3,5,8,9,10,16,20,21],"killed_by":"Snake Plant","ascension_level":2}}