{"host":"8i58hvcssdezoe94","time":1611481978,"event":{"mods":["Act Like it!","BaseMod","BetterRewards","Colored Map","Colored Powertips","Conspire","Downfall","Gensokyo","Good Game Mod","KinomotoSakuraMod(木之本樱)","Marisa（F雨　魔理沙）","Minty Spire (QoL Compilation)","Quick Restart","Rare Cards Sparkle","Remilia（蕾米莉亚）","Replay The Spire","Shop Mod","StSLib","The Bug Knight","The Construct","The Cursed","The Hierophant","The Jungle","The Servant 0.9.4"],"gold_per_floor":[111,127,165,180,102,102,119,219,243,243,270,140,140,155,155,260,260,260,297,336,336,347,347,364,59,139,139,139,139,153,164,164,283,283,300,316,196,296,315,315,332,352,352,352,370,390,390],"floor_reached":46,"language":"ZHS","playtime":2708,"items_purged":[],"score":453,"play_id":"599ef196-bfc2-48c2-a7ac-2748c1c657c9","local_time":"20210124175258","is_ascension_mode":false,"campfire_choices":[{"floor":6,"key":"RECALL"},{"data":"Magnetism","floor":10,"key":"SMITH"},{"floor":13,"key":"DIG"},{"data":"Gensokyo:UnlikelyAid","floor":23,"key":"SMITH"},{"floor":27,"key":"DIG"},{"floor":40,"key":"DIG"},{"data":"Fire Breathing","floor":44,"key":"SMITH"}],"circlet_count":0,"master_deck":["Strike_R","Strike_R","Strike_R","Strike_R","Strike_R","Defend_R","Defend_R","Defend_R","Defend_R","Bash","Gensokyo:UnlikelyAid+1","Feel No Pain+1","Metamorphosis+1","Magnetism+1","HandOfGreed","Shockwave+1","Flame Barrier+1","Cleave","Battle Trance+1","Metallicize","Shrug It Off+1","Pummel","Double Tap+1","Warcry+1","Shockwave+1","Infernal Blade+1","Wild Strike+1","Sentinel+1","Defy Death+1","Body Slam+1","Pommel Strike","Fire Breathing+1","Spot Weakness+1","Disarm+1","Twin Strike+1"],"relics":["Burning Blood","REME:ComplimentaryCards","ReplayTheSpireMod:ShopPack","Replay:Multitool","Toxic Egg 2","Replay:Baseball","Replay:Grab Bag","Busted Crown","Velvet Choker","Mark of Pain","Omamori","Another Sword","FossilizedHelix","Bottled Tornado","Ornamental Fan","Painkiller Herb","Replay:Bottled Steam","Sundial"],"acts_visited":["Gensokyo:Gensokyo","TheCity","TheBeyond"],"potions_floor_usage":[],"damage_taken":[{"damage":9,"enemies":"Gensokyo:Gryphon","floor":1,"turns":3},{"damage":0,"enemies":"Gensokyo:3_Fairies","floor":2,"turns":4},{"damage":2,"enemies":"Gensokyo:2_Kodama","floor":3,"turns":4},{"damage":6,"enemies":"Gensokyo:VengefulSpirit","floor":4,"turns":5},{"damage":0,"enemies":"Gensokyo:LivingMonolith","floor":7,"turns":3},{"damage":6,"enemies":"Gensokyo:Cirno","floor":11,"turns":7},{"damage":5,"enemies":"Gensokyo:Kitsune","floor":14,"turns":5},{"damage":53,"enemies":"Gensokyo:Reimu","floor":16,"turns":19},{"damage":17,"enemies":"2 Thieves","floor":18,"turns":4},{"damage":5,"enemies":"3 Byrds","floor":19,"turns":5},{"damage":10,"enemies":"3 Cultists","floor":20,"turns":5},{"damage":1,"enemies":"Chosen and Byrds","floor":22,"turns":3},{"damage":19,"enemies":"Centurion and Healer","floor":24,"turns":5},{"damage":0,"enemies":"Cultist and Chosen","floor":30,"turns":4},{"damage":0,"enemies":"3 Cultists","floor":31,"turns":4},{"damage":48,"enemies":"Champ","floor":33,"turns":10},{"damage":0,"enemies":"Orb Walker","floor":35,"turns":3},{"damage":4,"enemies":"3 Darklings","floor":36,"turns":6},{"damage":0,"enemies":"Writhing Mass","floor":39,"turns":6},{"damage":33,"enemies":"Sphere and 2 Shapes","floor":41,"turns":5},{"damage":4,"enemies":"Transient","floor":42,"turns":5},{"damage":27,"enemies":"Writhing Mass","floor":45,"turns":9}],"seed_played":"1168648942483505695","potions_obtained":[{"floor":2,"key":"Reflective Coating"},{"floor":11,"key":"Adrenaline Potion"},{"floor":14,"key":"champ:CounterPotion"},{"floor":22,"key":"Guardian:BlockOnCardUsePotion"}],"is_trial":false,"path_per_floor":["M","M","M","M","$","R","M","?","T","R","E","COS","R","M","R_BF","B",null,"M","M","M","?","M","R","M","$","T","R","$","?","M","M","R_BF","B",null,"?","?","T","?","?","T","?","?","T","T","?","?"],"character_chosen":"IRONCLAD","items_purchased":["ReplayTheSpireMod:ShopPack","Feel No Pain+1","Toxic Egg 2","Metallicize","FossilizedHelix","Fire Breathing","Spot Weakness+1"],"campfire_rested":0,"item_purchase_floors":[0,0,0,5,25,37,37],"current_hp_per_floor":[41,47,51,51,51,51,57,57,57,57,57,57,57,58,58,11,80,69,70,66,66,71,71,58,58,58,58,58,58,64,70,80,38,80,80,80,80,80,80,80,53,55,55,55,34,0,0],"gold":390,"neow_bonus":"","is_daily":false,"chose_seed":false,"campfire_upgraded":3,"win_rate":0.0,"timestamp":1611481978,"path_taken":["M","M","M","M","$","R","M","?","T","R","E","COS","R","M","R_BF","BOSS","M","M","M","?","M","R","M","$","T","R","?","?","M","M","R_BF","BOSS","?","?","T","?","?","T","?","?","T","T","?","?"],"items_purchased_type":["Relic","Card","Relic","Card","Relic","Card","Card"],"build_version":"2020-12-22","purchased_purges":0,"victory":false,"max_hp_per_floor":[80,80,80,80,80,80,80,80,80,80,80,80,80,80,80,80,80,80,80,80,80,80,80,80,80,80,80,80,80,80,80,80,80,80,80,80,80,80,80,80,80,80,80,80,80,80,80],"card_choices":[{"not_picked":["Poisoned Strike","HandOfGreed"],"picked":"Metamorphosis","floor":0},{"not_picked":["Secret Weapon","ReplayTheSpireMod:Brewmster"],"picked":"Magnetism","floor":0},{"not_picked":["Transmutation","Panacea"],"picked":"HandOfGreed","floor":0},{"not_picked":["Sword Boomerang","Replay:Undeath\u0027s Touch"],"picked":"Shockwave+1","floor":1},{"not_picked":["True Grit+1","Whirlwind"],"picked":"Flame Barrier+1","floor":2},{"not_picked":["Armaments+1","Searing Blow"],"picked":"Cleave","floor":3},{"not_picked":["conspire:ExplosiveBarrier+1","Replay:Many Hands+1"],"picked":"Battle Trance+1","floor":4},{"not_picked":["Clothesline","Warcry+1"],"picked":"Shrug It Off+1","floor":7},{"not_picked":["True Grit+1","Thunderclap"],"picked":"Pummel","floor":11},{"not_picked":["Offering+1","Pummel"],"picked":"Hemokinesis","floor":14},{"not_picked":["Replay:Many Hands+1","Immolate"],"picked":"Double Tap+1","floor":16},{"not_picked":[],"picked":"Warcry+1","floor":18},{"not_picked":[],"picked":"Shockwave+1","floor":19},{"not_picked":["Body Slam"],"picked":"SKIP","floor":20},{"not_picked":[],"picked":"Wild Strike+1","floor":22},{"not_picked":[],"picked":"Sentinel+1","floor":24},{"not_picked":[],"picked":"Defy Death+1","floor":30},{"not_picked":[],"picked":"Body Slam","floor":31},{"not_picked":[],"picked":"Pommel Strike","floor":35},{"not_picked":["Battle Trance+1"],"picked":"SKIP","floor":36},{"not_picked":[],"picked":"Disarm+1","floor":39},{"not_picked":[],"picked":"Twin Strike+1","floor":41},{"not_picked":["ReplayTheSpireMod:Strike From Hell"],"picked":"SKIP","floor":42},{"not_picked":["ReplayTheSpireMod:Strike From Hell"],"picked":"SKIP","floor":45}],"player_experience":52447,"relics_obtained":[{"floor":13,"key":"Replay:Baseball"},{"floor":26,"key":"Bottled Tornado"},{"floor":27,"key":"Ornamental Fan"},{"floor":40,"key":"Replay:Bottled Steam"},{"floor":43,"key":"Sundial"}],"event_choices":[{"damage_healed":0,"gold_gain":0,"cards_transformed":["ReplayReversal"],"player_choice":"Transformed","damage_taken":0,"max_hp_gain":0,"max_hp_loss":0,"event_name":"Transmorgrifier","floor":21,"gold_loss":0,"cards_obtained":["Infernal Blade"]},{"damage_healed":0,"gold_gain":100,"player_choice":"Pray","damage_taken":0,"max_hp_gain":0,"max_hp_loss":0,"event_name":"Golden Shrine","floor":38,"gold_loss":0}],"is_beta":false,"boss_relics":[{"not_picked":["Sozu","Black Blood"],"picked":"Replay:Grab Bag"},{"not_picked":["SlaversCollar","Philosopher\u0027s Stone"],"picked":"Busted Crown"},{"not_picked":["Runic Dome","Coffee Dripper"],"picked":"Velvet Choker"},{"not_picked":["Tiny House","conspire:RunicOctahedron"],"picked":"Mark of Pain"},{"not_picked":["Abe\u0027s Treasure","Replay:Bronze Core"],"picked":"Painkiller Herb"}],"items_purged_floors":[],"is_endless":false,"potions_floor_spawned":[2,11,14,20,22,24,33,35,36],"killed_by":"4 Shapes","ascension_level":0}}