{"host":"c2bue2hyafvtxka5","time":1611499652,"event":{"mods":["BaseMod","Hermit","Minty Spire (QoL Compilation)","StSLib","The Cursed","The Disciple","The Necromancer","The Servant 0.9.4"],"gold_per_floor":[114,114,133,152,167,205,205,241,317,317,338,357,357,397,397,517,517,542,542,189,199,199,227,258,291,316,348,361,375,410,335,335,431,431,447,92,111,111,160,160,171,199,199,199,249,49,49,49,49,49],"floor_reached":51,"language":"ENG","playtime":2368,"items_purged":["Strike_W","Strike_W","Strike_W"],"score":881,"play_id":"44f7d7d7-2ac7-4b5c-8d51-2837ba0ee08d","local_time":"20210124094732","is_ascension_mode":true,"campfire_choices":[{"floor":7,"key":"REST"},{"floor":13,"key":"REST"},{"data":"Summon_Death_Knight","floor":15,"key":"SMITH"},{"floor":32,"key":"REST"}],"circlet_count":0,"master_deck":["Defend_W","Defend_W","Defend_W","Defend_W","Negative_Energy_Arrows","Bone_Wall","Summon_Death_Knight+1","Summon_Undead","Finger_Of_Death","Bone_Prison","Bone_Armor","Summon_Death_Knight+1","Summon_Vampire_Lady","Summon_Undead","Summon_Undead_Army","Summon_Death_Knight","Bone_Prison","Summon_Vampire_Lady","Spectral_Armor"],"relics":["Vampire_Amulet","Bloody Idol","Omamori","Gambling Chip","HornCleat","Smiling Mask","Fusion Hammer","WingedGreaves","MutagenicStrength","CaptainsWheel","FossilizedHelix","White Beast Statue","MealTicket","Question Card","Eternal Feather","Coffee Dripper","Ice Cream","Thread and Needle","Centennial Puzzle","Mercury Hourglass","Regal Pillow","Anchor"],"acts_visited":["Exordium","TheCity","TheBeyond"],"potions_floor_usage":[6,6,6,23,23,23,30,33,39,39,42,50,50],"damage_taken":[{"damage":9,"enemies":"2 Louse","floor":1,"turns":4},{"damage":0,"enemies":"Cultist","floor":3,"turns":5},{"damage":2,"enemies":"Small Slimes","floor":4,"turns":4},{"damage":5,"enemies":"Looter","floor":5,"turns":4},{"damage":7,"enemies":"Lagavulin","floor":6,"turns":6},{"damage":23,"enemies":"Gremlin Nob","floor":8,"turns":5},{"damage":3,"enemies":"Exordium Wildlife","floor":11,"turns":4},{"damage":0,"enemies":"3 Louse","floor":12,"turns":3},{"damage":5,"enemies":"Lagavulin","floor":14,"turns":8},{"damage":7,"enemies":"The Guardian","floor":16,"turns":13},{"damage":0,"enemies":"Shell Parasite","floor":18,"turns":6},{"damage":0,"enemies":"3 Byrds","floor":21,"turns":5},{"damage":2,"enemies":"Slavers","floor":23,"turns":7},{"damage":10,"enemies":"Book of Stabbing","floor":24,"turns":7},{"damage":16,"enemies":"Slavers","floor":25,"turns":7},{"damage":0,"enemies":"Book of Stabbing","floor":27,"turns":7},{"damage":0,"enemies":"Centurion and Healer","floor":28,"turns":7},{"damage":10,"enemies":"Chosen and Byrds","floor":29,"turns":6},{"damage":13,"enemies":"Slavers","floor":30,"turns":3},{"damage":12,"enemies":"Champ","floor":33,"turns":11},{"damage":2,"enemies":"Orb Walker","floor":35,"turns":4},{"damage":20,"enemies":"3 Shapes","floor":37,"turns":5},{"damage":75,"enemies":"2 Orb Walkers","floor":39,"turns":7},{"damage":0,"enemies":"Maw","floor":41,"turns":9},{"damage":0,"enemies":"Nemesis","floor":42,"turns":9},{"damage":51,"enemies":"Donu and Deca","floor":50,"turns":12}],"seed_played":"1678470514104953433","potions_obtained":[{"floor":1,"key":"Ancient Potion"},{"floor":3,"key":"SteroidPotion"},{"floor":5,"key":"EntropicBrew"},{"floor":23,"key":"Regen Potion"},{"floor":27,"key":"SmokeBomb"},{"floor":28,"key":"PowerPotion"},{"floor":30,"key":"AttackPotion"},{"floor":33,"key":"GamblersBrew"},{"floor":37,"key":"Explosive Potion"},{"floor":39,"key":"LiquidBronze"},{"floor":41,"key":"SmokeBomb"},{"floor":42,"key":"SpeedPotion"}],"is_trial":false,"path_per_floor":["M","?","M","M","M","E","R","E","T","?","M","M","R","E","R","B",null,"M","?","$","M","?","E","E","E","T","E","M","M","E","?","R","B",null,"M","$","M","?","?","R","M","E","T","?","T","$","R","?","R","B",null],"character_chosen":"NECROMANCER","items_purchased":["WingedGreaves","Ice Cream","Anchor"],"campfire_rested":3,"item_purchase_floors":[20,36,46],"current_hp_per_floor":[49,31,33,35,32,27,49,28,28,28,29,35,57,54,54,49,75,75,75,75,75,75,75,75,75,75,75,75,74,72,72,75,75,75,75,75,75,75,27,36,75,75,75,71,71,71,71,71,71,46],"gold":49,"neow_bonus":"THREE_RARE_CARDS","is_daily":false,"chose_seed":false,"campfire_upgraded":1,"win_rate":0.0,"timestamp":1611499652,"path_taken":["M","?","M","M","M","E","R","E","T","?","M","M","R","E","R","BOSS","M","?","$","M","?","E","E","E","T","E","M","M","E","?","R","BOSS","M","$","M","?","?","R","M","E","T","?","?","?","R","?","R","BOSS"],"items_purchased_type":["Relic","Relic","Relic"],"build_version":"2020-12-22","purchased_purges":3,"victory":true,"max_hp_per_floor":[75,75,75,75,75,75,75,75,75,75,75,75,75,75,75,75,75,75,75,75,75,75,75,75,75,75,75,75,75,75,75,75,75,75,75,75,75,75,75,75,75,75,75,71,71,71,71,71,71,71],"card_choices":[{"not_picked":["Hellfire","Reap_The_Weak"],"picked":"Summon_Death_Knight","floor":0},{"not_picked":["Negative_Energy_Sphere","Bone_Shift"],"picked":"Summon_Undead","floor":1},{"not_picked":["Bone_Spikes","Death_Coil"],"picked":"Negative_Energy_Javelin","floor":3},{"not_picked":["Flesh_Made_Foul","Bones_to_Steel","Negative_Energy_Javelin"],"picked":"SKIP","floor":4},{"not_picked":["Negative_Energy_Shield","Siphon_Strength","Negative_Energy_Burst"],"picked":"SKIP","floor":5},{"not_picked":["Vampiric_Strike","Blood_for_Blood"],"picked":"Finger_Of_Death","floor":6},{"not_picked":["Bone_Spikes","Spectral_Walk"],"picked":"Bone_Prison","floor":8},{"not_picked":["Toxic_Smoke_Screen","Scare","Slay_Living"],"picked":"SKIP","floor":11},{"not_picked":["Plague_Bolt","Scare"],"picked":"Bone_Armor","floor":12},{"not_picked":["Flesh_Made_Foul","Summon_Lich"],"picked":"Summon_Death_Knight","floor":14},{"not_picked":["Requiem","Blood_Magic"],"picked":"Summon_Vampire_Lady","floor":16},{"not_picked":["Blood_Whip","Death_March_Dance","Acid_Javelin"],"picked":"SKIP","floor":18},{"not_picked":["Vampiric_Strike","Deaths_Shadow","Bone_Shift"],"picked":"SKIP","floor":21},{"not_picked":["Negative_Energy_Javelin","Blood_Curse+1","Death_Coil+1"],"picked":"SKIP","floor":23},{"not_picked":["Blood_Is_Power+1","Negative_Energy_Javelin+1","Necromantic_Selection"],"picked":"SKIP","floor":24},{"not_picked":["Chill_Blood+1","Violent_Necrosis","Life_Drain+1"],"picked":"SKIP","floor":25},{"not_picked":["Siphon_Strength","Acid_Javelin+1"],"picked":"Summon_Undead","floor":27},{"not_picked":["Bone_Armor","Exploit","Bones_to_Steel"],"picked":"Summon_Undead_Army","floor":28},{"not_picked":["Bone_Armor","Blood_Whip","Thousand_Bone_Knives"],"picked":"Summon_Death_Knight","floor":29},{"not_picked":["Deaths_Shadow+1","Strike_from_Beyond","Exploit+1"],"picked":"Bone_Prison","floor":30},{"not_picked":["Skeleton_Dragon","Summon_Death_Knight","Reap_The_Weak"],"picked":"Summon_Vampire_Lady","floor":33},{"not_picked":["Bones_to_Steel+1","Shackles_Of_Pain+1","Bone_Armor+1","Exploit"],"picked":"SKIP","floor":35},{"not_picked":["Negative_Energy_Shield+1","Vampiric_Strike+1","Thousand_Bone_Knives+1","Death_March_Dance+1"],"picked":"SKIP","floor":37},{"not_picked":["Violent_Necrosis","Blood_Shield","Vampiric_Strike+1"],"picked":"Spectral_Armor","floor":41},{"not_picked":["Negative_Energy_Sphere+1","Vampiric_Strike","Slay_Living","Negative_Energy_Burst+1"],"picked":"SKIP","floor":42}],"player_experience":89354,"relics_obtained":[{"floor":6,"key":"Omamori"},{"floor":8,"key":"Gambling Chip"},{"floor":9,"key":"HornCleat"},{"floor":14,"key":"Smiling Mask"},{"floor":23,"key":"CaptainsWheel"},{"floor":24,"key":"FossilizedHelix"},{"floor":25,"key":"White Beast Statue"},{"floor":26,"key":"MealTicket"},{"floor":27,"key":"Question Card"},{"floor":30,"key":"Eternal Feather"},{"floor":39,"key":"Thread and Needle"},{"floor":42,"key":"Centennial Puzzle"},{"floor":43,"key":"Mercury Hourglass"},{"floor":45,"key":"Regal Pillow"}],"event_choices":[{"damage_healed":0,"gold_gain":0,"player_choice":"Take Damage","damage_taken":18,"relics_obtained":["Golden Idol"],"max_hp_gain":0,"max_hp_loss":0,"event_name":"Golden Idol","floor":2,"gold_loss":0},{"damage_healed":0,"gold_gain":0,"player_choice":"Upgraded","damage_taken":0,"max_hp_gain":0,"max_hp_loss":0,"event_name":"Upgrade Shrine","floor":10,"gold_loss":0,"cards_upgraded":["Summon_Death_Knight"]},{"damage_healed":0,"gold_gain":0,"player_choice":"Gave Idol","damage_taken":0,"relics_obtained":["Bloody Idol"],"max_hp_gain":0,"max_hp_loss":0,"event_name":"Forgotten Altar","floor":19,"relics_lost":["Golden Idol"],"gold_loss":0},{"damage_healed":0,"gold_gain":0,"player_choice":"Inject Mutagens","damage_taken":0,"relics_obtained":["MutagenicStrength"],"max_hp_gain":0,"max_hp_loss":0,"event_name":"Drug Dealer","floor":22,"gold_loss":0},{"cards_removed":["Strike_W"],"damage_healed":0,"gold_gain":0,"player_choice":"Gave Gold","damage_taken":0,"max_hp_gain":0,"max_hp_loss":0,"event_name":"Beggar","floor":31,"gold_loss":75},{"cards_removed":["Negative_Energy_Javelin"],"damage_healed":0,"gold_gain":0,"player_choice":"Removed Attack","damage_taken":0,"max_hp_gain":0,"max_hp_loss":0,"event_name":"Falling","floor":38,"gold_loss":0},{"damage_healed":0,"gold_gain":0,"player_choice":"Fight","damage_taken":0,"max_hp_gain":0,"max_hp_loss":0,"event_name":"Mysterious Sphere","floor":39,"gold_loss":0},{"damage_healed":0,"gold_gain":0,"player_choice":"Max HP","damage_taken":0,"max_hp_gain":0,"max_hp_loss":4,"event_name":"Winding Halls","floor":44,"gold_loss":0},{"damage_healed":0,"gold_gain":0,"player_choice":"Memory 1","damage_taken":0,"max_hp_gain":0,"max_hp_loss":0,"event_name":"SensoryStone","floor":48,"gold_loss":0}],"is_beta":false,"boss_relics":[{"not_picked":["Tiny House","Runic Pyramid"],"picked":"Fusion Hammer"},{"not_picked":["Astrolabe","Cursed Key"],"picked":"Coffee Dripper"}],"items_purged_floors":[20,36,46],"is_endless":false,"potions_floor_spawned":[1,3,5,6,12,14,21,23,27,28,29,30,33,35,37,39,41,42],"ascension_level":1}}