{"host":"tq7pufgtqftqw8yr","time":1611518303,"event":{"mods":["BaseMod","Downfall","Minty Spire (QoL Compilation)","StSLib"],"gold_per_floor":[99,99,20,20,20,20,45,63,63,89,89,100,100,100,112,212,212,112,129,129,26,26,26,80,80,92,92,192,202,137,155,172,172,172,172],"floor_reached":33,"language":"ZHS","playtime":2577,"items_purged":["hexamod:Strike","downfall:Aged"],"score":241,"play_id":"fcf42275-c78d-47a0-b3af-06a269a6b31f","local_time":"20210125035823","is_ascension_mode":false,"campfire_choices":[{"floor":1,"key":"RECALL"},{"data":"hexamod:Float","floor":6,"key":"SMITH"},{"data":"hexamod:HeatMetal","floor":9,"key":"SMITH"},{"floor":11,"key":"REST"},{"data":"hexamod:Sear","floor":18,"key":"SMITH"},{"floor":25,"key":"REST"},{"data":"hexamod:ThermalTransfer","floor":27,"key":"SMITH"}],"circlet_count":0,"master_deck":["hexamod:Strike+1","hexamod:Strike+1","hexamod:Strike+1","hexamod:Defend+1","hexamod:Defend","hexamod:Defend+1","hexamod:Defend+1","hexamod:Sear+1","hexamod:Float+1","hexamod:RadiantFlame","hexamod:FirstSeal","hexamod:FlamesFromBeyond","hexamod:HeatMetal+1","hexamod:ChargedBarrage+1","hexamod:GhostOfSpireFuture+1","hexamod:SixthSeal","hexamod:FourthSeal","hexamod:ThermalTransfer+1","hexamod:DynamicBlow"],"relics":["hexamod:SpiritBrand","downfall:HeartsMalice","downfall:BrokenWingStatue","Smiling Mask","Cursed Key","downfall:HeartBlessingRed","downfall:RedIOU","Enchiridion","CaptainsWheel","White Beast Statue"],"acts_visited":["Exordium","TheCity"],"potions_floor_usage":[26,32],"damage_taken":[{"damage":0,"enemies":"downfall:FleeingMerchant","floor":3,"turns":1},{"damage":0,"enemies":"2 Louse","floor":4,"turns":1},{"damage":0,"enemies":"Small Slimes","floor":5,"turns":1},{"damage":1,"enemies":"Jaw Worm","floor":8,"turns":3},{"damage":34,"enemies":"3 Sentries","floor":10,"turns":10},{"damage":9,"enemies":"3 Louse","floor":12,"turns":4},{"damage":12,"enemies":"2 Fungi Beasts","floor":15,"turns":3},{"damage":45,"enemies":"WA_ARCHETYPE_RETAIN","floor":16,"turns":9},{"damage":17,"enemies":"Shell Parasite","floor":19,"turns":6},{"damage":0,"enemies":"downfall:FleeingMerchant","floor":21,"turns":4},{"damage":19,"enemies":"Spheric Guardian","floor":26,"turns":4},{"damage":23,"enemies":"IC_STATUS_ARCHETYPE","floor":28,"turns":6},{"damage":31,"enemies":"Snake Plant","floor":29,"turns":5},{"damage":0,"enemies":"downfall:FleeingMerchant","floor":30,"turns":4},{"damage":16,"enemies":"Shelled Parasite and Fungi","floor":31,"turns":6},{"damage":21,"enemies":"Centurion and Healer","floor":32,"turns":5},{"damage":15,"enemies":"DF_ARCHETYPE_CLAW","floor":33,"turns":2}],"seed_played":"-4004602239899369910","potions_obtained":[{"floor":10,"key":"Strength Potion"},{"floor":12,"key":"ColorlessPotion"},{"floor":15,"key":"DistilledChaos"},{"floor":19,"key":"Regen Potion"},{"floor":26,"key":"SmokeBomb"},{"floor":28,"key":"DistilledChaos"},{"floor":28,"key":"Strength Potion"},{"floor":29,"key":"Slimebound:ThreeZeroPotion"},{"floor":31,"key":"Dexterity Potion"},{"floor":32,"key":"hexamod:EctoCoolerPotion"}],"is_trial":false,"path_per_floor":["R","?","$","M","M","R","T","M","R","E","R","M","?","?","M","B",null,"R","M","?","$","?","?","T","R","M","R","?","M","$","M","M","B"],"character_chosen":"THE_SPIRIT","items_purchased":["hexamod:FirstSeal","hexamod:DynamicBlow"],"campfire_rested":2,"item_purchase_floors":[3,21],"current_hp_per_floor":[70,70,70,70,70,70,70,70,70,43,64,62,70,67,62,24,67,67,57,57,64,48,48,48,67,64,64,48,24,31,22,8,0,0,0],"gold":172,"neow_bonus":"THREE_ENEMY_KILL","is_daily":false,"chose_seed":false,"campfire_upgraded":4,"win_rate":0.0,"timestamp":1611518303,"path_taken":["R","?","$","M","M","R","T","M","R","E","R","M","?","?","M","BOSS","R","M","?","$","?","?","T","R","?","R","?","M","$","M","M","BOSS"],"items_purchased_type":["Card","Card"],"build_version":"2020-12-22","purchased_purges":2,"victory":false,"max_hp_per_floor":[70,70,70,70,70,70,70,70,70,70,70,70,70,67,67,67,67,67,67,67,67,67,67,67,67,67,67,67,67,67,67,67,67,67,67],"card_choices":[{"not_picked":["hexamod:GhostLash","hexamod:Haunt"],"picked":"hexamod:RadiantFlame","floor":3},{"not_picked":["hexamod:ShieldOfDarkness","hexamod:Incineration"],"picked":"hexamod:FlamesFromBeyond","floor":4},{"not_picked":["hexamod:ChargedBarrage","hexamod:NecessarySacrifice"],"picked":"hexamod:HeatMetal","floor":5},{"not_picked":["hexamod:RetreatToShadows","hexamod:Rewind","hexamod:Firestarter"],"picked":"SKIP","floor":8},{"not_picked":["hexamod:FastForward","hexamod:BacktrackSmack"],"picked":"hexamod:ChargedBarrage","floor":10},{"not_picked":["hexamod:BacktrackSmack","hexamod:HauntingEcho"],"picked":"hexamod:GhostOfSpireFuture","floor":12},{"not_picked":["hexamod:GhostShield","hexamod:UnlimitedPower","hexamod:ShieldOfDarkness"],"picked":"SKIP","floor":15},{"not_picked":["hexamod:UnlimitedPower","hexamod:ParanormalForm"],"picked":"hexamod:SixthSeal","floor":16},{"not_picked":["hexamod:HauntingEcho+1","hexamod:GhostLash"],"picked":"hexamod:FourthSeal","floor":19},{"not_picked":["hexamod:ChargedBarrage","hexamod:FlamesFromBeyond"],"picked":"hexamod:ThermalTransfer","floor":21},{"not_picked":["hexamod:NightmareStrike","hexamod:SpectralAdrenaline","hexamod:FlamesFromBeyond+1"],"picked":"SKIP","floor":26},{"not_picked":["hexamod:Firestarter","hexamod:Incineration","hexamod:RetreatToShadows+1"],"picked":"SKIP","floor":29},{"not_picked":["hexamod:GhostLash","hexamod:InspiringFlames+1","hexamod:HeatMetal"],"picked":"SKIP","floor":30},{"not_picked":["hexamod:RadiantFlame+1","hexamod:SkipABeat","hexamod:HeatMetal"],"picked":"SKIP","floor":31},{"not_picked":["hexamod:GhostShield","hexamod:BacktrackSmack","hexamod:Hexaguard"],"picked":"SKIP","floor":32}],"player_experience":817552,"relics_obtained":[{"floor":7,"key":"Smiling Mask"},{"floor":10,"key":"MealTicket"},{"floor":22,"key":"Enchiridion"},{"floor":28,"key":"CaptainsWheel"},{"floor":28,"key":"White Beast Statue"}],"event_choices":[{"damage_healed":17,"gold_gain":0,"player_choice":"Healed and dodged fight","damage_taken":0,"max_hp_gain":0,"max_hp_loss":0,"event_name":"Mushrooms","floor":13,"gold_loss":0,"cards_obtained":["Parasite"]},{"cards_removed":["Parasite"],"damage_healed":0,"gold_gain":0,"player_choice":"Card Removal","damage_taken":0,"max_hp_gain":0,"max_hp_loss":0,"event_name":"The Cleric","floor":14,"gold_loss":0}],"is_beta":false,"boss_relics":[{"not_picked":["Pandora\u0027s Box","Coffee Dripper"],"picked":"Cursed Key"}],"items_purged_floors":[21,30],"is_endless":false,"potions_floor_spawned":[10,12,15,16,19,28,29,30,31,32],"killed_by":"DF_ARCHETYPE_CLAW","ascension_level":0}}