{"host":"uv5ws9rdk87e8i5k","time":1611467178,"event":{"mods":["AchievementEnabler","BaseMod","Colored Map","Minty Spire (QoL Compilation)","StSLib","SuperFastMode"],"gold_per_floor":[115,130,144,159,172,203,214,214,214,214,214],"floor_reached":10,"language":"ENG","playtime":213,"items_purged":[],"score":94,"play_id":"fc4a9c8c-76a1-44a9-9dfa-597fc6a8e00b","local_time":"20210123234618","is_ascension_mode":true,"campfire_choices":[],"circlet_count":0,"master_deck":["Strike_R","Strike_R","Strike_R","Strike_R","Defend_R","Defend_R","Bash","Perfected Strike","Cleave","Warcry","Seeing Red","Shrug It Off"],"relics":["Burning Blood","Sundial","Meat on the Bone"],"acts_visited":["Exordium"],"potions_floor_usage":[10],"damage_taken":[{"damage":0.0,"enemies":"Small Slimes","floor":1.0,"turns":3.0},{"damage":3.0,"enemies":"2 Louse","floor":2.0,"turns":3.0},{"damage":7.0,"enemies":"Jaw Worm","floor":3.0,"turns":3.0},{"damage":23.0,"enemies":"Exordium Thugs","floor":4.0,"turns":5.0},{"damage":5.0,"enemies":"2 Fungi Beasts","floor":5.0,"turns":3.0},{"damage":24.0,"enemies":"Gremlin Nob","floor":6.0,"turns":4.0},{"damage":15.0,"enemies":"3 Louse","floor":7.0,"turns":4.0},{"damage":22,"enemies":"Lagavulin","floor":10,"turns":3}],"seed_played":"-166214424123979746","potions_obtained":[{"floor":1.0,"key":"ColorlessPotion"},{"floor":6.0,"key":"SkillPotion"}],"is_trial":false,"path_per_floor":["M","M","M","M","M","E","M","?","T","E"],"character_chosen":"IRONCLAD","items_purchased":[],"campfire_rested":0,"item_purchase_floors":[],"current_hp_per_floor":[57,60,59,42,43,25,16,9,9,0,0],"gold":214,"neow_bonus":"REMOVE_TWO","is_daily":false,"chose_seed":false,"campfire_upgraded":0,"win_rate":0.0,"timestamp":1611467178,"path_taken":["M","M","M","M","M","E","M","?","T","E"],"items_purchased_type":[],"build_version":"2020-12-22","purchased_purges":0,"victory":false,"max_hp_per_floor":[80,80,80,80,80,80,80,80,80,80,80],"card_choices":[{"not_picked":["Bloodletting","Sword Boomerang"],"picked":"Perfected Strike","floor":1.0},{"not_picked":["Shockwave","Clothesline","Entrench"],"picked":"SKIP","floor":2.0},{"not_picked":["Second Wind","Hemokinesis"],"picked":"Cleave","floor":3.0},{"not_picked":["Iron Wave","Flex"],"picked":"Warcry","floor":4.0},{"not_picked":["Clash","Sword Boomerang","Flex"],"picked":"SKIP","floor":5.0},{"not_picked":["Wild Strike","Warcry"],"picked":"Seeing Red","floor":6.0},{"not_picked":["Flame Barrier","True Grit"],"picked":"Shrug It Off","floor":7.0}],"player_experience":222032,"relics_obtained":[{"floor":6.0,"key":"Sundial"},{"floor":9.0,"key":"Meat on the Bone"}],"event_choices":[{"cards_removed":["Defend_R"],"damage_healed":0.0,"max_hp_gain":0.0,"max_hp_loss":0.0,"gold_gain":0.0,"event_name":"Golden Wing","player_choice":"Card Removal","floor":8.0,"gold_loss":0.0,"damage_taken":7.0}],"is_beta":false,"boss_relics":[],"items_purged_floors":[],"is_endless":false,"potions_floor_spawned":[1,6],"killed_by":"Lagavulin","ascension_level":6}}