{"host":"nowlnq08cups5y6x","time":1611468315,"event":{"mods":["2.2 Compatiblity","AchievementEnabler","Aspiration","BaseMod","Beaked The Cultist","Better Altar","Better Match","Better Note","Better Sensory Stone","Better Silent Start","Better Skull","Better Third Choice","BetterRewards","Card Forge","Colored Map","Colored Powertips","Conspire","Defuse TimeMaze Blight","Energized Spire","Gold Saver","Grow up Mod","Halation","Highlight Path","Hubris","Infinite Spire","Minty Spire (QoL Compilation)","Permanent Neow","Rare Cards Sparkle","Remove Card Discount Mod","Replay The Spire","SacredBarkPlus","Shop Mod","Spicy Shops","StSLib","The Cursed","Transform Curses","UnlockEverythingMod"],"gold_per_floor":[4895,4914,4814,4050,4066,4066,4095,4121,4121,4131,4162,4175,4201,4216,4216,4321,4321,4333,4348,4348,4133,4133,4133,4167,4167,4192,4220,3987,3987,4002,4035,4035,4134,4134,4154,4079,4079,4079,4092,4092,4121,4121,4144,4157,4157,4157,3922,3949,3949,3949,3949,3949,3636,3664,3664],"floor_reached":56,"language":"ENG","playtime":4787,"items_purged":[],"score":1907,"play_id":"3e5edbb5-be47-403e-a088-8c709edf65f6","local_time":"20210124010515","is_ascension_mode":true,"campfire_choices":[{"floor":6.0,"key":"RECALL"},{"floor":15.0,"key":"DIG"},{"data":"beaked:MaddeningMurmurs","floor":23.0,"key":"SMITH"}],"circlet_count":0,"master_deck":["beaked:AwakenedForm+1","beaked:Strike_Y","beaked:Strike_Y","beaked:Strike_Y","beaked:Strike_Y+1","beaked:Strike_Y","beaked:Strike_Y","beaked:Defend_Y","beaked:Defend_Y","beaked:Defend_Y","beaked:Defend_Y","beaked:Ceremony+1","beaked:Ceremony+1","beaked:Ceremony+1","beaked:RuinSticks+1","beaked:MimicHuntress+1","Ghostly+1","Pot Of Greed+1","Pot Of Greed+1","beaked:Poke+1","beaked:Tweet","beaked:Hexing+1","beaked:Evade+1","beaked:MaddeningMurmurs+1","beaked:WindBringer+1","beaked:LiftOff+1","Pot Of Greed+1","beaked:CursingBlood+1","beaked:WindBringer+1","beaked:MaddeningMurmurs+1","beaked:MimicHuntress","beaked:Negation","beaked:Evade+1","Insight","beaked:StickSmack+1","beaked:Poke","beaked:MimicWarrior","Madness+1","beaked:WarriorEssence","Pot Of Greed+1","beaked:Resilience","beaked:Windmill","beaked:CursingBlood+1","Metamorphosis+1","Discovery+1","Chrysalis","Master of Strategy","Crow Ritual+1","beaked:Daydream+1","Magnetism+1","beaked:Daydream"],"relics":["beaked:MendingPlumage","Hammer of Thor","Seething Fire","Anvil of the Gods","ChewingGum","Grinning Jar","beaked:RitualPlumage","Bag of Preparation","Burning Blood","MerchantsRug","Omamori","Odd Mushroom","Pet Ghost","HornCleat","Whetstone","Juzu Bracelet","Membership Card","aspiration:SeaSaltIceCream","Bloody Idol","Orichalcum","halation:PrussianBluePaint","Bronze Scales","Toolbox","halation:BottledLove","aspiration:RitualStick","Pen Nib","conspire:RunicOctahedron","hubris:Icosahedron","Replay:WaspNest","conspire:TopHat","halation:PinkSoulGem","halation:PapillonHeart","ReplayTheSpireMod:ShopPack","BargainBundle","Art of War","halation:PromiseList","ReplayTheSpireMod:Ninjato","hubris:MysteriousPyramids","aspiration:FrozenJewel","ReplayTheSpireMod:CursedCoin","hubris:MedicalManual"],"acts_visited":["Exordium","TheCity","TheBeyond","TheEnding"],"potions_floor_usage":[],"damage_taken":[{"damage":19.0,"enemies":"conspire:RoseBush","floor":1.0,"turns":4.0},{"damage":20.0,"enemies":"2 Louse","floor":2.0,"turns":4.0},{"damage":16.0,"enemies":"Cultist","floor":5.0,"turns":4.0},{"damage":4.0,"enemies":"3 Sentries","floor":7.0,"turns":2.0},{"damage":36.0,"enemies":"The Mushroom Lair","floor":8.0,"turns":5.0},{"damage":0.0,"enemies":"Large Slime","floor":10.0,"turns":4.0},{"damage":1.0,"enemies":"Lagavulin","floor":11.0,"turns":5.0},{"damage":27.0,"enemies":"Exordium Thugs","floor":12.0,"turns":6.0},{"damage":30.0,"enemies":"3 Sentries","floor":13.0,"turns":7.0},{"damage":1.0,"enemies":"Exordium Wildlife","floor":14.0,"turns":3.0},{"damage":58.0,"enemies":"Fading Forest","floor":16.0,"turns":11.0},{"damage":12.0,"enemies":"Spheric Guardian","floor":18.0,"turns":5.0},{"damage":80.0,"enemies":"3 Byrds","floor":19.0,"turns":5.0},{"damage":69.0,"enemies":"conspire:SneckoGhost","floor":24.0,"turns":10.0},{"damage":86.0,"enemies":"Replay:Snechameleon","floor":27.0,"turns":10.0},{"damage":78.0,"enemies":"3 Cultists","floor":30.0,"turns":6.0},{"damage":27.0,"enemies":"conspire:Head Lice","floor":31.0,"turns":7.0},{"damage":58.0,"enemies":"hubris:MusketHawk","floor":33.0,"turns":9.0},{"damage":53.0,"enemies":"3 Darklings","floor":35.0,"turns":5.0},{"damage":38.0,"enemies":"3 Shapes","floor":39.0,"turns":3.0},{"damage":32.0,"enemies":"R_Hoarder","floor":41.0,"turns":5.0},{"damage":17.0,"enemies":"Sphere and 2 Shapes","floor":44.0,"turns":3.0},{"damage":4.0,"enemies":"Reptomancer","floor":48.0,"turns":1.0},{"damage":18.0,"enemies":"Donu and Deca","floor":50.0,"turns":3.0},{"damage":4,"enemies":"Shield and Spear","floor":54,"turns":2},{"damage":29,"enemies":"The Heart","floor":55,"turns":2}],"seed_played":"-4105475855969219234","potions_obtained":[{"floor":1.0,"key":"AttackPotion"},{"floor":2.0,"key":"Fire Potion"},{"floor":5.0,"key":"Weak Potion"},{"floor":10.0,"key":"SkillPotion"},{"floor":13.0,"key":"Regen Potion"},{"floor":20.0,"key":"Elixir"},{"floor":20.0,"key":"Weak Potion"},{"floor":33.0,"key":"SneckoOil"},{"floor":35.0,"key":"Death Potion"},{"floor":44.0,"key":"Swift Potion"},{"floor":54,"key":"Milkshake"}],"is_trial":false,"path_per_floor":["M","M","?","$","M","R","E","?","T","M","E","M","E","M","R_BF","B",null,"M","M","?","$","?","R","E","R","T","E","$","?","M","E","R_BF","B",null,"M","?","?","?","M","R","E","?","T","M","?","?","$","E","R","B",null,"R","$","E","B",null],"character_chosen":"BEAKED_THE_CULTIST","items_purchased":["Grinning Jar","beaked:RitualPlumage","Bag of Preparation","aspiration:Nostalgia","MerchantsRug","beaked:MaddeningMurmurs","Juzu Bracelet","Membership Card","aspiration:SeaSaltIceCream","Bronze Scales","Toolbox","halation:BottledLove","ReplayTheSpireMod:ShopPack","BargainBundle","beaked:Resilience","beaked:Windmill","beaked:CursingBlood+1","Metamorphosis","Discovery","Art of War","Magnetism","ReplayTheSpireMod:Ninjato","hubris:MysteriousPyramids","aspiration:FrozenJewel","ReplayTheSpireMod:CursedCoin"],"campfire_rested":0,"item_purchase_floors":[4,4,4,4,4,21,21,21,21,28,28,28,47,47,47,47,47,47,47,47,53,53,53,53,53],"current_hp_per_floor":[57,55,65,75,87,97,119,118,128,158,170,175,183,200,217,225,237,247,199,209,219,232,242,241,251,266,245,260,200,165,205,215,222,366,371,381,391,401,394,404,454,368,383,421,431,441,451,505,515,547,557,567,577,587,597],"gold":3664,"neow_bonus":"DOUBLE_BOSS_RELIC","is_daily":false,"chose_seed":false,"campfire_upgraded":1,"win_rate":0.0,"timestamp":1611468315,"path_taken":["M","M","?","$","M","R","E","?","T","M","E","M","E","M","R_BF","BOSS","M","M","?","?","?","R","E","R","T","E","$","?","M","E","R_BF","BOSS","M","?","?","?","M","R","E","?","T","M","?","?","$","E","R","BOSS","R","$","E","BOSS"],"items_purchased_type":["Relic","Relic","Relic","Relic","Relic","Card","Relic","Relic","Relic","Relic","Relic","Relic","Relic","Relic","Card","Card","Card","Card","Card","Relic","Card","Relic","Relic","Relic","Relic"],"build_version":"2020-12-22","purchased_purges":0,"victory":true,"max_hp_per_floor":[70,80,90,100,110,120,130,140,150,160,170,180,190,200,217,227,237,247,257,267,277,290,300,310,320,330,340,350,360,370,380,390,400,410,420,430,440,450,460,470,480,490,500,510,520,504,514,527,537,547,557,567,577,587,597],"card_choices":[{"not_picked":["ReplayTheSpireMod:RavenHex","beaked:FeelMyPain"],"picked":"beaked:RuinSticks","floor":1.0},{"not_picked":["beaked:SurvivalInstinct","beaked:Daydream"],"picked":"beaked:MimicHuntress","floor":2.0},{"not_picked":["beaked:Tweet","beaked:DigDeep"],"picked":"beaked:Poke","floor":5.0},{"not_picked":["beaked:Tradeoff","beaked:WarriorSpirit"],"picked":"beaked:Tweet","floor":7.0},{"not_picked":["beaked:Flinch","beaked:BloodForTheGods"],"picked":"beaked:Hexing","floor":8.0},{"not_picked":["beaked:Daydream","beaked:Foresight"],"picked":"beaked:Evade","floor":10.0},{"not_picked":["beaked:FeelMyPain","beaked:ShadowFade","beaked:Flinch"],"picked":"SKIP","floor":11.0},{"not_picked":["beaked:SacrificialAttack","beaked:MimicMachine","beaked:SacrificialDive"],"picked":"SKIP","floor":12.0},{"not_picked":["beaked:FeelMyPain","beaked:BraceForImpact"],"picked":"beaked:MaddeningMurmurs","floor":13.0},{"not_picked":["beaked:DigDeeper","beaked:MimicHuntress"],"picked":"beaked:WindBringer","floor":14.0},{"not_picked":["beaked:Caw","beaked:CheekyTricks"],"picked":"beaked:LiftOff","floor":16.0},{"not_picked":["beaked:Tweet","beaked:RuinSticks+1"],"picked":"beaked:CursingBlood","floor":18.0},{"not_picked":["beaked:Devastation","beaked:Foresight"],"picked":"beaked:WindBringer","floor":19.0},{"not_picked":["beaked:Cower+1","beaked:RuinSticks"],"picked":"beaked:MimicHuntress","floor":24.0},{"not_picked":["beaked:TuckingFeathers","beaked:CursingBlood","ReplayTheSpireMod:Wings of Steel"],"picked":"SKIP","floor":27.0},{"not_picked":["beaked:SurvivalInstinct","beaked:CursingBlood"],"picked":"beaked:Negation","floor":30.0},{"not_picked":["beaked:VolatileMisfortune","beaked:CursingBlood"],"picked":"beaked:Evade","floor":31.0},{"not_picked":["beaked:Resilience","beaked:Foresight+1"],"picked":"beaked:StickSmack+1","floor":35.0},{"not_picked":["beaked:SurvivalInstinct","beaked:FeelMyPain"],"picked":"beaked:Poke","floor":36.0},{"not_picked":["beaked:Cower","beaked:Brace"],"picked":"beaked:MimicWarrior","floor":39.0},{"not_picked":["beaked:Caw","beaked:DigDeeper","beaked:CursingBlood"],"picked":"SKIP","floor":41.0},{"not_picked":["beaked:RuinSticks","beaked:Foresight+1"],"picked":"beaked:WarriorEssence","floor":44.0},{"not_picked":["Transmutation","Secret Technique"],"picked":"Chrysalis","floor":47.0},{"not_picked":["ReplayTheSpireMod:Trickstab","Impatience"],"picked":"Master of Strategy","floor":47.0},{"not_picked":["hubris:Ssssneak","Thinking Ahead"],"picked":"Crow Ritual","floor":47.0},{"not_picked":["beaked:ShadowFade","beaked:FeelMyPain+1"],"picked":"beaked:Daydream+1","floor":48.0},{"not_picked":["beaked:TuckingFeathers","beaked:VolatileMisfortune"],"picked":"beaked:Daydream","floor":54}],"player_experience":433777,"relics_obtained":[{"floor":7.0,"key":"Omamori"},{"floor":8.0,"key":"Odd Mushroom"},{"floor":9.0,"key":"Pet Ghost"},{"floor":11.0,"key":"HornCleat"},{"floor":13.0,"key":"Whetstone"},{"floor":15.0,"key":"Strawberry"},{"floor":24.0,"key":"Orichalcum"},{"floor":27.0,"key":"halation:PrussianBluePaint"},{"floor":31.0,"key":"Pen Nib"},{"floor":41.0,"key":"Replay:WaspNest"},{"floor":43.0,"key":"conspire:TopHat"},{"floor":48.0,"key":"halation:PromiseList"},{"floor":54,"key":"hubris:MedicalManual"}],"event_choices":[{"damage_healed":0.0,"max_hp_gain":0.0,"max_hp_loss":0.0,"gold_gain":0.0,"event_name":"conspire:LoneGhost","player_choice":"Argue","floor":3.0,"gold_loss":0.0,"damage_taken":0.0},{"damage_healed":0.0,"max_hp_gain":0.0,"max_hp_loss":0.0,"gold_gain":0.0,"event_name":"Mushrooms","player_choice":"Fought Mushrooms","floor":8.0,"gold_loss":0.0,"damage_taken":0.0},{"damage_healed":0.0,"max_hp_gain":0.0,"max_hp_loss":0.0,"gold_gain":0.0,"event_name":"Lab","player_choice":"Got Potions","floor":20.0,"gold_loss":0.0,"damage_taken":0.0},{"damage_healed":0.0,"max_hp_gain":0.0,"max_hp_loss":0.0,"gold_gain":0.0,"event_name":"betterThird:BetterWriting","player_choice":"Insight","floor":32.0,"gold_loss":0.0,"damage_taken":0.0,"cards_obtained":["Insight"]},{"damage_healed":0.0,"max_hp_gain":0.0,"max_hp_loss":0.0,"gold_gain":0.0,"event_name":"betterMatch:BetterMatch","player_choice":"1","floor":36.0,"gold_loss":0.0,"damage_taken":0.0,"cards_obtained":["betterMatch:CommonCard"]},{"damage_healed":0.0,"max_hp_gain":0.0,"max_hp_loss":0.0,"gold_gain":0.0,"event_name":"conspire:Investor","player_choice":"Leave","floor":37.0,"gold_loss":0.0,"damage_taken":0.0},{"damage_healed":0.0,"max_hp_gain":0.0,"max_hp_loss":96.0,"gold_gain":3.0,"event_name":"betterStone:BetterStone","player_choice":"2","floor":42.0,"gold_loss":0.0,"damage_taken":0.0}],"is_beta":false,"boss_relics":[{"not_picked":["Replay:Bronze Core","Astrolabe"],"picked":"Snecko Eye"},{"not_picked":["Empty Cage","aspiration:IroncladSkillbook"],"picked":"conspire:RunicOctahedron"}],"items_purged_floors":[],"is_endless":false,"potions_floor_spawned":[1,2,5,10,13,14,27,33,35,44,54],"ascension_level":7}}