{"host":"12g8pzxdn4uh7yby","time":1611515809,"event":{"mods":["AchievementEnabler","BaseMod","Colored Map","Highlight Path","Minty Spire (QoL Compilation)","Relic Stats","StSLib"],"gold_per_floor":[116,116,128,148,167,196,196,223,223,239,239,239,142,175,175,271,271,288,288,140,151,171,171,203,203,203,215,245,275,287,330,342,449,461,491,106,120,165,165,194,194,194,194,194,494,523,66,101,101,101,101,101,13,39,39],"floor_reached":56,"playtime":11062,"items_purged":["Strike_B","Strike_B","Defend_B"],"score":1436,"play_id":"201e1b72-0db8-4916-b678-4b923afbff96","local_time":"20210124121649","is_ascension_mode":true,"campfire_choices":[{"data":"Reprogram","floor":7,"key":"SMITH"},{"data":"Rip and Tear","floor":12,"key":"SMITH"},{"data":"Barrage","floor":15,"key":"SMITH"},{"data":"Beam Cell","floor":23,"key":"SMITH"},{"data":"Undo","floor":25,"key":"SMITH"},{"data":"Biased Cognition","floor":30,"key":"SMITH"},{"data":"Conserve Battery","floor":32,"key":"SMITH"},{"floor":41,"key":"RECALL"},{"data":"1","floor":44,"key":"LIFT"},{"data":"2","floor":49,"key":"LIFT"},{"data":"3","floor":52,"key":"LIFT"}],"circlet_count":0,"master_deck":["Strike_B+1","Defend_B","Defend_B","Defend_B","Zap","Dualcast","Undo+1","Rip and Tear+1","Cold Snap","Sunder+1","Reprogram+1","Conserve Battery+1","Compile Driver","Barrage+1","Core Surge","Hologram+1","Beam Cell+1","Leap+1","Capacitor+1","Biased Cognition+1","Core Surge","Impatience","Loop+1","Go for the Eyes+1","White Noise","Master of Strategy","Steam+1","Seek+1","Loop","Finesse+1","Fission+1"],"relics":["Nuclear Battery","Meat on the Bone","Bird Faced Urn","White Beast Statue","Sundial","Black Star","Lantern","Whetstone","HornCleat","Kunai","MawBank","Nunchaku","Juzu Bracelet","SacredBark","Bottled Tornado","Girya","Toxic Egg 2","Letter Opener","Gambling Chip","Mango","Pantograph","Thread and Needle","Question Card","Bronze Scales","Pear"],"acts_visited":["Exordium","TheCity","TheBeyond","TheEnding"],"potions_floor_usage":[14,16,24,28,29,31,33,35,40,46,50,55],"damage_taken":[{"damage":8,"enemies":"2 Louse","floor":1,"turns":3},{"damage":0,"enemies":"Cultist","floor":3,"turns":4},{"damage":0,"enemies":"Small Slimes","floor":4,"turns":3},{"damage":0,"enemies":"Exordium Wildlife","floor":5,"turns":3},{"damage":11,"enemies":"Lagavulin","floor":6,"turns":4},{"damage":9,"enemies":"3 Sentries","floor":8,"turns":7},{"damage":5,"enemies":"Looter","floor":10,"turns":2},{"damage":17,"enemies":"Gremlin Nob","floor":14,"turns":4},{"damage":2,"enemies":"The Guardian","floor":16,"turns":10},{"damage":17,"enemies":"2 Thieves","floor":18,"turns":4},{"damage":3,"enemies":"Chosen","floor":21,"turns":4},{"damage":3,"enemies":"Shelled Parasite and Fungi","floor":22,"turns":4},{"damage":9,"enemies":"Gremlin Leader","floor":24,"turns":8},{"damage":0,"enemies":"Snecko","floor":27,"turns":4},{"damage":17,"enemies":"Book of Stabbing","floor":28,"turns":6},{"damage":6,"enemies":"Centurion and Healer","floor":29,"turns":5},{"damage":0,"enemies":"Gremlin Leader","floor":31,"turns":8},{"damage":10,"enemies":"Collector","floor":33,"turns":11},{"damage":11,"enemies":"3 Darklings","floor":35,"turns":8},{"damage":0,"enemies":"3 Shapes","floor":37,"turns":4},{"damage":58,"enemies":"2 Orb Walkers","floor":38,"turns":7},{"damage":26,"enemies":"Nemesis","floor":40,"turns":7},{"damage":22,"enemies":"Reptomancer","floor":46,"turns":5},{"damage":0,"enemies":"Giant Head","floor":48,"turns":7},{"damage":16,"enemies":"Time Eater","floor":50,"turns":10},{"damage":22,"enemies":"Shield and Spear","floor":54,"turns":9},{"damage":94,"enemies":"The Heart","floor":55,"turns":12}],"seed_played":"-3852983088976038127","potions_obtained":[{"floor":1,"key":"Ancient Potion"},{"floor":6,"key":"Strength Potion"},{"floor":10,"key":"BlessingOfTheForge"},{"floor":14,"key":"Dexterity Potion"},{"floor":16,"key":"Weak Potion"},{"floor":22,"key":"EntropicBrew"},{"floor":24,"key":"EssenceOfDarkness"},{"floor":28,"key":"Ancient Potion"},{"floor":29,"key":"FocusPotion"},{"floor":31,"key":"AttackPotion"},{"floor":33,"key":"SkillPotion"},{"floor":35,"key":"FairyPotion"},{"floor":40,"key":"LiquidMemories"},{"floor":46,"key":"LiquidBronze"},{"floor":48,"key":"Dexterity Potion"},{"floor":54,"key":"Block Potion"}],"is_trial":false,"path_per_floor":["M","?","M","M","M","E","R","E","T","M","?","R","$","E","R","B",null,"M","?","$","M","M","R","E","R","T","M","E","M","R","E","R","B",null,"M","$","M","?","?","E","R","?","T","R","?","E","$","E","R","B",null,"R","$","E","B",null],"character_chosen":"DEFECT","items_purchased":["Barrage","Beam Cell","Bottled Tornado","Impatience","Loop","Pantograph","Seek+1","Finesse+1"],"campfire_rested":0,"item_purchase_floors":[13,20,36,36,36,47,47,53],"current_hp_per_floor":[67,75,75,75,75,64,64,55,55,50,43,43,43,38,38,48,75,58,58,58,55,52,52,43,43,43,45,42,40,40,44,44,38,75,68,68,70,30,30,24,24,24,24,24,24,36,36,56,56,75,89,89,89,83,25],"gold":39,"neow_bonus":"BOSS_RELIC","is_daily":false,"chose_seed":false,"campfire_upgraded":7,"win_rate":0.0,"timestamp":1611515809,"path_taken":["M","?","M","?","M","E","R","E","T","M","?","R","$","E","R","BOSS","M","?","$","M","M","R","E","R","T","M","E","M","R","E","R","BOSS","M","$","M","?","?","E","R","?","T","R","?","E","?","E","R","BOSS","R","$","E","BOSS"],"items_purchased_type":["Card","Card","Relic","Card","Card","Relic","Card","Card"],"build_version":"2020-12-13","purchased_purges":3,"victory":true,"max_hp_per_floor":[75,75,75,75,75,75,75,75,75,75,75,75,75,75,75,75,75,75,75,75,75,75,75,75,75,75,75,75,75,75,75,75,75,75,75,75,75,75,75,75,75,75,75,75,75,89,89,89,89,89,89,89,89,99,99],"relic_stats":{"counters":[27,163],"Juzu Bracelet":1,"Whetstone":["Strike_B","Sunder"],"Letter Opener":[130],"MawBank":96,"Question Card":1,"Nunchaku":[18],"Sundial":[18],"Bird Faced Urn":[76],"Gambling Chip":[9],"Pantograph":41,"Bronze Scales":[139],"Black Star":7,"Kunai":[37],"obtain_stats":[{"Lantern":24,"SacredBark":34,"Mango":46,"Juzu Bracelet":31,"Whetstone":24,"Bottled Tornado":36,"Nunchaku":31,"HornCleat":26,"Sundial":14,"Gambling Chip":46,"Pantograph":47,"Kunai":28,"Toxic Egg 2":40,"Cracked Core":0,"Girya":38,"Pear":54,"Thread and Needle":48,"Letter Opener":40,"MawBank":28,"Question Card":48,"White Beast Statue":9,"Nuclear Battery":0,"Bird Faced Urn":8,"Bronze Scales":54,"Black Star":17,"Meat on the Bone":6},{"Lantern":13,"SacredBark":18,"Mango":23,"Juzu Bracelet":17,"Whetstone":13,"Bottled Tornado":19,"Nunchaku":17,"HornCleat":13,"Sundial":8,"Gambling Chip":23,"Pantograph":23,"Kunai":15,"Toxic Egg 2":22,"Cracked Core":0,"Girya":21,"Pear":26,"Thread and Needle":24,"Letter Opener":22,"MawBank":15,"Question Card":24,"White Beast Statue":6,"Nuclear Battery":0,"Bird Faced Urn":6,"Bronze Scales":26,"Black Star":9,"Meat on the Bone":5},{"Lantern":60,"SacredBark":94,"Mango":125,"Juzu Bracelet":83,"Whetstone":60,"Bottled Tornado":102,"Nunchaku":83,"HornCleat":60,"Sundial":30,"Gambling Chip":125,"Pantograph":125,"Kunai":70,"Toxic Egg 2":120,"Cracked Core":0,"Girya":113,"Pear":151,"Thread and Needle":132,"Letter Opener":120,"MawBank":70,"Question Card":132,"White Beast Statue":24,"Nuclear Battery":0,"Bird Faced Urn":24,"Bronze Scales":151,"Black Star":40,"Meat on the Bone":17}],"Meat on the Bone":96},"card_choices":[{"not_picked":["Barrage","Recycle"],"picked":"Undo","floor":1},{"not_picked":["Redo","Heatsinks"],"picked":"Rip and Tear","floor":3},{"not_picked":["Redo","Capacitor"],"picked":"Cold Snap","floor":4},{"not_picked":["Gash","Steam"],"picked":"Sunder","floor":5},{"not_picked":["Coolheaded","BootSequence"],"picked":"Reprogram","floor":6},{"not_picked":["Chaos","Force Field"],"picked":"Conserve Battery","floor":8},{"not_picked":["Ball Lightning","Sweeping Beam"],"picked":"Compile Driver","floor":10},{"not_picked":["Conserve Battery","Lockon","Hologram"],"picked":"SKIP","floor":14},{"not_picked":["Machine Learning","Creative AI"],"picked":"Core Surge","floor":16},{"not_picked":["Steam","Fusion"],"picked":"Hologram+1","floor":18},{"not_picked":["Glacier","Gash"],"picked":"Leap+1","floor":21},{"not_picked":["Go for the Eyes","Coolheaded","Redo"],"picked":"SKIP","floor":22},{"not_picked":["Multi-Cast","Hologram+1"],"picked":"Capacitor+1","floor":24},{"not_picked":["Stack","Blizzard","Coolheaded+1"],"picked":"SKIP","floor":27},{"not_picked":["Capacitor","Go for the Eyes"],"picked":"Biased Cognition","floor":28},{"not_picked":["Compile Driver","Undo","Conserve Battery"],"picked":"SKIP","floor":29},{"not_picked":["Beam Cell","Sweeping Beam+1","Streamline"],"picked":"SKIP","floor":31},{"not_picked":["Thunder Strike","Creative AI"],"picked":"Core Surge","floor":33},{"not_picked":["Reprogram+1","Heatsinks+1","Redo"],"picked":"SKIP","floor":35},{"not_picked":["Redo","Leap"],"picked":"Go for the Eyes+1","floor":37},{"not_picked":["Melter+1","Force Field"],"picked":"White Noise","floor":38},{"not_picked":["Sadistic Nature","The Bomb"],"picked":"Master of Strategy","floor":39},{"not_picked":["Reprogram+1","Conserve Battery+1","Hyperbeam"],"picked":"SKIP","floor":40},{"not_picked":["Rebound","Coolheaded+1"],"picked":"Steam+1","floor":46},{"not_picked":["BootSequence+1","Coolheaded+1"],"picked":"Loop","floor":48},{"not_picked":["Steam Power+1","Streamline+1","Beam Cell"],"picked":"Fission+1","floor":54}],"player_experience":81437,"relics_obtained":[{"floor":6,"key":"Meat on the Bone"},{"floor":8,"key":"Bird Faced Urn"},{"floor":9,"key":"White Beast Statue"},{"floor":14,"key":"Sundial"},{"floor":24,"key":"Lantern"},{"floor":24,"key":"Whetstone"},{"floor":26,"key":"HornCleat"},{"floor":28,"key":"Kunai"},{"floor":28,"key":"MawBank"},{"floor":31,"key":"Nunchaku"},{"floor":31,"key":"Juzu Bracelet"},{"floor":38,"key":"Girya"},{"floor":40,"key":"Toxic Egg 2"},{"floor":40,"key":"Letter Opener"},{"floor":46,"key":"Gambling Chip"},{"floor":46,"key":"Mango"},{"floor":48,"key":"Thread and Needle"},{"floor":48,"key":"Question Card"},{"floor":54,"key":"Bronze Scales"},{"floor":54,"key":"Pear"}],"event_choices":[{"damage_healed":8,"gold_gain":0,"player_choice":"Full Heal","damage_taken":0,"max_hp_gain":0,"max_hp_loss":0,"event_name":"Wheel of Change","floor":2,"gold_loss":0},{"cards_removed":["Strike_B"],"damage_healed":0,"gold_gain":0,"player_choice":"Card Removal","damage_taken":7,"max_hp_gain":0,"max_hp_loss":0,"event_name":"Golden Wing","floor":11,"gold_loss":0},{"damage_healed":0,"gold_gain":0,"player_choice":"Ignored","damage_taken":0,"max_hp_gain":0,"max_hp_loss":0,"event_name":"Ghosts","floor":19,"gold_loss":0},{"damage_healed":0,"gold_gain":0,"player_choice":"Fight","damage_taken":0,"max_hp_gain":0,"max_hp_loss":0,"event_name":"Mysterious Sphere","floor":38,"gold_loss":0},{"damage_healed":0,"gold_gain":0,"player_choice":"Memory 1","damage_taken":0,"max_hp_gain":0,"max_hp_loss":0,"event_name":"SensoryStone","floor":39,"gold_loss":0},{"damage_healed":0,"gold_gain":0,"player_choice":"Forge","damage_taken":0,"max_hp_gain":0,"max_hp_loss":0,"event_name":"Accursed Blacksmith","floor":42,"gold_loss":0,"cards_upgraded":["Loop"]},{"damage_healed":0,"gold_gain":300,"player_choice":"Gold","damage_taken":0,"max_hp_gain":0,"max_hp_loss":0,"event_name":"Wheel of Change","floor":45,"gold_loss":0}],"is_beta":false,"boss_relics":[{"not_picked":["Sozu","Astrolabe"],"picked":"Black Star"},{"not_picked":["Velvet Choker","Coffee Dripper"],"picked":"SacredBark"}],"items_purged_floors":[13,20,47],"is_endless":false,"potions_floor_spawned":[1,6,10,14,16,18,21,22,24,27,28,29,31,33,35,37,38,40,46,48,54],"ascension_level":1}}