{"host":"nh70f3bv2bgakzh3","time":1611489857,"event":{"mods":["BaseMod","Downfall","Minty Spire (QoL Compilation)","StSLib","The Construct","The Mystic"],"gold_per_floor":[99,110,110,125,142,142,142,142,52,81,81,95,125,42,56,154,154,154,167,252,252,269,286,286,304,304,334,350,381,393,393,393],"floor_reached":30,"language":"ENG","playtime":2109,"items_purged":["Pain"],"score":280,"play_id":"4ce5438f-a959-488d-bf6c-3d4c2ddb19a7","local_time":"20210124070417","is_ascension_mode":false,"campfire_choices":[{"data":"bronze:Goto","floor":1,"key":"SMITH"},{"data":"bronze:Replicate","floor":6,"key":"SMITH"},{"floor":11,"key":"REST"},{"data":"bronze:Virus","floor":18,"key":"SMITH"},{"data":"bronze:Boost","floor":26,"key":"SMITH"}],"circlet_count":0,"master_deck":["bronze:Strike","bronze:Defend","bronze:Defend","bronze:Defend","bronze:Defend","bronze:Replicate+1","bronze:Goto+1","CurseOfTheBell","bronze:BugBarrage","Trip","bronze:FineTuning","bronze:ForLoop","bronze:InfiniteBeams","bronze:Constructor","bronze:Virus+1","bronze:Replicate+1","bronze:Boost+1"],"relics":["Calling Bell","Ancient Tea Set","Letter Opener","Incense Burner","Pantograph","StoneCalendar","Ginger","Sozu","Pear","Toy Ornithopter","MawBank"],"acts_visited":["Exordium","TheCity"],"potions_floor_usage":[9,14,14,25],"damage_taken":[{"damage":1,"enemies":"Jaw Worm","floor":2,"turns":3},{"damage":7,"enemies":"Cultist","floor":4,"turns":3},{"damage":14,"enemies":"2 Louse","floor":5,"turns":4},{"damage":6,"enemies":"downfall:FleeingMerchant","floor":9,"turns":4},{"damage":1,"enemies":"Lagavulin","floor":10,"turns":5},{"damage":5,"enemies":"Exordium Thugs","floor":12,"turns":3},{"damage":21,"enemies":"3 Sentries","floor":13,"turns":6},{"damage":5,"enemies":"downfall:FleeingMerchant","floor":14,"turns":4},{"damage":2,"enemies":"Exordium Wildlife","floor":15,"turns":3},{"damage":31,"enemies":"IC_STATUS_ARCHETYPE","floor":16,"turns":7},{"damage":0,"enemies":"Chosen","floor":19,"turns":2},{"damage":4,"enemies":"3 Cultists","floor":22,"turns":4},{"damage":41,"enemies":"Shelled Parasite and Fungi","floor":23,"turns":4},{"damage":0,"enemies":"Snecko","floor":25,"turns":3},{"damage":2,"enemies":"Gremlin Leader","floor":27,"turns":4},{"damage":2,"enemies":"Cultist and Chosen","floor":28,"turns":4},{"damage":15,"enemies":"Book of Stabbing","floor":29,"turns":4},{"damage":7,"enemies":"downfall:FleeingMerchant","floor":30,"turns":2}],"seed_played":"-9150897357393806598","potions_obtained":[{"floor":5,"key":"LiquidBronze"},{"floor":10,"key":"FearPotion"},{"floor":13,"key":"Regen Potion"},{"floor":16,"key":"Regen Potion"}],"is_trial":false,"path_per_floor":["R","M","?","M","M","R","T","?","$","E","R","M","E","$","M","B",null,"R","M","?","?","M","M","T","M","R","E","M","E","$"],"character_chosen":"THE_AUTOMATON","items_purchased":["bronze:InfiniteBeams"],"campfire_rested":1,"item_purchase_floors":[14],"current_hp_per_floor":[70,69,69,62,48,48,48,48,42,41,62,57,36,45,43,37,70,70,70,56,56,52,11,21,26,26,24,22,7,0,0,0],"gold":393,"neow_bonus":"BOSS_RELIC","is_daily":false,"chose_seed":false,"campfire_upgraded":4,"win_rate":0.0,"timestamp":1611489857,"path_taken":["R","M","?","M","?","R","T","?","?","E","R","M","E","$","M","BOSS","R","M","?","?","?","M","T","M","R","E","M","E","$"],"items_purchased_type":["Card"],"build_version":"2020-12-22","purchased_purges":1,"victory":false,"max_hp_per_floor":[70,70,70,70,70,70,70,70,70,70,70,70,70,70,70,70,70,70,70,70,70,70,70,80,80,80,80,80,80,80,80,80],"card_choices":[{"not_picked":["bronze:Frontload","bronze:CutThrough"],"picked":"bronze:BugBarrage","floor":2},{"not_picked":["bronze:Philosophize","bronze:NullPointer","bronze:Flail"],"picked":"SKIP","floor":4},{"not_picked":["bronze:DarkDash","bronze:Branch","bronze:RecursiveStrike"],"picked":"SKIP","floor":5},{"not_picked":["bronze:DarkDash","bronze:Branch","bronze:RecursiveStrike"],"picked":"SKIP","floor":5},{"not_picked":["bronze:Shield","bronze:Separator","bronze:Iterate"],"picked":"SKIP","floor":9},{"not_picked":["bronze:Iterate","bronze:GetLatest"],"picked":"bronze:FineTuning","floor":10},{"not_picked":["bronze:Philosophize","bronze:BronzeArmor"],"picked":"bronze:ForLoop","floor":12},{"not_picked":["bronze:NullPointer","bronze:DelayedSlice","bronze:BitShift"],"picked":"SKIP","floor":13},{"not_picked":["bronze:Turbo","bronze:Frontload","bronze:WhirlingStrike"],"picked":"SKIP","floor":14},{"not_picked":["bronze:BitShift","bronze:Branch"],"picked":"bronze:Constructor","floor":15},{"not_picked":["bronze:FindAndReplace","bronze:RecursiveStrike"],"picked":"bronze:Virus","floor":16},{"not_picked":["bronze:Fortify","bronze:BitShift","bronze:Safeguard+1"],"picked":"SKIP","floor":19},{"not_picked":["bronze:ChildClass","bronze:WhirlingStrike","bronze:Overheat"],"picked":"SKIP","floor":22},{"not_picked":["bronze:CutThrough+1","bronze:BuggyMess","bronze:Invalidate"],"picked":"SKIP","floor":23},{"not_picked":["bronze:ForceShield","bronze:Deprecate"],"picked":"bronze:Boost","floor":25},{"not_picked":["bronze:Fortify","bronze:Deprecate+1","bronze:Flail"],"picked":"SKIP","floor":27},{"not_picked":["bronze:Repulsor","bronze:Overload+1","bronze:ForceShield+1"],"picked":"SKIP","floor":28},{"not_picked":["bronze:Deprecate+1","bronze:Overheat","bronze:Separator"],"picked":"SKIP","floor":29}],"player_experience":69409,"relics_obtained":[{"floor":0,"key":"Ancient Tea Set"},{"floor":0,"key":"Letter Opener"},{"floor":0,"key":"Incense Burner"},{"floor":7,"key":"Pantograph"},{"floor":10,"key":"StoneCalendar"},{"floor":13,"key":"Ginger"},{"floor":24,"key":"Pear"},{"floor":27,"key":"Toy Ornithopter"},{"floor":29,"key":"MawBank"}],"event_choices":[],"is_beta":false,"boss_relics":[{"not_picked":["Runic Dome","Snecko Eye"],"picked":"Sozu"}],"items_purged_floors":[9],"is_endless":false,"potions_floor_spawned":[5,10,13,16,19,23,28,29],"killed_by":"downfall:FleeingMerchant","ascension_level":0}}