{"host":"ew66i0vuc7r9fnl7","time":1611504833,"event":{"mods":["Arknights The Spire","BaseMod","DeckTracker","Minty Spire (QoL Compilation)","StSLib"],"gold_per_floor":[118,118,43,43,118,118,118,130,153,185,205,205,223,240,240,345,345,359,259,270,73,73,73,86,86,86],"floor_reached":25,"language":"KOR","playtime":594,"items_purged":["ats:Strike V","ats:Defend","ats:Strike G"],"score":226,"play_id":"8c5c2841-8cce-4942-9298-ae0f221b43f5","local_time":"20210125011353","is_ascension_mode":false,"campfire_choices":[{"data":"ats:Emotion Absorption","floor":6,"key":"SMITH"},{"data":"ats:Armor Crushing Shot","floor":15,"key":"SMITH"},{"data":"ats:Ambush","floor":23,"key":"SMITH"}],"circlet_count":0,"master_deck":["ats:Strike S","ats:Armor Crushing Shot+1","ats:Defend","ats:Defend","ats:Defend","ats:Emotion Absorption+1","ats:Overload","ats:Overload","ats:Song Of Battle","ats:Ambush+1","ats:Poison Spread","ats:Powerful Strike","ats:Roar Of Ursus+1"],"relics":["ats:Sanity Plus","NeowsBlessing","Lantern","ats:Originium","Kunai","Frozen Egg 2"],"acts_visited":["Exordium","TheCity"],"potions_floor_usage":[24,25,25],"damage_taken":[{"damage":0,"enemies":"Small Slimes","floor":1,"turns":2},{"damage":0,"enemies":"Cultist","floor":8,"turns":1},{"damage":0,"enemies":"Gremlin Nob","floor":10,"turns":1},{"damage":0,"enemies":"2 Louse","floor":11,"turns":2},{"damage":9,"enemies":"2 Fungi Beasts","floor":13,"turns":3},{"damage":0,"enemies":"Red Slaver","floor":14,"turns":2},{"damage":41,"enemies":"The Guardian","floor":16,"turns":10},{"damage":12,"enemies":"Shell Parasite","floor":18,"turns":4},{"damage":20,"enemies":"Spheric Guardian","floor":20,"turns":4},{"damage":24,"enemies":"3 Cultists","floor":24,"turns":5},{"damage":16,"enemies":"Slavers","floor":25,"turns":2}],"seed_played":"-8887714503134048788","potions_obtained":[{"floor":2,"key":"Energy Potion"},{"floor":2,"key":"BlessingOfTheForge"},{"floor":2,"key":"Strength Potion"},{"floor":24,"key":"Weak Potion"}],"is_trial":false,"path_per_floor":["M","?","$","$","?","R","?","M","T","E","M","?","M","M","R","B",null,"M","$","M","$","T","R","M","E"],"character_chosen":"DOCTOR_CLASS","items_purchased":["ats:Poison Spread","ats:Powerful Strike"],"campfire_rested":0,"item_purchase_floors":[21,21],"current_hp_per_floor":[72,72,72,72,61,61,61,61,61,61,61,61,52,52,52,11,72,60,60,40,40,40,40,16,0,0],"gold":86,"neow_bonus":"THREE_ENEMY_KILL","is_daily":false,"chose_seed":false,"campfire_upgraded":3,"win_rate":0.0,"timestamp":1611504833,"path_taken":["M","?","?","$","?","R","?","M","T","E","?","?","?","M","R","BOSS","M","?","M","$","?","R","M","E"],"items_purchased_type":["Card","Card"],"build_version":"2020-12-22","purchased_purges":3,"victory":false,"max_hp_per_floor":[72,72,72,72,72,72,72,72,72,72,72,72,72,72,72,72,72,72,72,72,72,72,72,72,72,72],"card_choices":[{"not_picked":["ats:Explosion Area Strengthen","ats:Guard Mode","ats:Very Hot Blade"],"picked":"SKIP","floor":1},{"not_picked":["ats:Thermite Blade","ats:Ignite"],"picked":"ats:Overload","floor":8},{"not_picked":["ats:Guard Mode","ats:Cat Scratch","ats:Curse Doll"],"picked":"SKIP","floor":10},{"not_picked":["ats:Directed Diagnosis","ats:Revitalization","ats:Healing Strengthening"],"picked":"SKIP","floor":11},{"not_picked":["ats:Demon Strength","ats:Shell Defense"],"picked":"ats:Overload","floor":13},{"not_picked":["ats:Shell Defense","ats:Blood Oath"],"picked":"ats:Song Of Battle","floor":14},{"not_picked":["ats:Nebulous Foxfire","ats:Echo Reverb"],"picked":"ats:Ambush","floor":16},{"not_picked":["ats:Closed Bolt Burst Fire","ats:Healing Strengthening","ats:Apocalypse"],"picked":"SKIP","floor":18},{"not_picked":["ats:Ignite","ats:Leaping Hammer","ats:Blood Oath+1"],"picked":"SKIP","floor":20},{"not_picked":["ats:Automatic Cover+1","ats:Composite Medical Shells+1"],"picked":"ats:Roar Of Ursus+1","floor":24}],"player_experience":616283,"relics_obtained":[{"floor":9,"key":"Lantern"},{"floor":10,"key":"ats:Originium"},{"floor":10,"key":"Kunai"},{"floor":22,"key":"Frozen Egg 2"}],"event_choices":[{"damage_healed":0,"gold_gain":0,"player_choice":"Got Potions","damage_taken":0,"max_hp_gain":0,"max_hp_loss":0,"event_name":"Lab","floor":2,"gold_loss":0},{"damage_healed":0,"gold_gain":75,"player_choice":"Gather Gold","damage_taken":11,"max_hp_gain":0,"max_hp_loss":0,"event_name":"World of Goop","floor":5,"gold_loss":0},{"cards_removed":["ats:Strike C"],"damage_healed":0,"gold_gain":0,"player_choice":"Offered Basic","damage_taken":0,"max_hp_gain":0,"max_hp_loss":0,"event_name":"Bonfire Elementals","floor":7,"gold_loss":0},{"damage_healed":0,"gold_gain":0,"player_choice":"Ignored","damage_taken":0,"max_hp_gain":0,"max_hp_loss":0,"event_name":"NoteForYourself","floor":12,"gold_loss":0}],"is_beta":false,"boss_relics":[{"not_picked":["SlaversCollar","Pandora\u0027s Box"],"picked":"ats:Sanity Plus"}],"items_purged_floors":[3,19,21],"is_endless":false,"potions_floor_spawned":[11,13,14,18,24],"killed_by":"Slavers","ascension_level":0}}