{"host":"lip44byzewa3adv8","time":1611495621,"event":{"mods":["BaseMod","Curses Come First","Minty Spire (QoL Compilation)","Relic Sorter","Relic Stats","StSLib","Synergy Search"],"gold_per_floor":[118,131,148,161,32,32,59,59,59,85,102,115,115,125,125,222,222,239,139,156,156,156,156,156],"floor_reached":23,"language":"ENG","playtime":1443,"items_purged":["Strike_G","Strike_G"],"score":264,"play_id":"40759bc4-b028-4a1b-b46a-dfcae11dd2ca","local_time":"20210124084021","is_ascension_mode":true,"campfire_choices":[{"data":"Malaise","floor":6.0,"key":"SMITH"},{"floor":15.0,"key":"REST"}],"circlet_count":0,"master_deck":["Strike_G","Defend_G","Defend_G","Defend_G","Defend_G","Survivor","Neutralize","Malaise+1","Riddle With Holes","Terror","Noxious Fumes","Dagger Spray","Dagger Spray","Dodge and Roll","Noxious Fumes","Cloak And Dagger","Slice","Crippling Poison","Infinite Blades+1","Adrenaline","Catalyst"],"relics":["Ring of the Snake","Oddly Smooth Stone","Frozen Egg 2","Peace Pipe","Philosopher\u0027s Stone"],"acts_visited":["Exordium","TheCity"],"potions_floor_usage":[20,23],"damage_taken":[{"damage":2.0,"enemies":"Small Slimes","floor":1.0,"turns":5.0},{"damage":0.0,"enemies":"2 Louse","floor":2.0,"turns":3.0},{"damage":0.0,"enemies":"Cultist","floor":3.0,"turns":4.0},{"damage":2.0,"enemies":"Looter","floor":4.0,"turns":4.0},{"damage":4.0,"enemies":"3 Sentries","floor":7.0,"turns":9.0},{"damage":8.0,"enemies":"Gremlin Nob","floor":10.0,"turns":4.0},{"damage":13.0,"enemies":"Exordium Thugs","floor":11.0,"turns":5.0},{"damage":2.0,"enemies":"Large Slime","floor":12.0,"turns":6.0},{"damage":8.0,"enemies":"Exordium Wildlife","floor":14.0,"turns":4.0},{"damage":2,"enemies":"The Guardian","floor":16,"turns":12},{"damage":3,"enemies":"Chosen","floor":18,"turns":5},{"damage":22,"enemies":"2 Thieves","floor":20,"turns":4},{"damage":44,"enemies":"Gremlin Leader","floor":23,"turns":6}],"seed_played":"-2792987117637129804","potions_obtained":[{"floor":3.0,"key":"DuplicationPotion"},{"floor":4.0,"key":"EssenceOfSteel"},{"floor":10.0,"key":"SpeedPotion"},{"floor":11.0,"key":"FearPotion"},{"floor":12.0,"key":"AttackPotion"}],"is_trial":false,"path_per_floor":["M","M","M","M","$","R","E","?","T","E","M","M","?","M","R","B",null,"M","$","M","?","?","E"],"character_chosen":"THE_SILENT","items_purchased":["Dodge and Roll"],"campfire_rested":1,"item_purchase_floors":[5],"current_hp_per_floor":[43,43,43,41,41,41,37,37,37,29,16,14,14,6,27,25,59,56,56,34,57,44,0,0],"gold":156,"neow_bonus":"TRANSFORM_TWO_CARDS","is_daily":false,"chose_seed":false,"campfire_upgraded":1,"win_rate":0.0,"timestamp":1611495621,"path_taken":["M","M","M","M","$","R","E","?","T","E","M","M","?","M","R","BOSS","M","$","M","?","?","E"],"items_purchased_type":["Card"],"build_version":"2020-12-22","purchased_purges":2,"victory":false,"max_hp_per_floor":[70,70,70,70,70,70,70,70,70,70,70,70,70,70,70,70,70,70,70,70,70,75,75,75],"relic_stats":{"Peace Pipe":0,"counters":[13,71],"obtain_stats":[{"Peace Pipe":10,"Oddly Smooth Stone":7,"Philosopher\u0027s Stone":17,"Frozen Egg 2":9,"Ring of the Snake":0},{"Peace Pipe":6,"Oddly Smooth Stone":5,"Philosopher\u0027s Stone":10,"Frozen Egg 2":5,"Ring of the Snake":0},{"Peace Pipe":29,"Oddly Smooth Stone":25,"Philosopher\u0027s Stone":56,"Frozen Egg 2":25,"Ring of the Snake":0}],"Ring of the Snake":[26]},"card_choices":[{"not_picked":["Deadly Poison","Concentrate"],"picked":"Terror","floor":1.0},{"not_picked":["Acrobatics","Deadly Poison"],"picked":"Noxious Fumes","floor":2.0},{"not_picked":["Cloak And Dagger","Flying Knee"],"picked":"Dagger Spray","floor":3.0},{"not_picked":["Calculated Gamble","Setup"],"picked":"Dagger Spray","floor":4.0},{"not_picked":["Bane","Dagger Throw","Deadly Poison"],"picked":"SKIP","floor":7.0},{"not_picked":["Dagger Spray","Dodge and Roll"],"picked":"Cloak And Dagger","floor":10.0},{"not_picked":["Reflex","Malaise"],"picked":"Slice","floor":11.0},{"not_picked":["Skewer","Bane"],"picked":"Crippling Poison","floor":12.0},{"not_picked":["Terror","Concentrate"],"picked":"Infinite Blades+1","floor":14.0},{"not_picked":["Burst","A Thousand Cuts+1"],"picked":"Adrenaline","floor":16},{"not_picked":["Dagger Throw","Backflip+1"],"picked":"Catalyst","floor":18},{"not_picked":["Prepared","Cloak And Dagger","Dagger Throw"],"picked":"SKIP","floor":20}],"player_experience":751265,"relics_obtained":[{"floor":7.0,"key":"Oddly Smooth Stone"},{"floor":9.0,"key":"Frozen Egg 2"},{"floor":10.0,"key":"Peace Pipe"}],"event_choices":[{"damage_healed":0.0,"max_hp_gain":0.0,"max_hp_loss":0.0,"gold_gain":0.0,"cards_transformed":["Strike_G"],"event_name":"Living Wall","player_choice":"Change","floor":8.0,"gold_loss":0.0,"damage_taken":0.0,"cards_obtained":["Noxious Fumes"]},{"damage_healed":0.0,"max_hp_gain":0.0,"max_hp_loss":0.0,"gold_gain":0.0,"event_name":"Shining Light","player_choice":"Ignored","floor":13.0,"gold_loss":0.0,"damage_taken":0.0},{"damage_healed":23,"gold_gain":0,"player_choice":"Heal","damage_taken":0,"max_hp_gain":0,"max_hp_loss":0,"event_name":"The Library","floor":21,"gold_loss":0},{"damage_healed":0,"gold_gain":0,"player_choice":"Shed Blood","damage_taken":18,"max_hp_gain":5,"max_hp_loss":0,"event_name":"Forgotten Altar","floor":22,"gold_loss":0}],"is_beta":false,"boss_relics":[{"not_picked":["WristBlade","Velvet Choker"],"picked":"Philosopher\u0027s Stone"}],"items_purged_floors":[5,19],"is_endless":false,"potions_floor_spawned":[3,4,10,11,12,18],"killed_by":"Gremlin Leader","ascension_level":6}}