{"host":"swphzoo6hmc78epl","time":1611452490,"event":{"mods":["BaseMod","Highlight Path","Minty Spire (QoL Compilation)","Quick Restart"],"gold_per_floor":[118,132,150,167,177,177,192,192,218,234,246,266,191,203,203,303,303,317,317,232,232,269,297,297,297,297],"floor_reached":25,"language":"ENG","playtime":864,"items_purged":["Strike_P"],"score":336,"play_id":"40001df3-5e1b-4fff-b3ed-a2bd1a1b8a3c","local_time":"20210123204130","is_ascension_mode":true,"campfire_choices":[{"data":"Eruption","floor":6,"key":"SMITH"},{"data":"FearNoEvil","floor":8,"key":"SMITH"},{"data":"TalkToTheHand","floor":15,"key":"SMITH"}],"circlet_count":0,"master_deck":["Eruption+1","Vigilance","CutThroughFate","FearNoEvil+1","BowlingBash","CrushJoints","CutThroughFate","Weave","JustLucky","TalkToTheHand+1","DevaForm","Wish","CrushJoints","Study","Vault","Blasphemy","Evaluate","SandsOfTime","Prostrate+1","WindmillStrike"],"relics":["Sozu","Omamori","Pandora\u0027s Box","StrikeDummy","Pantograph","Nunchaku"],"acts_visited":["Exordium","TheCity"],"potions_floor_usage":[],"damage_taken":[{"damage":0,"enemies":"Cultist","floor":1,"turns":2},{"damage":0,"enemies":"2 Louse","floor":2,"turns":2},{"damage":2,"enemies":"Jaw Worm","floor":3,"turns":4},{"damage":13,"enemies":"Gremlin Gang","floor":4,"turns":4},{"damage":9,"enemies":"3 Louse","floor":5,"turns":3},{"damage":0,"enemies":"Large Slime","floor":7,"turns":2},{"damage":4,"enemies":"Red Slaver","floor":10,"turns":2},{"damage":7,"enemies":"3 Louse","floor":11,"turns":2},{"damage":0,"enemies":"Lots of Slimes","floor":12,"turns":2},{"damage":5,"enemies":"Gremlin Gang","floor":14,"turns":2},{"damage":0,"enemies":"Slime Boss","floor":16,"turns":5},{"damage":25,"enemies":"Shell Parasite","floor":18,"turns":4},{"damage":0,"enemies":"Spheric Guardian","floor":22,"turns":3},{"damage":22,"enemies":"Book of Stabbing","floor":23,"turns":4},{"damage":23,"enemies":"Slavers","floor":25,"turns":1}],"seed_played":"4100957778769869278","potions_obtained":[],"is_trial":false,"path_per_floor":["M","M","M","M","M","R","M","R","T","M","M","M","$","M","R","B",null,"M","?","?","T","M","E","?","E"],"character_chosen":"WATCHER","items_purchased":[],"campfire_rested":0,"item_purchase_floors":[],"current_hp_per_floor":[72,72,70,57,48,48,48,48,48,44,37,37,37,32,32,32,62,37,37,37,37,37,15,15,0,0],"gold":297,"neow_bonus":"BOSS_RELIC","is_daily":false,"chose_seed":false,"campfire_upgraded":3,"win_rate":0.0,"timestamp":1611452490,"path_taken":["M","M","M","M","M","R","M","R","T","M","M","M","$","?","R","BOSS","M","?","?","?","?","E","?","E"],"items_purchased_type":[],"build_version":"2020-12-22","purchased_purges":1,"victory":false,"max_hp_per_floor":[72,72,72,72,72,72,72,72,72,72,72,72,72,72,72,72,72,72,72,72,72,72,72,72,72,72],"card_choices":[{"not_picked":["Halt","EmptyBody"],"picked":"CutThroughFate","floor":1},{"not_picked":["Omniscience","ThirdEye"],"picked":"FearNoEvil","floor":2},{"not_picked":["FearNoEvil","Evaluate"],"picked":"BowlingBash","floor":3},{"not_picked":["ClearTheMind","Adaptation"],"picked":"CrushJoints","floor":4},{"not_picked":["FearNoEvil","Evaluate","CrushJoints"],"picked":"SKIP","floor":5},{"not_picked":["Vengeance","EmptyBody"],"picked":"CutThroughFate","floor":7},{"not_picked":["Ragnarok","Consecrate"],"picked":"Weave","floor":10},{"not_picked":["Halt","EmptyFist"],"picked":"JustLucky","floor":11},{"not_picked":["Meditate","CrushJoints"],"picked":"TalkToTheHand","floor":12},{"not_picked":["BattleHymn","Swivel","PathToVictory"],"picked":"SKIP","floor":14},{"not_picked":["Alpha","Devotion"],"picked":"DevaForm","floor":16},{"not_picked":["ForeignInfluence","Prostrate"],"picked":"SandsOfTime","floor":18},{"not_picked":["PathToVictory","MentalFortress"],"picked":"Prostrate+1","floor":22},{"not_picked":["Indignation","Protect+1"],"picked":"WindmillStrike","floor":23}],"player_experience":815701,"relics_obtained":[{"floor":9,"key":"Omamori"},{"floor":21,"key":"Pantograph"},{"floor":23,"key":"Nunchaku"}],"event_choices":[{"cards_removed":["TalkToTheHand"],"damage_healed":0,"gold_gain":0,"player_choice":"Elegance","damage_taken":0,"max_hp_gain":0,"max_hp_loss":0,"event_name":"Back to Basics","floor":19,"gold_loss":0},{"damage_healed":0,"gold_gain":0,"player_choice":"Obtained Relic","damage_taken":0,"relics_obtained":["StrikeDummy"],"max_hp_gain":0,"max_hp_loss":0,"event_name":"Addict","floor":20,"gold_loss":85},{"damage_healed":0,"gold_gain":0,"player_choice":"Smashed Altar","damage_taken":0,"max_hp_gain":0,"max_hp_loss":0,"event_name":"Forgotten Altar","floor":24,"gold_loss":0,"cards_obtained":["Decay"]}],"is_beta":false,"boss_relics":[{"not_picked":["Velvet Choker","Snecko Eye"],"picked":"Pandora\u0027s Box"}],"items_purged_floors":[13],"is_endless":false,"potions_floor_spawned":[2,4,7,12,18,23],"killed_by":"Slavers","ascension_level":5}}