{"host":"April","time":1611472989,"event":{"mods":["BaseMod","Minty Spire (QoL Compilation)"],"gold_per_floor":[112,24,24,24,2,41,41,55,78,131,168,219,88,123,123,248,248,264,314,329,7,41,85,100,100,100,100,100,138,154,178,178,302,365,365],"floor_reached":34,"language":"ENG","playtime":2890,"items_purged":[],"score":618,"play_id":"905b8784-c671-47ae-b26a-206a8288364e","local_time":"20210123232309","is_ascension_mode":true,"campfire_choices":[{"floor":7.0,"key":"REST"},{"floor":15.0,"key":"REST"},{"floor":32.0,"key":"REST"}],"circlet_count":0,"master_deck":["Strike_G","Strike_G","Strike_G","Strike_G","Strike_G","Defend_G+1","Defend_G","Defend_G","Defend_G","Defend_G","Survivor","Neutralize","Heel Hook","Footwork","Injury","PiercingWail+1","Noxious Fumes","Dodge and Roll+1","Deflect+1","Burst+1","Noxious Fumes","Blur+1","Crippling Poison+1","Catalyst+1","Dodge and Roll+1","Cloak And Dagger+1","Sucker Punch","Malaise+1","Blade Dance+1","Reflex+1","Acrobatics+1","Deadly Poison+1","Flying Knee+1","Leg Sweep+1","Adrenaline+1","Concentrate+1","Well Laid Plans","Calculated Gamble+1","Envenom"],"relics":["Ring of the Snake","Golden Idol","Toxic Egg 2","Bag of Preparation","MawBank","Smiling Mask","InkBottle","Orrery","Vajra","Fusion Hammer","Tiny Chest","Snake Skull","Red Mask","Anchor","Pear","Letter Opener","Question Card","Lantern","Tiny House"],"acts_visited":["Exordium","TheCity"],"potions_floor_usage":[],"damage_taken":[{"damage":0.0,"enemies":"Small Slimes","floor":1.0,"turns":4.0},{"damage":12.0,"enemies":"Gremlin Nob","floor":6.0,"turns":5.0},{"damage":0.0,"enemies":"Jaw Worm","floor":8.0,"turns":5.0},{"damage":16.0,"enemies":"Lagavulin","floor":10.0,"turns":8.0},{"damage":0.0,"enemies":"Cultist","floor":11.0,"turns":4.0},{"damage":4.0,"enemies":"3 Sentries","floor":12.0,"turns":9.0},{"damage":5.0,"enemies":"Lagavulin","floor":14.0,"turns":9.0},{"damage":0.0,"enemies":"The Guardian","floor":16.0,"turns":11.0},{"damage":4.0,"enemies":"2 Thieves","floor":18.0,"turns":5.0},{"damage":11.0,"enemies":"Chosen","floor":20.0,"turns":6.0},{"damage":1.0,"enemies":"Masked Bandits","floor":22.0,"turns":4.0},{"damage":0.0,"enemies":"Gremlin Leader","floor":23.0,"turns":7.0},{"damage":2.0,"enemies":"3 Cultists","floor":24.0,"turns":4.0},{"damage":0.0,"enemies":"Book of Stabbing","floor":29.0,"turns":5.0},{"damage":0.0,"enemies":"Centurion and Healer","floor":30.0,"turns":5.0},{"damage":0.0,"enemies":"Snecko","floor":31.0,"turns":7.0},{"damage":3.0,"enemies":"Champ","floor":33.0,"turns":10.0}],"seed_played":"2666230808202424805","potions_obtained":[{"floor":1.0,"key":"AttackPotion"},{"floor":6.0,"key":"PowerPotion"},{"floor":10.0,"key":"Explosive Potion"},{"floor":14.0,"key":"Ancient Potion"},{"floor":18.0,"key":"Regen Potion"},{"floor":23.0,"key":"LiquidBronze"},{"floor":29.0,"key":"LiquidBronze"},{"floor":34,"key":"GamblersBrew"}],"is_trial":false,"path_per_floor":["M","$","?","?","$","E","R","M","T","E","M","E","$","E","R","B",null,"M","?","M","$","?","E","M","T","T","?","T","E","M","M","R","B",null],"character_chosen":"THE_SILENT","items_purchased":["Footwork","Block Potion","PiercingWail+1","Orrery","Tiny Chest","Snake Skull","Acrobatics+1"],"campfire_rested":3,"item_purchase_floors":[2,2,5,13,21,21,21],"current_hp_per_floor":[77,77,77,44,44,32,55,55,55,39,39,35,35,30,53,53,77,73,73,62,62,73,73,71,81,81,81,81,81,81,81,87,84,89,89],"gold":365,"neow_bonus":"TEN_PERCENT_HP_BONUS","is_daily":false,"chose_seed":false,"campfire_upgraded":0,"win_rate":0.0,"timestamp":1611472989,"path_taken":["M","$","?","?","?","E","R","?","T","E","M","E","$","E","R","BOSS","M","?","?","$","?","E","M","?","T","?","?","E","M","M","R","BOSS"],"items_purchased_type":["Card","Potion","Card","Relic","Relic","Relic","Card"],"build_version":"2020-12-18","purchased_purges":0,"victory":false,"max_hp_per_floor":[77,77,77,77,77,77,77,77,77,77,77,77,77,77,77,77,77,77,77,77,77,77,77,77,87,87,87,87,87,87,87,87,87,92,92],"card_choices":[{"not_picked":["Deflect","Distraction"],"picked":"Heel Hook","floor":1.0},{"not_picked":["Masterful Stab","Distraction+1"],"picked":"Noxious Fumes","floor":6.0},{"not_picked":["Caltrops","PiercingWail+1"],"picked":"Dodge and Roll+1","floor":8.0},{"not_picked":["Underhanded Strike","Accuracy"],"picked":"Deflect+1","floor":10.0},{"not_picked":["Cloak And Dagger+1","Reflex+1"],"picked":"Burst+1","floor":11.0},{"not_picked":["Dagger Throw","Deflect+1"],"picked":"Noxious Fumes","floor":12.0},{"not_picked":["Deadly Poison+1","PiercingWail+1"],"picked":"Blur+1","floor":13.0},{"not_picked":["Backflip+1","Flying Knee"],"picked":"Crippling Poison+1","floor":13.0},{"not_picked":["Cloak And Dagger+1","Dagger Throw"],"picked":"Catalyst+1","floor":13.0},{"not_picked":["Blade Dance+1","Slice"],"picked":"Dodge and Roll+1","floor":13.0},{"not_picked":["Quick Slash","Deflect+1"],"picked":"Cloak And Dagger+1","floor":13.0},{"not_picked":["Poisoned Stab","Masterful Stab"],"picked":"Sucker Punch","floor":14.0},{"not_picked":["Die Die Die","Unload"],"picked":"Malaise+1","floor":16.0},{"not_picked":["Dodge and Roll+1","Caltrops"],"picked":"Blade Dance+1","floor":18.0},{"not_picked":["PiercingWail+1","Blur+1"],"picked":"Reflex+1","floor":20.0},{"not_picked":["Poisoned Stab","Dodge and Roll+1"],"picked":"Deadly Poison+1","floor":22.0},{"not_picked":["Flechettes","PiercingWail+1"],"picked":"Flying Knee+1","floor":23.0},{"not_picked":["Dodge and Roll+1","Acrobatics+1"],"picked":"Leg Sweep+1","floor":24.0},{"not_picked":["Deflect+1","Outmaneuver+1","PiercingWail+1"],"picked":"Concentrate+1","floor":29.0},{"not_picked":["Poisoned Stab","Slice+1","Cloak And Dagger+1"],"picked":"Well Laid Plans","floor":30.0},{"not_picked":["Quick Slash","Backflip+1","Slice"],"picked":"Calculated Gamble+1","floor":31.0},{"not_picked":["A Thousand Cuts","Tools of the Trade","Burst+1"],"picked":"Envenom","floor":33.0}],"player_experience":2603952,"relics_obtained":[{"floor":6.0,"key":"Bag of Preparation"},{"floor":9.0,"key":"MawBank"},{"floor":10.0,"key":"Smiling Mask"},{"floor":12.0,"key":"InkBottle"},{"floor":14.0,"key":"Vajra"},{"floor":22.0,"key":"Red Mask"},{"floor":23.0,"key":"Anchor"},{"floor":25.0,"key":"Pear"},{"floor":26.0,"key":"Letter Opener"},{"floor":28.0,"key":"Question Card"},{"floor":29.0,"key":"Lantern"}],"event_choices":[{"damage_healed":0.0,"max_hp_gain":0.0,"max_hp_loss":0.0,"gold_gain":0.0,"event_name":"Golden Idol","player_choice":"Take Wound","floor":3.0,"gold_loss":0.0,"damage_taken":0.0,"relics_obtained":["Golden Idol"],"cards_obtained":["Injury"]},{"damage_healed":0.0,"max_hp_gain":0.0,"max_hp_loss":0.0,"gold_gain":0.0,"event_name":"Scrap Ooze","player_choice":"Success","floor":4.0,"gold_loss":0.0,"damage_taken":33.0,"relics_obtained":["Toxic Egg 2"]},{"damage_healed":0.0,"max_hp_gain":0.0,"max_hp_loss":0.0,"gold_gain":100.0,"event_name":"The Joust","player_choice":"Bet on Murderer","floor":19.0,"gold_loss":50.0,"damage_taken":0.0},{"damage_healed":0.0,"max_hp_gain":0.0,"max_hp_loss":0.0,"gold_gain":0.0,"event_name":"Masked Bandits","player_choice":"Fought Bandits","floor":22.0,"gold_loss":0.0,"damage_taken":0.0},{"damage_healed":0.0,"max_hp_gain":0.0,"max_hp_loss":0.0,"gold_gain":0.0,"event_name":"The Library","player_choice":"Read","floor":27.0,"gold_loss":0.0,"damage_taken":0.0,"cards_obtained":["Adrenaline"]}],"is_beta":true,"boss_relics":[{"not_picked":["SacredBark","HoveringKite"],"picked":"Fusion Hammer"},{"not_picked":["Runic Dome","SlaversCollar"],"picked":"Tiny House"}],"items_purged_floors":[],"is_endless":false,"potions_floor_spawned":[1,6,10,14,18,23,29,30],"ascension_level":1}}