{"host":"wg29woj1pduqw9vg","time":1611448909,"event":{"mods":["BaseMod","Bestiary","Better Third Choice","Colored Map","Highlight Path","Jorbs\u0027s Wanderer Trilogy","Minty Spire (QoL Compilation)","Quick Restart","StSLib"],"gold_per_floor":[117,136,153,4,4,31,50,80,80,100,157,157,172,189,189,189,189],"floor_reached":16,"language":"ENG","playtime":1872,"items_purged":[],"score":139,"play_id":"8ee212ae-536a-4362-b4ef-7b71fad9bf1a","local_time":"20210123164149","is_ascension_mode":false,"campfire_choices":[{"floor":12,"key":"REST"},{"data":"stsjorbsmod:FreshAdventure","floor":15,"key":"SMITH"}],"circlet_count":0,"master_deck":["stsjorbsmod:ForbiddenGrimoire+1","stsjorbsmod:Strike_Wanderer","stsjorbsmod:Strike_Wanderer","stsjorbsmod:Strike_Wanderer","stsjorbsmod:Strike_Wanderer","stsjorbsmod:Defend_Wanderer","stsjorbsmod:Defend_Wanderer","stsjorbsmod:Defend_Wanderer","stsjorbsmod:Defend_Wanderer","stsjorbsmod:FreshAdventure+1","stsjorbsmod:EyeOfTheStorm","stsjorbsmod:HedgeWizard","stsjorbsmod:DoubleCheck","stsjorbsmod:OldPocket+1","stsjorbsmod:ChainLightning","stsjorbsmod:Stalwart+1","stsjorbsmod:FracturedMind","stsjorbsmod:WanderingMind+1","stsjorbsmod:LocateObject+1"],"relics":["stsjorbsmod:GrimoireRelic","NeowsBlessing","PreservedInsect","Toxic Egg 2","Shuriken","Gambling Chip"],"acts_visited":[],"potions_floor_usage":[8],"damage_taken":[{"damage":0.0,"enemies":"Cultist","floor":1.0,"turns":1.0},{"damage":0.0,"enemies":"Small Slimes","floor":2.0,"turns":1.0},{"damage":0.0,"enemies":"Jaw Worm","floor":3.0,"turns":1.0},{"damage":20.0,"enemies":"Gremlin Nob","floor":6.0,"turns":4.0},{"damage":21.0,"enemies":"Exordium Wildlife","floor":7.0,"turns":7.0},{"damage":6,"enemies":"Lagavulin","floor":8,"turns":7},{"damage":0,"enemies":"2 Fungi Beasts","floor":10,"turns":4},{"damage":16,"enemies":"Exordium Thugs","floor":13,"turns":5},{"damage":6,"enemies":"Red Slaver","floor":14,"turns":5},{"damage":0,"enemies":"The Guardian","floor":16,"turns":2}],"seed_played":"-7352740903219561814","potions_obtained":[{"floor":3.0,"key":"Weak Potion"},{"floor":6.0,"key":"SpeedPotion"},{"floor":7,"key":"PowerPotion"},{"floor":8,"key":"Swift Potion"},{"floor":10,"key":"LiquidBronze"}],"is_trial":false,"path_per_floor":["M","M","M","$","?","E","M","E","T","M","?","R","M","M","R","B"],"character_chosen":"WANDERER","items_purchased":["PreservedInsect"],"campfire_rested":1,"item_purchase_floors":[4],"current_hp_per_floor":[68,68,68,68,68,50,32,26,26,29,29,49,35,32,32,32,32],"gold":189,"neow_bonus":"THREE_ENEMY_KILL","is_daily":false,"chose_seed":false,"campfire_upgraded":1,"win_rate":0.0,"timestamp":1611448909,"path_taken":["M","M","M","?","?","E","M","E","T","M","?","R","M","M","R","BOSS"],"items_purchased_type":["Relic"],"build_version":"2020-12-22","purchased_purges":0,"victory":false,"max_hp_per_floor":[68,68,68,68,68,68,68,68,68,68,68,68,68,68,68,68,68],"card_choices":[{"not_picked":["stsjorbsmod:Will","stsjorbsmod:Mindworm","stsjorbsmod:Message"],"picked":"SKIP","floor":1.0},{"not_picked":["stsjorbsmod:RayOfFrost","stsjorbsmod:DisguiseSelf"],"picked":"stsjorbsmod:HedgeWizard","floor":2.0},{"not_picked":["stsjorbsmod:WanderingMind","stsjorbsmod:Firebolt"],"picked":"stsjorbsmod:DoubleCheck","floor":3.0},{"not_picked":["stsjorbsmod:BlackTentacles","stsjorbsmod:ParryingBlow"],"picked":"stsjorbsmod:OldPocket+1","floor":6.0},{"not_picked":["stsjorbsmod:Hurt","stsjorbsmod:Introspection"],"picked":"stsjorbsmod:ChainLightning","floor":7},{"not_picked":["stsjorbsmod:Mending+1","stsjorbsmod:PurgeMind"],"picked":"stsjorbsmod:Stalwart+1","floor":8},{"not_picked":["stsjorbsmod:FindFamiliar","stsjorbsmod:BlackTentacles"],"picked":"stsjorbsmod:FracturedMind","floor":10},{"not_picked":["stsjorbsmod:Rest+1","stsjorbsmod:OldPocket+1"],"picked":"stsjorbsmod:WanderingMind+1","floor":13},{"not_picked":["stsjorbsmod:Index+1","stsjorbsmod:RefuseToForget+1"],"picked":"stsjorbsmod:LocateObject+1","floor":14}],"player_experience":5131,"relics_obtained":[{"floor":6.0,"key":"Toxic Egg 2"},{"floor":8,"key":"Shuriken"},{"floor":9,"key":"Gambling Chip"}],"event_choices":[{"damage_healed":0.0,"max_hp_gain":0.0,"max_hp_loss":0.0,"gold_gain":0.0,"event_name":"Golden Idol","player_choice":"Ignored","floor":5.0,"gold_loss":0.0,"damage_taken":0.0},{"damage_healed":0,"gold_gain":57,"player_choice":"Gained Gold","damage_taken":0,"max_hp_gain":0,"max_hp_loss":0,"event_name":"Golden Wing","floor":11,"gold_loss":0}],"is_beta":false,"boss_relics":[],"items_purged_floors":[],"is_endless":false,"potions_floor_spawned":[3,6,7,8,10],"killed_by":"The Guardian","ascension_level":0}}