{"host":"5gc11emcm5chfr5t","time":1611455141,"event":{"mods":["2.2 Compatiblity","AchievementEnabler","BaseMod","Bestiary","Better Note","Colored Map","Colored Powertips","Downfall","Googly Eyes","Minty Spire (QoL Compilation)","Rare Cards Sparkle","StSLib"],"gold_per_floor":[99,110,160,173,184,184,184,217,17,46,196,26,326,337,352,352,352,352],"floor_reached":16,"language":"ENG","playtime":810,"items_purged":["Doubt"],"score":370,"play_id":"1dcd7c7f-ab4e-4724-ad93-d3fb02aea02a","local_time":"20210123212541","is_ascension_mode":true,"campfire_choices":[{"floor":1.0,"key":"RECALL"},{"floor":9.0,"key":"REST"}],"circlet_count":0,"master_deck":["AscendersBane","sneckomod:Strike","sneckomod:Strike","sneckomod:Strike","sneckomod:Defend","sneckomod:Defend","sneckomod:Defend","sneckomod:TailWhip","sneckomod:SnekBite","sneckomod:Unknown","sneckomod:Unknown","CurseOfTheBell","sneckomod:SerpentIdol","sneckomod:WideSting","sneckomod:DiceBlock","sneckomod:UnknownClassRED+1","sneckomod:UnknownClassRED+1","sneckomod:UnendingSupply","sneckomod:UnlimitedRolls","downfall:Icky","downfall:Icky","downfall:Icky","sneckomod:TrashToTreasure","sneckomod:QuickMove"],"relics":["Calling Bell","Guardian:PocketSentry","Question Card","sneckomod:UnknownEgg","Toy Ornithopter","Slimebound:PreparedRelic","Bird Faced Urn","downfall:HeartBlessingRed","downfall:HeartBlessingGreen","Juzu Bracelet"],"acts_visited":["Exordium"],"potions_floor_usage":[16],"damage_taken":[{"damage":4.0,"enemies":"Jaw Worm","floor":2.0,"turns":2.0},{"damage":6.0,"enemies":"Small Slimes","floor":4.0,"turns":2.0},{"damage":0.0,"enemies":"2 Louse","floor":5.0,"turns":2.0},{"damage":40.0,"enemies":"3 Sentries","floor":8.0,"turns":11.0},{"damage":0.0,"enemies":"Gremlin Nob","floor":10.0,"turns":3.0},{"damage":12.0,"enemies":"downfall:FleeingMerchant","floor":12.0,"turns":4.0},{"damage":18.0,"enemies":"Large Slime","floor":14.0,"turns":3.0},{"damage":12.0,"enemies":"Blue Slaver","floor":15.0,"turns":5.0},{"damage":55,"enemies":"DF_ARCHETYPE_STREAMLINE","floor":16,"turns":9}],"seed_played":"-8353142201112766735","potions_obtained":[{"floor":2.0,"key":"SkillPotion"},{"floor":15.0,"key":"Regen Potion"}],"is_trial":false,"path_per_floor":["R","M","?","M","M","?","T","E","R","E","?","$","?","M","M","B"],"character_chosen":"THE_SNECKO","items_purchased":["sneckomod:UnlimitedRolls"],"campfire_rested":1,"item_purchase_floors":[12],"current_hp_per_floor":[75,71,71,65,65,65,65,25,49,51,51,41,41,29,23,0,0,0],"gold":352,"neow_bonus":"BOSS_RELIC","is_daily":false,"chose_seed":false,"campfire_upgraded":0,"win_rate":0.0,"timestamp":1611455141,"path_taken":["R","M","?","M","M","?","T","E","R","E","?","$","?","M","M","BOSS"],"items_purchased_type":["Card"],"build_version":"2020-12-22","purchased_purges":1,"victory":false,"max_hp_per_floor":[83,83,83,83,83,83,83,83,83,83,83,83,83,83,83,83,83,83],"card_choices":[{"not_picked":["sneckomod:QuickMove","sneckomod:UnknownClassRED+1","sneckomod:UnknownClassHEXA_GHOST_PURPLE+1"],"picked":"sneckomod:SerpentIdol","floor":2.0},{"not_picked":["sneckomod:QuickMove","sneckomod:Nope","sneckomod:UnknownBlock+1"],"picked":"sneckomod:WideSting","floor":4.0},{"not_picked":["sneckomod:Rotation","sneckomod:Nope","sneckomod:DiceBoulder"],"picked":"sneckomod:DiceBlock","floor":5.0},{"not_picked":["sneckomod:UnknownUncommonSkill+1","sneckomod:ImprovisedAttack","sneckomod:QuickBite"],"picked":"sneckomod:UnknownClassRED+1","floor":8.0},{"not_picked":["sneckomod:UnknownBlock+1","sneckomod:MasterEye","sneckomod:WideSting"],"picked":"sneckomod:UnknownClassRED+1","floor":10.0},{"not_picked":["sneckomod:UnknownCommonAttack+1","sneckomod:SoulCleanse","sneckomod:UnknownClassTHE_BRONZE_AUTOMATON+1"],"picked":"sneckomod:UnendingSupply","floor":12.0},{"not_picked":["sneckomod:Cheat","sneckomod:Nope","sneckomod:UnknownClassTHE_CHAMP_GRAY+1"],"picked":"sneckomod:TrashToTreasure","floor":14.0},{"not_picked":["sneckomod:Nope","sneckomod:QuickBite","sneckomod:UnknownBlock+1"],"picked":"sneckomod:QuickMove","floor":15.0}],"player_experience":563374,"relics_obtained":[{"floor":0.0,"key":"Guardian:PocketSentry"},{"floor":0.0,"key":"Question Card"},{"floor":0.0,"key":"sneckomod:UnknownEgg"},{"floor":7.0,"key":"Slimebound:PreparedRelic"},{"floor":8.0,"key":"Bird Faced Urn"},{"floor":10.0,"key":"Juzu Bracelet"}],"event_choices":[],"is_beta":false,"boss_relics":[],"items_purged_floors":[12],"is_endless":false,"potions_floor_spawned":[2,15],"killed_by":"DF_ARCHETYPE_STREAMLINE","ascension_level":20}}