{"host":"uv5ws9rdk87e8i5k","time":1611462957,"event":{"mods":["AchievementEnabler","BaseMod","Colored Map","Minty Spire (QoL Compilation)","StSLib","SuperFastMode"],"gold_per_floor":[114,128,128,54,68,96,96,124,149,182,192,192,208,220,220,220,220],"floor_reached":16,"language":"ENG","playtime":298,"items_purged":[],"score":153,"play_id":"2b24dd6e-215f-4974-a6f8-fb046164d414","local_time":"20210123223557","is_ascension_mode":true,"campfire_choices":[{"floor":7,"key":"REST"},{"floor":15,"key":"REST"}],"circlet_count":0,"master_deck":["Strike_R","Strike_R","Strike_R","Strike_R","Strike_R","Defend_R","Defend_R","Defend_R","Defend_R","Bash","Juggernaut","True Grit","True Grit","Armaments","Pommel Strike","Whirlwind","Demon Form","Anger","Entrench","Seeing Red","Twin Strike","Exhume"],"relics":["Burning Blood","Omamori","Smiling Mask","Art of War","Regal Pillow","FaceOfCleric"],"acts_visited":["Exordium"],"potions_floor_usage":[10,14,14],"damage_taken":[{"damage":8,"enemies":"2 Louse","floor":1,"turns":2},{"damage":11,"enemies":"Jaw Worm","floor":2,"turns":5},{"damage":1,"enemies":"Cultist","floor":5,"turns":4},{"damage":63,"enemies":"Gremlin Nob","floor":6,"turns":6},{"damage":25,"enemies":"Lagavulin","floor":8,"turns":7},{"damage":8,"enemies":"Gremlin Nob","floor":10,"turns":3},{"damage":6,"enemies":"3 Louse","floor":11,"turns":2},{"damage":7,"enemies":"Lots of Slimes","floor":13,"turns":2},{"damage":13,"enemies":"Blue Slaver","floor":14,"turns":2},{"damage":0,"enemies":"Slime Boss","floor":16,"turns":1}],"seed_played":"7940811832297671830","potions_obtained":[{"floor":2,"key":"PowerPotion"},{"floor":10,"key":"EntropicBrew"},{"floor":14,"key":"Fire Potion"}],"is_trial":false,"path_per_floor":["M","M","?","$","M","E","R","E","T","E","M","?","M","M","R","B"],"character_chosen":"IRONCLAD","items_purchased":["Armaments","Pommel Strike"],"campfire_rested":2,"item_purchase_floors":[4,4],"current_hp_per_floor":[78,73,66,66,71,14,38,19,19,17,17,17,17,11,50,50,50],"gold":220,"neow_bonus":"THREE_RARE_CARDS","is_daily":false,"chose_seed":false,"campfire_upgraded":0,"win_rate":0.0,"timestamp":1611462957,"path_taken":["M","M","?","$","M","E","R","E","T","E","M","?","M","?","R","BOSS"],"items_purchased_type":["Card","Card"],"build_version":"2020-12-22","purchased_purges":0,"victory":false,"max_hp_per_floor":[80,80,80,80,80,80,80,80,80,80,80,80,81,82,82,82,82],"card_choices":[{"not_picked":["Offering","Double Tap"],"picked":"Juggernaut","floor":0},{"not_picked":["Flex","Shockwave"],"picked":"True Grit","floor":1},{"not_picked":["Combust","Thunderclap"],"picked":"True Grit","floor":2},{"not_picked":["Perfected Strike","Infernal Blade"],"picked":"Whirlwind","floor":5},{"not_picked":["Rampage","Anger"],"picked":"Demon Form","floor":6},{"not_picked":["Twin Strike","Evolve"],"picked":"Anger","floor":8},{"not_picked":["Iron Wave","Dropkick"],"picked":"Entrench","floor":10},{"not_picked":["Anger","Shockwave"],"picked":"Seeing Red","floor":11},{"not_picked":["Feel No Pain","Headbutt"],"picked":"Twin Strike","floor":13},{"not_picked":["Heavy Blade","Dark Embrace"],"picked":"Exhume","floor":14}],"player_experience":218115,"relics_obtained":[{"floor":6,"key":"Omamori"},{"floor":8,"key":"Smiling Mask"},{"floor":9,"key":"Art of War"},{"floor":10,"key":"Regal Pillow"}],"event_choices":[{"cards_removed":["Shame"],"damage_healed":0,"gold_gain":0,"player_choice":"Card Removal","damage_taken":7,"max_hp_gain":0,"max_hp_loss":0,"event_name":"Golden Wing","floor":3,"gold_loss":0},{"damage_healed":0,"gold_gain":0,"player_choice":"Trade","damage_taken":0,"relics_obtained":["FaceOfCleric"],"max_hp_gain":0,"max_hp_loss":0,"event_name":"FaceTrader","floor":12,"gold_loss":0}],"is_beta":false,"boss_relics":[],"items_purged_floors":[],"is_endless":false,"potions_floor_spawned":[2,10,14],"killed_by":"Slime Boss","ascension_level":5}}