{"host":"dm4yvegl9um2tlqd","time":1611476985,"event":{"mods":["2.2 Compatiblity","AchievementEnabler","BaseMod","Colored Map","DeckTracker","Highlight Path","KOR Keyword Fix","Keyboard Shortcuts","Minty Spire (QoL Compilation)","Permanent Neow","Quick Restart","Random Character Button","StSLib","SuperFastMode","everything is the same but u backflip on backflip"],"gold_per_floor":[119,30,48,48,48,73,92,92,118,118,68,86,10,29,29,29,29],"floor_reached":16,"language":"KOR","playtime":340,"items_purged":["Strike_R","Strike_R"],"score":145,"play_id":"624ddd7d-705a-4e96-bf91-3815cb59fb33","local_time":"20210124172945","is_ascension_mode":true,"campfire_choices":[{"floor":8,"key":"REST"},{"floor":10,"key":"REST"},{"data":"Bash","floor":15,"key":"SMITH"}],"circlet_count":0,"master_deck":["Strike_R","Strike_R","Strike_R","Defend_R","Defend_R","Defend_R","Defend_R","Bash+1","Evolve","Flash of Steel","Shrug It Off","Shrug It Off","Twin Strike"],"relics":["Burning Blood","Smiling Mask","Blood Vial","Kunai","Bag of Preparation"],"acts_visited":["Exordium"],"potions_floor_usage":[6,6,16,16],"damage_taken":[{"damage":3,"enemies":"2 Louse","floor":1,"turns":3},{"damage":11,"enemies":"Cultist","floor":3,"turns":4},{"damage":55,"enemies":"Gremlin Nob","floor":6,"turns":6},{"damage":9,"enemies":"Jaw Worm","floor":7,"turns":4},{"damage":27,"enemies":"Large Slime","floor":12,"turns":10},{"damage":5,"enemies":"Looter","floor":14,"turns":4},{"damage":3,"enemies":"Hexaghost","floor":16,"turns":5}],"seed_played":"-4415970253290424082","potions_obtained":[{"floor":1,"key":"Weak Potion"},{"floor":5,"key":"Regen Potion"},{"floor":5,"key":"DuplicationPotion"},{"floor":14,"key":"BlessingOfTheForge"}],"is_trial":false,"path_per_floor":["M","$","M","?","?","E","M","R","T","R","$","M","$","M","R","B"],"character_chosen":"IRONCLAD","items_purchased":["Flash of Steel","Shrug It Off"],"campfire_rested":2,"item_purchase_floors":[2,13],"current_hp_per_floor":[75,75,70,63,63,16,15,39,39,63,63,44,44,47,47,58,58],"gold":29,"neow_bonus":"RANDOM_COMMON_RELIC","is_daily":false,"chose_seed":false,"campfire_upgraded":1,"win_rate":0.0,"timestamp":1611476985,"path_taken":["M","$","M","?","?","E","M","R","T","R","$","?","?","?","R","BOSS"],"items_purchased_type":["Card","Card"],"build_version":"2020-12-22","purchased_purges":2,"victory":false,"max_hp_per_floor":[80,80,80,80,80,80,80,80,80,80,80,80,80,80,80,80,80],"card_choices":[{"not_picked":["Hemokinesis","Headbutt"],"picked":"Evolve","floor":1},{"not_picked":["Perfected Strike","Blood for Blood"],"picked":"Shrug It Off","floor":3},{"not_picked":["Havoc","Body Slam","Combust"],"picked":"SKIP","floor":6},{"not_picked":["Iron Wave","Evolve","Warcry"],"picked":"SKIP","floor":7},{"not_picked":["Berserk","Disarm","Flex"],"picked":"SKIP","floor":12},{"not_picked":["Burning Pact","Clash"],"picked":"Twin Strike","floor":14}],"player_experience":87109,"relics_obtained":[{"floor":6,"key":"Kunai"},{"floor":9,"key":"Bag of Preparation"}],"event_choices":[{"damage_healed":0,"gold_gain":0,"player_choice":"Success","damage_taken":7,"relics_obtained":["Blood Vial"],"max_hp_gain":0,"max_hp_loss":0,"event_name":"Scrap Ooze","floor":4,"gold_loss":0},{"damage_healed":0,"gold_gain":0,"player_choice":"Got Potions","damage_taken":0,"max_hp_gain":0,"max_hp_loss":0,"event_name":"Lab","floor":5,"gold_loss":0}],"is_beta":false,"boss_relics":[],"items_purged_floors":[11,13],"is_endless":false,"potions_floor_spawned":[1,14],"killed_by":"Hexaghost","ascension_level":9}}