{"host":"ab2s6ezjqdgtrlyf","time":1611496951,"event":{"mods":["BaseMod","Colored Map","Highlight Path","Minty Spire (QoL Compilation)","Quick Restart","Relic Stats","Spicy Shops","StSLib","Waifu the Spire","vexMod","¡¾ÒÅÎï¿¨ÅÆ¡¿REMEMod"],"gold_per_floor":[112,129,129,129,129,129,156,173,173,173,197,197,197,207,207,306,306,323,335,335,39,39,39,39,39,39,59,75,75,175,2,2,106,106,120,120,30,30,48,48,66,116,116,116,116,151,165,40,40,40],"floor_reached":51,"language":"ZHS","playtime":1653,"items_purged":["Defend_B","Defend_B","Strike_B"],"score":1145,"play_id":"a1f583d8-80cd-4580-aba4-489819e919b0","local_time":"20210124220231","is_ascension_mode":true,"campfire_choices":[{"data":"Sweeping Beam","floor":6.0,"key":"SMITH"},{"data":"Ball Lightning","floor":12.0,"key":"SMITH"},{"data":"Glacier","floor":15.0,"key":"SMITH"},{"data":"Buffer","floor":23.0,"key":"SMITH"},{"data":"Auto Shields","floor":25.0,"key":"SMITH"},{"data":"Capacitor","floor":29.0,"key":"SMITH"},{"data":"Zap","floor":32.0,"key":"SMITH"},{"data":"Defend_B","floor":40.0,"key":"SMITH"},{"data":"FTL","floor":44.0,"key":"SMITH"},{"floor":49.0,"key":"REST"}],"circlet_count":0,"master_deck":["Strike_B","Defend_B+1","Defend_B+1","Zap+1","Dualcast","FTL+1","Sweeping Beam+1","Ball Lightning+1","Glacier+1","Buffer+1","Auto Shields+1","Capacitor+1","Electrodynamics","Conserve Battery+1","Skim"],"relics":["Cracked Core","REME_ComplimentaryCards","NeowsBlessing","Ornamental Fan","Bronze Scales","DataDisk","Bag of Marbles","Nuclear Battery","vexMod:CardConverter","Anchor","REME_HourglassOfDeath","Centennial Puzzle","Sozu","Ginger","PreservedInsect","Bottled Flame","Regal Pillow"],"acts_visited":["Exordium","TheCity","TheBeyond"],"potions_floor_usage":[50,50,50],"damage_taken":[{"damage":0.0,"enemies":"Cultist","floor":1.0,"turns":1.0},{"damage":0.0,"enemies":"2 Louse","floor":2.0,"turns":1.0},{"damage":0.0,"enemies":"3 Sentries","floor":7.0,"turns":1.0},{"damage":4.0,"enemies":"Jaw Worm","floor":8.0,"turns":3.0},{"damage":3.0,"enemies":"Blue Slaver","floor":14.0,"turns":2.0},{"damage":26.0,"enemies":"The Guardian","floor":16.0,"turns":8.0},{"damage":0.0,"enemies":"Shell Parasite","floor":18.0,"turns":5.0},{"damage":13.0,"enemies":"Spheric Guardian","floor":19.0,"turns":4.0},{"damage":0.0,"enemies":"Snake Plant","floor":27.0,"turns":4.0},{"damage":0.0,"enemies":"Cultist and Chosen","floor":28.0,"turns":5.0},{"damage":51.0,"enemies":"Automaton","floor":33.0,"turns":10.0},{"damage":0.0,"enemies":"Orb Walker","floor":35.0,"turns":4.0},{"damage":0.0,"enemies":"3 Darklings","floor":39.0,"turns":3.0},{"damage":16.0,"enemies":"Spire Growth","floor":41.0,"turns":4.0},{"damage":0.0,"enemies":"Mind Bloom Boss Battle","floor":42.0,"turns":7.0},{"damage":0.0,"enemies":"Nemesis","floor":46.0,"turns":5.0},{"damage":15.0,"enemies":"Jaw Worm Horde","floor":47.0,"turns":3.0},{"damage":39,"enemies":"Awakened One","floor":50,"turns":16}],"seed_played":"894205202506130340","potions_obtained":[{"floor":2.0,"key":"Regen Potion"},{"floor":8.0,"key":"FearPotion"},{"floor":14.0,"key":"LiquidBronze"},{"floor":16.0,"key":"LiquidBronze"},{"floor":27.0,"key":"Regen Potion"},{"floor":33.0,"key":"Ancient Potion"}],"is_trial":false,"path_per_floor":["M","M","$","?","$","R","E","M","T","?","T","R","?","M","R","B",null,"M","M","T","$","?","R","$","R","T","M","M","R","?","$","R","B",null,"M","?","?","$","M","R","M","?","T","R","T","E","M","$","R","B",null],"character_chosen":"DEFECT","items_purchased":["Capacitor","Anchor","Centennial Puzzle"],"campfire_rested":1,"item_purchase_floors":[21,21,31],"current_hp_per_floor":[68,68,68,73,73,73,73,69,69,62,62,62,62,59,59,33,68,68,55,55,57,57,57,57,57,57,57,57,57,57,57,57,23,69,69,77,77,77,77,77,61,63,63,63,63,65,50,50,88,64],"gold":40,"neow_bonus":"THREE_ENEMY_KILL","is_daily":false,"chose_seed":false,"campfire_upgraded":9,"win_rate":0.0,"timestamp":1611496951,"path_taken":["M","?","$","?","$","R","E","M","T","?","?","R","?","?","R","BOSS","M","M","?","$","?","R","?","R","T","M","M","R","?","$","R","BOSS","M","?","?","$","?","R","M","?","T","R","?","E","M","$","R","BOSS"],"items_purchased_type":["Card","Relic","Relic"],"build_version":"2020-12-22","purchased_purges":3,"victory":true,"max_hp_per_floor":[75,75,75,80,80,80,80,80,80,80,80,80,80,80,80,80,80,80,80,80,82,82,82,82,82,82,82,82,82,82,82,82,84,84,84,84,84,84,84,84,84,86,86,86,86,88,88,88,88,88],"relic_stats":{"Sozu":2,"Centennial Puzzle":[12],"Regal Pillow":12,"counters":[18,86],"Ornamental Fan":[84],"Bronze Scales":[244],"PreservedInsect":50,"Ginger":[0],"obtain_stats":[{"Regal Pillow":46,"NeowsBlessing":0,"PreservedInsect":43,"Ginger":42,"Nuclear Battery":17,"Sozu":34,"DataDisk":11,"Anchor":21,"Centennial Puzzle":31,"Bottled Flame":45,"vexMod:CardConverter":20,"REME_HourglassOfDeath":26,"Ornamental Fan":7,"Bronze Scales":9,"Bag of Marbles":13,"Cracked Core":0,"REME_ComplimentaryCards":0},{"Regal Pillow":16,"NeowsBlessing":0,"PreservedInsect":15,"Ginger":15,"Nuclear Battery":6,"Sozu":11,"DataDisk":4,"Anchor":8,"Centennial Puzzle":10,"Bottled Flame":15,"vexMod:CardConverter":8,"REME_HourglassOfDeath":8,"Ornamental Fan":3,"Bronze Scales":4,"Bag of Marbles":4,"Cracked Core":0,"REME_ComplimentaryCards":0},{"Regal Pillow":67,"NeowsBlessing":0,"PreservedInsect":62,"Ginger":62,"Nuclear Battery":16,"Sozu":44,"DataDisk":6,"Anchor":25,"Centennial Puzzle":34,"Bottled Flame":62,"vexMod:CardConverter":25,"REME_HourglassOfDeath":25,"Ornamental Fan":3,"Bronze Scales":6,"Bag of Marbles":6,"Cracked Core":0,"REME_ComplimentaryCards":0}]},"card_choices":[{"not_picked":["Streamline","Beam Cell"],"picked":"FTL","floor":1.0},{"not_picked":["Rebound","Loop"],"picked":"Sweeping Beam","floor":2.0},{"not_picked":["Sunder","Steam","Stack"],"picked":"SKIP","floor":7.0},{"not_picked":["Sweeping Beam","Chill"],"picked":"Ball Lightning","floor":8.0},{"not_picked":["Go for the Eyes","Gash"],"picked":"Glacier","floor":14.0},{"not_picked":["Biased Cognition","Echo Form"],"picked":"Buffer","floor":16.0},{"not_picked":["Hello World+1","Cold Snap"],"picked":"Auto Shields","floor":18.0},{"not_picked":["Reprogram","Steam","Rebound"],"picked":"SKIP","floor":19.0},{"not_picked":["Capacitor","Rip and Tear","Beam Cell"],"picked":"SKIP","floor":27.0},{"not_picked":["Steam","Beam Cell","Sunder"],"picked":"SKIP","floor":28.0},{"not_picked":["Steam","Beam Cell","Sunder"],"picked":"SKIP","floor":28.0},{"not_picked":["Biased Cognition","All For One"],"picked":"Electrodynamics","floor":33.0},{"not_picked":["Recycle","REME_Whirling+1","Beam Cell+1"],"picked":"SKIP","floor":35.0},{"not_picked":["Storm+1","Redo+1","Compile Driver+1"],"picked":"SKIP","floor":39.0},{"not_picked":["Sweeping Beam","Redo+1","Leap"],"picked":"SKIP","floor":41.0},{"not_picked":["Aggregate+1","Sweeping Beam+1"],"picked":"Conserve Battery+1","floor":42.0},{"not_picked":["All For One","Ball Lightning+1"],"picked":"Skim","floor":46.0},{"not_picked":["Cold Snap","Hologram+1","Undo"],"picked":"SKIP","floor":47.0}],"player_experience":662288,"relics_obtained":[{"floor":7.0,"key":"Ornamental Fan"},{"floor":9.0,"key":"Bronze Scales"},{"floor":11.0,"key":"DataDisk"},{"floor":20.0,"key":"vexMod:CardConverter"},{"floor":26.0,"key":"REME_HourglassOfDeath"},{"floor":42.0,"key":"Ginger"},{"floor":43.0,"key":"PreservedInsect"},{"floor":45.0,"key":"Bottled Flame"},{"floor":46.0,"key":"Regal Pillow"}],"event_choices":[{"damage_healed":0.0,"max_hp_gain":5.0,"max_hp_loss":0.0,"gold_gain":0.0,"event_name":"Big Fish","player_choice":"Donut","floor":4.0,"gold_loss":0.0,"damage_taken":0.0},{"cards_removed":["Strike_B"],"damage_healed":0.0,"max_hp_gain":0.0,"max_hp_loss":0.0,"gold_gain":0.0,"event_name":"Golden Wing","player_choice":"Card Removal","floor":10.0,"gold_loss":0.0,"damage_taken":7.0},{"damage_healed":0.0,"max_hp_gain":0.0,"max_hp_loss":0.0,"gold_gain":0.0,"event_name":"Dead Adventurer","player_choice":"Searched \u00272\u0027 times","floor":13.0,"gold_loss":0.0,"damage_taken":0.0,"relics_obtained":["Bag of Marbles"]},{"damage_healed":0.0,"max_hp_gain":0.0,"max_hp_loss":0.0,"gold_gain":0.0,"event_name":"The Mausoleum","player_choice":"Ignored","floor":22.0,"gold_loss":0.0,"damage_taken":0.0},{"damage_healed":0.0,"max_hp_gain":0.0,"max_hp_loss":0.0,"gold_gain":100.0,"event_name":"Golden Shrine","player_choice":"Pray","floor":30.0,"gold_loss":0.0,"damage_taken":0.0},{"cards_removed":["Strike_B"],"damage_healed":0.0,"max_hp_gain":0.0,"max_hp_loss":0.0,"gold_gain":0.0,"event_name":"Designer","player_choice":"Upgrade and Remove","floor":37.0,"gold_loss":90.0,"damage_taken":0.0,"cards_upgraded":["Defend_B"]},{"damage_healed":0.0,"max_hp_gain":0.0,"max_hp_loss":0.0,"gold_gain":0.0,"event_name":"MindBloom","player_choice":"Fight","floor":42.0,"gold_loss":0.0,"damage_taken":0.0}],"is_beta":false,"boss_relics":[{"not_picked":["Calling Bell","REME_ChargedStone"],"picked":"Nuclear Battery"},{"not_picked":["Inserter","vexMod:RockOfEvil"],"picked":"Sozu"}],"items_purged_floors":[21,31,48],"is_endless":false,"potions_floor_spawned":[2,8,14,16,18,27,33,35,46],"ascension_level":9}}