{"host":"gobyjzz6xbwq9f9i","time":1611464668,"event":{"mods":["AchievementEnabler","BaseMod","Bestiary","Colored Map","Minty Spire (QoL Compilation)"],"gold_per_floor":[116,191,191,205,216,251,271,271,271,284,336,361,361,386,386,510,510,524,524,547,570,588,588,631,631,679,778,778,778,778,225,225,320,320,334,353,353,353,365,365,398,408,408,434,453,453,47,47,47,47,47],"floor_reached":50,"language":"ENG","playtime":2676,"items_purged":["Strike_P"],"score":580,"play_id":"68c63e1e-2bc1-4383-81c9-e2ddca396d20","local_time":"20210123210428","is_ascension_mode":false,"campfire_choices":[{"data":"Scrawl","floor":8.0,"key":"SMITH"},{"data":"TalkToTheHand","floor":15.0,"key":"SMITH"},{"data":"BowlingBash","floor":23.0,"key":"SMITH"},{"data":"WheelKick","floor":25,"key":"SMITH"},{"data":"DeusExMachina","floor":28,"key":"SMITH"},{"data":"BattleHymn","floor":32,"key":"SMITH"},{"data":"Ragnarok","floor":40,"key":"SMITH"},{"floor":46,"key":"REST"},{"data":"DevaForm","floor":49,"key":"SMITH"}],"circlet_count":0,"master_deck":["Strike_P","Strike_P","Strike_P","Defend_P","Defend_P+1","Defend_P","Eruption","Vigilance","Trip+1","BowlingBash+1","FollowUp","BattleHymn+1","CutThroughFate","Tantrum","Scrawl+1","TalkToTheHand+1","Tantrum","Vault","DeusExMachina+1","SashWhip+1","WindmillStrike+1","Adaptation","WheelKick+1","Meditate","Ragnarok+1","Fasting2","Omniscience","DevaForm+1","Wallop","Swivel"],"relics":["PureWater","Question Card","Letter Opener","Oddly Smooth Stone","Ornamental Fan","Bloody Idol","Snecko Eye","Orichalcum","Pen Nib","Kunai","Shuriken","Bag of Marbles","VioletLotus","TeardropLocket","Ancient Tea Set","War Paint","Mango"],"acts_visited":["Exordium","TheCity","TheBeyond"],"potions_floor_usage":[50,50],"damage_taken":[{"damage":0.0,"enemies":"Small Slimes","floor":1.0,"turns":2.0},{"damage":0.0,"enemies":"Jaw Worm","floor":4.0,"turns":2.0},{"damage":0.0,"enemies":"Cultist","floor":5.0,"turns":2.0},{"damage":0.0,"enemies":"Gremlin Nob","floor":6.0,"turns":2.0},{"damage":0.0,"enemies":"Exordium Wildlife","floor":7.0,"turns":1.0},{"damage":0.0,"enemies":"3 Louse","floor":10.0,"turns":1.0},{"damage":0.0,"enemies":"3 Sentries","floor":12.0,"turns":2.0},{"damage":1.0,"enemies":"Red Slaver","floor":14.0,"turns":2.0},{"damage":14.0,"enemies":"The Guardian","floor":16.0,"turns":7.0},{"damage":0.0,"enemies":"2 Thieves","floor":18.0,"turns":2.0},{"damage":5.0,"enemies":"Shell Parasite","floor":20.0,"turns":2.0},{"damage":14.0,"enemies":"Chosen and Byrds","floor":21.0,"turns":3.0},{"damage":0.0,"enemies":"3 Cultists","floor":22.0,"turns":2.0},{"damage":12,"enemies":"Slavers","floor":24,"turns":3},{"damage":27,"enemies":"Automaton","floor":33,"turns":5},{"damage":0,"enemies":"3 Darklings","floor":35,"turns":2},{"damage":21,"enemies":"3 Shapes","floor":36,"turns":3},{"damage":0,"enemies":"Maw","floor":39,"turns":4},{"damage":16,"enemies":"Giant Head","floor":41,"turns":6},{"damage":0,"enemies":"3 Darklings","floor":42,"turns":2},{"damage":20,"enemies":"Nemesis","floor":44,"turns":4},{"damage":6,"enemies":"Jaw Worm Horde","floor":45,"turns":3},{"damage":77,"enemies":"Awakened One","floor":50,"turns":5}],"seed_played":"8889195227641429943","potions_obtained":[{"floor":1.0,"key":"PowerPotion"},{"floor":4.0,"key":"StancePotion"},{"floor":5.0,"key":"DuplicationPotion"},{"floor":14.0,"key":"LiquidBronze"},{"floor":18.0,"key":"Dexterity Potion"},{"floor":36,"key":"DuplicationPotion"}],"is_trial":false,"path_per_floor":["M","?","?","M","M","E","M","R","T","M","T","E","?","M","R","B",null,"M","?","M","M","M","R","E","R","T","?","R","T","?","$","R","B",null,"M","M","?","?","M","R","E","M","T","E","M","R","$","?","R","B"],"character_chosen":"WATCHER","items_purchased":["Shuriken","Bag of Marbles","Meditate","Mango","Wallop","Swivel"],"campfire_rested":1,"item_purchase_floors":[31,31,31,47,47,47],"current_hp_per_floor":[72,61,61,61,61,61,61,61,61,61,61,61,43,42,42,28,72,72,72,67,53,53,53,41,41,41,41,41,41,41,41,41,19,72,72,56,56,56,61,61,50,55,55,40,39,59,73,73,73,0,0],"gold":47,"neow_bonus":"RANDOM_COLORLESS","is_daily":false,"chose_seed":false,"campfire_upgraded":8,"win_rate":0.0,"timestamp":1611464668,"path_taken":["M","?","?","M","M","E","?","R","T","M","?","E","?","M","R","BOSS","M","?","M","M","?","R","E","R","T","?","R","?","?","$","R","BOSS","M","M","?","?","M","R","E","M","T","E","M","R","$","?","R","BOSS"],"items_purchased_type":["Relic","Relic","Card","Relic","Card","Card"],"build_version":"2020-12-22","purchased_purges":1,"victory":false,"max_hp_per_floor":[72,72,72,72,72,72,72,72,72,72,72,72,72,72,72,72,72,72,72,72,72,72,72,72,72,72,72,72,72,72,72,72,72,72,72,72,68,68,68,68,68,68,68,68,68,68,82,82,82,82,82],"card_choices":[{"not_picked":["Madness","Mind Blast"],"picked":"Trip","floor":0.0},{"not_picked":["EmptyBody","FlyingSleeves"],"picked":"BowlingBash","floor":1.0},{"not_picked":["InnerPeace","Prostrate"],"picked":"BattleHymn","floor":4.0},{"not_picked":["Halt","JustLucky"],"picked":"CutThroughFate","floor":5.0},{"not_picked":["Crescendo","Worship"],"picked":"Tantrum","floor":6.0},{"not_picked":["Consecrate","MentalFortress","BowlingBash"],"picked":"Scrawl","floor":7.0},{"not_picked":["FearNoEvil","FlyingSleeves","BowlingBash"],"picked":"TalkToTheHand","floor":10.0},{"not_picked":["Prostrate","LikeWater","CarveReality"],"picked":"Tantrum","floor":12.0},{"not_picked":["EmptyFist","JustLucky","Tantrum"],"picked":"Vault","floor":14.0},{"not_picked":["Establishment","Devotion","Scrawl"],"picked":"DeusExMachina","floor":16.0},{"not_picked":["Perseverance","WreathOfFlame","ThirdEye"],"picked":"SashWhip+1","floor":18.0},{"not_picked":["ClearTheMind+1","FlurryOfBlows+1","Crescendo"],"picked":"WindmillStrike+1","floor":20.0},{"not_picked":["Prostrate","FollowUp","EmptyBody"],"picked":"Adaptation","floor":21.0},{"not_picked":["ThirdEye","Halt","EmptyBody+1","SashWhip"],"picked":"SKIP","floor":22.0},{"not_picked":["Omniscience","Weave+1","CutThroughFate"],"picked":"WheelKick","floor":24},{"not_picked":["SpiritShield","Judgement","DeusExMachina"],"picked":"Ragnarok","floor":33},{"not_picked":["Prostrate+1","JustLucky+1","BowlingBash+1","Evaluate"],"picked":"SKIP","floor":35},{"not_picked":["FollowUp","Halt+1","Consecrate+1","FlurryOfBlows"],"picked":"SKIP","floor":36},{"not_picked":["Crescendo+1","BowlingBash+1","JustLucky","Prostrate"],"picked":"SKIP","floor":39},{"not_picked":["BowlingBash","EmptyFist+1","Nirvana"],"picked":"Fasting2","floor":41},{"not_picked":["Conclude","BowlingBash","Consecrate+1"],"picked":"Omniscience","floor":42},{"not_picked":["MasterReality","WaveOfTheHand","EmptyFist+1"],"picked":"DevaForm","floor":44},{"not_picked":["PathToVictory","Nirvana+1","EmptyFist","FlyingSleeves+1"],"picked":"SKIP","floor":45}],"player_experience":1143086,"relics_obtained":[{"floor":6.0,"key":"Question Card"},{"floor":9.0,"key":"Letter Opener"},{"floor":11.0,"key":"Oddly Smooth Stone"},{"floor":12.0,"key":"Ornamental Fan"},{"floor":24,"key":"Orichalcum"},{"floor":26,"key":"Pen Nib"},{"floor":29,"key":"Kunai"},{"floor":41,"key":"TeardropLocket"},{"floor":43,"key":"Ancient Tea Set"},{"floor":44,"key":"War Paint"}],"event_choices":[{"damage_healed":0.0,"max_hp_gain":0.0,"max_hp_loss":0.0,"gold_gain":75.0,"event_name":"World of Goop","player_choice":"Gather Gold","floor":2.0,"gold_loss":0.0,"damage_taken":11.0},{"damage_healed":0.0,"max_hp_gain":0.0,"max_hp_loss":0.0,"gold_gain":0.0,"cards_transformed":["Defend_P"],"event_name":"Transmorgrifier","player_choice":"Transformed","floor":3.0,"gold_loss":0.0,"damage_taken":0.0,"cards_obtained":["FollowUp"]},{"damage_healed":0.0,"max_hp_gain":0.0,"max_hp_loss":0.0,"gold_gain":0.0,"event_name":"Golden Idol","player_choice":"Take Damage","floor":13.0,"gold_loss":0.0,"damage_taken":18.0,"relics_obtained":["Golden Idol"]},{"damage_healed":0.0,"max_hp_gain":0.0,"max_hp_loss":0.0,"gold_gain":0.0,"event_name":"The Woman in Blue","player_choice":"Bought 0 Potions","floor":19.0,"gold_loss":0.0,"damage_taken":0.0},{"damage_healed":0,"gold_gain":99,"player_choice":"Stole From Cult","damage_taken":0,"max_hp_gain":0,"max_hp_loss":0,"event_name":"Nest","floor":27,"gold_loss":0},{"damage_healed":0,"gold_gain":0,"player_choice":"Gave Idol","damage_taken":0,"relics_obtained":["Bloody Idol"],"max_hp_gain":0,"max_hp_loss":0,"event_name":"Forgotten Altar","floor":30,"relics_lost":["Golden Idol"],"gold_loss":0},{"damage_healed":0,"gold_gain":0,"player_choice":"Max HP","damage_taken":0,"max_hp_gain":0,"max_hp_loss":4,"event_name":"Winding Halls","floor":37,"gold_loss":0},{"damage_healed":0,"gold_gain":0,"player_choice":"Ignored","damage_taken":0,"max_hp_gain":0,"max_hp_loss":0,"event_name":"Tomb of Lord Red Mask","floor":38,"gold_loss":0},{"damage_healed":0,"gold_gain":0,"player_choice":"Memory 1","damage_taken":0,"max_hp_gain":0,"max_hp_loss":0,"event_name":"SensoryStone","floor":48,"gold_loss":0}],"is_beta":false,"boss_relics":[{"not_picked":["Ectoplasm","Black Star"],"picked":"Snecko Eye"},{"not_picked":["Runic Pyramid","Busted Crown"],"picked":"VioletLotus"}],"items_purged_floors":[31],"is_endless":false,"potions_floor_spawned":[1,4,5,7,14,18,21,36,39],"killed_by":"Awakened One","ascension_level":0}}