{"host":"0qevis500jgmlc2v","time":1611454869,"event":{"mods":["Act Like it!","Aspiration","BaseMod","Conspire","Energized Spire","Friendly Minions","GifTheSpireLib","Hubris","Minty Spire (QoL Compilation)","Pale of the Ancients","Quick Restart","Shop Mod","StSLib","vexMod","【功能Mod】聪明的最终Boss"],"gold_per_floor":[119,34,53,128,53,78,78,112,112,112,123,151,151,201,201,201,201],"floor_reached":16,"language":"ZHS","playtime":411,"items_purged":[],"score":282,"play_id":"41f32af7-0ee3-4fa9-8a4d-1a25f302dd1e","local_time":"20210124102109","is_ascension_mode":true,"campfire_choices":[{"data":"hubris:SlightOfHand","floor":7.0,"key":"SMITH"},{"floor":13.0,"key":"REST"},{"data":"Neutralize","floor":15.0,"key":"SMITH"}],"circlet_count":0,"master_deck":["AscendersBane","Strike_G","Strike_G","Strike_G","Strike_G","Defend_G","Defend_G","Defend_G","Defend_G","Defend_G","Survivor","Neutralize+1","Dagger Spray","Acrobatics","hubris:SlightOfHand+1","Terror","Expertise","Heel Hook","PiercingWail"],"relics":["Ring of the Snake","NeowsBlessing","Vajra","TungstenRod","Pear","conspire:InfiniteJournal"],"acts_visited":["Exordium"],"potions_floor_usage":[],"damage_taken":[{"damage":0.0,"enemies":"Jaw Worm","floor":1.0,"turns":1.0},{"damage":0.0,"enemies":"Small Slimes","floor":3.0,"turns":1.0},{"damage":0.0,"enemies":"Gremlin Nob","floor":6.0,"turns":1.0},{"damage":39.0,"enemies":"3 Sentries","floor":8.0,"turns":9.0},{"damage":0.0,"enemies":"2 Louse","floor":11.0,"turns":2.0},{"damage":18.0,"enemies":"Lagavulin","floor":12.0,"turns":6.0},{"damage":0,"enemies":"Hexaghost","floor":16,"turns":2}],"seed_played":"2014284420823342295","potions_obtained":[{"floor":8.0,"key":"Fire Potion"},{"floor":11.0,"key":"Strength Potion"}],"is_trial":false,"path_per_floor":["M","$","M","?","?","E","R","E","T","?","M","E","R","?","R","B"],"character_chosen":"THE_SILENT","items_purchased":["Acrobatics","hubris:SlightOfHand"],"campfire_rested":1,"item_purchase_floors":[2,2],"current_hp_per_floor":[59,59,59,48,48,48,48,9,19,19,19,1,23,23,23,23,23],"gold":201,"neow_bonus":"THREE_ENEMY_KILL","is_daily":false,"chose_seed":false,"campfire_upgraded":2,"win_rate":0.0,"timestamp":1611454869,"path_taken":["M","$","M","?","?","E","R","E","T","?","M","E","R","?","R","BOSS"],"items_purchased_type":["Card","Card"],"build_version":"2020-12-22","purchased_purges":0,"victory":false,"max_hp_per_floor":[66,66,66,66,66,66,66,66,76,76,76,76,76,76,76,76,76],"card_choices":[{"not_picked":["Prepared","Slice"],"picked":"Dagger Spray","floor":1.0},{"not_picked":["Dagger Throw","Deflect","Acrobatics"],"picked":"SKIP","floor":3.0},{"not_picked":["Poisoned Stab","Skewer"],"picked":"Terror","floor":6.0},{"not_picked":["Underhanded Strike","A Thousand Cuts"],"picked":"Expertise","floor":8.0},{"not_picked":["Quick Slash","Dagger Spray"],"picked":"Heel Hook","floor":11.0},{"not_picked":["Setup","Outmaneuver"],"picked":"PiercingWail","floor":12.0}],"player_experience":756621,"relics_obtained":[{"floor":6.0,"key":"Vajra"},{"floor":8.0,"key":"TungstenRod"},{"floor":9.0,"key":"Pear"},{"floor":12.0,"key":"conspire:InfiniteJournal"}],"event_choices":[{"damage_healed":0.0,"max_hp_gain":0.0,"max_hp_loss":0.0,"gold_gain":75.0,"event_name":"World of Goop","player_choice":"Gather Gold","floor":4.0,"gold_loss":0.0,"damage_taken":11.0},{"cards_removed":["Strike_G"],"damage_healed":0.0,"max_hp_gain":0.0,"max_hp_loss":0.0,"gold_gain":0.0,"event_name":"The Cleric","player_choice":"Card Removal","floor":5.0,"gold_loss":75.0,"damage_taken":0.0},{"damage_healed":0.0,"max_hp_gain":0.0,"max_hp_loss":0.0,"gold_gain":0.0,"event_name":"Scrap Ooze","player_choice":"Fled","floor":10.0,"gold_loss":0.0,"damage_taken":0.0},{"damage_healed":0.0,"max_hp_gain":0.0,"max_hp_loss":0.0,"gold_gain":50.0,"event_name":"Golden Shrine","player_choice":"Pray","floor":14.0,"gold_loss":0.0,"damage_taken":0.0}],"is_beta":false,"boss_relics":[],"items_purged_floors":[],"is_endless":false,"potions_floor_spawned":[8,11],"killed_by":"Hexaghost","ascension_level":20}}