{"host":"04hh9gplt9wkfmr1","time":1611498947,"event":{"mods":["AchievementEnabler","BaseMod","Colored Map","KOR Keyword Fix","Minty Spire (QoL Compilation)","Rare Cards Sparkle","SuperFastMode"],"gold_per_floor":[118,142,317,219,236,236,249,274,274,8,8,40,40,66,66,165,165,177,177,193,206,206,206,232,232,232,267,287,287,298,316,316,420,420,433,72,72,85,95,95,95,95,95,113,113,124,134,13,13,13],"floor_reached":51,"language":"KOR","playtime":1951,"items_purged":["Doubt"],"score":1087,"play_id":"a0916c7e-fad2-49e9-bc7b-a07c0d590218","local_time":"20210124233547","is_ascension_mode":true,"campfire_choices":[{"data":"Blade Dance","floor":6.0,"key":"SMITH"},{"data":"Apotheosis","floor":11.0,"key":"SMITH"},{"floor":13.0,"key":"REST"},{"data":"Infinite Blades","floor":15.0,"key":"SMITH"},{"data":"Adrenaline","floor":23.0,"key":"SMITH"},{"floor":25.0,"key":"REST"},{"data":"Blade Dance","floor":29.0,"key":"SMITH"},{"data":"Blade Dance","floor":32.0,"key":"SMITH"},{"data":"Cloak And Dagger","floor":40,"key":"SMITH"},{"data":"Prepared","floor":41,"key":"SMITH"},{"data":"PiercingWail","floor":42,"key":"SMITH"},{"data":"Prepared","floor":49,"key":"SMITH"}],"circlet_count":0,"master_deck":["Strike_G+1","Strike_G+1","Defend_G+1","Defend_G+1","Defend_G+1","Defend_G+1","Defend_G+1","Survivor","Neutralize","PiercingWail","Blade Dance+1","Blade Dance+1","Apotheosis+1","Infinite Blades+1","Terror","Slice","Adrenaline+1","Bullet Time+1","Concentrate+1","Wraith Form v2+1","Cloak And Dagger+1","Backflip","PiercingWail+1","Blade Dance+1","Blade Dance+1","Noxious Fumes+1","After Image+1","Prepared+1","Choke","Footwork+1","Skewer+1","Madness","Madness","Skewer+1","Backflip+1","Accuracy+1","Prepared+1"],"relics":["Ring of the Snake","Bag of Preparation","War Paint","Mummified Hand","Tiny Chest","Ancient Tea Set","Astrolabe","Bird Faced Urn","Frozen Egg 2","WingedGreaves","Busted Crown","Ornamental Fan","Blue Candle","Gremlin Horn"],"acts_visited":["Exordium","TheCity","TheBeyond"],"potions_floor_usage":[38,50,50],"damage_taken":[{"damage":2.0,"enemies":"Cultist","floor":1.0,"turns":5.0},{"damage":3.0,"enemies":"Small Slimes","floor":5.0,"turns":4.0},{"damage":0.0,"enemies":"Jaw Worm","floor":7.0,"turns":3.0},{"damage":12.0,"enemies":"3 Sentries","floor":8.0,"turns":11.0},{"damage":32.0,"enemies":"Lagavulin","floor":12.0,"turns":7.0},{"damage":12.0,"enemies":"Gremlin Nob","floor":14.0,"turns":3.0},{"damage":23.0,"enemies":"Slime Boss","floor":16.0,"turns":9.0},{"damage":13.0,"enemies":"Spheric Guardian","floor":18.0,"turns":4.0},{"damage":0.0,"enemies":"Chosen","floor":20.0,"turns":4.0},{"damage":0.0,"enemies":"Snake Plant","floor":21.0,"turns":5.0},{"damage":7.0,"enemies":"Slavers","floor":24.0,"turns":8.0},{"damage":0.0,"enemies":"Book of Stabbing","floor":27.0,"turns":5.0},{"damage":4.0,"enemies":"Cultist and Chosen","floor":28.0,"turns":6.0},{"damage":1.0,"enemies":"Snecko","floor":30.0,"turns":4.0},{"damage":0.0,"enemies":"3 Cultists","floor":31.0,"turns":6.0},{"damage":47.0,"enemies":"Collector","floor":33.0,"turns":11.0},{"damage":0,"enemies":"3 Darklings","floor":35,"turns":5},{"damage":0,"enemies":"Orb Walker","floor":38,"turns":2},{"damage":0,"enemies":"3 Darklings","floor":39,"turns":6},{"damage":0,"enemies":"Jaw Worm Horde","floor":44,"turns":5},{"damage":4,"enemies":"Maw","floor":46,"turns":6},{"damage":0,"enemies":"Writhing Mass","floor":47,"turns":5},{"damage":23,"enemies":"Awakened One","floor":50,"turns":9}],"seed_played":"-462485078193888385","potions_obtained":[{"floor":5.0,"key":"EssenceOfSteel"},{"floor":7.0,"key":"CunningPotion"},{"floor":12.0,"key":"Poison Potion"},{"floor":18.0,"key":"Block Potion"},{"floor":21.0,"key":"GamblersBrew"},{"floor":22.0,"key":"Weak Potion"},{"floor":22.0,"key":"Fruit Juice"},{"floor":22.0,"key":"CunningPotion"},{"floor":28.0,"key":"Explosive Potion"},{"floor":30.0,"key":"SteroidPotion"},{"floor":35,"key":"Weak Potion"},{"floor":44,"key":"Block Potion"},{"floor":47,"key":"LiquidMemories"}],"is_trial":false,"path_per_floor":["M","T","?","$","M","R","M","E","T","$","R","E","R","E","R","B",null,"M","?","M","M","?","R","E","R","T","E","M","R","M","M","R","B",null,"M","$","T","M","M","R","R","R","T","M","?","M","M","$","R","B",null],"character_chosen":"THE_SILENT","items_purchased":["Blade Dance","Apotheosis","Infinite Blades","Ornamental Fan","Choke","Footwork+1","Accuracy+1","Prepared"],"campfire_rested":2,"item_purchase_floors":[4,10,10,36,36,36,48,48],"current_hp_per_floor":[68,68,68,68,65,65,65,53,53,53,53,21,44,32,32,9,60,47,47,47,47,52,52,45,69,69,73,71,71,74,78,78,37,71,79,79,79,82,82,82,82,82,82,82,72,76,82,82,82,60],"gold":13,"neow_bonus":"TEN_PERCENT_HP_BONUS","is_daily":false,"chose_seed":false,"campfire_upgraded":10,"win_rate":0.0,"timestamp":1611498947,"path_taken":["M","?","?","$","M","R","M","E","T","?","R","E","R","E","R","BOSS","M","?","M","M","?","R","E","R","T","E","?","R","M","M","R","BOSS","M","$","?","?","M","R","R","R","T","M","?","M","M","$","R","BOSS"],"items_purchased_type":["Card","Card","Card","Relic","Card","Card","Card","Card"],"build_version":"2020-12-22","purchased_purges":1,"victory":true,"max_hp_per_floor":[77,77,77,77,77,77,77,77,77,77,77,77,77,77,77,77,77,77,77,77,77,82,82,82,82,82,82,82,82,82,82,82,82,82,82,82,82,82,82,82,82,82,82,82,82,82,82,82,82,82],"card_choices":[{"not_picked":["Poisoned Stab","Prepared"],"picked":"PiercingWail","floor":1.0},{"not_picked":["Acrobatics","Prepared","Quick Slash"],"picked":"SKIP","floor":5.0},{"not_picked":["Acrobatics","Prepared","Quick Slash"],"picked":"SKIP","floor":5.0},{"not_picked":["Calculated Gamble","Bane","Tactician"],"picked":"SKIP","floor":7.0},{"not_picked":["Dagger Throw","Unload"],"picked":"Blade Dance","floor":8.0},{"not_picked":["Poisoned Stab","Riddle With Holes"],"picked":"Terror","floor":12.0},{"not_picked":["Underhanded Strike","Dagger Spray"],"picked":"Slice","floor":14.0},{"not_picked":["Malaise","Grand Finale"],"picked":"Adrenaline","floor":16.0},{"not_picked":["Deflect","Bane"],"picked":"Cloak And Dagger","floor":18.0},{"not_picked":["Dodge and Roll","Crippling Poison+1"],"picked":"Backflip","floor":20.0},{"not_picked":["Calculated Gamble","Deadly Poison+1"],"picked":"PiercingWail","floor":21.0},{"not_picked":["Setup","All Out Attack","Calculated Gamble"],"picked":"SKIP","floor":24.0},{"not_picked":["Outmaneuver+1","Reflex+1"],"picked":"Blade Dance+1","floor":27.0},{"not_picked":["Outmaneuver","Deflect+1","Slice+1"],"picked":"SKIP","floor":28.0},{"not_picked":["Outmaneuver+1","Slice"],"picked":"Blade Dance","floor":30.0},{"not_picked":["Poisoned Stab","Underhanded Strike+1"],"picked":"Noxious Fumes+1","floor":31.0},{"not_picked":["Die Die Die","Malaise"],"picked":"After Image+1","floor":33.0},{"not_picked":[],"picked":"Prepared","floor":35},{"not_picked":["Skewer+1"],"picked":"SKIP","floor":38},{"not_picked":[],"picked":"Skewer+1","floor":38},{"not_picked":["Sucker Punch+1"],"picked":"SKIP","floor":39},{"not_picked":["Poisoned Stab"],"picked":"SKIP","floor":44},{"not_picked":[],"picked":"Skewer+1","floor":46},{"not_picked":[],"picked":"Backflip+1","floor":47}],"player_experience":77526,"relics_obtained":[{"floor":2.0,"key":"Bag of Preparation"},{"floor":8.0,"key":"War Paint"},{"floor":9.0,"key":"Mummified Hand"},{"floor":12.0,"key":"Tiny Chest"},{"floor":14.0,"key":"Ancient Tea Set"},{"floor":24.0,"key":"Bird Faced Urn"},{"floor":26.0,"key":"Frozen Egg 2"},{"floor":27.0,"key":"WingedGreaves"},{"floor":37,"key":"Blue Candle"},{"floor":43,"key":"Gremlin Horn"}],"event_choices":[{"damage_healed":0.0,"max_hp_gain":0.0,"max_hp_loss":0.0,"gold_gain":175.0,"event_name":"Liars Game","player_choice":"AGREE","floor":3.0,"gold_loss":0.0,"damage_taken":0.0,"cards_obtained":["Doubt"]},{"damage_healed":0.0,"max_hp_gain":0.0,"max_hp_loss":0.0,"gold_gain":0.0,"event_name":"Back to Basics","player_choice":"Simplicity","floor":19.0,"gold_loss":0.0,"damage_taken":0.0,"cards_upgraded":["Strike_G","Strike_G","Defend_G","Defend_G","Defend_G"]},{"damage_healed":0.0,"max_hp_gain":0.0,"max_hp_loss":0.0,"gold_gain":0.0,"event_name":"Lab","player_choice":"Got Potions","floor":22.0,"gold_loss":0.0,"damage_taken":0.0},{"damage_healed":0,"gold_gain":0,"player_choice":"Embrace Madness","damage_taken":10,"max_hp_gain":0,"max_hp_loss":0,"event_name":"Winding Halls","floor":45,"gold_loss":0,"cards_obtained":["Madness","Madness"]}],"is_beta":false,"boss_relics":[{"not_picked":["Philosopher\u0027s Stone","Empty Cage"],"picked":"Astrolabe"},{"not_picked":["Tiny House","Pandora\u0027s Box"],"picked":"Busted Crown"}],"items_purged_floors":[4],"is_endless":false,"potions_floor_spawned":[5,7,12,18,21,28,30,35,44,47],"ascension_level":8}}