{"host":"d73an99q9oevilk5","time":1611480847,"event":{"mods":["2.2 Compatiblity","AchievementEnabler","Act Like it!","Aspiration","BaseMod","Beaked The Cultist","Better Third Choice","BetterRewards","Colored Map","Colored Powertips","Conspire","GifTheSpireLib","Halation","Hubris","Infinite Spire","Mimic Mod","Minty Spire (QoL Compilation)","Quick Restart","Relic Sorter","Replay The Spire","Shop Mod","Spikes Relics","StSLib","Stuff the Spire","The Cursed","The Necromancer","The Saiyan","Waifu the Spire","egg","slay the spire mod where everything is the same but ironclad has a cowboy hat","vexMod"],"gold_per_floor":[116,128,144,18,34,62,74,174,225,225,225,225,245,245,245,245,245],"floor_reached":16,"language":"ENG","playtime":658,"items_purged":[],"score":152,"play_id":"dbf61167-69d6-4be7-abdc-4bda0aafca8c","local_time":"20210124023407","is_ascension_mode":false,"campfire_choices":[{"floor":12,"key":"REST"},{"floor":15,"key":"REST"}],"circlet_count":0,"master_deck":["Strike_G","Strike_G","Strike_G","Strike_G","Strike_G","Defend_G","Defend_G","Defend_G","Defend_G","Defend_G","Survivor","Neutralize","Accuracy+1","Hidden Blade+1","Calculated Gamble","Cloak And Dagger","Footwork","BlessedFruit","BlessedFruit"],"relics":["Ring of the Snake","Guide Book","Replay:Towering Pillar of Hats","Calipers","Letter Opener","Replay:Rubber Ducky","infinitespire:Cupcake","HeavenlyBonsai","Blue Doll"],"acts_visited":["Exordium"],"potions_floor_usage":[5,16],"damage_taken":[{"damage":3.0,"enemies":"infinitespire:Voidling","floor":1.0,"turns":7.0},{"damage":0.0,"enemies":"2 Louse","floor":2.0,"turns":2.0},{"damage":0.0,"enemies":"Jaw Worm","floor":3.0,"turns":3.0},{"damage":7,"enemies":"Gremlin Gang","floor":5,"turns":5},{"damage":20,"enemies":"3 Sentries","floor":6,"turns":10},{"damage":1,"enemies":"Red Slaver","floor":7,"turns":5},{"damage":0,"enemies":"Looter","floor":13,"turns":4},{"damage":55,"enemies":"Fading Forest","floor":16,"turns":8}],"seed_played":"-5759479893732661130","potions_obtained":[{"floor":2.0,"key":"SpeedPotion"},{"floor":6,"key":"SpeedPotion"},{"floor":7,"key":"Swift Potion"}],"is_trial":false,"path_per_floor":["M","M","M","$","M","E","M","?","T","AVR","$","R","M","?","R_BF","B"],"character_chosen":"THE_SILENT","items_purchased":["Accuracy","Hidden Blade","Guide Book","Replay:Towering Pillar of Hats","Calipers","Footwork","Energy Potion"],"campfire_rested":2,"item_purchase_floors":[0,0,0,0,0,4,4],"current_hp_per_floor":[35,35,35,35,28,8,7,7,7,7,7,26,28,28,48,0,0],"gold":245,"neow_bonus":"","is_daily":false,"chose_seed":false,"campfire_upgraded":0,"win_rate":0.0,"timestamp":1611480847,"path_taken":["M","M","?","$","M","E","M","?","T","AVR","?","R","?","?","R_BF","BOSS"],"items_purchased_type":["Card","Card","Relic","Relic","Relic","Card","Potion"],"build_version":"2020-12-22","purchased_purges":0,"victory":false,"max_hp_per_floor":[65,65,65,65,65,65,65,65,65,65,65,65,67,67,67,69,69],"card_choices":[{"not_picked":["StuffTheSpire:Injection","ReplayTheSpireMod:Shiv Toss"],"picked":"Calculated Gamble","floor":1.0},{"not_picked":["StuffTheSpire:DoubleShiv","Masterful Stab"],"picked":"Cloak And Dagger","floor":2.0},{"not_picked":["Reflex","Dagger Throw","Endless Agony"],"picked":"SKIP","floor":3.0},{"not_picked":["Bouncing Flask","Acrobatics","StuffTheSpire:Injection"],"picked":"SKIP","floor":5},{"not_picked":["Underhanded Strike","Masterful Stab","Acrobatics"],"picked":"SKIP","floor":6},{"not_picked":["Envenom","StuffTheSpire:Python","Slice"],"picked":"SKIP","floor":7},{"not_picked":["Prepared","Bane","StuffTheSpire:BumpUp"],"picked":"SKIP","floor":13}],"player_experience":1773881,"relics_obtained":[{"floor":6,"key":"Letter Opener"},{"floor":9,"key":"Replay:Rubber Ducky"}],"event_choices":[{"damage_healed":0,"gold_gain":100,"player_choice":"Pray","damage_taken":0,"max_hp_gain":0,"max_hp_loss":0,"event_name":"Golden Shrine","floor":8,"gold_loss":0},{"damage_healed":0,"gold_gain":0,"player_choice":"Gave Potion","damage_taken":0,"relics_obtained":["Blue Doll"],"max_hp_gain":0,"max_hp_loss":0,"event_name":"WeMeetAgain","floor":14,"gold_loss":0}],"is_beta":false,"boss_relics":[],"items_purged_floors":[],"is_endless":false,"potions_floor_spawned":[2,6,7,13],"killed_by":"Fading Forest","ascension_level":0}}