{"host":"8dcew1qsr5slulj9","time":1611522120,"event":{"mods":["BaseMod","Koishi","Marisa????????","Minty Spire (QoL Compilation)","Prisma Mod","StSLib","The Hierophant","The Jungle","The Necromancer","The Servant 0.9.4"],"gold_per_floor":[113,127,145,145,173,232,232,250,319,346,421,468,157,213,213,347,406,448,448,457,510,566,566,634,634,634,634,330,365,414,414,414,535,535,566,367,421,509,544,544,568,630,639,648,673,673,347,376,376,390,390,390,80,122,140],"floor_reached":56,"language":"ENG","playtime":4607,"items_purged":["Strike_MRS","Strike_MRS","Shame","Pain"],"score":1288,"play_id":"f28aba6a-be64-4bcf-a1f1-68f73a193259","local_time":"20210124150200","is_ascension_mode":false,"campfire_choices":[{"floor":7.0,"key":"REST"},{"floor":15.0,"key":"REST"},{"data":"MillisecondPulsars","floor":23.0,"key":"SMITH"},{"floor":25.0,"key":"REST"},{"data":"AbsoluteMagnitude","floor":27.0,"key":"SMITH"},{"data":"Acceleration","floor":32.0,"key":"SMITH"},{"floor":40,"key":"RECALL"},{"floor":46,"key":"REST"},{"data":"BinaryStars","floor":49,"key":"SMITH"},{"data":"AsteroidBelt","floor":52,"key":"SMITH"}],"circlet_count":0,"master_deck":["Strike_MRS","Strike_MRS+1","Defend_MRS","Defend_MRS","Defend_MRS","Defend_MRS","MasterSpark","UpSweep+1","WitchLeyline","GalacticHalo","Robbery","6A","DarkSpark","ShootingEcho","AlicesGift","MillisecondPulsars+1","WitchOfGreed","SprinkleStarSeal","AbsoluteMagnitude+1","FairyDestructionRay","DeepEcoloBomb","Acceleration+1","StarlightTyphoon+1","AsteroidBelt+1","EnergyFlow","Master of Strategy","BinaryStars+1","Finesse","ChargeUpSpray","OrrerysSun","OrrerysSun+1","Acceleration+1","Acceleration+1","Occultation+1","Singularity","Orbital+1"],"relics":["MiniHakkero","Centennial Puzzle","Eternal Feather","Calipers","Membership Card","CeramicFish","Tiny House","theJungle:BirthdayCakeSlice","theJungle:PaperFaux","Happy Flower","Ornamental Fan","Frozen Eye","Bag of Preparation","Cursed Key","Oddly Smooth Stone","Ice Cream","Prayer Wheel","Strawberry","Blood Vial","ClockworkSouvenir","AmplifyWand","OrangePellets"],"acts_visited":["Exordium","theJungle:Jungle","TheBeyond","TheEnding"],"potions_floor_usage":[35,39,45,45,48,50,55,55,55],"damage_taken":[{"damage":8.0,"enemies":"Jaw Worm","floor":1.0,"turns":3.0},{"damage":1.0,"enemies":"2 Louse","floor":2.0,"turns":2.0},{"damage":0.0,"enemies":"Small Slimes","floor":3.0,"turns":2.0},{"damage":11.0,"enemies":"2 Fungi Beasts","floor":5.0,"turns":5.0},{"damage":31.0,"enemies":"3 Sentries","floor":6.0,"turns":12.0},{"damage":3.0,"enemies":"Lots of Slimes","floor":8.0,"turns":3.0},{"damage":10.0,"enemies":"Looter","floor":10.0,"turns":3.0},{"damage":14.0,"enemies":"Lagavulin","floor":12.0,"turns":5.0},{"damage":0.0,"enemies":"Large Slime","floor":14.0,"turns":3.0},{"damage":40.0,"enemies":"Hexaghost","floor":16.0,"turns":10.0},{"damage":6.0,"enemies":"theJungle:MUSHROOMGANG","floor":18.0,"turns":2.0},{"damage":21.0,"enemies":"Shell Parasite","floor":21.0,"turns":7.0},{"damage":21.0,"enemies":"theJungle:SlimyTreeVines","floor":22.0,"turns":5.0},{"damage":26.0,"enemies":"theJungle:Cassacara","floor":24.0,"turns":6.0},{"damage":21.0,"enemies":"Snake Plant","floor":29.0,"turns":6.0},{"damage":20.0,"enemies":"theJungle:2_Snecko_Cultists","floor":30.0,"turns":3.0},{"damage":0.0,"enemies":"theJungle:JungleHuntersEncounter","floor":31.0,"turns":2.0},{"damage":7.0,"enemies":"theJungle:QueenSpyder","floor":33.0,"turns":12.0},{"damage":1,"enemies":"Orb Walker","floor":35,"turns":3},{"damage":14,"enemies":"3 Shapes","floor":37,"turns":6},{"damage":3,"enemies":"Mind Bloom Boss Battle","floor":38,"turns":6},{"damage":17,"enemies":"Writhing Mass","floor":39,"turns":3},{"damage":5,"enemies":"Spire Growth","floor":41,"turns":4},{"damage":0,"enemies":"Giant Head","floor":42,"turns":8},{"damage":24,"enemies":"Jaw Worm Horde","floor":45,"turns":6},{"damage":8,"enemies":"Sphere and 2 Shapes","floor":48,"turns":5},{"damage":27,"enemies":"Awakened One","floor":50,"turns":15},{"damage":9,"enemies":"Shield and Spear","floor":54,"turns":5},{"damage":5,"enemies":"The Heart","floor":55,"turns":10}],"seed_played":"-4943906593456913513","potions_obtained":[{"floor":2.0,"key":"SneckoOil"},{"floor":3.0,"key":"Strength Potion"},{"floor":14.0,"key":"ColorlessPotion"},{"floor":14.0,"key":"FairyPotion"},{"floor":16.0,"key":"FearPotion"},{"floor":21.0,"key":"Energy Potion"},{"floor":29.0,"key":"SkillPotion"},{"floor":30.0,"key":"ShroomBrew"},{"floor":33.0,"key":"LiquidMemories"},{"floor":35,"key":"Swift Potion"},{"floor":37,"key":"PowerPotion"},{"floor":39,"key":"Explosive Potion"},{"floor":48,"key":"DuplicationPotion"}],"is_trial":false,"path_per_floor":["M","M","M","?","M","E","R","M","T","M","?","E","$","M","R","B",null,"M","?","?","M","M","R","E","R","T","R","$","M","M","M","R","B",null,"M","$","M","?","M","R","M","E","T","?","M","R","$","M","R","B",null,"R","$","E","B",null],"character_chosen":"MARISA","items_purchased":["Membership Card","CeramicFish","Fire Potion","WitchOfGreed","Frozen Eye","EnergyFlow","Master of Strategy","Bag of Preparation","Oddly Smooth Stone","Finesse","ChargeUpSpray","Strawberry","Blood Vial","ClockworkSouvenir","Block Potion","AmplifyWand","OrangePellets","Singularity","EntropicBrew","DistilledChaos"],"campfire_rested":4,"item_purchase_floors":[13,13,13,13,28,28,28,28,36,36,36,47,47,47,47,53,53,53,53,53],"current_hp_per_floor":[74,73,73,73,62,31,55,52,52,42,31,17,17,17,50,10,87,81,86,86,65,49,64,38,80,80,92,92,71,51,51,66,59,92,91,91,77,74,57,75,70,70,70,70,46,91,98,91,99,72,99,99,99,90,99],"gold":140,"neow_bonus":"TEN_PERCENT_HP_BONUS","is_daily":false,"chose_seed":false,"campfire_upgraded":5,"win_rate":0.0,"timestamp":1611522120,"path_taken":["M","M","M","?","M","E","R","M","T","M","?","E","?","M","R","BOSS","M","?","?","M","M","R","E","R","T","R","$","?","M","M","R","BOSS","M","$","M","?","M","R","M","E","T","?","M","R","$","?","R","BOSS","R","$","E","BOSS"],"items_purchased_type":["Relic","Relic","Potion","Card","Relic","Card","Card","Relic","Relic","Card","Card","Relic","Relic","Relic","Potion","Relic","Relic","Card","Potion","Potion"],"build_version":"2020-12-22","purchased_purges":4,"victory":true,"max_hp_per_floor":[82,82,82,82,82,82,82,82,82,82,82,82,82,82,82,82,87,87,92,92,92,92,92,92,92,92,92,92,92,92,92,92,92,92,92,92,92,92,92,92,92,92,92,92,92,92,99,99,99,99,99,99,99,99,99],"card_choices":[{"not_picked":["UnstableBomb","NonDirectionalLaser"],"picked":"WitchLeyline","floor":1.0},{"not_picked":["OpenUniverse","MagicChant"],"picked":"GalacticHalo","floor":2.0},{"not_picked":["PowerUp","AsteroidBelt"],"picked":"Robbery","floor":3.0},{"not_picked":["GrandCross","DarkMatter"],"picked":"6A","floor":5.0},{"not_picked":["EnergyRecoil","SuperPerseids"],"picked":"DarkSpark","floor":6.0},{"not_picked":["StarlightTyphoon","GalacticHalo"],"picked":"ShootingEcho","floor":8.0},{"not_picked":["MysteriousBeam","OneTimeOff"],"picked":"AlicesGift","floor":10.0},{"not_picked":["WitchOfGreed","PowerUp"],"picked":"MillisecondPulsars","floor":12.0},{"not_picked":["6A","AsteroidBelt"],"picked":"SprinkleStarSeal","floor":14.0},{"not_picked":["EscapeVelocity","SatelliteIllusion"],"picked":"AbsoluteMagnitude","floor":16.0},{"not_picked":["SuperPerseids","MeteoricShower"],"picked":"FairyDestructionRay","floor":17.0},{"not_picked":["PowerUp+1","GravityBeat"],"picked":"DeepEcoloBomb","floor":18.0},{"not_picked":["DragonMeteor","DarkSpark+1"],"picked":"Acceleration","floor":21.0},{"not_picked":["WitchOfGreed+1","ShootingEcho"],"picked":"StarlightTyphoon+1","floor":22.0},{"not_picked":["OneTimeOff","DC"],"picked":"AsteroidBelt","floor":24.0},{"not_picked":["MysteriousBeam","GasGiant","DC"],"picked":"SKIP","floor":29.0},{"not_picked":["Robbery","DC","WitchOfGreed+1"],"picked":"SKIP","floor":30.0},{"not_picked":["MaximisePower","CasketOfStar"],"picked":"BinaryStars","floor":33.0},{"not_picked":["MachineGunSpark","GalacticHalo","IllusionStar"],"picked":"SKIP","floor":35},{"not_picked":["ChargeUpSpray","GravityBeat+1"],"picked":"OrrerysSun","floor":37},{"not_picked":["WitchLeyline+1","SprinkleStarSeal"],"picked":"OrrerysSun+1","floor":38},{"not_picked":["SprinkleStarSeal","MilkyWay+1"],"picked":"Acceleration+1","floor":39},{"not_picked":["DarkSpark","AsteroidBelt","GravityBeat"],"picked":"SKIP","floor":41},{"not_picked":["EnergyRecoil","LuminesStrike","GalacticHalo+1"],"picked":"SKIP","floor":42},{"not_picked":["StarlightTyphoon","MilkyWay","PowerUp+1"],"picked":"SKIP","floor":45},{"not_picked":["UnstableBomb","Orbital","WitchOfGreed+1"],"picked":"SKIP","floor":45},{"not_picked":["AbsoluteMagnitude","MachineGunSpark+1"],"picked":"Occultation+1","floor":48},{"not_picked":["ShootTheMoon","LuminesStrike+1","GrandCross"],"picked":"SKIP","floor":48},{"not_picked":["AsteroidBelt","ShootingEcho"],"picked":"Orbital+1","floor":54}],"player_experience":828794,"relics_obtained":[{"floor":6.0,"key":"Centennial Puzzle"},{"floor":9.0,"key":"Eternal Feather"},{"floor":12.0,"key":"Calipers"},{"floor":24.0,"key":"Happy Flower"},{"floor":26.0,"key":"Ornamental Fan"},{"floor":38,"key":"Ice Cream"},{"floor":42,"key":"Prayer Wheel"}],"event_choices":[{"damage_healed":0.0,"max_hp_gain":0.0,"max_hp_loss":0.0,"gold_gain":0.0,"event_name":"Living Wall","player_choice":"Grow","floor":4.0,"gold_loss":0.0,"damage_taken":0.0,"cards_upgraded":["UpSweep"]},{"damage_healed":0.0,"max_hp_gain":0.0,"max_hp_loss":0.0,"gold_gain":75.0,"event_name":"World of Goop","player_choice":"Gather Gold","floor":11.0,"gold_loss":0.0,"damage_taken":11.0},{"damage_healed":0,"gold_gain":0,"player_choice":"Fight","damage_taken":0,"max_hp_gain":0,"max_hp_loss":0,"event_name":"MindBloom","floor":38,"gold_loss":0},{"damage_healed":0,"gold_gain":0,"player_choice":"Copied","damage_taken":0,"max_hp_gain":0,"max_hp_loss":0,"event_name":"Duplicator","floor":44,"gold_loss":0,"cards_obtained":["Acceleration"]}],"is_beta":false,"boss_relics":[{"not_picked":["SacredBark","Runic Dome"],"picked":"Tiny House"},{"not_picked":["Sozu","Runic Pyramid"],"picked":"Cursed Key"}],"items_purged_floors":[13,28,36,47],"is_endless":false,"potions_floor_spawned":[2,3,14,16,21,22,33,38,41,42,48,54],"ascension_level":0}}