{"host":"wj6vwlg8bkoql3lv","time":1611481066,"event":{"mods":["AchievementEnabler","Bard","Bartender","BaseMod","Better Altar","Better Match","Better Note","Better Sensory Stone","Better Skull","Better Third Choice","Better Vampires","Card Forge","Colored Map","Custom Start","Decade(???)","Downfall","Energized Spire","Friendly Minions","Hermit","Hubris","Infinite Spire","JesterMod","Jorbs\u0027s Wanderer Trilogy","Marisa????????","Minty Spire (QoL Compilation)","Permanent Neow","Potionbrewer","Quick Restart","Random Character Button","Replay The Spire","Robot Space Explorer","SIMod","Shade Mod","StSLib","The Blue Laboratory","The Bug Knight","The Construct","The Cursed","The Death Knight","The Disciple","The Gatherer","The Hayseed","The Hierophant","The Jungle","The Marked","The Mystic","The Runesmith","The Senshi","The Servant 0.9.4","TheFirefly","Transform Curses"],"gold_per_floor":[115,128,139,139,187,187,173,148,171,171,185,185,186,168,168,226,226,236,236,211,161,179,170,247,267,267,267,406,534,534,649,649,759,759,866,866,965,1109,1109,1129,1186,1334,1384,1544,1567,1567,1597,1762,1762,1449,1449,1449,991,1160,847],"floor_reached":56,"language":"ENG","playtime":4492,"items_purged":[],"score":1390,"play_id":"414d7920-8b54-4ee8-b834-994be74626b7","local_time":"20210124093746","is_ascension_mode":false,"campfire_choices":[{"data":"hierophant:PassingBell","floor":6.0,"key":"SMITH"},{"data":"Pot Of Greed","floor":10.0,"key":"SMITH"},{"floor":12.0,"key":"RECALL"},{"floor":15.0,"key":"REST"},{"floor":27.0,"key":"REST"},{"floor":30.0,"key":"REST"},{"floor":32.0,"key":"REST"},{"floor":49.0,"key":"REST"},{"floor":52,"key":"REST"}],"circlet_count":0,"master_deck":["hierophant:Punish+1","hierophant:ChurchCoffers+1","hierophant:PassingBell+1","hierophant:AuricForm+1","hierophant:Mercenaries+1","hierophant:FieryStrike+1","Pot Of Greed+1","Pot Of Greed+1","hierophant:HolyVerse+1","hierophant:FaithHealing+1","hierophant:Invocation+1","hierophant:Determination+1","hierophant:Endure+1","hierophant:Invocation+1","hierophant:HolyVerse+1","hierophant:Patience+1","hierophant:OrnateBuckler+1","hierophant:BulkyChest+1","hierophant:OrnateBuckler+1","hierophant:Doubloon+1","hierophant:Doubloon+1","hierophant:RustyCrate+1","Pot Of Greed+1","hierophant:Doubloon+1","hierophant:FlamingChariot+1","hierophant:PristineSoul+1","hierophant:Determination+1","hierophant:DivineIntervention+1","hierophant:Chorus+1","hierophant:Levitation+1","hierophant:Flagellation+1","Pot Of Greed+1","hierophant:OrnateBuckler+1","hierophant:AuricShield+1","hierophant:OrnateBuckler+1","hierophant:Punish+1","hierophant:PassingBell+1","hierophant:AuricShield+1","hierophant:OrnateBuckler+1","hierophant:Punish+1","hierophant:Smite+1","hierophant:PristineSoul+1","hierophant:PristineSoul+1","hierophant:TollTheBells+1","Pot Of Greed+1"],"relics":["Hammer of Thor","Seething Fire","Anvil of the Gods","Philosopher\u0027s Stone","Smiling Mask","Grinning Jar","ReplayTheSpireMod:Lightbulb","Silver_Glasses","hubris:TenFootPole","Letter Opener","potionbrewer:Torch","Replay:Rubber Ducky","hubris:Backtick","Replay:Bandana","Omamori","Runesmith:AutoHammer","Replay:Baseball","hubris:Towel","hubris:SlimyHat","hubris:CrystalStatue","theSenshi:SailorFukuRelic"],"acts_visited":["Exordium","TheCity","TheBeyond","TheEnding"],"potions_floor_usage":[55],"damage_taken":[{"damage":0.0,"enemies":"Cultist","floor":1.0,"turns":3.0},{"damage":2.0,"enemies":"Jaw Worm","floor":2.0,"turns":3.0},{"damage":1.0,"enemies":"Small Slimes","floor":3.0,"turns":3.0},{"damage":15.0,"enemies":"3 Sentries","floor":7.0,"turns":4.0},{"damage":0.0,"enemies":"3 Louse","floor":8.0,"turns":2.0},{"damage":2.0,"enemies":"Exordium Wildlife","floor":11.0,"turns":3.0},{"damage":9.0,"enemies":"2 Fungi Beasts","floor":13.0,"turns":2.0},{"damage":9.0,"enemies":"Lagavulin","floor":14.0,"turns":5.0},{"damage":32.0,"enemies":"Hexaghost","floor":16.0,"turns":5.0},{"damage":6.0,"enemies":"Spheric Guardian","floor":18.0,"turns":3.0},{"damage":17.0,"enemies":"2 Thieves","floor":20.0,"turns":2.0},{"damage":9.0,"enemies":"3 Cultists","floor":22.0,"turns":4.0},{"damage":47.0,"enemies":"Book of Stabbing","floor":23.0,"turns":4.0},{"damage":39.0,"enemies":"Snake Plant","floor":25.0,"turns":4.0},{"damage":12.0,"enemies":"Slavers","floor":28.0,"turns":2.0},{"damage":2.0,"enemies":"Centurion and Healer","floor":29.0,"turns":3.0},{"damage":30.0,"enemies":"Shelled Parasite and Fungi","floor":31.0,"turns":5.0},{"damage":51.0,"enemies":"Automaton","floor":33.0,"turns":7.0},{"damage":7.0,"enemies":"Orb Walker","floor":35.0,"turns":2.0},{"damage":20.0,"enemies":"3 Darklings","floor":37.0,"turns":3.0},{"damage":0.0,"enemies":"Sphere and 2 Shapes","floor":38.0,"turns":1.0},{"damage":4.0,"enemies":"Reptomancer","floor":40.0,"turns":5.0},{"damage":3.0,"enemies":"Maw","floor":41.0,"turns":4.0},{"damage":3.0,"enemies":"4 Shapes","floor":42.0,"turns":2.0},{"damage":0.0,"enemies":"Jaw Worm Horde","floor":44.0,"turns":1.0},{"damage":10.0,"enemies":"Nemesis","floor":45.0,"turns":3.0},{"damage":0.0,"enemies":"Maw","floor":47.0,"turns":2.0},{"damage":0.0,"enemies":"3 Darklings","floor":48.0,"turns":2.0},{"damage":0,"enemies":"Awakened One","floor":50,"turns":4},{"damage":2,"enemies":"Shield and Spear","floor":54,"turns":2},{"damage":5,"enemies":"The Heart","floor":55,"turns":5}],"seed_played":"-7127428629004936539","potions_obtained":[{"floor":1.0,"key":"ColorlessPotion"},{"floor":3.0,"key":"blueLaboratory:PhilterOfMotion"},{"floor":8.0,"key":"blueLaboratory:BubblePotion"},{"floor":18.0,"key":"Explosive Potion"},{"floor":23.0,"key":"potionbrewer:FreezingPotion"},{"floor":25.0,"key":"blueLaboratory:HummingbirdPotion"},{"floor":33.0,"key":"blueLaboratory:BottleOfRum"},{"floor":37.0,"key":"potionbrewer:QuicksilverPotion"},{"floor":40.0,"key":"potionbrewer:BlacksmithPotion"},{"floor":42.0,"key":"DuplicationPotion"},{"floor":44.0,"key":"Milkshake"}],"is_trial":false,"path_per_floor":["M","M","M","?","T","R","E","M","T","R","M","R","M","E","R","B",null,"M","?","M","?","M","E","T","M","T","R","E","M","R","M","R","B",null,"M","?","M","M","$","E","M","M","T","M","E","?","M","M","R","B",null,"R","$","E","B",null],"character_chosen":"HIEROPHANT","items_purchased":["hubris:SlimyHat","hubris:CrystalStatue","hierophant:PristineSoul"],"campfire_rested":6,"item_purchase_floors":[53,53,53],"current_hp_per_floor":[75,73,72,72,72,72,57,57,57,57,55,55,46,37,59,27,75,75,75,64,64,72,48,48,22,22,44,32,30,52,38,60,75,75,68,68,75,75,75,75,75,75,75,75,75,75,75,75,75,75,75,75,75,73,75],"gold":847,"neow_bonus":"BOSS_RELIC","is_daily":false,"chose_seed":false,"campfire_upgraded":2,"win_rate":0.0,"timestamp":1611481066,"path_taken":["M","?","M","?","?","R","E","M","T","R","M","R","M","E","R","BOSS","M","?","M","?","M","E","?","?","T","R","E","M","R","M","R","BOSS","M","?","?","M","$","E","M","M","T","M","E","?","M","M","R","BOSS","R","$","E","BOSS"],"items_purchased_type":["Relic","Relic","Card"],"build_version":"2020-12-22","purchased_purges":0,"victory":true,"max_hp_per_floor":[75,75,75,75,75,75,75,75,75,75,75,75,75,75,75,75,75,75,75,75,75,75,75,75,75,75,75,75,75,75,75,75,75,75,75,75,75,75,75,75,75,75,75,75,75,75,75,75,75,75,75,75,75,75,75],"card_choices":[{"not_picked":["hierophant:ArchangelShield","hierophant:AuricBeam","hierophant:Purify"],"picked":"SKIP","floor":1.0},{"not_picked":["hierophant:SealAway","hierophant:Encroach"],"picked":"hierophant:PassingBell","floor":2.0},{"not_picked":["hierophant:FlamingChariot","hierophant:Prophecy"],"picked":"hierophant:AuricForm","floor":3.0},{"not_picked":["hierophant:HammerAndAnvil","hierophant:MirrorShield"],"picked":"hierophant:Mercenaries","floor":7.0},{"not_picked":["hierophant:Purify","hierophant:Encroach"],"picked":"hierophant:FieryStrike","floor":8.0},{"not_picked":["hierophant:Rebuild","hierophant:OrnateBuckler"],"picked":"hierophant:HolyVerse","floor":11.0},{"not_picked":["hierophant:Glossolalia","hierophant:PassingBell"],"picked":"hierophant:FaithHealing","floor":13.0},{"not_picked":["hierophant:PassingBell","hierophant:FlamingChariot"],"picked":"hierophant:Invocation","floor":14.0},{"not_picked":["hierophant:AuricForm","hierophant:MintersHammer"],"picked":"hierophant:Determination","floor":16.0},{"not_picked":["hierophant:Sermon","hierophant:Mercenaries+1"],"picked":"hierophant:Endure","floor":18.0},{"not_picked":["hierophant:FlamingChariot+1","hierophant:Purify+1"],"picked":"hierophant:HolyVerse+1","floor":20.0},{"not_picked":["hierophant:SealAway","hierophant:FieryStrike"],"picked":"hierophant:Patience","floor":22.0},{"not_picked":["hierophant:AuricBeam+1","hierophant:Encroach"],"picked":"hierophant:OrnateBuckler","floor":23.0},{"not_picked":["hierophant:Sermon+1","hierophant:FieryStrike","hierophant:Remorse"],"picked":"SKIP","floor":25.0},{"not_picked":["hierophant:Exaltation","hierophant:HolyVerse"],"picked":"hierophant:Doubloon+1","floor":28.0},{"not_picked":["hierophant:HammerAndAnvil+1","hierophant:FaithHealing"],"picked":"hierophant:FlamingChariot","floor":29.0},{"not_picked":["hierophant:Encroach","hierophant:RustyCrate"],"picked":"hierophant:PristineSoul","floor":31.0},{"not_picked":["hierophant:AuricForm","hierophant:Anathema"],"picked":"hierophant:DivineIntervention","floor":33.0},{"not_picked":["hierophant:MirrorShield+1","hierophant:HammerAndAnvil+1","hierophant:Shelter"],"picked":"SKIP","floor":35.0},{"not_picked":["hierophant:Purify","hierophant:RustyCrate"],"picked":"hierophant:Chorus+1","floor":37.0},{"not_picked":["hierophant:RecallFunds+1","hierophant:Zeal+1"],"picked":"hierophant:Levitation","floor":38.0},{"not_picked":["hierophant:FlamingChariot+1","hierophant:Batter"],"picked":"hierophant:Flagellation","floor":40.0},{"not_picked":["hierophant:FieryStrike+1","hierophant:SealAway+1"],"picked":"hierophant:OrnateBuckler+1","floor":41.0},{"not_picked":["hierophant:PassingBell+1","hierophant:Endure"],"picked":"hierophant:Smite","floor":42.0},{"not_picked":["hierophant:FlamingChariot+1","hierophant:SolarFlare","hierophant:HammerAndAnvil"],"picked":"SKIP","floor":44.0},{"not_picked":["hierophant:Shelter+1","hierophant:FaithHealing+1","hierophant:DisplayOfPower"],"picked":"SKIP","floor":45.0},{"not_picked":["hierophant:Doubloon","hierophant:Patience+1","hierophant:Shelter+1"],"picked":"SKIP","floor":47.0},{"not_picked":["hierophant:Rebuild","hierophant:Zeal+1","hierophant:FieryStrike"],"picked":"SKIP","floor":48.0},{"not_picked":["hierophant:MirrorShield","hierophant:Embezzle+1"],"picked":"hierophant:TollTheBells+1","floor":54}],"player_experience":169089,"relics_obtained":[{"floor":7.0,"key":"Smiling Mask"},{"floor":9.0,"key":"Grinning Jar"},{"floor":14.0,"key":"ReplayTheSpireMod:Lightbulb"},{"floor":23.0,"key":"hubris:TenFootPole"},{"floor":24.0,"key":"Letter Opener"},{"floor":26.0,"key":"potionbrewer:Torch"},{"floor":28.0,"key":"Replay:Rubber Ducky"},{"floor":40.0,"key":"Omamori"},{"floor":43.0,"key":"Runesmith:AutoHammer"},{"floor":45.0,"key":"Replay:Baseball"},{"floor":54,"key":"theSenshi:SailorFukuRelic"}],"event_choices":[{"damage_healed":0.0,"max_hp_gain":0.0,"max_hp_loss":0.0,"gold_gain":0.0,"event_name":"Living Wall","player_choice":"Grow","floor":4.0,"gold_loss":0.0,"damage_taken":0.0,"cards_upgraded":["hierophant:Punish"]},{"damage_healed":0.0,"max_hp_gain":0.0,"max_hp_loss":0.0,"gold_gain":0.0,"event_name":"Duplicator","player_choice":"Copied","floor":19.0,"gold_loss":0.0,"damage_taken":0.0,"cards_obtained":["hierophant:Invocation"]},{"damage_healed":0.0,"max_hp_gain":0.0,"max_hp_loss":0.0,"gold_gain":0.0,"event_name":"The Joust","player_choice":"Bet on Murderer","floor":21.0,"gold_loss":50.0,"damage_taken":0.0},{"damage_healed":0.0,"max_hp_gain":0.0,"max_hp_loss":0.0,"gold_gain":0.0,"event_name":"Purifier","player_choice":"Ignored","floor":36.0,"gold_loss":0.0,"damage_taken":0.0}],"is_beta":false,"boss_relics":[{"not_picked":["hubris:TerracottaHorce","hubris:GrandSneckoEye"],"picked":"Silver_Glasses"},{"not_picked":["hubris:RunicObelisk","energizedSpire:OgreHead"],"picked":"hubris:Backtick"}],"items_purged_floors":[],"is_endless":false,"potions_floor_spawned":[1,3,7,8,16,18,23,25,33,37,40,42,44,45],"ascension_level":0}}