{"host":"agbyy69nq62afhwx","time":1611514902,"event":{"mods":["BaseMod","Colored Map","DeckTracker","Highlight Path","Keyboard Shortcuts","Minty Spire (QoL Compilation)","Quick Restart","StSLib","SuperFastMode","everything is the same but u backflip on backflip"],"gold_per_floor":[119,269,168,185,185,185,211,211,234,267,207,218,235,249,249,320,320,330,57,57,107,120,120,131,131,209,209,209],"floor_reached":27,"language":"KOR","playtime":446,"items_purged":["Doubt","Defend_B"],"score":467,"play_id":"15484196-ddbe-4197-9403-51ffbc6601d9","local_time":"20210125040142","is_ascension_mode":true,"campfire_choices":[{"data":"Darkness","floor":6.0,"key":"SMITH"},{"data":"Ball Lightning","floor":8.0,"key":"SMITH"},{"data":"Thunder Strike","floor":15.0,"key":"SMITH"},{"floor":23.0,"key":"REST"},{"floor":25.0,"key":"REST"}],"circlet_count":0,"master_deck":["AscendersBane","Defend_B","Defend_B","Defend_B","Zap","Dualcast","Darkness+1","Streamline","Ball Lightning","Ball Lightning+1","Thunder Strike+1","Machine Learning","Rip and Tear+1","Steam+1","Tempest+1","White Noise"],"relics":["Cracked Core","NeowsBlessing","Pen Nib","Juzu Bracelet","Singing Bowl","Astrolabe","Bag of Preparation","Bottled Tornado"],"acts_visited":["Exordium","TheCity"],"potions_floor_usage":[27],"damage_taken":[{"damage":0.0,"enemies":"2 Louse","floor":1.0,"turns":1.0},{"damage":0.0,"enemies":"Jaw Worm","floor":4.0,"turns":1.0},{"damage":0.0,"enemies":"Gremlin Nob","floor":7.0,"turns":1.0},{"damage":30.0,"enemies":"3 Sentries","floor":10.0,"turns":6.0},{"damage":0.0,"enemies":"Cultist","floor":12.0,"turns":2.0},{"damage":0.0,"enemies":"Large Slime","floor":13.0,"turns":3.0},{"damage":8.0,"enemies":"Blue Slaver","floor":14.0,"turns":2.0},{"damage":18.0,"enemies":"Slime Boss","floor":16.0,"turns":5.0},{"damage":22.0,"enemies":"Spheric Guardian","floor":18.0,"turns":4.0},{"damage":21.0,"enemies":"3 Byrds","floor":22.0,"turns":3.0},{"damage":24.0,"enemies":"Snake Plant","floor":24.0,"turns":3.0},{"damage":27,"enemies":"Book of Stabbing","floor":27,"turns":3}],"seed_played":"727872728989418100","potions_obtained":[{"floor":4.0,"key":"SneckoOil"},{"floor":7.0,"key":"Strength Potion"},{"floor":16.0,"key":"PotionOfCapacity"},{"floor":22.0,"key":"PotionOfCapacity"}],"is_trial":false,"path_per_floor":["M","?","$","M","?","R","E","R","T","E","?","M","M","M","R","B",null,"M","$","?","?","M","R","M","R","T","E"],"character_chosen":"DEFECT","items_purchased":["Streamline","Bag of Preparation"],"campfire_rested":2,"item_purchase_floors":[3,19],"current_hp_per_floor":[64,64,64,64,64,64,64,64,64,34,34,36,38,32,32,14,61,41,41,41,41,22,46,24,48,48,21,21],"gold":209,"neow_bonus":"THREE_ENEMY_KILL","is_daily":false,"chose_seed":false,"campfire_upgraded":3,"win_rate":0.0,"timestamp":1611514902,"path_taken":["M","?","$","M","?","R","E","R","T","E","?","M","M","M","R","BOSS","M","$","?","?","M","R","M","R","T","E"],"items_purchased_type":["Card","Relic"],"build_version":"2020-12-22","purchased_purges":2,"victory":false,"max_hp_per_floor":[71,71,71,71,71,71,71,71,71,71,71,73,75,77,77,77,77,79,79,79,79,81,81,83,83,83,83,83],"card_choices":[{"not_picked":["Steam","Reprogram"],"picked":"Darkness","floor":1.0},{"not_picked":["Sweeping Beam","Auto Shields"],"picked":"Ball Lightning","floor":4.0},{"not_picked":["Static Discharge","Go for the Eyes"],"picked":"Ball Lightning","floor":7.0},{"not_picked":["Scrape","Loop"],"picked":"Thunder Strike","floor":10.0},{"not_picked":["Hologram","Go for the Eyes","Storm"],"picked":"Singing Bowl","floor":12.0},{"not_picked":["Beam Cell","Fusion","BootSequence"],"picked":"Singing Bowl","floor":13.0},{"not_picked":["Storm","Barrage","Scrape"],"picked":"Singing Bowl","floor":14.0},{"not_picked":["Fission","Meteor Strike"],"picked":"Machine Learning","floor":16.0},{"not_picked":["Barrage","Rip and Tear","Ball Lightning+1"],"picked":"Singing Bowl","floor":18.0},{"not_picked":["Turbo","Blizzard","Steam"],"picked":"Singing Bowl","floor":22.0},{"not_picked":["Cold Snap","Sweeping Beam","Thunder Strike"],"picked":"Singing Bowl","floor":24.0}],"player_experience":463192,"relics_obtained":[{"floor":7.0,"key":"Pen Nib"},{"floor":9.0,"key":"Juzu Bracelet"},{"floor":10.0,"key":"Singing Bowl"},{"floor":26.0,"key":"Bottled Tornado"}],"event_choices":[{"damage_healed":0.0,"max_hp_gain":0.0,"max_hp_loss":0.0,"gold_gain":150.0,"event_name":"Liars Game","player_choice":"AGREE","floor":2.0,"gold_loss":0.0,"damage_taken":0.0,"cards_obtained":["Doubt"]},{"cards_removed":["Strike_B"],"damage_healed":0.0,"max_hp_gain":0.0,"max_hp_loss":0.0,"gold_gain":0.0,"event_name":"Purifier","player_choice":"Purged","floor":5.0,"gold_loss":0.0,"damage_taken":0.0},{"damage_healed":0.0,"max_hp_gain":0.0,"max_hp_loss":0.0,"gold_gain":0.0,"event_name":"World of Goop","player_choice":"Left Gold","floor":11.0,"gold_loss":60.0,"damage_taken":0.0},{"damage_healed":0.0,"max_hp_gain":0.0,"max_hp_loss":0.0,"gold_gain":0.0,"event_name":"The Library","player_choice":"Read","floor":20.0,"gold_loss":0.0,"damage_taken":0.0,"cards_obtained":["White Noise"]},{"damage_healed":0.0,"max_hp_gain":0.0,"max_hp_loss":0.0,"gold_gain":50.0,"event_name":"Golden Shrine","player_choice":"Pray","floor":21.0,"gold_loss":0.0,"damage_taken":0.0}],"is_beta":false,"boss_relics":[{"not_picked":["SacredBark","Pandora\u0027s Box"],"picked":"Astrolabe"}],"items_purged_floors":[3,19],"is_endless":false,"potions_floor_spawned":[4,7,13,16,22],"killed_by":"Book of Stabbing","ascension_level":18}}