{"host":"50per11302020","time":1611458343,"event":{"mods":["AchievementEnabler","BaseMod","Colored Map","Minty Spire (QoL Compilation)","Relic Stats","StSLib"],"gold_per_floor":[112,112,112,112,132,132,161,181,181,181,216,226,226,226,226,303,303,318,328,6,6,6,6,6,6,6,22,56,66,91,101,101,176,176,187,187,187,206,288,288,300,335,335,335,351,371,371,381,381,381],"floor_reached":51,"language":"ENG","playtime":2679,"items_purged":[],"score":1358,"play_id":"7f740270-0c7b-445d-914a-2bc99f4551b5","local_time":"20210123191903","is_ascension_mode":true,"campfire_choices":[{"floor":6.0,"key":"REST"},{"floor":10.0,"key":"REST"},{"floor":13.0,"key":"REST"},{"floor":15.0,"key":"REST"},{"floor":24.0,"key":"REST"},{"floor":32.0,"key":"REST"},{"floor":40.0,"key":"REST"},{"floor":44.0,"key":"REST"},{"floor":47.0,"key":"REST"},{"floor":49,"key":"REST"}],"circlet_count":0,"master_deck":["AscendersBane","Defend_R","Defend_R","Defend_R+1","Defend_R+1","Bash","Shockwave","Whirlwind","Shockwave","Metallicize","Shockwave","Pain","Demon Form","Rupture","Iron Wave+1","Immolate","Shame","Bite","Bite","Bite","Bite","Bite","Immolate","Rupture+1","Limit Break","Iron Wave+1","Madness","Madness","Disarm+1","Power Through","Feed","Entrench","Heavy Blade"],"relics":["Fusion Hammer","Letter Opener","Potion Belt","Matryoshka","WarpedTongs","Mark of Pain","Lee\u0027s Waffle","Omamori","Red Skull","White Beast Statue","Tiny Chest","Ornamental Fan","Mummified Hand","HornCleat","Snecko Eye","Pantograph","Darkstone Periapt","Question Card"],"acts_visited":["Exordium","TheCity","TheBeyond"],"potions_floor_usage":[48,48,50,50,50],"damage_taken":[{"damage":7.0,"enemies":"Jaw Worm","floor":1.0,"turns":2.0},{"damage":0.0,"enemies":"2 Louse","floor":5.0,"turns":2.0},{"damage":24.0,"enemies":"Gremlin Nob","floor":7.0,"turns":4.0},{"damage":0.0,"enemies":"Small Slimes","floor":8.0,"turns":3.0},{"damage":40.0,"enemies":"Lagavulin","floor":11.0,"turns":11.0},{"damage":4.0,"enemies":"Exordium Thugs","floor":12.0,"turns":6.0},{"damage":62.0,"enemies":"Hexaghost","floor":16.0,"turns":15.0},{"damage":1.0,"enemies":"Chosen","floor":18.0,"turns":3.0},{"damage":30.0,"enemies":"Shell Parasite","floor":19.0,"turns":6.0},{"damage":15.0,"enemies":"Snake Plant","floor":27.0,"turns":4.0},{"damage":18.0,"enemies":"Slavers","floor":28.0,"turns":2.0},{"damage":3.0,"enemies":"3 Cultists","floor":29.0,"turns":3.0},{"damage":16.0,"enemies":"Gremlin Leader","floor":30.0,"turns":3.0},{"damage":10.0,"enemies":"Chosen and Byrds","floor":31.0,"turns":5.0},{"damage":40.0,"enemies":"Automaton","floor":33.0,"turns":8.0},{"damage":4.0,"enemies":"3 Shapes","floor":35.0,"turns":2.0},{"damage":0.0,"enemies":"Orb Walker","floor":38.0,"turns":2.0},{"damage":18.0,"enemies":"Jaw Worm Horde","floor":41.0,"turns":5.0},{"damage":17.0,"enemies":"Nemesis","floor":42.0,"turns":5.0},{"damage":16.0,"enemies":"4 Shapes","floor":45.0,"turns":2.0},{"damage":5.0,"enemies":"Maw","floor":46.0,"turns":7.0},{"damage":37,"enemies":"Spire Growth","floor":48,"turns":6},{"damage":56,"enemies":"Donu and Deca","floor":50,"turns":9}],"seed_played":"-3335575843974317899","potions_obtained":[{"floor":1.0,"key":"BloodPotion"},{"floor":8.0,"key":"Regen Potion"},{"floor":16.0,"key":"FearPotion"},{"floor":27.0,"key":"Explosive Potion"},{"floor":28.0,"key":"DuplicationPotion"},{"floor":29.0,"key":"AttackPotion"},{"floor":30.0,"key":"Strength Potion"},{"floor":31.0,"key":"ColorlessPotion"},{"floor":33.0,"key":"ElixirPotion"},{"floor":35.0,"key":"HeartOfIron"},{"floor":38.0,"key":"Weak Potion"},{"floor":41.0,"key":"LiquidBronze"},{"floor":42.0,"key":"Energy Potion"},{"floor":45.0,"key":"GamblersBrew"},{"floor":48,"key":"Regen Potion"}],"is_trial":false,"path_per_floor":["M","?","?","?","M","R","E","M","T","R","E","M","R","?","R","B",null,"M","M","$","?","$","?","R","T","T","M","E","M","E","M","R","B",null,"M","?","?","M","T","R","M","E","T","R","M","M","R","M","R","B",null],"character_chosen":"IRONCLAD","items_purchased":["Lee\u0027s Waffle","Immolate"],"campfire_rested":10,"item_purchase_floors":[20,20],"current_hp_per_floor":[61,38,31,31,31,53,29,29,29,51,26,22,44,44,66,19,61,60,30,82,82,82,57,57,57,57,49,39,40,30,32,49,28,50,52,52,42,48,48,57,43,36,36,53,43,51,57,27,44,30],"gold":381,"neow_bonus":"BOSS_RELIC","is_daily":false,"chose_seed":false,"campfire_upgraded":0,"win_rate":0.0,"timestamp":1611458343,"path_taken":["M","?","?","?","?","R","E","M","T","R","E","M","R","?","R","BOSS","M","M","$","?","$","?","R","?","T","?","E","M","E","M","R","BOSS","M","?","?","M","?","R","M","E","T","R","M","M","R","?","R","BOSS"],"items_purchased_type":["Relic","Card"],"build_version":"2020-12-18","purchased_purges":0,"victory":true,"max_hp_per_floor":[75,75,75,75,75,75,75,75,75,75,75,75,75,75,75,75,75,75,75,82,82,82,57,57,57,57,57,57,57,57,57,57,57,57,57,57,57,57,57,57,57,57,57,57,57,57,57,57,57,57],"relic_stats":{"Darkstone Periapt":0,"Lee\u0027s Waffle":52,"counters":[23,115],"Ornamental Fan":[56],"Mummified Hand":[57],"Pantograph":13,"Snecko Eye":[50,52,64,49],"Tiny Chest":1,"Letter Opener":[36],"Question Card":3,"obtain_stats":[{"Potion Belt":9,"Darkstone Periapt":42,"Lee\u0027s Waffle":20,"Omamori":21,"Letter Opener":7,"Question Card":43,"Burning Blood":0,"White Beast Statue":25,"WarpedTongs":14,"Matryoshka":11,"HornCleat":30,"Ornamental Fan":26,"Mummified Hand":28,"Pantograph":39,"Snecko Eye":34,"Tiny Chest":26,"Fusion Hammer":0,"Mark of Pain":17,"Red Skull":25},{"Potion Belt":4,"Darkstone Periapt":19,"Lee\u0027s Waffle":9,"Omamori":9,"Letter Opener":3,"Question Card":19,"Burning Blood":0,"White Beast Statue":9,"WarpedTongs":6,"Matryoshka":5,"HornCleat":13,"Ornamental Fan":9,"Mummified Hand":11,"Pantograph":17,"Snecko Eye":15,"Tiny Chest":9,"Fusion Hammer":0,"Mark of Pain":7,"Red Skull":9},{"Potion Belt":11,"Darkstone Periapt":91,"Lee\u0027s Waffle":52,"Omamori":52,"Letter Opener":8,"Question Card":91,"Burning Blood":0,"White Beast Statue":52,"WarpedTongs":28,"Matryoshka":22,"HornCleat":64,"Ornamental Fan":52,"Mummified Hand":58,"Pantograph":81,"Snecko Eye":77,"Tiny Chest":52,"Fusion Hammer":0,"Mark of Pain":43,"Red Skull":52}],"WarpedTongs":[82]},"card_choices":[{"not_picked":["Infernal Blade","Evolve"],"picked":"Shockwave","floor":1.0},{"not_picked":["Heavy Blade","Havoc","Pommel Strike"],"picked":"SKIP","floor":5.0},{"not_picked":["Clothesline","True Grit"],"picked":"Whirlwind","floor":7.0},{"not_picked":["Cleave","Limit Break"],"picked":"Shockwave","floor":8.0},{"not_picked":["Heavy Blade","Shrug It Off"],"picked":"Metallicize","floor":11.0},{"not_picked":["Thunderclap","Clothesline"],"picked":"Shockwave","floor":12.0},{"not_picked":["Barricade","Double Tap"],"picked":"Demon Form","floor":16.0},{"not_picked":["Havoc","Perfected Strike"],"picked":"Rupture","floor":18.0},{"not_picked":["Shrug It Off","Cleave"],"picked":"Iron Wave+1","floor":19.0},{"not_picked":["Anger","Seeing Red","Armaments"],"picked":"SKIP","floor":27.0},{"not_picked":["Iron Wave","Flex"],"picked":"Immolate","floor":28.0},{"not_picked":["Heavy Blade","Infernal Blade","Armaments"],"picked":"SKIP","floor":29.0},{"not_picked":["Shrug It Off","Searing Blow"],"picked":"Rupture+1","floor":30.0},{"not_picked":["Twin Strike","Blood for Blood","Clothesline"],"picked":"SKIP","floor":31.0},{"not_picked":["Bludgeon","Corruption"],"picked":"Limit Break","floor":33.0},{"not_picked":["Perfected Strike+1","Cleave"],"picked":"Iron Wave+1","floor":35.0},{"not_picked":["Spot Weakness","Clash+1"],"picked":"Disarm+1","floor":38.0},{"not_picked":["Headbutt","Shrug It Off"],"picked":"Power Through","floor":41.0},{"not_picked":["Perfected Strike","Flex"],"picked":"Feed","floor":42.0},{"not_picked":["Iron Wave","Power Through","Rampage"],"picked":"Entrench","floor":45.0},{"not_picked":["Seeing Red","Perfected Strike","Entrench"],"picked":"Heavy Blade","floor":46.0},{"not_picked":["Headbutt","Armaments","Flex+1","Dark Embrace"],"picked":"SKIP","floor":48}],"player_experience":353682,"relics_obtained":[{"floor":7.0,"key":"Letter Opener"},{"floor":9.0,"key":"Potion Belt"},{"floor":11.0,"key":"Matryoshka"},{"floor":25.0,"key":"Red Skull"},{"floor":25.0,"key":"White Beast Statue"},{"floor":26.0,"key":"Tiny Chest"},{"floor":26.0,"key":"Ornamental Fan"},{"floor":28.0,"key":"Mummified Hand"},{"floor":30.0,"key":"HornCleat"},{"floor":39.0,"key":"Pantograph"},{"floor":42.0,"key":"Darkstone Periapt"},{"floor":43.0,"key":"Question Card"}],"event_choices":[{"damage_healed":0.0,"max_hp_gain":0.0,"max_hp_loss":0.0,"gold_gain":0.0,"event_name":"Shining Light","player_choice":"Entered Light","floor":2.0,"gold_loss":0.0,"damage_taken":23.0,"cards_upgraded":["Defend_R","Defend_R"]},{"cards_removed":["Strike_R"],"damage_healed":0.0,"max_hp_gain":0.0,"max_hp_loss":0.0,"gold_gain":0.0,"event_name":"Golden Wing","player_choice":"Card Removal","floor":3.0,"gold_loss":0.0,"damage_taken":7.0},{"damage_healed":0.0,"max_hp_gain":0.0,"max_hp_loss":0.0,"gold_gain":0.0,"event_name":"Liars Game","player_choice":"Ignored","floor":4.0,"gold_loss":0.0,"damage_taken":0.0},{"damage_healed":0.0,"max_hp_gain":0.0,"max_hp_loss":0.0,"gold_gain":0.0,"event_name":"Accursed Blacksmith","player_choice":"Rummage","floor":14.0,"gold_loss":0.0,"damage_taken":0.0,"relics_obtained":["WarpedTongs"],"cards_obtained":["Pain"]},{"damage_healed":0.0,"max_hp_gain":0.0,"max_hp_loss":0.0,"gold_gain":0.0,"event_name":"Addict","player_choice":"Stole Relic","floor":21.0,"gold_loss":0.0,"damage_taken":0.0,"relics_obtained":["Omamori"],"cards_obtained":["Shame"]},{"damage_healed":0.0,"max_hp_gain":0.0,"max_hp_loss":25.0,"gold_gain":0.0,"event_name":"Vampires","player_choice":"Became a vampire","floor":23.0,"gold_loss":0.0,"damage_taken":0.0,"cards_obtained":["Bite","Bite","Bite","Bite","Bite"]},{"damage_healed":0.0,"max_hp_gain":0.0,"max_hp_loss":0.0,"gold_gain":0.0,"event_name":"Tomb of Lord Red Mask","player_choice":"Ignored","floor":36.0,"gold_loss":0.0,"damage_taken":0.0},{"damage_healed":0.0,"max_hp_gain":0.0,"max_hp_loss":0.0,"gold_gain":0.0,"event_name":"Winding Halls","player_choice":"Embrace Madness","floor":37.0,"gold_loss":0.0,"damage_taken":10.0,"cards_obtained":["Madness","Madness"]}],"is_beta":true,"boss_relics":[{"not_picked":["Tiny House","Busted Crown"],"picked":"Mark of Pain"},{"not_picked":["Pandora\u0027s Box","Coffee Dripper"],"picked":"Snecko Eye"}],"items_purged_floors":[],"is_endless":false,"potions_floor_spawned":[1,8,16,27,28,29,30,31,33,35,38,41,42,45,46,48],"ascension_level":18}}