{"host":"bxn2em57qlx5u4i0","time":1611462804,"event":{"mods":["BaseMod","Colored Map","Colored Powertips","Highlight Path","Minty Spire (QoL Compilation)","Random Character Button","Relic Sorter","Relic Stats","StSLib","SuperFastMode"],"gold_per_floor":[414,414,428,503,30,61,96,121,121,155,155,190,215,49,49,120,120,131,131,141,173,207,236,269,296,350,376,405,433,463,156,156,230,230,240,240,149,149,90,122,153,190,228,265,302,343,355,393,405,417,429,441,453,139,172,172],"floor_reached":57,"language":"ENG","playtime":2627,"items_purged":[],"score":4715,"play_id":"ac5831d3-3e32-431d-8f3d-b39f60d2ac8e","local_time":"20210123233324","daily_mods":["SealedDeck","Heirloom","Flight","DeadlyEvents","Elite Swarm","Lethality","Binary"],"is_ascension_mode":true,"campfire_choices":[{"data":"Masterful Stab","floor":11,"key":"SMITH"},{"data":"Quick Slash","floor":15,"key":"SMITH"},{"data":"Footwork","floor":32,"key":"SMITH"},{"floor":47,"key":"RECALL"},{"floor":49,"key":"REST"},{"floor":53,"key":"REST"}],"circlet_count":0,"master_deck":["AscendersBane","PiercingWail","Masterful Stab+1","Quick Slash","PiercingWail+1","Leg Sweep","Blur","Quick Slash+1","Quick Slash","Calculated Gamble+1","Backflip","Footwork+1","Malaise","After Image+1","Footwork+1","Backflip","Footwork+1","Backflip","Venomology","Venomology","Wraith Form v2+1","Venomology","Venomology"],"relics":["Ring of the Snake","Busted Crown","Old Coin","TwistedFunnel","Strawberry","HornCleat","Bottled Flame","Bronze Scales","Paper Crane","Frozen Egg 2","Bag of Marbles","Pantograph","Vajra","SlaversCollar","MutagenicStrength","Meat on the Bone","Bird Faced Urn","InkBottle","Singing Bowl","MealTicket","War Paint","Orichalcum","Question Card","Anchor","Lantern","Potion Belt","Fusion Hammer","Snake Skull","MawBank","Smiling Mask","Mercury Hourglass","Omamori","Boot","Regal Pillow","Oddly Smooth Stone","Bag of Preparation"],"acts_visited":["Exordium","TheCity","TheBeyond","TheEnding"],"potions_floor_usage":[6,41,42,44,45,46,48,48,48,50,50,51,55,55,55,55,56,56,56,56,56,56,56,56],"damage_taken":[{"damage":0,"enemies":"Small Slimes","floor":1,"turns":1},{"damage":0,"enemies":"Cultist","floor":3,"turns":1},{"damage":4,"enemies":"3 Sentries","floor":6,"turns":6},{"damage":0,"enemies":"Gremlin Nob","floor":7,"turns":3},{"damage":10,"enemies":"3 Sentries","floor":8,"turns":7},{"damage":0,"enemies":"Gremlin Nob","floor":10,"turns":3},{"damage":0,"enemies":"Lagavulin","floor":12,"turns":4},{"damage":0,"enemies":"Gremlin Nob","floor":13,"turns":2},{"damage":0,"enemies":"Hexaghost","floor":16,"turns":5},{"damage":0,"enemies":"Shell Parasite","floor":18,"turns":2},{"damage":0,"enemies":"Spheric Guardian","floor":20,"turns":1},{"damage":0,"enemies":"Slavers","floor":21,"turns":3},{"damage":0,"enemies":"Gremlin Leader","floor":22,"turns":3},{"damage":0,"enemies":"Book of Stabbing","floor":23,"turns":3},{"damage":0,"enemies":"Gremlin Leader","floor":24,"turns":3},{"damage":1,"enemies":"Book of Stabbing","floor":25,"turns":3},{"damage":0,"enemies":"Slavers","floor":27,"turns":3},{"damage":0,"enemies":"Gremlin Leader","floor":28,"turns":4},{"damage":0,"enemies":"Slavers","floor":29,"turns":3},{"damage":0,"enemies":"Gremlin Leader","floor":30,"turns":3},{"damage":0,"enemies":"Champ","floor":33,"turns":9},{"damage":0,"enemies":"Orb Walker","floor":35,"turns":1},{"damage":0,"enemies":"Giant Head","floor":40,"turns":7},{"damage":0,"enemies":"Nemesis","floor":41,"turns":7},{"damage":0,"enemies":"Giant Head","floor":42,"turns":7},{"damage":0,"enemies":"Reptomancer","floor":44,"turns":8},{"damage":0,"enemies":"Giant Head","floor":45,"turns":7},{"damage":0,"enemies":"Reptomancer","floor":46,"turns":5},{"damage":8,"enemies":"Nemesis","floor":48,"turns":5},{"damage":16,"enemies":"Awakened One","floor":50,"turns":23},{"damage":0,"enemies":"Donu and Deca","floor":51,"turns":13},{"damage":13,"enemies":"Shield and Spear","floor":55,"turns":15},{"damage":15,"enemies":"The Heart","floor":56,"turns":11}],"seed_played":"6207124234024995272","potions_obtained":[{"floor":1,"key":"GamblersBrew"},{"floor":2,"key":"Dexterity Potion"},{"floor":3,"key":"Poison Potion"},{"floor":7,"key":"FearPotion"},{"floor":33,"key":"AttackPotion"},{"floor":48,"key":"PowerPotion"},{"floor":55,"key":"Energy Potion"}],"is_trial":true,"path_per_floor":["M","?","M","?","$","E","E","E","T","E","R","E","E","$","R","B",null,"M","?","M","E","E","E","E","E","T","E","E","E","E","$","R","B",null,"M","?","$","?","$","E","E","E","T","E","E","E","R","E","R","B","B",null,"R","$","E","B",null],"character_chosen":"THE_SILENT","items_purchased":["TwistedFunnel","Backflip","Footwork","Strawberry","Vajra","Potion Belt","Footwork+1","Strength Potion","Backflip","Footwork+1","Backflip","Oddly Smooth Stone","Venomology"],"campfire_rested":2,"item_purchase_floors":[5,5,5,5,14,31,31,31,37,37,39,54,54],"current_hp_per_floor":[59,59,59,48,55,51,51,41,41,41,41,41,41,41,41,66,71,71,71,71,71,71,73,73,72,72,73,73,73,73,73,73,75,75,77,77,77,73,83,83,85,87,87,89,91,91,91,83,91,79,91,91,91,91,78,78],"gold":172,"neow_bonus":"","is_daily":false,"chose_seed":false,"campfire_upgraded":3,"win_rate":0.0,"timestamp":1611462804,"path_taken":["M","?","?","?","$","E","E","E","T","E","R","E","E","?","R","BOSS","M","?","?","?","?","E","E","E","T","E","E","E","E","$","R","BOSS","M","?","$","?","?","E","E","E","T","E","E","E","R","E","R","BOSS","BOSS","R","$","E","BOSS"],"items_purchased_type":["Relic","Card","Card","Relic","Relic","Relic","Card","Potion","Card","Card","Card","Relic","Card"],"build_version":"2020-12-22","purchased_purges":0,"victory":true,"max_hp_per_floor":[66,66,66,66,73,73,73,73,73,73,73,73,73,73,73,73,73,73,73,73,73,73,73,73,73,73,73,73,73,73,73,73,75,75,77,77,77,83,83,83,85,87,87,89,91,91,91,91,91,91,91,91,91,91,91,91],"relic_stats":{"Regal Pillow":0,"Singing Bowl":18,"counters":[33,181],"Snake Skull":[18],"Bag of Preparation":[2],"War Paint":["PiercingWail","Calculated Gamble"],"Orichalcum":[0],"Question Card":15,"MawBank":156,"Smiling Mask":0,"Boot":[16],"Mercury Hourglass":[230],"Busted Crown":66,"Bronze Scales":[617],"Pantograph":50,"Bird Faced Urn":[9],"MealTicket":10,"obtain_stats":[{"TwistedFunnel":5,"Lantern":30,"Regal Pillow":48,"Singing Bowl":24,"Vajra":14,"Snake Skull":40,"Bag of Preparation":55,"Smiling Mask":42,"Boot":46,"Old Coin":0,"HornCleat":6,"Strawberry":5,"Pantograph":13,"MealTicket":25,"Fusion Hammer":34,"InkBottle":23,"Ring of the Snake":0,"Potion Belt":31,"Oddly Smooth Stone":54,"Omamori":45,"Paper Crane":9,"Frozen Egg 2":10,"War Paint":26,"Orichalcum":27,"Question Card":28,"MawBank":41,"Mercury Hourglass":44,"SlaversCollar":17,"Bottled Flame":7,"Anchor":29,"Busted Crown":0,"Bronze Scales":8,"MutagenicStrength":19,"Bird Faced Urn":22,"Bag of Marbles":12,"Meat on the Bone":21},{"TwistedFunnel":2,"Lantern":20,"Regal Pillow":29,"Singing Bowl":15,"Vajra":8,"Snake Skull":23,"Bag of Preparation":32,"Smiling Mask":25,"Boot":28,"Old Coin":0,"HornCleat":3,"Strawberry":2,"Pantograph":8,"MealTicket":16,"Fusion Hammer":21,"InkBottle":14,"Ring of the Snake":0,"Potion Belt":20,"Oddly Smooth Stone":31,"Omamori":27,"Paper Crane":5,"Frozen Egg 2":6,"War Paint":16,"Orichalcum":17,"Question Card":18,"MawBank":24,"Mercury Hourglass":26,"SlaversCollar":9,"Bottled Flame":4,"Anchor":19,"Busted Crown":0,"Bronze Scales":5,"MutagenicStrength":10,"Bird Faced Urn":13,"Bag of Marbles":7,"Meat on the Bone":12},{"TwistedFunnel":2,"Lantern":63,"Regal Pillow":119,"Singing Bowl":47,"Vajra":27,"Snake Skull":80,"Bag of Preparation":170,"Smiling Mask":94,"Boot":114,"Old Coin":0,"HornCleat":8,"Strawberry":2,"Pantograph":27,"MealTicket":50,"Fusion Hammer":72,"InkBottle":44,"Ring of the Snake":0,"Potion Belt":63,"Oddly Smooth Stone":155,"Omamori":109,"Paper Crane":18,"Frozen Egg 2":21,"War Paint":50,"Orichalcum":53,"Question Card":57,"MawBank":87,"Mercury Hourglass":102,"SlaversCollar":32,"Bottled Flame":11,"Anchor":60,"Busted Crown":0,"Bronze Scales":18,"MutagenicStrength":34,"Bird Faced Urn":41,"Bag of Marbles":25,"Meat on the Bone":38}],"InkBottle":[81],"Ring of the Snake":[66],"Meat on the Bone":0},"card_choices":[{"not_picked":[],"picked":"Malaise","floor":29},{"not_picked":[],"picked":"After Image+1","floor":30},{"not_picked":["A Thousand Cuts+1"],"picked":"Singing Bowl","floor":33},{"not_picked":["Calculated Gamble"],"picked":"Singing Bowl","floor":35},{"not_picked":["Secret Weapon"],"picked":"Singing Bowl","floor":38},{"not_picked":["Thinking Ahead"],"picked":"Singing Bowl","floor":38},{"not_picked":["Impatience"],"picked":"Singing Bowl","floor":38},{"not_picked":[],"picked":"Venomology","floor":40},{"not_picked":["A Thousand Cuts+1"],"picked":"Singing Bowl","floor":41},{"not_picked":["Tools of the Trade+1"],"picked":"Singing Bowl","floor":42},{"not_picked":["Storm of Steel"],"picked":"Singing Bowl","floor":44},{"not_picked":["Unload"],"picked":"Singing Bowl","floor":45},{"not_picked":[],"picked":"Venomology","floor":46},{"not_picked":[],"picked":"Wraith Form v2+1","floor":48},{"not_picked":[],"picked":"Venomology","floor":55}],"player_experience":2920826,"relics_obtained":[{"floor":6,"key":"HornCleat"},{"floor":7,"key":"Bottled Flame"},{"floor":8,"key":"Bronze Scales"},{"floor":9,"key":"Paper Crane"},{"floor":10,"key":"Frozen Egg 2"},{"floor":12,"key":"Bag of Marbles"},{"floor":13,"key":"Pantograph"},{"floor":21,"key":"Meat on the Bone"},{"floor":22,"key":"Bird Faced Urn"},{"floor":23,"key":"InkBottle"},{"floor":24,"key":"Singing Bowl"},{"floor":25,"key":"MealTicket"},{"floor":26,"key":"War Paint"},{"floor":27,"key":"Orichalcum"},{"floor":28,"key":"Question Card"},{"floor":29,"key":"Anchor"},{"floor":30,"key":"Lantern"},{"floor":40,"key":"Snake Skull"},{"floor":41,"key":"MawBank"},{"floor":42,"key":"Smiling Mask"},{"floor":44,"key":"Mercury Hourglass"},{"floor":45,"key":"Omamori"},{"floor":46,"key":"Boot"},{"floor":48,"key":"Regal Pillow"},{"floor":55,"key":"Bag of Preparation"}],"event_choices":[{"damage_healed":0,"gold_gain":0,"player_choice":"Got Potions","damage_taken":0,"max_hp_gain":0,"max_hp_loss":0,"event_name":"Lab","floor":2,"gold_loss":0},{"damage_healed":0,"gold_gain":75,"player_choice":"Gather Gold","damage_taken":11,"max_hp_gain":0,"max_hp_loss":0,"event_name":"World of Goop","floor":4,"gold_loss":0},{"damage_healed":0,"gold_gain":0,"player_choice":"Inject Mutagens","damage_taken":0,"relics_obtained":["MutagenicStrength"],"max_hp_gain":0,"max_hp_loss":0,"event_name":"Drug Dealer","floor":19,"gold_loss":0},{"cards_removed":["Quick Slash"],"damage_healed":0,"gold_gain":0,"player_choice":"Removed Attack","damage_taken":0,"max_hp_gain":0,"max_hp_loss":0,"event_name":"Falling","floor":36,"gold_loss":0},{"damage_healed":0,"gold_gain":0,"player_choice":"Memory 3","damage_taken":10,"max_hp_gain":0,"max_hp_loss":0,"event_name":"SensoryStone","floor":38,"gold_loss":0}],"is_beta":false,"boss_relics":[{"not_picked":["Runic Pyramid","WristBlade"],"picked":"SlaversCollar"},{"not_picked":["Astrolabe","Velvet Choker"],"picked":"Fusion Hammer"}],"items_purged_floors":[],"is_endless":false,"potions_floor_spawned":[1,3,7,8,18,22,24,27,28,33,42,45,48,55],"ascension_level":20}}