{"host":"7lqra3rfanasaqnt","time":1611526695,"event":{"mods":["AchievementEnabler","Act Like it!","BaseMod","Colored Powertips","Downfall","Friendly Minions","Gremlin Mod","Minty Spire (QoL Compilation)","StSLib"],"gold_per_floor":[99,99,99,99,99,132,132,41,41,41,59,78,78,92,111,211,211,211,228,228,213,227,240,266,266,266],"floor_reached":24,"language":"ENG","playtime":1043,"items_purged":[],"score":204,"play_id":"b67a900d-c0b4-4c73-b13e-ff7bdf2e82b9","local_time":"20210124151815","is_ascension_mode":true,"campfire_choices":[{"data":"sneckomod:TailWhip","floor":1.0,"key":"SMITH"},{"data":"sneckomod:UnknownExhaust","floor":9.0,"key":"SMITH"},{"data":"sneckomod:UnknownBoss","floor":18.0,"key":"SMITH"}],"circlet_count":0,"master_deck":["sneckomod:Strike","sneckomod:Strike","sneckomod:Defend","sneckomod:Defend","sneckomod:Defend","sneckomod:TailWhip+1","sneckomod:SnekBite","sneckomod:Unknown","sneckomod:SoulExchange","CutThroughFate","sneckomod:DiceBoulder","sneckomod:UnknownX","sneckomod:Unknown0Cost","sneckomod:UnknownStrength","sneckomod:UnlimitedRolls","Intimidate+1","sneckomod:Unknown0Cost","sneckomod:UnknownColorless","sneckomod:UnknownBoss+1","sneckomod:UnknownCommonAttack+1","sneckomod:UnknownBlock","sneckomod:UnknownCommonSkill+1","sneckomod:UnknownClassPURPLE"],"relics":["sneckomod:SneckoSoul","downfall:HeartsMalice","Girya","sneckomod:ConfusingCodex","Juzu Bracelet","Busted Crown","Bag of Marbles"],"acts_visited":["Exordium","TheCity"],"potions_floor_usage":[],"damage_taken":[{"damage":0.0,"enemies":"Cultist","floor":2.0,"turns":1.0},{"damage":0.0,"enemies":"Small Slimes","floor":4.0,"turns":1.0},{"damage":0.0,"enemies":"2 Louse","floor":5.0,"turns":1.0},{"damage":24.0,"enemies":"3 Sentries","floor":6.0,"turns":9.0},{"damage":0.0,"enemies":"downfall:FleeingMerchant","floor":8.0,"turns":4.0},{"damage":3.0,"enemies":"Lots of Slimes","floor":11.0,"turns":2.0},{"damage":3.0,"enemies":"Large Slime","floor":12.0,"turns":3.0},{"damage":16.0,"enemies":"Exordium Wildlife","floor":14.0,"turns":5.0},{"damage":5.0,"enemies":"Blue Slaver","floor":15.0,"turns":2.0},{"damage":15.0,"enemies":"WA_ARCHETYPE_RETAIN","floor":16.0,"turns":6.0},{"damage":12.0,"enemies":"Spheric Guardian","floor":19.0,"turns":4.0},{"damage":0.0,"enemies":"downfall:FleeingMerchant","floor":21.0,"turns":4.0},{"damage":10.0,"enemies":"Snake Plant","floor":22.0,"turns":5.0},{"damage":22,"enemies":"Shelled Parasite and Fungi","floor":23,"turns":6}],"seed_played":"4487012695701214593","potions_obtained":[{"floor":6.0,"key":"sneckomod:CheatPotion"},{"floor":12.0,"key":"LiquidMemories"},{"floor":14.0,"key":"EntropicBrew"},{"floor":15.0,"key":"Regen Potion"},{"floor":16.0,"key":"Explosive Potion"}],"is_trial":false,"path_per_floor":["R","M","?","M","M","E","T","$","R","?","M","M","R","M","M","B",null,"R","M","?","$","M","M","T"],"character_chosen":"THE_SNECKO","items_purchased":["sneckomod:Unknown0Cost"],"campfire_rested":0,"item_purchase_floors":[8],"current_hp_per_floor":[90,90,90,90,90,66,66,66,66,54,51,48,48,32,27,27,90,90,78,78,78,68,46,46,46,46],"gold":266,"neow_bonus":"THREE_ENEMY_KILL","is_daily":false,"chose_seed":false,"campfire_upgraded":3,"win_rate":0.0,"timestamp":1611526695,"path_taken":["R","M","?","?","M","E","T","$","R","?","M","M","R","M","M","BOSS","R","M","?","$","M","M","T"],"items_purchased_type":["Card"],"build_version":"2020-12-22","purchased_purges":0,"victory":false,"max_hp_per_floor":[90,90,90,90,90,90,90,90,90,90,90,90,90,90,90,90,90,90,90,90,90,90,90,90,90,90],"card_choices":[{"not_picked":["sneckomod:QuickBite","sneckomod:UnknownCommonSkill"],"picked":"sneckomod:UnknownDraw","floor":2.0},{"not_picked":["sneckomod:SoulDraw","sneckomod:UnendingSupply"],"picked":"sneckomod:UnknownExhaust","floor":4.0},{"not_picked":["sneckomod:DiceBoulder","sneckomod:Nope"],"picked":"sneckomod:Memorize","floor":5.0},{"not_picked":["sneckomod:SoulDraw","sneckomod:QuickBite"],"picked":"sneckomod:DiceBoulder","floor":6.0},{"not_picked":["sneckomod:CheapStock","sneckomod:SoulDraw"],"picked":"sneckomod:UnknownX","floor":8.0},{"not_picked":["sneckomod:UnknownCommonSkill","sneckomod:RainOfDice"],"picked":"sneckomod:UnknownStrength","floor":11.0},{"not_picked":["sneckomod:QuickMove","sneckomod:UnknownUncommonSkill"],"picked":"sneckomod:UnlimitedRolls","floor":12.0},{"not_picked":["sneckomod:MasterEye","sneckomod:SnekBeam"],"picked":"sneckomod:Unknown0Cost","floor":14.0},{"not_picked":["sneckomod:SoulDraw","sneckomod:Unknown1Cost"],"picked":"sneckomod:UnknownColorless","floor":15.0},{"not_picked":["sneckomod:Unknown3Cost","sneckomod:UnlimitedRolls"],"picked":"sneckomod:UnknownBoss","floor":16.0},{"not_picked":[],"picked":"sneckomod:UnknownCommonAttack+1","floor":19.0},{"not_picked":[],"picked":"sneckomod:UnknownCommonSkill+1","floor":21.0},{"not_picked":[],"picked":"sneckomod:UnknownClassPURPLE","floor":22.0},{"not_picked":["sneckomod:QuickBite"],"picked":"SKIP","floor":23}],"player_experience":583247,"relics_obtained":[{"floor":6.0,"key":"Girya"},{"floor":7.0,"key":"sneckomod:ConfusingCodex"},{"floor":24,"key":"Bag of Marbles"}],"event_choices":[{"damage_healed":0.0,"max_hp_gain":0.0,"max_hp_loss":0.0,"gold_gain":0.0,"event_name":"Scrap Ooze","player_choice":"Success","floor":10.0,"gold_loss":0.0,"damage_taken":12.0,"relics_obtained":["Juzu Bracelet"]}],"is_beta":false,"boss_relics":[{"not_picked":["Velvet Choker","SacredBark"],"picked":"Busted Crown"}],"items_purged_floors":[],"is_endless":false,"potions_floor_spawned":[6,12,14,15,16],"ascension_level":1}}