{"host":"kth2ngi076kd734g","time":1611477702,"event":{"mods":["BaseMod","Colored Map","Filter the Spire","Minty Spire (QoL Compilation)","Relic Stats"],"gold_per_floor":[118,118,68,85,100,100,134,134,134,159,159,197,14,27,27,153,153,177,92,106,127,127,127,168,168,194,228,246,286,299,31,31,162,162,183,183,208,233,233,277,277,313,313,329,369,369,369,369,369,369,369,369,27,61,61],"floor_reached":56,"language":"ENG","playtime":5057,"items_purged":[],"score":1644,"play_id":"97158eef-2cce-4938-87e0-fc0b9cadb766","local_time":"20210124094142","is_ascension_mode":true,"campfire_choices":[{"data":"Blur","floor":6.0,"key":"SMITH"},{"data":"Bullet Time","floor":8.0,"key":"SMITH"},{"data":"Accuracy","floor":15,"key":"SMITH"},{"data":"After Image","floor":23,"key":"SMITH"},{"data":"Phantasmal Killer","floor":25,"key":"SMITH"},{"floor":32,"key":"REST"},{"floor":47,"key":"RECALL"},{"data":"Malaise","floor":49,"key":"SMITH"},{"data":"Catalyst","floor":52,"key":"SMITH"}],"circlet_count":0,"master_deck":["Survivor","Neutralize","Distraction","A Thousand Cuts+1","Sucker Punch","Outmaneuver","Phantasmal Killer+1","Backflip","Bullet Time+1","Blade Dance","Blur+1","PiercingWail","Acrobatics","Dagger Spray","Blade Dance","Accuracy+1","After Image+1","Predator+1","Sucker Punch+1","Leg Sweep","Envenom","Burst","Leg Sweep+1","Blade Dance+1","Catalyst+1","Panache","Malaise+1","Dodge and Roll+1","Noxious Fumes+1","Catalyst+1","Terror+1","Deadly Poison+1","Catalyst+1","Master of Strategy+1","Venomology+1"],"relics":["Pandora\u0027s Box","Blood Vial","Matryoshka","Anchor","Golden Idol","Odd Mushroom","Runic Pyramid","Happy Flower","Bottled Flame","Tiny Chest","Ancient Tea Set","Paper Crane","Kunai","Membership Card","WristBlade","PreservedInsect","Oddly Smooth Stone","Toxic Egg 2","Question Card","Torii","InkBottle","Centennial Puzzle","Mercury Hourglass","Potion Belt","Lizard Tail","Bottled Tornado"],"acts_visited":["Exordium","TheCity","TheBeyond","TheEnding"],"potions_floor_usage":[10,14,16,18,24,42,44,54,55,55,55,55,55,55],"damage_taken":[{"damage":0.0,"enemies":"Small Slimes","floor":1.0,"turns":3.0},{"damage":4.0,"enemies":"Jaw Worm","floor":4.0,"turns":2.0},{"damage":0.0,"enemies":"Cultist","floor":5.0,"turns":4.0},{"damage":12.0,"enemies":"Lagavulin","floor":7.0,"turns":6.0},{"damage":0,"enemies":"Gremlin Nob","floor":10,"turns":3},{"damage":0,"enemies":"The Mushroom Lair","floor":12,"turns":2},{"damage":0,"enemies":"Exordium Thugs","floor":14,"turns":2},{"damage":28,"enemies":"The Guardian","floor":16,"turns":7},{"damage":3,"enemies":"Spheric Guardian","floor":18,"turns":3},{"damage":0,"enemies":"3 Byrds","floor":20,"turns":3},{"damage":7,"enemies":"Shelled Parasite and Fungi","floor":21,"turns":3},{"damage":17,"enemies":"Slavers","floor":24,"turns":3},{"damage":7,"enemies":"Gremlin Leader","floor":27,"turns":5},{"damage":0,"enemies":"Snecko","floor":28,"turns":2},{"damage":0,"enemies":"Book of Stabbing","floor":29,"turns":6},{"damage":0,"enemies":"Snake Plant","floor":30,"turns":4},{"damage":0,"enemies":"Collector","floor":33,"turns":5},{"damage":11,"enemies":"3 Shapes","floor":35,"turns":8},{"damage":10,"enemies":"3 Darklings","floor":37,"turns":5},{"damage":1,"enemies":"Giant Head","floor":40,"turns":6},{"damage":6,"enemies":"Reptomancer","floor":42,"turns":5},{"damage":1,"enemies":"Writhing Mass","floor":44,"turns":5},{"damage":1,"enemies":"Giant Head","floor":45,"turns":5},{"damage":34,"enemies":"Awakened One","floor":50,"turns":8},{"damage":33,"enemies":"Shield and Spear","floor":54,"turns":4},{"damage":33,"enemies":"The Heart","floor":55,"turns":7}],"seed_played":"874043509879039341","potions_obtained":[{"floor":1.0,"key":"SpeedPotion"},{"floor":5.0,"key":"Swift Potion"},{"floor":14,"key":"ColorlessPotion"},{"floor":16,"key":"DistilledChaos"},{"floor":21,"key":"DuplicationPotion"},{"floor":24,"key":"SteroidPotion"},{"floor":28,"key":"SpeedPotion"},{"floor":35,"key":"ColorlessPotion"},{"floor":40,"key":"Regen Potion"},{"floor":45,"key":"Ancient Potion"},{"floor":54,"key":"Fruit Juice"}],"is_trial":false,"path_per_floor":["M","?","?","M","M","R","E","R","T","E","?","?","$","M","R","B",null,"M","?","M","M","?","R","E","R","T","E","M","E","M","$","R","B",null,"M","?","M","T","T","E","?","E","T","M","E","T","R","T","R","B",null,"R","$","E","B",null],"character_chosen":"THE_SILENT","items_purchased":["Blade Dance","Accuracy","SkillPotion","Membership Card","Catalyst","Panache","Lizard Tail","Catalyst+1","Master of Strategy+1","AttackPotion","Weak Potion","SkillPotion"],"campfire_rested":1,"item_purchase_floors":[13,13,13,31,31,31,53,53,53,53,53,53],"current_hp_per_floor":[70,70,70,66,66,66,54,54,54,56,56,58,58,60,60,34,65,62,62,64,58,58,58,43,43,43,38,40,42,44,44,63,65,65,54,54,46,46,46,47,47,43,43,59,60,60,60,60,60,28,65,65,65,32,6],"gold":61,"neow_bonus":"BOSS_RELIC","is_daily":false,"chose_seed":false,"campfire_upgraded":7,"win_rate":0.0,"timestamp":1611477702,"path_taken":["M","?","?","M","M","R","E","R","T","E","?","?","$","M","R","BOSS","M","?","M","M","?","R","E","R","T","E","M","E","M","$","R","BOSS","M","?","?","?","?","E","?","E","T","?","E","?","R","?","R","BOSS","R","$","E","BOSS"],"items_purchased_type":["Card","Card","Potion","Relic","Card","Card","Relic","Card","Card","Potion","Potion","Potion"],"build_version":"2020-12-22","purchased_purges":0,"victory":true,"max_hp_per_floor":[70,70,70,70,70,70,70,70,70,70,65,65,65,65,65,65,65,65,65,65,65,65,65,65,65,65,65,65,65,65,65,65,65,65,65,65,65,65,65,65,65,65,65,65,65,65,65,65,65,65,65,65,65,65,70],"relic_stats":{"Happy Flower":[28],"Torii":14,"counters":[26,116],"Golden Idol":199,"PreservedInsect":377,"Question Card":4,"Mercury Hourglass":[75],"Blood Vial":37,"Centennial Puzzle":[9],"Lizard Tail":0,"Pandora\u0027s Box":["Distraction","A Thousand Cuts","Quick Slash","Sucker Punch","Outmaneuver","Phantasmal Killer","Backflip","Tactician","Prepared","Bullet Time"],"Tiny Chest":2,"Kunai":[26],"obtain_stats":[{"Torii":42,"Bottled Tornado":54,"Ancient Tea Set":26,"Blood Vial":7,"Centennial Puzzle":45,"Lizard Tail":53,"Matryoshka":9,"WristBlade":34,"Tiny Chest":26,"Kunai":29,"Toxic Egg 2":39,"InkBottle":43,"Ring of the Snake":0,"Runic Pyramid":17,"Potion Belt":48,"Happy Flower":19,"Golden Idol":11,"Oddly Smooth Stone":38,"PreservedInsect":36,"Odd Mushroom":12,"Paper Crane":27,"Question Card":40,"Mercury Hourglass":46,"Anchor":10,"Bottled Flame":24,"Pandora\u0027s Box":0,"Membership Card":31},{"Torii":21,"Bottled Tornado":25,"Ancient Tea Set":12,"Blood Vial":4,"Centennial Puzzle":23,"Lizard Tail":24,"Matryoshka":4,"WristBlade":17,"Tiny Chest":12,"Kunai":15,"Toxic Egg 2":19,"InkBottle":21,"Ring of the Snake":0,"Runic Pyramid":8,"Potion Belt":23,"Happy Flower":9,"Golden Idol":5,"Oddly Smooth Stone":19,"PreservedInsect":18,"Odd Mushroom":6,"Paper Crane":13,"Question Card":20,"Mercury Hourglass":23,"Anchor":5,"Bottled Flame":12,"Pandora\u0027s Box":0,"Membership Card":16},{"Torii":87,"Bottled Tornado":109,"Ancient Tea Set":41,"Blood Vial":15,"Centennial Puzzle":97,"Lizard Tail":105,"Matryoshka":15,"WristBlade":63,"Tiny Chest":41,"Kunai":54,"Toxic Egg 2":76,"InkBottle":87,"Ring of the Snake":0,"Runic Pyramid":29,"Potion Belt":97,"Happy Flower":32,"Golden Idol":18,"Oddly Smooth Stone":76,"PreservedInsect":71,"Odd Mushroom":20,"Paper Crane":46,"Question Card":82,"Mercury Hourglass":97,"Anchor":18,"Bottled Flame":41,"Pandora\u0027s Box":0,"Membership Card":58}],"InkBottle":[16]},"card_choices":[{"not_picked":["Blur","Slice"],"picked":"Blade Dance","floor":1.0},{"not_picked":["Poisoned Stab","Outmaneuver"],"picked":"Blur","floor":4.0},{"not_picked":["Well Laid Plans","Flechettes"],"picked":"PiercingWail","floor":5.0},{"not_picked":["Flying Knee","Doppelganger"],"picked":"Acrobatics","floor":7.0},{"not_picked":["Prepared","Outmaneuver","Sucker Punch"],"picked":"SKIP","floor":10},{"not_picked":["Acrobatics","Slice"],"picked":"Dagger Spray","floor":12},{"not_picked":["Quick Slash","Slice","Backflip"],"picked":"SKIP","floor":14},{"not_picked":["Glass Knife","Tools of the Trade"],"picked":"After Image","floor":16},{"not_picked":["Poisoned Stab+1","Quick Slash"],"picked":"Predator+1","floor":18},{"not_picked":["Prepared","Choke"],"picked":"Sucker Punch+1","floor":20},{"not_picked":["Prepared","Dagger Throw"],"picked":"Leg Sweep","floor":21},{"not_picked":["Outmaneuver","Deflect+1"],"picked":"Envenom","floor":24},{"not_picked":["Blade Dance","Masterful Stab"],"picked":"Burst","floor":27},{"not_picked":["Deadly Poison","Prepared"],"picked":"Leg Sweep+1","floor":28},{"not_picked":["All Out Attack","Endless Agony"],"picked":"Blade Dance+1","floor":29},{"not_picked":["PiercingWail","Masterful Stab","Prepared"],"picked":"SKIP","floor":30},{"not_picked":["Tools of the Trade","Phantasmal Killer"],"picked":"Malaise","floor":33},{"not_picked":["Flying Knee+1","Expertise"],"picked":"Dodge and Roll+1","floor":35},{"not_picked":["Underhanded Strike","Finisher"],"picked":"Noxious Fumes+1","floor":37},{"not_picked":["Dagger Throw","Blade Dance+1"],"picked":"Catalyst+1","floor":40},{"not_picked":["Dodge and Roll+1","Venomology+1","Acrobatics+1"],"picked":"Terror+1","floor":42},{"not_picked":["Calculated Gamble+1","Dagger Throw","PiercingWail+1"],"picked":"Deadly Poison+1","floor":44},{"not_picked":["Choke+1","Heel Hook","Infinite Blades+1","Riddle With Holes"],"picked":"SKIP","floor":45},{"not_picked":["Dagger Throw+1","Deflect+1","Flying Knee+1"],"picked":"Venomology+1","floor":54}],"player_experience":677118,"relics_obtained":[{"floor":7.0,"key":"Blood Vial"},{"floor":9.0,"key":"Matryoshka"},{"floor":10,"key":"Anchor"},{"floor":12,"key":"Odd Mushroom"},{"floor":24,"key":"Bottled Flame"},{"floor":26,"key":"Tiny Chest"},{"floor":26,"key":"Ancient Tea Set"},{"floor":27,"key":"Paper Crane"},{"floor":29,"key":"Kunai"},{"floor":38,"key":"Oddly Smooth Stone"},{"floor":39,"key":"Toxic Egg 2"},{"floor":40,"key":"Question Card"},{"floor":42,"key":"Torii"},{"floor":43,"key":"InkBottle"},{"floor":45,"key":"Centennial Puzzle"},{"floor":46,"key":"Mercury Hourglass"},{"floor":48,"key":"Potion Belt"},{"floor":54,"key":"Bottled Tornado"}],"event_choices":[{"damage_healed":0.0,"max_hp_gain":0.0,"max_hp_loss":0.0,"gold_gain":0.0,"event_name":"Living Wall","player_choice":"Grow","floor":2.0,"gold_loss":0.0,"damage_taken":0.0,"cards_upgraded":["A Thousand Cuts"]},{"cards_removed":["Tactician"],"damage_healed":0.0,"max_hp_gain":0.0,"max_hp_loss":0.0,"gold_gain":0.0,"event_name":"The Cleric","player_choice":"Card Removal","floor":3.0,"gold_loss":50.0,"damage_taken":0.0},{"damage_healed":0,"gold_gain":0,"player_choice":"Lose Max HP","damage_taken":0,"relics_obtained":["Golden Idol"],"max_hp_gain":0,"max_hp_loss":5,"event_name":"Golden Idol","floor":11,"gold_loss":0},{"damage_healed":0,"gold_gain":0,"player_choice":"Fought Mushrooms","damage_taken":0,"max_hp_gain":0,"max_hp_loss":0,"event_name":"Mushrooms","floor":12,"gold_loss":0},{"damage_healed":0,"gold_gain":0,"player_choice":"Obtained Relic","damage_taken":0,"relics_obtained":["Happy Flower"],"max_hp_gain":0,"max_hp_loss":0,"event_name":"Addict","floor":19,"gold_loss":85},{"cards_removed":["Prepared"],"damage_healed":0,"gold_gain":0,"player_choice":"Elegance","damage_taken":0,"max_hp_gain":0,"max_hp_loss":0,"event_name":"Back to Basics","floor":22,"gold_loss":0},{"damage_healed":0,"gold_gain":0,"player_choice":"Gave Potion","damage_taken":0,"relics_obtained":["PreservedInsect"],"max_hp_gain":0,"max_hp_loss":0,"event_name":"WeMeetAgain","floor":36,"gold_loss":0},{"cards_removed":["Quick Slash"],"damage_healed":0,"gold_gain":0,"player_choice":"Removed Attack","damage_taken":0,"max_hp_gain":0,"max_hp_loss":0,"event_name":"Falling","floor":41,"gold_loss":0}],"is_beta":false,"boss_relics":[{"not_picked":["Tiny House","SlaversCollar"],"picked":"Runic Pyramid"},{"not_picked":["Astrolabe","Snecko Eye"],"picked":"WristBlade"}],"items_purged_floors":[],"is_endless":false,"potions_floor_spawned":[1,5,14,16,21,24,28,35,40,45,54],"ascension_level":4}}