{"host":"tknto047uabgu3zm","time":1611465650,"event":{"mods":["AchievementEnabler","BaseMod","Bestiary","Block Reminder","Colored Map","Colored Powertips","Highlight Path","Minty Spire (QoL Compilation)","MonsterHotkey","Permanent Neow","Random Character Button","Rare Cards Sparkle","Relic Sorter","Relic Stats","StSLib"],"gold_per_floor":[116,127,127,49,65,65,95,110,180,206,206,38,48,48,48,48,48],"floor_reached":16,"language":"ENG","playtime":465,"items_purged":[],"score":185,"play_id":"98768b43-70c9-4368-b2e0-fd49af2d7434","local_time":"20210123212050","is_ascension_mode":true,"campfire_choices":[{"data":"Dagger Spray","floor":6,"key":"SMITH"},{"floor":11,"key":"REST"},{"floor":15,"key":"DIG"}],"circlet_count":0,"master_deck":["AscendersBane","Strike_G","Strike_G","Strike_G","Strike_G","Strike_G","Defend_G","Defend_G","Defend_G","Defend_G","Survivor","Neutralize","PiercingWail","Footwork","Blade Dance","Slice","Dagger Spray+1","Deadly Poison","Backflip","Concentrate"],"relics":["HoveringKite","Shovel","Gremlin Horn","Regal Pillow","Membership Card","Potion Belt"],"acts_visited":["Exordium"],"potions_floor_usage":[7,8],"damage_taken":[{"damage":14,"enemies":"Cultist","floor":1,"turns":5},{"damage":1,"enemies":"Jaw Worm","floor":2,"turns":6},{"damage":1,"enemies":"Small Slimes","floor":5,"turns":4},{"damage":13,"enemies":"3 Sentries","floor":7,"turns":6},{"damage":0,"enemies":"2 Fungi Beasts","floor":8,"turns":3},{"damage":7,"enemies":"Red Slaver","floor":13,"turns":4},{"damage":71,"enemies":"Hexaghost","floor":16,"turns":14}],"seed_played":"-3213318406297738450","potions_obtained":[{"floor":1,"key":"Explosive Potion"},{"floor":7,"key":"FearPotion"}],"is_trial":false,"path_per_floor":["M","M","?","$","M","R","E","M","T","T","R","$","M","?","R","B"],"character_chosen":"THE_SILENT","items_purchased":["Blade Dance","Slice","Membership Card"],"campfire_rested":1,"item_purchase_floors":[4,4,12],"current_hp_per_floor":[45,44,44,44,43,43,30,30,30,30,64,64,57,62,62,0,0],"gold":48,"neow_bonus":"BOSS_RELIC","is_daily":false,"chose_seed":false,"campfire_upgraded":1,"win_rate":0.0,"timestamp":1611465650,"path_taken":["M","M","?","?","M","R","E","M","T","?","R","$","?","?","R","BOSS"],"items_purchased_type":["Card","Card","Relic"],"build_version":"2020-12-22","purchased_purges":0,"victory":false,"max_hp_per_floor":[66,66,66,66,66,66,66,66,66,66,66,66,66,71,71,71,71],"relic_stats":{"Regal Pillow":15,"Shovel":1,"Gremlin Horn":[0,0],"counters":[7,42],"HoveringKite":[9],"obtain_stats":[{"Potion Belt":15,"Regal Pillow":10,"Shovel":7,"Gremlin Horn":9,"HoveringKite":0,"Membership Card":12,"Ring of the Snake":0},{"Potion Belt":6,"Regal Pillow":5,"Shovel":4,"Gremlin Horn":5,"HoveringKite":0,"Membership Card":5,"Ring of the Snake":0},{"Potion Belt":28,"Regal Pillow":24,"Shovel":21,"Gremlin Horn":24,"HoveringKite":0,"Membership Card":24,"Ring of the Snake":0}]},"card_choices":[{"not_picked":["Calculated Gamble","Bane"],"picked":"PiercingWail","floor":1},{"not_picked":["Quick Slash","Acrobatics"],"picked":"Footwork","floor":2},{"not_picked":["Slice","Flying Knee"],"picked":"Dagger Spray","floor":5},{"not_picked":["Setup","Bane"],"picked":"Deadly Poison","floor":7},{"not_picked":["Dodge and Roll","Eviscerate"],"picked":"Backflip","floor":8},{"not_picked":["Dodge and Roll","Slice"],"picked":"Concentrate","floor":13}],"player_experience":502389,"relics_obtained":[{"floor":7,"key":"Shovel"},{"floor":9,"key":"Gremlin Horn"},{"floor":10,"key":"Regal Pillow"},{"floor":15,"key":"Potion Belt"}],"event_choices":[{"cards_removed":["Defend_G"],"damage_healed":0,"gold_gain":0,"player_choice":"Forget","damage_taken":0,"max_hp_gain":0,"max_hp_loss":0,"event_name":"Living Wall","floor":3,"gold_loss":0},{"damage_healed":0,"gold_gain":0,"player_choice":"Donut","damage_taken":0,"max_hp_gain":5,"max_hp_loss":0,"event_name":"Big Fish","floor":14,"gold_loss":0}],"is_beta":false,"boss_relics":[],"items_purged_floors":[],"is_endless":false,"potions_floor_spawned":[1,7],"killed_by":"Hexaghost","ascension_level":17}}