{"host":"m3txpv198clqze8f","time":1611455683,"event":{"mods":["Act Like it!","BaseMod","Colored Powertips","Friendly Minions","KinomotoSakuraMod(Ä¾Ö®±¾Ó£)","Minty Spire (QoL Compilation)","Quick Restart","Relic Filter Mod","StSLib"],"gold_per_floor":[111,125,137,151,101,126,126,156,156,186,261,276,120,131,131,236,236,246,51,70,82,82,113,113,113,113],"floor_reached":25,"language":"ZHS","playtime":1073,"items_purged":[],"score":293,"play_id":"e5665b1c-9b63-41c9-8c29-cf8399c5461b","local_time":"20210124103443","is_ascension_mode":false,"campfire_choices":[{"data":"ClowCardTheMove","floor":7.0,"key":"SMITH"},{"data":"ClowCardTheDream","floor":15.0,"key":"SMITH"}],"circlet_count":0,"master_deck":["SakuraCardTheDream+","SakuraCardTheStorm+","ClowCardTheSword+1","ClowCardTheShield+1","SpellCardSeal","SpellCardRelease","ClowCardTheShot","ClowCardTheMove+1","ClowCardTheReturn","ClowCardTheIllusion+1","ClowCardTheFlower","ClowCardTheRain+1"],"relics":["KSMOD_SealedBook","KSMOD_StarWand","NeowsBlessing","Omamori","Boot","Mummified Hand","Sundial","KSMOD_GemBrooch","Membership Card","Bronze Scales"],"acts_visited":["Exordium","TheCity"],"potions_floor_usage":[25,25],"damage_taken":[{"damage":1.0,"enemies":"2 Louse","floor":1.0,"turns":3.0},{"damage":0.0,"enemies":"Jaw Worm","floor":2.0,"turns":1.0},{"damage":0.0,"enemies":"Cultist","floor":3.0,"turns":1.0},{"damage":4.0,"enemies":"2 Fungi Beasts","floor":4.0,"turns":4.0},{"damage":28.0,"enemies":"Gremlin Nob","floor":6.0,"turns":4.0},{"damage":0.0,"enemies":"3 Sentries","floor":8.0,"turns":6.0},{"damage":0.0,"enemies":"Gremlin Nob","floor":10.0,"turns":2.0},{"damage":0.0,"enemies":"Large Slime","floor":12.0,"turns":2.0},{"damage":0.0,"enemies":"Blue Slaver","floor":14.0,"turns":1.0},{"damage":19.0,"enemies":"Slime Boss","floor":16.0,"turns":10.0},{"damage":6.0,"enemies":"3 Byrds","floor":18.0,"turns":4.0},{"damage":0.0,"enemies":"Chosen","floor":20.0,"turns":4.0},{"damage":16.0,"enemies":"Centurion and Healer","floor":21.0,"turns":4.0},{"damage":15.0,"enemies":"Book of Stabbing","floor":23.0,"turns":4.0},{"damage":47,"enemies":"Gremlin Leader","floor":25,"turns":2}],"seed_played":"-8239925522675877712","potions_obtained":[{"floor":2.0,"key":"Swift Potion"},{"floor":4.0,"key":"Weak Potion"},{"floor":6.0,"key":"EssenceOfSteel"},{"floor":16.0,"key":"LiquidBronze"},{"floor":23.0,"key":"DistilledChaos"}],"is_trial":false,"path_per_floor":["M","M","M","M","?","E","R","E","T","E","?","M","$","M","R","B",null,"M","$","M","M","?","E","?","E"],"character_chosen":"KINOMOTOSAKURA","items_purchased":["KSMOD_GemBrooch","Membership Card","ClowCardTheFlower"],"campfire_rested":0,"item_purchase_floors":[13,19,19],"current_hp_per_floor":[69,69,69,65,65,37,37,37,37,37,30,30,30,30,30,11,70,64,64,64,48,48,45,45,0,0],"gold":113,"neow_bonus":"THREE_ENEMY_KILL","is_daily":false,"chose_seed":false,"campfire_upgraded":2,"win_rate":0.0,"timestamp":1611455683,"path_taken":["M","M","M","M","?","E","R","E","T","E","?","M","$","M","R","BOSS","M","?","M","M","?","E","?","E"],"items_purchased_type":["Relic","Relic","Card"],"build_version":"2020-12-22","purchased_purges":0,"victory":false,"max_hp_per_floor":[70,70,70,70,70,70,70,70,70,70,70,70,70,70,70,70,70,70,70,70,70,70,70,70,70,70],"card_choices":[{"not_picked":["ClowCardTheShadow","ClowCardTheVoice"],"picked":"ClowCardTheShot","floor":1.0},{"not_picked":["ClowCardTheSand","ClowCardTheLibra","ClowCardTheIllusion"],"picked":"SKIP","floor":2.0},{"not_picked":["ClowCardTheErase","ClowCardTheGlow","ClowCardTheVoice"],"picked":"SKIP","floor":3.0},{"not_picked":["ClowCardTheCloud","ClowCardTheFloat"],"picked":"ClowCardTheStorm","floor":4.0},{"not_picked":["ClowCardTheWindy","ClowCardTheFirey"],"picked":"ClowCardTheMove","floor":6.0},{"not_picked":["ClowCardTheTime","ClowCardTheBig"],"picked":"ClowCardTheDream","floor":8.0},{"not_picked":["ClowCardTheWatery","ClowCardTheFirey","ClowCardTheLibra"],"picked":"SKIP","floor":10.0},{"not_picked":["ClowCardTheIllusion","ClowCardTheSong","ClowCardTheLibra"],"picked":"SKIP","floor":12.0},{"not_picked":["ClowCardTheLibra","ClowCardTheWood","ClowCardTheMove"],"picked":"SKIP","floor":14.0},{"not_picked":["ClowCardTheThunder","ClowCardTheDark"],"picked":"ClowCardTheReturn","floor":16.0},{"not_picked":["ClowCardTheGlow","ClowCardTheWave"],"picked":"ClowCardTheIllusion+1","floor":18.0},{"not_picked":["ClowCardTheArrow","ClowCardTheMirror+1"],"picked":"ClowCardTheRain+1","floor":20.0},{"not_picked":["ClowCardTheLibra","ClowCardTheRain","ClowCardTheMist"],"picked":"SKIP","floor":21.0},{"not_picked":["ClowCardTheWood","ClowCardTheCloud","ClowCardTheDark"],"picked":"SKIP","floor":23.0}],"player_experience":140167,"relics_obtained":[{"floor":6.0,"key":"Omamori"},{"floor":8.0,"key":"Boot"},{"floor":9.0,"key":"Mummified Hand"},{"floor":10.0,"key":"Sundial"},{"floor":23.0,"key":"Bronze Scales"}],"event_choices":[{"cards_removed":["ClowCardTheSword"],"damage_healed":0.0,"max_hp_gain":0.0,"max_hp_loss":0.0,"gold_gain":0.0,"event_name":"The Cleric","player_choice":"Card Removal","floor":5.0,"gold_loss":50.0,"damage_taken":0.0},{"damage_healed":0.0,"max_hp_gain":0.0,"max_hp_loss":0.0,"gold_gain":75.0,"event_name":"FaceTrader","player_choice":"Touch","floor":11.0,"gold_loss":0.0,"damage_taken":7.0},{"damage_healed":0.0,"max_hp_gain":0.0,"max_hp_loss":0.0,"gold_gain":0.0,"event_name":"Cursed Tome","player_choice":"Ignored","floor":22.0,"gold_loss":0.0,"damage_taken":0.0},{"damage_healed":0.0,"max_hp_gain":0.0,"max_hp_loss":0.0,"gold_gain":0.0,"event_name":"Back to Basics","player_choice":"Simplicity","floor":24.0,"gold_loss":0.0,"damage_taken":0.0,"cards_upgraded":[]}],"is_beta":false,"boss_relics":[{"not_picked":["Black Star","KSMOD_DarknessWand"],"picked":"KSMOD_StarWand"}],"items_purged_floors":[],"is_endless":false,"potions_floor_spawned":[2,4,6,16,23],"killed_by":"Gremlin Leader","ascension_level":0}}