{"host":"yvb207ks1sg3cxef","time":1611511778,"event":{"mods":["2.2 Compatiblity","BaseMod","Bestiary","Colored Powertips","Minty Spire (QoL Compilation)","Permanent Neow","Quick Restart","Relic Stats","StSLib"],"gold_per_floor":[118,118,83,96,112,112,112],"floor_reached":6,"language":"ENG","playtime":220,"items_purged":[],"score":70,"play_id":"9dac0e48-2128-486c-9404-3637bb920c12","local_time":"20210124233938","is_ascension_mode":true,"campfire_choices":[],"circlet_count":0,"master_deck":["AscendersBane","Strike_P","Strike_P","Strike_P","Strike_P","Defend_P","Defend_P","Defend_P","Defend_P","Eruption","Vigilance","Adaptation","EmptyFist","Halt"],"relics":["PureWater","MealTicket"],"acts_visited":["Exordium"],"potions_floor_usage":[0,6],"damage_taken":[{"damage":4,"enemies":"Jaw Worm","floor":1,"turns":3},{"damage":8,"enemies":"Small Slimes","floor":4,"turns":4},{"damage":0,"enemies":"Cultist","floor":5,"turns":2},{"damage":48,"enemies":"Gremlin Nob","floor":6,"turns":5}],"seed_played":"8030093884574333089","potions_obtained":[{"floor":0,"key":"Fruit Juice"},{"floor":0,"key":"PowerPotion"},{"floor":0,"key":"Ancient Potion"}],"is_trial":false,"path_per_floor":["M","?","?","M","M","E"],"character_chosen":"WATCHER","items_purchased":[],"campfire_rested":0,"item_purchase_floors":[],"current_hp_per_floor":[62,57,57,49,49,1,1],"gold":112,"neow_bonus":"THREE_SMALL_POTIONS","is_daily":false,"chose_seed":false,"campfire_upgraded":0,"win_rate":0.0,"timestamp":1611511778,"path_taken":["M","?","?","M","M","E"],"items_purchased_type":[],"build_version":"2020-12-22","purchased_purges":0,"victory":false,"max_hp_per_floor":[73,73,73,73,73,73,73],"relic_stats":{"counters":[4,14],"MealTicket":0,"obtain_stats":[{"MealTicket":2,"PureWater":0},{"MealTicket":1,"PureWater":0},{"MealTicket":3,"PureWater":0}]},"card_choices":[{"not_picked":["BattleHymn","Prostrate"],"picked":"Adaptation","floor":1},{"not_picked":["DeceiveReality","PathToVictory"],"picked":"EmptyFist","floor":4},{"not_picked":["Weave","EmptyBody"],"picked":"Halt","floor":5}],"player_experience":444530,"relics_obtained":[],"event_choices":[{"damage_healed":0,"gold_gain":0,"player_choice":"Success","damage_taken":5,"relics_obtained":["MealTicket"],"max_hp_gain":0,"max_hp_loss":0,"event_name":"Scrap Ooze","floor":2,"gold_loss":0},{"damage_healed":0,"gold_gain":0,"player_choice":"Left Gold","damage_taken":0,"max_hp_gain":0,"max_hp_loss":0,"event_name":"World of Goop","floor":3,"gold_loss":35}],"is_beta":false,"boss_relics":[],"items_purged_floors":[],"is_endless":false,"potions_floor_spawned":[1],"killed_by":"Gremlin Nob","ascension_level":19}}