{"host":"thin","time":1611504652,"event":{"mods":["BaseMod","Colored Powertips","Minty Spire (QoL Compilation)","Replay The Spire","Shop Mod","StSLib","The Bug Knight"],"gold_per_floor":[116,130,205,278,48,48,83,93,119,119,153,153,0,15,15,15,15],"floor_reached":16,"language":"ZHS","playtime":329,"items_purged":["HollowMod:QuickDashStart"],"score":226,"play_id":"1dee90cd-2282-4776-9003-8855cf063ebd","local_time":"20210125001052","is_ascension_mode":true,"campfire_choices":[{"floor":6.0,"key":"RECALL"},{"floor":15,"key":"REST"}],"circlet_count":0,"master_deck":["AscendersBane","HollowMod:NailStrikeStart","HollowMod:NailStrikeStart","HollowMod:NailStrikeStart","HollowMod:NailStrikeStart","HollowMod:QuickDashStart","HollowMod:QuickDashStart","HollowMod:QuickDashStart","HollowMod:FocusHealStart","HollowMod:PogoStrike+1","HollowMod:VengefulSpirit","HollowMod:MonomonsArchive","HollowMod:MidwifesHunger","HollowMod:HeavyBlow","HollowMod:SoulSplash","HollowMod:QuirrelsAssistance+1","Trip"],"relics":["HollowMod:VesselMask","NeowsBlessing","Akabeko","Replay:Bottled Steam","ReplayTheSpireMod:TigerMarble","Molten Egg 2","Simple Rune","PrismaticShard"],"acts_visited":["Exordium"],"potions_floor_usage":[],"damage_taken":[{"damage":0.0,"enemies":"Jaw Worm","floor":1.0,"turns":1.0},{"damage":0.0,"enemies":"Small Slimes","floor":2.0,"turns":1.0},{"damage":0.0,"enemies":"Gremlin Nob","floor":7.0,"turns":1.0},{"damage":0.0,"enemies":"2 Louse","floor":8.0,"turns":1.0},{"damage":30.0,"enemies":"3 Sentries","floor":11.0,"turns":8.0},{"damage":14,"enemies":"Red Slaver","floor":14,"turns":2},{"damage":53,"enemies":"HollowMod:FalseKnight","floor":16,"turns":6}],"seed_played":"-2388692227150992143","potions_obtained":[{"floor":1.0,"key":"Toxic Potion"},{"floor":2.0,"key":"Milkshake"}],"is_trial":false,"path_per_floor":["M","M","?","T","$","R","E","M","T","?","E","?","$","M","R","B"],"character_chosen":"THE_BUGKNIGHT","items_purchased":["Akabeko","HollowMod:QuirrelsAssistance+1","Trip"],"campfire_rested":1,"item_purchase_floors":[5,13,13],"current_hp_per_floor":[68,68,57,57,57,57,57,57,57,50,26,26,26,18,40,0,0],"gold":15,"neow_bonus":"THREE_ENEMY_KILL","is_daily":false,"chose_seed":false,"campfire_upgraded":0,"win_rate":0.0,"timestamp":1611504652,"path_taken":["M","M","?","?","$","R","E","M","T","?","E","?","$","?","R","BOSS"],"items_purchased_type":["Relic","Card","Card"],"build_version":"2020-12-18","purchased_purges":1,"victory":false,"max_hp_per_floor":[75,75,75,75,75,75,75,75,75,75,75,75,75,75,75,75,75],"card_choices":[{"not_picked":["HollowMod:GoodIntentions","HollowMod:TaintedHusks"],"picked":"HollowMod:VengefulSpirit","floor":1.0},{"not_picked":["HollowMod:FallenFury","HollowMod:SoulEater"],"picked":"HollowMod:MonomonsArchive","floor":2.0},{"not_picked":["HollowMod:BrokenVessel","HollowMod:DashSlash"],"picked":"HollowMod:MidwifesHunger","floor":7.0},{"not_picked":["HollowMod:InfectedCysts","HollowMod:MonomonsArchive"],"picked":"HollowMod:HeavyBlow","floor":8.0},{"not_picked":["HollowMod:InfectionAssault+1","HollowMod:DescendingDark+1"],"picked":"HollowMod:SoulSplash","floor":11.0},{"not_picked":["Thunderclap+1","HollowMod:MonarchWings","Dodge and Roll"],"picked":"SKIP","floor":14}],"player_experience":965904,"relics_obtained":[{"floor":7.0,"key":"Replay:Bottled Steam"},{"floor":9.0,"key":"ReplayTheSpireMod:TigerMarble"},{"floor":11.0,"key":"Simple Rune"}],"event_choices":[{"damage_healed":0.0,"max_hp_gain":0.0,"max_hp_loss":0.0,"gold_gain":75.0,"event_name":"World of Goop","player_choice":"Gather Gold","floor":3.0,"gold_loss":0.0,"damage_taken":11.0},{"damage_healed":0.0,"max_hp_gain":0.0,"max_hp_loss":0.0,"gold_gain":0.0,"event_name":"Scrap Ooze","player_choice":"Success","floor":10.0,"gold_loss":0.0,"damage_taken":7.0,"relics_obtained":["Molten Egg 2"]}],"is_beta":true,"boss_relics":[],"items_purged_floors":[5],"is_endless":false,"potions_floor_spawned":[1,2],"killed_by":"HollowMod:FalseKnight","ascension_level":14}}