{"host":"j019w4cyowrad0mf","time":1611485429,"event":{"mods":["2.2 Compatiblity","Act Like it!","BaseMod","CapriCore","Gensokyo","HololiveMod","Marisa????????","Minty Spire (QoL Compilation)","Reimu??????","StSLib","Waifu the Spire","WarShipGirlsR/????R mod"],"gold_per_floor":[81,95,109,22,38,38,63,63,63,63,77,107,121,121,121,312,312,323,323,323,337,337,337,377,38,38,61,88,128,86,48,48,151,151,179,202,202,142,159,159,159,159,239,262,222,46,70,70,70,84],"floor_reached":51,"language":"ENG","playtime":4322,"items_purged":["Hololive_Strike","Hololive_Recruit"],"score":1114,"play_id":"01420d16-30f7-4d4d-8b57-ef02b3025d68","local_time":"20210124025029","is_ascension_mode":true,"campfire_choices":[{"data":"Hololive_Teleport","floor":6.0,"key":"SMITH"},{"data":"Hololive_CallShiranuiFlare","floor":15.0,"key":"SMITH"},{"data":"Hololive_DDD","floor":23.0,"key":"SMITH"},{"data":"Mayhem","floor":32.0,"key":"SMITH"},{"data":"Gensokyo:PrivateSquare","floor":40,"key":"SMITH"},{"data":"Hololive_CallInugamiKorone","floor":41,"key":"SMITH"},{"data":"Hololive_CallNekomataOkayu","floor":42,"key":"SMITH"},{"floor":49,"key":"REST"}],"circlet_count":0,"master_deck":["Hololive_Teleport+1","Hololive_CallOzoraSubaru","Hololive_CallRoboco","Hololive_CallInugamiKorone+1","Hololive_CallRosalyn","Hololive_CallHimemoriLuna","Hololive_LuckPotion","Hololive_CallTokinoSora","Hololive_CallShiranuiFlare+1","Hololive_CallYukihanaLamy","Hololive_CallNekomataOkayu+1","Hololive_CallMurasakiShion","Hololive_CallMomosuzuNene+4","Hololive_Drill","Hololive_CallAyundaRisu","Hololive_CocoNews+1","Hololive_DDD+1","Hololive_RevenueBasedLive+1","Hololive_CallOmaruPolka","Mayhem+1","Hololive_CallYuzukiChoco","Hololive_Breathe+1","Hololive_CallShishiroBotan","Hololive_Psychosis+1","Hololive_Yoholoon+1","Hololive_StarCraft","Hololive_CallMinatoAqua","Hololive_CallManoAloe+1","Gensokyo:PrivateSquare+1","Pride","Gensokyo:CustomPotion","Hololive_FlyingPonyTail+1","Hololive_ILoveYou","Hololive_CallNakiriAyame","Hololive_CallNatsuiroMatsuri","Hololive_ASMR+1"],"relics":["Hololive_TheStar","Bag of Preparation","Centennial Puzzle","Mastiff:ReiMu","Darkstone Periapt","Molten Egg 2","Happy Flower","Runic Pyramid","Gensokyo:SongOfSouls","Ginger","WingedGreaves","Empty Cage","Regal Pillow","Shuriken"],"acts_visited":["Exordium","Gensokyo:Gensokyo","Gensokyo:Gensokyoer"],"potions_floor_usage":[],"damage_taken":[{"damage":0.0,"enemies":"Gensokyo:Python","floor":1.0,"turns":3.0},{"damage":0.0,"enemies":"Gensokyo:3_Fairies","floor":2.0,"turns":4.0},{"damage":0.0,"enemies":"Gensokyo:Gryphon","floor":3.0,"turns":3.0},{"damage":0.0,"enemies":"Gensokyo:Python_and_Kodama","floor":5.0,"turns":4.0},{"damage":0.0,"enemies":"Gensokyo:Aya","floor":7.0,"turns":5.0},{"damage":0.0,"enemies":"Gensokyo:2_Rabbits","floor":11.0,"turns":3.0},{"damage":0.0,"enemies":"Gensokyo:Cirno","floor":12.0,"turns":7.0},{"damage":0.0,"enemies":"Gensokyo:VengefulSpirit","floor":13.0,"turns":3.0},{"damage":0.0,"enemies":"Gensokyo:Reimu","floor":16.0,"turns":10.0},{"damage":2.0,"enemies":"Gensokyo:AngelMirror","floor":18.0,"turns":4.0},{"damage":0.0,"enemies":"Gensokyo:2_Gloops","floor":21.0,"turns":4.0},{"damage":0.0,"enemies":"Gensokyo:Reisen","floor":24.0,"turns":6.0},{"damage":0.0,"enemies":"Gensokyo:Wraith","floor":27.0,"turns":4.0},{"damage":0.0,"enemies":"Gensokyo:Chomper_and_Gloop","floor":28.0,"turns":4.0},{"damage":0.0,"enemies":"Gensokyo:Tenshi","floor":29.0,"turns":5.0},{"damage":0.0,"enemies":"Gensokyo:Eternal_Rivals","floor":33.0,"turns":6.0},{"damage":8.0,"enemies":"Gensokyo:3_Bats","floor":35.0,"turns":4.0},{"damage":0.0,"enemies":"Gensokyo:AncientGuardian","floor":36.0,"turns":6.0},{"damage":3,"enemies":"Gensokyo:Sharpion","floor":39,"turns":5},{"damage":0,"enemies":"Gensokyo:4_Bats","floor":44,"turns":4},{"damage":0,"enemies":"Gensokyo:Dusk_and_Dawn","floor":47,"turns":4},{"damage":0,"enemies":"Gensokyo:Shinki","floor":50,"turns":7}],"seed_played":"569205330162758731","potions_obtained":[{"floor":2.0,"key":"Block Potion"},{"floor":13.0,"key":"Swift Potion"},{"floor":16.0,"key":"LiquidMemories"},{"floor":18.0,"key":"SpeedPotion"},{"floor":21.0,"key":"BlessingOfTheForge"},{"floor":24.0,"key":"MagicPotion:ReiMu"},{"floor":44,"key":"Energy Potion"}],"is_trial":false,"path_per_floor":["M","M","M","COS","M","R","E","?","T","?","M","E","M","?","R","B",null,"M","?","?","M","?","R","E","$","T","M","M","E","COS","$","R","B",null,"M","M","?","?","M","R","R","R","T","M","$","$","M","?","R","B",null],"character_chosen":"Hololive_HololiveCharacter","items_purchased":["Mayhem","Hololive_CallYuzukiChoco","Hololive_Yoholoon+1","Hololive_CallNakiriAyame","Hololive_CallNatsuiroMatsuri"],"campfire_rested":1,"item_purchase_floors":[25,25,31,45,46],"current_hp_per_floor":[35,35,35,35,35,35,35,35,35,35,35,35,35,35,35,35,35,33,33,33,33,33,33,33,33,33,33,33,33,33,33,33,33,35,27,27,33,33,30,30,30,30,30,30,30,30,30,24,41,41],"gold":84,"neow_bonus":"THREE_CARDS","is_daily":false,"chose_seed":false,"campfire_upgraded":7,"win_rate":0.0,"timestamp":1611485429,"path_taken":["M","M","M","COS","M","R","E","?","T","?","M","E","M","?","R","BOSS","M","?","?","?","?","R","E","$","T","M","?","E","COS","$","R","BOSS","M","M","?","?","?","R","R","R","T","M","?","$","M","?","R","BOSS"],"items_purchased_type":["Card","Card","Card","Card","Card"],"build_version":"2020-12-22","purchased_purges":2,"victory":true,"max_hp_per_floor":[35,35,35,35,35,35,35,35,35,35,35,35,35,35,35,35,35,35,35,35,35,35,35,35,35,35,35,35,35,35,35,35,35,35,35,35,41,41,41,41,41,41,41,41,41,41,41,41,41,41],"card_choices":[{"not_picked":["Hololive_Breathe","Hololive_Rebound"],"picked":"Hololive_LuckPotion","floor":0.0},{"not_picked":["Hololive_HuntDinosaur","Hololive_Rebound","Hololive_OvertimeWork"],"picked":"Hololive_CallTokinoSora","floor":1.0},{"not_picked":["Hololive_Sequa","Hololive_Rebound","Hololive_StrengthChampion"],"picked":"Hololive_BringToTrial","floor":2.0},{"not_picked":["Hololive_FlyingPonyTail","Hololive_RevenueBasedLive","Hololive_Breathe"],"picked":"Hololive_CallShiranuiFlare","floor":3.0},{"not_picked":["Hololive_Psychosis","Hololive_Trident","Hololive_Drill"],"picked":"Hololive_CallYukihanaLamy","floor":5.0},{"not_picked":["Hololive_CallInugamiKorone","Hololive_AWSL","Hololive_Psychosis"],"picked":"Hololive_CallNekomataOkayu","floor":7.0},{"not_picked":[],"picked":"Hololive_Recruit","floor":8.0},{"not_picked":["Hololive_CallUsadaPekora","Hololive_Rebound","Hololive_Yoholoon"],"picked":"Hololive_CallMurasakiShion","floor":10.0},{"not_picked":["Hololive_FlyingPonyTail","Hololive_Breathe","Hololive_HuntDinosaur"],"picked":"Hololive_CallMomosuzuNene","floor":10.0},{"not_picked":["Hololive_HuntDinosaur","Hololive_Rebound","Hololive_StrengthChampion"],"picked":"Hololive_Drill","floor":11.0},{"not_picked":["Hololive_CallRoboco","Hololive_CallAiraniIofifteen","Hololive_SummonFox"],"picked":"Hololive_CallAyundaRisu","floor":12.0},{"not_picked":["Hololive_CallYukihanaLamy","Hololive_Sequa+1","Hololive_Rebound"],"picked":"Hololive_CocoNews+1","floor":13.0},{"not_picked":["Hololive_OpenUp+1","Hololive_ScarfAndHalo+1","Hololive_WolfAndLamb"],"picked":"Hololive_DDD","floor":16.0},{"not_picked":["Hololive_LuckPotion+1","Hololive_Rebound+1","Hololive_Sequa+1"],"picked":"Hololive_RevenueBasedLive+1","floor":18.0},{"not_picked":["Hololive_Drill+1","Hololive_CallRoboco","Hololive_CocoNews+1","Hololive_ManjiGathering+1"],"picked":"SKIP","floor":21.0},{"not_picked":["Hololive_OvertimeWork+1","Hololive_RevenueBasedLive","Hololive_CallYukihanaLamy","Hololive_CallInugamiKorone"],"picked":"SKIP","floor":24.0},{"not_picked":["Hololive_SummonFox","Hololive_OvertimeWork+1","Hololive_AWSL"],"picked":"Hololive_Breathe+1","floor":27.0},{"not_picked":["Hololive_OvertimeWork+1","Hololive_Sequa+1","Hololive_Breathe"],"picked":"Hololive_CallShishiroBotan","floor":28.0},{"not_picked":["Hololive_FlyingPonyTail+1","Hololive_CocoNews+1","Hololive_Breathe"],"picked":"Hololive_Psychosis+1","floor":29.0},{"not_picked":["Hololive_BeCareful","Hololive_DiamondStrike+1","Hololive_WolfAndLamb"],"picked":"Hololive_StarCraft","floor":33.0},{"not_picked":["Hololive_StrengthChampion+1","Hololive_RevenueBasedLive+1","Hololive_Sequa+1"],"picked":"Hololive_CallMinatoAqua","floor":35.0},{"not_picked":["Hololive_HuntDinosaur","Hololive_RevenueBasedLive","Hololive_CallTsunomakiWatame+1"],"picked":"Hololive_CallManoAloe+1","floor":36.0},{"not_picked":["Hololive_BeCareful","Hololive_LuckPotion","Hololive_StrengthChampion+1"],"picked":"Hololive_FlyingPonyTail+1","floor":39},{"not_picked":["Hololive_Psychosis+1","Hololive_CallInugamiKorone","Hololive_Trident+1"],"picked":"Hololive_ILoveYou","floor":44},{"not_picked":["Hololive_SoulCatcher+1","Hololive_LuckPotion+1","Hololive_CocoNews+1"],"picked":"Hololive_ASMR+1","floor":47}],"player_experience":321291,"relics_obtained":[{"floor":7.0,"key":"Centennial Puzzle"},{"floor":9.0,"key":"Mastiff:ReiMu"},{"floor":12.0,"key":"Molten Egg 2"},{"floor":24.0,"key":"Ginger"},{"floor":29.0,"key":"WingedGreaves"},{"floor":43,"key":"Shuriken"}],"event_choices":[],"is_beta":false,"boss_relics":[{"not_picked":["Hololive_ChaosS","Sozu"],"picked":"Runic Pyramid"},{"not_picked":["SacredBark","Hololive_TopUpMoneyS"],"picked":"Empty Cage"}],"items_purged_floors":[25,46],"is_endless":false,"potions_floor_spawned":[2,13,16,18,21,24,28,44,47],"ascension_level":1}}