{"host":"n0aqkby80ppfgdru","time":1611523585,"event":{"mods":["BaseMod","Block Reminder","Minty Spire (QoL Compilation)","Permanent Neow","Quick Restart"],"gold_per_floor":[111,36,56,69,69,69,81,92,117,141,153,165,177,189,201,213,213],"floor_reached":16,"language":"ENG","playtime":459,"items_purged":["Strike_G"],"score":92,"play_id":"a97815e0-84a3-4e7f-b9c2-8f63313d11bc","local_time":"20210124162625","is_ascension_mode":false,"campfire_choices":[{"data":"Neutralize","floor":6.0,"key":"SMITH"},{"data":"Acrobatics","floor":12.0,"key":"SMITH"},{"data":"Survivor","floor":15.0,"key":"SMITH"}],"circlet_count":0,"master_deck":["Strike_G","Strike_G","Strike_G","Strike_G","Defend_G","Defend_G","Defend_G","Defend_G","Survivor+1","Neutralize+1","Acrobatics+1"],"relics":["WristBlade","MawBank","Golden Idol","Letter Opener"],"acts_visited":["Exordium"],"potions_floor_usage":[16,16],"damage_taken":[{"damage":0.0,"enemies":"2 Louse","floor":1.0,"turns":3.0},{"damage":0.0,"enemies":"Small Slimes","floor":3.0,"turns":4.0},{"damage":0.0,"enemies":"Jaw Worm","floor":4.0,"turns":6.0},{"damage":1.0,"enemies":"Red Slaver","floor":7.0,"turns":6.0},{"damage":0.0,"enemies":"Looter","floor":8.0,"turns":4.0},{"damage":0.0,"enemies":"Blue Slaver","floor":10.0,"turns":5.0},{"damage":50,"enemies":"Slime Boss","floor":16,"turns":9}],"seed_played":"4203403963009459170","potions_obtained":[{"floor":7.0,"key":"Strength Potion"},{"floor":8.0,"key":"Swift Potion"}],"is_trial":false,"path_per_floor":["M","$","M","M","?","R","M","M","T","M","$","R","?","T","R","B"],"character_chosen":"THE_SILENT","items_purchased":[],"campfire_rested":0,"item_purchase_floors":[],"current_hp_per_floor":[70,70,70,70,63,63,62,62,62,62,62,62,45,45,45,0,0],"gold":213,"neow_bonus":"BOSS_RELIC","is_daily":false,"chose_seed":false,"campfire_upgraded":3,"win_rate":0.0,"timestamp":1611523585,"path_taken":["M","$","M","M","?","R","M","M","T","M","$","R","?","?","R","BOSS"],"items_purchased_type":[],"build_version":"2020-12-22","purchased_purges":1,"victory":false,"max_hp_per_floor":[70,70,70,70,70,70,70,70,70,70,70,70,70,70,70,70,70],"card_choices":[{"not_picked":["Poisoned Stab","Bane","Dagger Throw"],"picked":"SKIP","floor":1.0},{"not_picked":["Dagger Spray","Calculated Gamble","Prepared"],"picked":"SKIP","floor":3.0},{"not_picked":["Bane","Deflect"],"picked":"Acrobatics","floor":4.0},{"not_picked":["Dagger Spray","Prepared","Deadly Poison"],"picked":"SKIP","floor":7.0},{"not_picked":["Wraith Form v2","Dagger Throw","Backflip"],"picked":"SKIP","floor":8.0},{"not_picked":["Poisoned Stab","Crippling Poison","Backflip"],"picked":"SKIP","floor":10.0}],"player_experience":1265581,"relics_obtained":[{"floor":9.0,"key":"MawBank"},{"floor":14.0,"key":"Letter Opener"}],"event_choices":[{"cards_removed":["Defend_G"],"damage_healed":0.0,"max_hp_gain":0.0,"max_hp_loss":0.0,"gold_gain":0.0,"event_name":"Golden Wing","player_choice":"Card Removal","floor":5.0,"gold_loss":0.0,"damage_taken":7.0},{"damage_healed":0.0,"max_hp_gain":0.0,"max_hp_loss":0.0,"gold_gain":0.0,"event_name":"Golden Idol","player_choice":"Take Damage","floor":13.0,"gold_loss":0.0,"damage_taken":17.0,"relics_obtained":["Golden Idol"]}],"is_beta":false,"boss_relics":[],"items_purged_floors":[2],"is_endless":false,"potions_floor_spawned":[7,8],"killed_by":"Slime Boss","ascension_level":0}}