{"host":"8f5cu9y0fpol72qs","time":1611463573,"event":{"mods":["AlwaysNeverKeys","BaseMod","Colored Map","Colored Powertips","Curses Come First","Highlight Path","Key Reminder","Minty Spire (QoL Compilation)","StSLib"],"gold_per_floor":[359,369,294,312,81,81,109,128,151,171,171,31,31,44,44,119,119,160,176,176,176],"floor_reached":20,"language":"ENG","playtime":2560,"items_purged":["Strike_G","Strike_G"],"score":308,"play_id":"5183aa73-11f5-4eb7-8059-dad3f4a4d7c1","local_time":"20210123204613","is_ascension_mode":true,"campfire_choices":[{"floor":6.0,"key":"REST"},{"floor":13.0,"key":"REST"},{"data":"Well Laid Plans","floor":15.0,"key":"SMITH"}],"circlet_count":0,"master_deck":["AscendersBane","Strike_G","Defend_G+1","Defend_G","Defend_G","Defend_G","Defend_G","Survivor","Neutralize","Backflip+1","Quick Slash","Wireheading","Well Laid Plans+1","Wish","Creative AI","Ball Lightning+1"],"relics":["Ring of the Snake","PrismaticShard","War Paint","Toy Ornithopter","Cursed Key"],"acts_visited":["Exordium","TheCity"],"potions_floor_usage":[],"damage_taken":[{"damage":1.0,"enemies":"Cultist","floor":1.0,"turns":5.0},{"damage":1.0,"enemies":"2 Louse","floor":2.0,"turns":3.0},{"damage":2.0,"enemies":"Jaw Worm","floor":4.0,"turns":5.0},{"damage":34.0,"enemies":"Gremlin Nob","floor":7.0,"turns":6.0},{"damage":2.0,"enemies":"Large Slime","floor":8.0,"turns":8.0},{"damage":2.0,"enemies":"Exordium Thugs","floor":10.0,"turns":8.0},{"damage":2.0,"enemies":"Blue Slaver","floor":14.0,"turns":6.0},{"damage":27.0,"enemies":"The Guardian","floor":16.0,"turns":19.0},{"damage":3.0,"enemies":"Chosen","floor":18.0,"turns":10.0},{"damage":4,"enemies":"Shell Parasite","floor":19,"turns":5},{"damage":5,"enemies":"Shelled Parasite and Fungi","floor":20,"turns":3}],"seed_played":"-7142327133647213613","potions_obtained":[{"floor":2.0,"key":"DistilledChaos"},{"floor":8.0,"key":"Ancient Potion"},{"floor":10.0,"key":"Explosive Potion"},{"floor":19,"key":"AttackPotion"}],"is_trial":false,"path_per_floor":["M","M","?","M","$","R","E","M","T","M","?","$","R","M","R","B",null,"M","M","M"],"character_chosen":"THE_SILENT","items_purchased":["PrismaticShard","Well Laid Plans"],"campfire_rested":2,"item_purchase_floors":[5,12],"current_hp_per_floor":[43,42,42,40,40,59,25,23,23,21,14,14,33,31,31,9,52,54,50,45,45],"gold":176,"neow_bonus":"TWO_FIFTY_GOLD","is_daily":false,"chose_seed":false,"campfire_upgraded":1,"win_rate":0.0,"timestamp":1611463573,"path_taken":["M","?","?","M","$","R","E","M","T","M","?","$","R","M","R","BOSS","M","M","M"],"items_purchased_type":["Relic","Card"],"build_version":"2020-12-22","purchased_purges":2,"victory":false,"max_hp_per_floor":[66,66,66,66,66,66,66,66,66,66,66,66,66,66,66,66,66,66,66,66,66],"card_choices":[{"not_picked":["Acrobatics","Sucker Punch"],"picked":"Backflip","floor":1.0},{"not_picked":["Prepared","Underhanded Strike"],"picked":"Quick Slash","floor":2.0},{"not_picked":["Tactician","Bane","Concentrate"],"picked":"SKIP","floor":4.0},{"not_picked":["Aggregate","Tactician","EmptyBody"],"picked":"SKIP","floor":7.0},{"not_picked":["Evaluate","Good Instincts","ClearTheMind"],"picked":"SKIP","floor":8.0},{"not_picked":["Blade Dance","Double Energy"],"picked":"Wireheading","floor":10.0},{"not_picked":["Pommel Strike","Perseverance"],"picked":"Wish","floor":14.0},{"not_picked":["Fiend Fire","Reboot"],"picked":"Creative AI","floor":16.0},{"not_picked":["Underhanded Strike+1","Backflip+1"],"picked":"Ball Lightning+1","floor":18},{"not_picked":["Accuracy","Flying Knee","Backflip"],"picked":"SKIP","floor":19}],"player_experience":880732,"relics_obtained":[{"floor":7.0,"key":"War Paint"},{"floor":9.0,"key":"Toy Ornithopter"}],"event_choices":[{"cards_removed":["Strike_G"],"damage_healed":0.0,"max_hp_gain":0.0,"max_hp_loss":0.0,"gold_gain":0.0,"event_name":"The Cleric","player_choice":"Card Removal","floor":3.0,"gold_loss":75.0,"damage_taken":0.0},{"cards_removed":["Strike_G"],"damage_healed":0.0,"max_hp_gain":0.0,"max_hp_loss":0.0,"gold_gain":0.0,"event_name":"Golden Wing","player_choice":"Card Removal","floor":11.0,"gold_loss":0.0,"damage_taken":7.0}],"is_beta":false,"boss_relics":[{"not_picked":["Tiny House","Coffee Dripper"],"picked":"Cursed Key"}],"items_purged_floors":[5,12],"is_endless":false,"potions_floor_spawned":[2,8,10,19],"killed_by":"Shelled Parasite and Fungi","ascension_level":15}}