{"host":"ydg0vn0pu4pubmdt","time":1611486559,"event":{"mods":["AchievementEnabler","BaseMod","Colored Map","Gold Saver","Minty Spire (QoL Compilation)","Quick Restart","SuperFastMode"],"gold_per_floor":[1068,1087,1087,1087,492,523,523,548,548,548,548,69,69,89,89,166,166,180,180,180],"floor_reached":19,"language":"KOR","playtime":385,"items_purged":["Defend_B","Strike_B"],"score":311,"play_id":"0b4e6992-6d59-4089-8c17-e1ff13b380cc","local_time":"20210124200919","is_ascension_mode":true,"campfire_choices":[{"floor":7.0,"key":"REST"},{"data":"Creative AI","floor":10.0,"key":"SMITH"},{"data":"Turbo","floor":13,"key":"SMITH"},{"data":"Turbo","floor":15,"key":"SMITH"}],"circlet_count":0,"master_deck":["AscendersBane","Strike_B","Strike_B","Defend_B","Defend_B","Defend_B","Zap","Dualcast","Barrage","Storm","Self Repair","Rebound","Creative AI+1","Meteor Strike","Turbo+1","Turbo+1","Hyperbeam"],"relics":["Velvet Choker","HornCleat","Question Card","Bag of Marbles","Blue Candle","Darkstone Periapt","Matryoshka","Toy Ornithopter","Cursed Key"],"acts_visited":["Exordium","TheCity"],"potions_floor_usage":[16],"damage_taken":[{"damage":3.0,"enemies":"2 Louse","floor":1.0,"turns":2.0},{"damage":0.0,"enemies":"Small Slimes","floor":2.0,"turns":3.0},{"damage":25.0,"enemies":"Lagavulin","floor":6.0,"turns":7.0},{"damage":10.0,"enemies":"3 Sentries","floor":8.0,"turns":3.0},{"damage":13,"enemies":"Jaw Worm","floor":14,"turns":4},{"damage":36,"enemies":"The Guardian","floor":16,"turns":7},{"damage":30,"enemies":"Chosen","floor":18,"turns":5},{"damage":34,"enemies":"Shell Parasite","floor":19,"turns":4}],"seed_played":"-2543932224136178062","potions_obtained":[{"floor":6.0,"key":"ColorlessPotion"},{"floor":8.0,"key":"FocusPotion"},{"floor":16,"key":"EssenceOfSteel"}],"is_trial":false,"path_per_floor":["M","M","?","?","$","E","R","E","T","R","?","$","R","M","R","B",null,"M","M"],"character_chosen":"DEFECT","items_purchased":["Question Card","Self Repair","Bag of Marbles","Toy Ornithopter","Meteor Strike","Turbo"],"campfire_rested":1,"item_purchase_floors":[5,5,5,12,12,12],"current_hp_per_floor":[61,61,50,43,43,25,46,43,43,43,43,43,43,37,37,13,57,34,0,0],"gold":180,"neow_bonus":"BOSS_RELIC","is_daily":false,"chose_seed":false,"campfire_upgraded":3,"win_rate":0.0,"timestamp":1611486559,"path_taken":["M","M","?","?","$","E","R","E","T","R","?","$","R","M","R","BOSS","M","M"],"items_purchased_type":["Relic","Card","Relic","Relic","Card","Card"],"build_version":"2020-12-22","purchased_purges":2,"victory":false,"max_hp_per_floor":[71,71,71,71,71,71,71,71,71,71,71,71,71,71,71,71,71,71,71,71],"card_choices":[{"not_picked":["Steam","Go for the Eyes"],"picked":"Barrage","floor":1.0},{"not_picked":["Force Field","Cold Snap"],"picked":"Storm","floor":2.0},{"not_picked":["Sweeping Beam","Coolheaded","Beam Cell"],"picked":"Rebound","floor":6.0},{"not_picked":["Tempest","Storm","BootSequence"],"picked":"Creative AI","floor":8.0},{"not_picked":["Steam","Rebound","Chaos"],"picked":"Turbo","floor":14},{"not_picked":["Machine Learning","Electrodynamics","Fission"],"picked":"Hyperbeam","floor":16},{"not_picked":["Turbo","Sweeping Beam","Gash","Compile Driver"],"picked":"SKIP","floor":18}],"player_experience":575411,"relics_obtained":[{"floor":6.0,"key":"Blue Candle"},{"floor":8.0,"key":"Darkstone Periapt"},{"floor":9.0,"key":"Matryoshka"}],"event_choices":[{"damage_healed":0.0,"max_hp_gain":0.0,"max_hp_loss":0.0,"gold_gain":0.0,"event_name":"Scrap Ooze","player_choice":"Success","floor":3.0,"gold_loss":0.0,"damage_taken":11.0,"relics_obtained":["HornCleat"]},{"cards_removed":["Strike_B"],"damage_healed":0.0,"max_hp_gain":0.0,"max_hp_loss":0.0,"gold_gain":0.0,"event_name":"Golden Wing","player_choice":"Card Removal","floor":4.0,"gold_loss":0.0,"damage_taken":7.0},{"damage_healed":0,"gold_gain":0,"player_choice":"Searched \u00270\u0027 times","damage_taken":0,"max_hp_gain":0,"max_hp_loss":0,"event_name":"Dead Adventurer","floor":11,"gold_loss":0}],"is_beta":false,"boss_relics":[{"not_picked":["Runic Pyramid","Busted Crown"],"picked":"Cursed Key"}],"items_purged_floors":[5,12],"is_endless":false,"potions_floor_spawned":[6,8,16],"killed_by":"Shell Parasite","ascension_level":16}}