{"host":"Bilverbakes","time":1611518095,"event":{"mods":["2.2 Compatiblity","AchievementEnabler","BaseMod","Bestiary","Colored Map","Minty Spire (QoL Compilation)","Relic Stats","StSLib","ojb\u0027s Info Mod"],"gold_per_floor":[116,57,72,72,86,86,116,129,129,129,147,180,193,220,220,220,220],"floor_reached":16,"language":"ENG","playtime":530,"items_purged":[],"score":244,"play_id":"ea6ed32b-e0e4-4f0d-8b13-caed615edc52","local_time":"20210124135455","is_ascension_mode":true,"campfire_choices":[{"data":"Cold Snap","floor":6,"key":"SMITH"},{"data":"Doom and Gloom","floor":10,"key":"SMITH"},{"floor":15,"key":"REST"}],"circlet_count":0,"master_deck":["AscendersBane","Strike_B","Strike_B","Strike_B","Strike_B","Defend_B","Defend_B","Defend_B","Defend_B","Zap","Dualcast","Reinforced Body","Cold Snap+1","Auto Shields","Doom and Gloom+1","Steam Power","Self Repair","Static Discharge"],"relics":["Cracked Core","NeowsBlessing","Du-Vu Doll","Gremlin Horn","Bottled Lightning","HornCleat"],"acts_visited":["Exordium"],"potions_floor_usage":[7,12],"damage_taken":[{"damage":0,"enemies":"Small Slimes","floor":1,"turns":1},{"damage":0,"enemies":"Cultist","floor":3,"turns":1},{"damage":0,"enemies":"2 Louse","floor":5,"turns":1},{"damage":5,"enemies":"Lagavulin","floor":7,"turns":8},{"damage":20,"enemies":"Gremlin Gang","floor":8,"turns":6},{"damage":2,"enemies":"Exordium Thugs","floor":11,"turns":4},{"damage":22,"enemies":"Gremlin Nob","floor":12,"turns":4},{"damage":0,"enemies":"3 Louse","floor":13,"turns":2},{"damage":11,"enemies":"3 Sentries","floor":14,"turns":7},{"damage":20,"enemies":"The Guardian","floor":16,"turns":5}],"seed_played":"628324135055720175","potions_obtained":[{"floor":3,"key":"ColorlessPotion"},{"floor":11,"key":"Block Potion"},{"floor":12,"key":"SpeedPotion"},{"floor":13,"key":"PotionOfCapacity"}],"is_trial":false,"path_per_floor":["M","$","M","?","M","R","E","M","T","R","M","E","M","E","R","B"],"character_chosen":"DEFECT","items_purchased":["Cold Snap"],"campfire_rested":1,"item_purchase_floors":[2],"current_hp_per_floor":[64,64,64,64,64,64,59,39,39,39,37,15,15,11,32,12,12],"gold":220,"neow_bonus":"THREE_ENEMY_KILL","is_daily":false,"chose_seed":false,"campfire_upgraded":2,"win_rate":0.0,"timestamp":1611518095,"path_taken":["M","$","M","?","?","R","E","M","T","R","M","E","M","E","R","BOSS"],"items_purchased_type":["Card"],"build_version":"2020-12-18","purchased_purges":0,"victory":false,"max_hp_per_floor":[71,71,71,71,71,71,71,71,71,71,71,71,71,71,71,71,71],"relic_stats":{"Gremlin Horn":[5,5],"counters":[10,39],"obtain_stats":[{"Du-Vu Doll":7,"HornCleat":14,"NeowsBlessing":0,"Gremlin Horn":9,"Bottled Lightning":12,"Cracked Core":0},{"Du-Vu Doll":4,"HornCleat":9,"NeowsBlessing":0,"Gremlin Horn":5,"Bottled Lightning":7,"Cracked Core":0},{"Du-Vu Doll":11,"HornCleat":34,"NeowsBlessing":0,"Gremlin Horn":17,"Bottled Lightning":25,"Cracked Core":0}]},"card_choices":[{"not_picked":["Redo","Undo"],"picked":"Reinforced Body","floor":1},{"not_picked":["Undo","Coolheaded","Beam Cell"],"picked":"SKIP","floor":3},{"not_picked":["Beam Cell","Loop"],"picked":"Auto Shields","floor":5},{"not_picked":["Auto Shields","Leap","Steam"],"picked":"SKIP","floor":7},{"not_picked":["Steam","Compile Driver"],"picked":"Doom and Gloom","floor":8},{"not_picked":["Skim","Rebound","Aggregate"],"picked":"SKIP","floor":11},{"not_picked":["Coolheaded","All For One"],"picked":"Steam Power","floor":12},{"not_picked":["Cold Snap","Conserve Battery"],"picked":"Self Repair","floor":13},{"not_picked":["Heatsinks","Barrage"],"picked":"Static Discharge","floor":14}],"player_experience":803611,"relics_obtained":[{"floor":7,"key":"Du-Vu Doll"},{"floor":9,"key":"Gremlin Horn"},{"floor":12,"key":"Bottled Lightning"},{"floor":14,"key":"HornCleat"}],"event_choices":[{"damage_healed":0,"gold_gain":0,"player_choice":"0 cards matched","damage_taken":0,"max_hp_gain":0,"max_hp_loss":0,"event_name":"Match and Keep!","floor":4,"gold_loss":0,"cards_obtained":[]}],"is_beta":true,"boss_relics":[],"items_purged_floors":[],"is_endless":false,"potions_floor_spawned":[3,11,12,13],"killed_by":"The Guardian","ascension_level":20}}