{"host":"r6jigiblrojhp6xe","time":1611510965,"event":{"mods":["AchievementEnabler","BaseMod","DeckTracker","Hermit","Minty Spire (QoL Compilation)","Quick Restart","Rare Cards Sparkle","Relic Stats","StSLib","SuperFastMode","everything is the same but u backflip on backflip"],"gold_per_floor":[109,159,84,99,109,136,136,147,147,163,163,163,198,212,212,212,212],"floor_reached":16,"language":"KOR","playtime":301,"items_purged":["Strike_R"],"score":224,"play_id":"b8ad1fa3-512b-4053-9bf0-9846cbdbcfa9","local_time":"20210125025605","is_ascension_mode":true,"campfire_choices":[{"data":"Wild Strike","floor":7.0,"key":"SMITH"},{"floor":12,"key":"REST"},{"data":"Inflame","floor":15,"key":"SMITH"}],"circlet_count":0,"master_deck":["AscendersBane","Strike_R","Strike_R","Strike_R","Strike_R","Defend_R","Defend_R","Defend_R","Defend_R","Bash","Battle Trance","Wild Strike+1","Whirlwind","Inflame+1","Double Tap","Carnage"],"relics":["Burning Blood","NeowsBlessing","Champion Belt","White Beast Statue","Question Card","Eternal Feather"],"acts_visited":["Exordium"],"potions_floor_usage":[10,16,16],"damage_taken":[{"damage":0.0,"enemies":"Small Slimes","floor":1.0,"turns":1.0},{"damage":0.0,"enemies":"Cultist","floor":4.0,"turns":1.0},{"damage":0.0,"enemies":"2 Louse","floor":5.0,"turns":1.0},{"damage":40.0,"enemies":"3 Sentries","floor":6.0,"turns":9.0},{"damage":11.0,"enemies":"Exordium Thugs","floor":8.0,"turns":6.0},{"damage":24,"enemies":"Lots of Slimes","floor":10,"turns":3},{"damage":32,"enemies":"Gremlin Nob","floor":13,"turns":4},{"damage":4,"enemies":"Large Slime","floor":14,"turns":3},{"damage":30,"enemies":"The Guardian","floor":16,"turns":8}],"seed_played":"-3503674114200690969","potions_obtained":[{"floor":1.0,"key":"GamblersBrew"},{"floor":4.0,"key":"Strength Potion"},{"floor":5.0,"key":"CultistPotion"},{"floor":10,"key":"LiquidMemories"},{"floor":13,"key":"Weak Potion"},{"floor":14,"key":"SkillPotion"}],"is_trial":false,"path_per_floor":["M","?","$","M","M","E","R","M","T","M","?","R","E","M","R","B"],"character_chosen":"IRONCLAD","items_purchased":[],"campfire_rested":1,"item_purchase_floors":[],"current_hp_per_floor":[74,74,74,75,75,41,41,36,36,18,18,40,14,16,25,0,0],"gold":212,"neow_bonus":"THREE_ENEMY_KILL","is_daily":false,"chose_seed":false,"campfire_upgraded":2,"win_rate":0.0,"timestamp":1611510965,"path_taken":["M","?","?","M","?","E","R","M","T","M","?","R","E","M","R","BOSS"],"items_purchased_type":[],"build_version":"2020-12-22","purchased_purges":1,"victory":false,"max_hp_per_floor":[75,75,75,75,75,75,75,75,75,75,75,75,75,75,75,75,75],"relic_stats":{"counters":[9,36],"Eternal Feather":9,"Champion Belt":[4],"Question Card":2,"obtain_stats":[{"NeowsBlessing":0,"Eternal Feather":13,"Champion Belt":6,"Question Card":11,"Burning Blood":0,"White Beast Statue":9},{"NeowsBlessing":0,"Eternal Feather":7,"Champion Belt":4,"Question Card":6,"Burning Blood":0,"White Beast Statue":5},{"NeowsBlessing":0,"Eternal Feather":25,"Champion Belt":12,"Question Card":21,"Burning Blood":0,"White Beast Statue":18}],"Burning Blood":37},"card_choices":[{"not_picked":["Rupture","Rampage"],"picked":"Battle Trance","floor":1.0},{"not_picked":["Sword Boomerang","Anger","Clash"],"picked":"SKIP","floor":4.0},{"not_picked":["Headbutt","True Grit"],"picked":"Wild Strike","floor":5.0},{"not_picked":["Feel No Pain","Headbutt"],"picked":"Whirlwind","floor":6.0},{"not_picked":["Wild Strike","Seeing Red","Brutality"],"picked":"SKIP","floor":8.0},{"not_picked":["Disarm","Pommel Strike"],"picked":"Inflame","floor":10},{"not_picked":["Body Slam","Clothesline","Ghostly Armor"],"picked":"Double Tap","floor":13},{"not_picked":["Warcry","True Grit","Metallicize"],"picked":"Carnage","floor":14}],"player_experience":588293,"relics_obtained":[{"floor":6.0,"key":"Champion Belt"},{"floor":9.0,"key":"White Beast Statue"},{"floor":13,"key":"Eternal Feather"}],"event_choices":[{"damage_healed":0.0,"max_hp_gain":0.0,"max_hp_loss":0.0,"gold_gain":50.0,"event_name":"Golden Shrine","player_choice":"Pray","floor":2.0,"gold_loss":0.0,"damage_taken":0.0},{"damage_healed":0,"gold_gain":0,"player_choice":"Gave Potion","damage_taken":0,"relics_obtained":["Question Card"],"max_hp_gain":0,"max_hp_loss":0,"event_name":"WeMeetAgain","floor":11,"gold_loss":0}],"is_beta":false,"boss_relics":[],"items_purged_floors":[3],"is_endless":false,"potions_floor_spawned":[1,4,5,10,13,14],"killed_by":"The Guardian","ascension_level":20}}