{"host":"2se5dq1do2gp0x9k","time":1611461653,"event":{"mods":["AchievementEnabler","BaseMod","Block Reminder","Colored Map","Colored Powertips","Minty Spire (QoL Compilation)","Relic Stats","StSLib","SuperFastMode"],"gold_per_floor":[117,129,141,141,152,152,171,171,171,171,171],"floor_reached":10,"language":"ENG","playtime":176,"items_purged":[],"score":120,"play_id":"c3ba0505-5789-4f08-8212-7ccb0a5a2af6","local_time":"20210123201413","is_ascension_mode":true,"campfire_choices":[{"data":"Crippling Poison","floor":6,"key":"SMITH"},{"data":"Neutralize","floor":8,"key":"SMITH"}],"circlet_count":0,"master_deck":["AscendersBane","Strike_G","Strike_G","Strike_G","Strike_G","Strike_G","Defend_G","Defend_G","Defend_G","Defend_G","Defend_G","Survivor","Neutralize+1","Dagger Throw","PiercingWail","PiercingWail","Crippling Poison+1"],"relics":["Ring of the Snake","NeowsBlessing","Pen Nib","The Courier"],"acts_visited":["Exordium"],"potions_floor_usage":[],"damage_taken":[{"damage":0,"enemies":"Cultist","floor":1,"turns":1},{"damage":0,"enemies":"2 Louse","floor":2,"turns":1},{"damage":0,"enemies":"Small Slimes","floor":3,"turns":1},{"damage":9,"enemies":"2 Fungi Beasts","floor":5,"turns":4},{"damage":9,"enemies":"Red Slaver","floor":7,"turns":4},{"damage":57,"enemies":"Gremlin Nob","floor":10,"turns":4}],"seed_played":"4600775030061535203","potions_obtained":[{"floor":3,"key":"SpeedPotion"}],"is_trial":false,"path_per_floor":["M","M","M","?","M","R","M","R","T","E"],"character_chosen":"THE_SILENT","items_purchased":[],"campfire_rested":0,"item_purchase_floors":[],"current_hp_per_floor":[59,59,59,48,39,39,30,30,30,0,0],"gold":171,"neow_bonus":"THREE_ENEMY_KILL","is_daily":false,"chose_seed":false,"campfire_upgraded":2,"win_rate":0.0,"timestamp":1611461653,"path_taken":["M","M","?","?","M","R","M","R","T","E"],"items_purchased_type":[],"build_version":"2020-12-22","purchased_purges":0,"victory":false,"max_hp_per_floor":[66,66,66,66,66,66,66,66,66,66,66],"relic_stats":{"counters":[6,15],"Pen Nib":[2],"obtain_stats":[{"NeowsBlessing":0,"Pen Nib":4,"The Courier":9,"Ring of the Snake":0},{"NeowsBlessing":0,"Pen Nib":3,"The Courier":5,"Ring of the Snake":0},{"NeowsBlessing":0,"Pen Nib":3,"The Courier":11,"Ring of the Snake":0}],"Ring of the Snake":[12]},"card_choices":[{"not_picked":["Leg Sweep","Flying Knee"],"picked":"Dagger Throw","floor":1},{"not_picked":["Setup","Concentrate"],"picked":"PiercingWail","floor":2},{"not_picked":["All Out Attack","Quick Slash"],"picked":"PiercingWail","floor":3},{"not_picked":["Leg Sweep","Cloak And Dagger"],"picked":"Crippling Poison","floor":5},{"not_picked":["Quick Slash","Bane","Concentrate"],"picked":"SKIP","floor":7}],"player_experience":3944680,"relics_obtained":[{"floor":9,"key":"The Courier"}],"event_choices":[{"damage_healed":0,"gold_gain":0,"player_choice":"Success","damage_taken":11,"relics_obtained":["Pen Nib"],"max_hp_gain":0,"max_hp_loss":0,"event_name":"Scrap Ooze","floor":4,"gold_loss":0}],"is_beta":false,"boss_relics":[],"items_purged_floors":[],"is_endless":false,"potions_floor_spawned":[3],"killed_by":"Gremlin Nob","ascension_level":20}}