{"host":"wogey4gsknv4ot2d","time":1611489087,"event":{"mods":["2.2 Compatiblity","AchievementEnabler","BaseMod","Bestiary","Better Match","Better Third Choice","Colored Map","Colored Powertips","Key Reminder","Minty Spire (QoL Compilation)","Permanent Neow","Rare Cards Sparkle","Relic Stats","StSLib"],"gold_per_floor":[118,118,136,155,171,205,216,233,233,233,233,243,243,268,268,366,366,384,384,45,62,75,75,75],"floor_reached":23,"language":"ENG","playtime":851,"items_purged":[],"score":205,"play_id":"1c22cdf4-82a9-4f1a-8209-5a3523c163e2","local_time":"20210124055127","is_ascension_mode":false,"campfire_choices":[{"floor":10,"key":"REST"},{"floor":13,"key":"REST"},{"floor":15,"key":"REST"}],"circlet_count":0,"master_deck":["Strike_G","Strike_G","Strike_G","Strike_G","Strike_G","Defend_G","Defend_G","Defend_G","Defend_G","Defend_G","Survivor","Neutralize","Flying Knee","Deadly Poison","Cloak And Dagger","Leg Sweep","Dagger Spray","Backstab","Catalyst","Sucker Punch","Poisoned Stab","Envenom","Noxious Fumes","Poisoned Stab","Sucker Punch","Bane"],"relics":["Ring of the Snake","InkBottle","keyreminder:keyreminder","Shuriken","Oddly Smooth Stone","Philosopher\u0027s Stone","Eternal Feather"],"acts_visited":["Exordium","TheCity"],"potions_floor_usage":[7,16,23,23],"damage_taken":[{"damage":0,"enemies":"Small Slimes","floor":1,"turns":4},{"damage":1,"enemies":"Cultist","floor":3,"turns":4},{"damage":1,"enemies":"Jaw Worm","floor":4,"turns":3},{"damage":25,"enemies":"Exordium Thugs","floor":5,"turns":5},{"damage":39,"enemies":"3 Sentries","floor":6,"turns":14},{"damage":4,"enemies":"Gremlin Gang","floor":7,"turns":2},{"damage":0,"enemies":"2 Fungi Beasts","floor":8,"turns":3},{"damage":4,"enemies":"Looter","floor":12,"turns":2},{"damage":10,"enemies":"Lagavulin","floor":14,"turns":6},{"damage":20,"enemies":"Hexaghost","floor":16,"turns":9},{"damage":4,"enemies":"Shell Parasite","floor":18,"turns":4},{"damage":14,"enemies":"3 Byrds","floor":21,"turns":5},{"damage":41,"enemies":"Sentry and Sphere","floor":22,"turns":5},{"damage":62,"enemies":"Slavers","floor":23,"turns":3}],"seed_played":"1639595415085920112","potions_obtained":[{"floor":5,"key":"BlessingOfTheForge"},{"floor":6,"key":"FairyPotion"},{"floor":14,"key":"SkillPotion"},{"floor":19,"key":"GhostInAJar"},{"floor":19,"key":"Regen Potion"}],"is_trial":false,"path_per_floor":["M","?","M","M","M","E","M","M","T","R","T","M","R","E","R","B",null,"M","?","$","M","M","E"],"character_chosen":"THE_SILENT","items_purchased":["Eternal Feather","Poison Potion","Poisoned Stab"],"campfire_rested":3,"item_purchase_floors":[20,20,20],"current_hp_per_floor":[77,77,76,75,50,11,7,7,7,30,30,26,49,39,62,42,77,73,73,73,59,18,0,0],"gold":75,"neow_bonus":"TEN_PERCENT_HP_BONUS","is_daily":false,"chose_seed":false,"campfire_upgraded":0,"win_rate":0.0,"timestamp":1611489087,"path_taken":["M","?","M","?","M","E","M","M","T","R","?","M","R","E","R","BOSS","M","?","$","M","?","E"],"items_purchased_type":["Relic","Potion","Card"],"build_version":"2020-12-22","purchased_purges":0,"victory":false,"max_hp_per_floor":[77,77,77,77,77,77,77,77,77,77,77,77,77,77,77,77,77,77,77,77,77,77,77,77],"relic_stats":{"counters":[14,69],"Shuriken":[20],"Eternal Feather":0,"obtain_stats":[{"keyreminder:keyreminder":6,"Shuriken":11,"Oddly Smooth Stone":14,"Philosopher\u0027s Stone":17,"Eternal Feather":20,"InkBottle":6,"Ring of the Snake":0},{"keyreminder:keyreminder":5,"Shuriken":7,"Oddly Smooth Stone":9,"Philosopher\u0027s Stone":10,"Eternal Feather":11,"InkBottle":5,"Ring of the Snake":0},{"keyreminder:keyreminder":30,"Shuriken":35,"Oddly Smooth Stone":43,"Philosopher\u0027s Stone":52,"Eternal Feather":56,"InkBottle":30,"Ring of the Snake":0}],"InkBottle":[15],"Ring of the Snake":[28]},"card_choices":[{"not_picked":["Outmaneuver","Skewer"],"picked":"Flying Knee","floor":1},{"not_picked":["Quick Slash","Dash"],"picked":"Deadly Poison","floor":3},{"not_picked":["All Out Attack","Choke"],"picked":"Cloak And Dagger","floor":4},{"not_picked":["Cloak And Dagger","Slice"],"picked":"Leg Sweep","floor":5},{"not_picked":["Outmaneuver","Masterful Stab"],"picked":"Dagger Spray","floor":6},{"not_picked":["Sucker Punch","Backflip"],"picked":"Backstab","floor":7},{"not_picked":["Blur","Dodge and Roll"],"picked":"Catalyst","floor":8},{"not_picked":["Blade Dance","Cloak And Dagger"],"picked":"Sucker Punch","floor":12},{"not_picked":["Outmaneuver","A Thousand Cuts"],"picked":"Poisoned Stab","floor":14},{"not_picked":["Adrenaline","Night Terror"],"picked":"Envenom","floor":16},{"not_picked":["Prepared","Flechettes"],"picked":"Noxious Fumes","floor":18},{"not_picked":["Well Laid Plans+1","Escape Plan"],"picked":"Sucker Punch","floor":21},{"not_picked":["Reflex","Skewer+1"],"picked":"Bane","floor":22}],"player_experience":81824,"relics_obtained":[{"floor":6,"key":"InkBottle"},{"floor":11,"key":"Shuriken"},{"floor":14,"key":"Oddly Smooth Stone"}],"event_choices":[{"damage_healed":0,"gold_gain":0,"player_choice":"Ignored","damage_taken":0,"max_hp_gain":0,"max_hp_loss":0,"event_name":"NoteForYourself","floor":2,"gold_loss":0},{"damage_healed":0,"gold_gain":0,"player_choice":"Got Potions","damage_taken":0,"max_hp_gain":0,"max_hp_loss":0,"event_name":"Lab","floor":19,"gold_loss":0}],"is_beta":false,"boss_relics":[{"not_picked":["Runic Dome","Empty Cage"],"picked":"Philosopher\u0027s Stone"}],"items_purged_floors":[],"is_endless":false,"potions_floor_spawned":[5,6,14,21],"killed_by":"Slavers","ascension_level":0}}