{"host":"gfmw02tnhhvp9jba","time":1611506806,"event":{"mods":["AchievementEnabler","BaseMod","Colored Map","Conspire","Downfall","Highlight Path","Minty Spire (QoL Compilation)","StSLib"],"gold_per_floor":[99,112,132,152,65,76,76,76,76,76,76,76],"floor_reached":10,"language":"ENG","playtime":478,"items_purged":[],"score":58,"play_id":"1338337e-c407-4f1e-898f-bfe6012cad0a","local_time":"20210124174646","is_ascension_mode":false,"campfire_choices":[{"floor":1,"key":"RECALL"},{"data":"Guardian:Orbwalk","floor":8,"key":"SMITH"}],"circlet_count":0,"master_deck":["Guardian:Strike_Guardian","Guardian:Strike_Guardian","Guardian:Strike_Guardian","Guardian:Defend_Guardian","Guardian:Defend_Guardian","Guardian:Defend_Guardian","Guardian:Defend_Guardian","Guardian:CurlUp","Guardian:TwinSlam","Guardian:Clone","Guardian:Gem_Blue","Guardian:Orbwalk+1","Guardian:ShieldCharger","Guardian:ChargeUp"],"relics":["Black Star","Question Card"],"acts_visited":["Exordium"],"potions_floor_usage":[],"damage_taken":[{"damage":5,"enemies":"Cultist","floor":2,"turns":4},{"damage":11,"enemies":"Jaw Worm","floor":3,"turns":5},{"damage":7,"enemies":"2 Louse","floor":4,"turns":4},{"damage":7,"enemies":"downfall:FleeingMerchant","floor":5,"turns":4},{"damage":31,"enemies":"Exordium Thugs","floor":6,"turns":9},{"damage":21,"enemies":"3 Sentries","floor":10,"turns":12}],"seed_played":"4262254539117108371","potions_obtained":[{"floor":2,"key":"sneckomod:MuddlingPotion"},{"floor":6,"key":"Guardian:AcceleratePotion"}],"is_trial":false,"path_per_floor":["R","M","M","M","$","M","T","R","?","E"],"character_chosen":"GUARDIAN","items_purchased":["Guardian:Orbwalk"],"campfire_rested":0,"item_purchase_floors":[5],"current_hp_per_floor":[80,75,64,57,50,19,19,19,19,0,0,0],"gold":76,"neow_bonus":"BOSS_RELIC","is_daily":false,"chose_seed":false,"campfire_upgraded":1,"win_rate":0.0,"timestamp":1611506806,"path_taken":["R","M","?","M","?","?","T","R","?","E"],"items_purchased_type":["Card"],"build_version":"2020-12-22","purchased_purges":0,"victory":false,"max_hp_per_floor":[80,80,80,80,80,80,80,80,80,80,80,80],"card_choices":[{"not_picked":["Guardian:DecasProtection","Guardian:Gem_Cyan"],"picked":"Guardian:Clone","floor":2},{"not_picked":["Guardian:TemporalStrike","Guardian:PiercingHide"],"picked":"Guardian:Gem_Blue","floor":3},{"not_picked":["Guardian:CrystalBeam","Guardian:Reroute"],"picked":"Guardian:Gem_Cyan","floor":4},{"not_picked":["Guardian:BodySlam","Guardian:WalkerClaw"],"picked":"Guardian:Gem_Cyan","floor":5},{"not_picked":["Guardian:SpikerProtocol","Guardian:Orbwalk"],"picked":"Guardian:ShieldCharger","floor":6}],"player_experience":75354,"relics_obtained":[{"floor":7,"key":"Question Card"}],"event_choices":[],"is_beta":false,"boss_relics":[],"items_purged_floors":[],"is_endless":false,"potions_floor_spawned":[2,6],"killed_by":"3 Sentries","ascension_level":0}}