{"host":"qxeepl7ydvsgmfdb","time":1611499607,"event":{"mods":["AchievementEnabler","BaseMod","Colored Powertips","Minty Spire (QoL Compilation)","Quick Restart","slay the spire mod where everything is the same but ironclad has a cowboy hat"],"gold_per_floor":[112,387,67,67,82,82,92,117,117,142,67,67,82,92,92,191,191,210,210,210,28,45,45,76,76,101,114,114,124,124,124,124,124,124],"floor_reached":33,"language":"ENG","playtime":1290,"items_purged":["Regret"],"score":410,"play_id":"7bc335cd-0aac-45d0-bf36-1d3c6271de43","local_time":"20210124094647","is_ascension_mode":true,"campfire_choices":[{"data":"Backstab","floor":6.0,"key":"SMITH"},{"floor":12.0,"key":"REST"},{"floor":15.0,"key":"REST"},{"floor":23.0,"key":"REST"},{"floor":25.0,"key":"REST"},{"data":"After Image","floor":30.0,"key":"SMITH"},{"floor":32.0,"key":"REST"}],"circlet_count":0,"master_deck":["AscendersBane","Strike_G+1","Strike_G+1","Strike_G+1","Defend_G+1","Defend_G+1","Defend_G+1","Defend_G+1","Defend_G+1","Survivor","Neutralize+1","Cloak And Dagger","Deadly Poison","Poisoned Stab","Backstab+1","Dagger Spray+1","Slice","After Image+1","Footwork+1","Deflect+1"],"relics":["SacredBark","Bottled Flame","Juzu Bracelet","Tiny Chest","Black Star","Membership Card","Lantern","Whetstone","Blood Vial","Enchiridion","Mercury Hourglass"],"acts_visited":["Exordium","TheCity"],"potions_floor_usage":[33],"damage_taken":[{"damage":0.0,"enemies":"2 Louse","floor":1.0,"turns":2.0},{"damage":0.0,"enemies":"Cultist","floor":5.0,"turns":4.0},{"damage":0.0,"enemies":"Small Slimes","floor":7.0,"turns":3.0},{"damage":22.0,"enemies":"Lagavulin","floor":8.0,"turns":5.0},{"damage":24.0,"enemies":"3 Sentries","floor":10.0,"turns":11.0},{"damage":5.0,"enemies":"Red Slaver","floor":13.0,"turns":2.0},{"damage":4.0,"enemies":"2 Fungi Beasts","floor":14.0,"turns":3.0},{"damage":5.0,"enemies":"Slime Boss","floor":16.0,"turns":5.0},{"damage":15.0,"enemies":"Chosen","floor":18.0,"turns":6.0},{"damage":23.0,"enemies":"Spheric Guardian","floor":22.0,"turns":6.0},{"damage":31.0,"enemies":"Gremlin Leader","floor":24.0,"turns":5.0},{"damage":11.0,"enemies":"Snecko","floor":27.0,"turns":8.0},{"damage":5.0,"enemies":"Shelled Parasite and Fungi","floor":29.0,"turns":6.0},{"damage":82,"enemies":"Automaton","floor":33,"turns":6}],"seed_played":"7598437970141960003","potions_obtained":[{"floor":14.0,"key":"AttackPotion"},{"floor":16.0,"key":"LiquidBronze"},{"floor":24.0,"key":"Explosive Potion"},{"floor":27.0,"key":"SkillPotion"}],"is_trial":false,"path_per_floor":["M","?","$","?","M","R","M","E","T","E","$","R","M","M","R","B",null,"M","?","?","$","M","R","E","R","T","M","?","M","R","T","R","B"],"character_chosen":"THE_SILENT","items_purchased":["EntropicBrew","Cloak And Dagger","Deadly Poison","Poisoned Stab","Strength Potion","Slice","Membership Card","SteroidPotion"],"campfire_rested":5,"item_purchase_floors":[3,3,3,3,11,11,21,21],"current_hp_per_floor":[63,63,63,63,63,63,63,41,41,17,17,38,33,29,50,45,64,49,49,49,49,26,47,16,37,37,69,53,50,50,50,70,0,0],"gold":124,"neow_bonus":"BOSS_RELIC","is_daily":false,"chose_seed":false,"campfire_upgraded":2,"win_rate":0.0,"timestamp":1611499607,"path_taken":["M","?","?","?","?","R","M","E","T","E","$","R","M","M","R","BOSS","M","?","?","$","M","R","E","R","T","M","?","M","R","?","R","BOSS"],"items_purchased_type":["Potion","Card","Card","Card","Potion","Card","Relic","Potion"],"build_version":"2020-12-22","purchased_purges":1,"victory":false,"max_hp_per_floor":[70,70,70,70,70,70,70,70,70,70,70,70,70,70,70,70,70,70,70,70,70,70,70,70,70,70,70,70,70,70,70,70,70,70],"card_choices":[{"not_picked":["Underhanded Strike","Dagger Throw","Deflect"],"picked":"SKIP","floor":1.0},{"not_picked":["Leg Sweep","Flying Knee"],"picked":"Backstab","floor":5.0},{"not_picked":["Underhanded Strike","Setup","Outmaneuver"],"picked":"SKIP","floor":7.0},{"not_picked":["Doppelganger","Flying Knee","Blur"],"picked":"SKIP","floor":8.0},{"not_picked":["Terror","Underhanded Strike"],"picked":"Dagger Spray","floor":10.0},{"not_picked":["Acrobatics","Calculated Gamble","Choke"],"picked":"SKIP","floor":13.0},{"not_picked":["Reflex","Dodge and Roll","Dagger Throw"],"picked":"SKIP","floor":14.0},{"not_picked":["A Thousand Cuts","Tools of the Trade"],"picked":"After Image","floor":16.0},{"not_picked":["Dagger Spray","Quick Slash","Acrobatics"],"picked":"SKIP","floor":18.0},{"not_picked":["Infinite Blades","Footwork","Bouncing Flask"],"picked":"SKIP","floor":22.0},{"not_picked":["PiercingWail","Dagger Throw"],"picked":"Footwork+1","floor":24.0},{"not_picked":["Flechettes","Infinite Blades+1","Bane"],"picked":"SKIP","floor":27.0},{"not_picked":["Masterful Stab+1","All Out Attack"],"picked":"Deflect+1","floor":29.0}],"player_experience":212695,"relics_obtained":[{"floor":8.0,"key":"Bottled Flame"},{"floor":9.0,"key":"Juzu Bracelet"},{"floor":10.0,"key":"Tiny Chest"},{"floor":24.0,"key":"Lantern"},{"floor":24.0,"key":"Whetstone"},{"floor":26.0,"key":"Blood Vial"},{"floor":28.0,"key":"Enchiridion"},{"floor":31.0,"key":"Mercury Hourglass"}],"event_choices":[{"damage_healed":0.0,"max_hp_gain":0.0,"max_hp_loss":0.0,"gold_gain":275.0,"event_name":"Golden Shrine","player_choice":"Desecrate","floor":2.0,"gold_loss":0.0,"damage_taken":0.0,"cards_obtained":["Regret"]},{"cards_removed":["Strike_G"],"damage_healed":0.0,"max_hp_gain":0.0,"max_hp_loss":0.0,"gold_gain":0.0,"event_name":"Purifier","player_choice":"Purged","floor":4.0,"gold_loss":0.0,"damage_taken":0.0},{"cards_removed":["Strike_G"],"damage_healed":0.0,"max_hp_gain":0.0,"max_hp_loss":0.0,"gold_gain":0.0,"event_name":"Bonfire Elementals","player_choice":"Offered Basic","floor":19.0,"gold_loss":0.0,"damage_taken":0.0},{"damage_healed":0.0,"max_hp_gain":0.0,"max_hp_loss":0.0,"gold_gain":0.0,"event_name":"Back to Basics","player_choice":"Simplicity","floor":20.0,"gold_loss":0.0,"damage_taken":0.0,"cards_upgraded":["Strike_G","Strike_G","Strike_G","Defend_G","Defend_G","Defend_G","Defend_G","Defend_G"]},{"damage_healed":0.0,"max_hp_gain":0.0,"max_hp_loss":0.0,"gold_gain":0.0,"event_name":"Cursed Tome","player_choice":"Obtained Book","floor":28.0,"gold_loss":0.0,"damage_taken":16.0}],"is_beta":false,"boss_relics":[{"not_picked":["Coffee Dripper","Runic Pyramid"],"picked":"Black Star"}],"items_purged_floors":[3],"is_endless":false,"potions_floor_spawned":[5,14,16,24,27],"killed_by":"Automaton","ascension_level":10}}