{"host":"zxd7sxkt31l2m2hb","time":1611523871,"event":{"mods":["AchievementEnabler","BaseMod","BetterRewards","Colored Map","Colored Powertips","Highlight Path","Minty Spire (QoL Compilation)","StSLib","SuperFastMode","The Jungle","slay the spire mod where everything is the same but ironclad has a cowboy hat"],"gold_per_floor":[141,141,189,249,199,199,124,289,289,289,146,4,91,142,142,430,430,487,487,487,155,30,108,189,39,39,87,2,77,104,164,164,458,458,491,491,102,153,153,234,327,327,351,351,253,253,60,117,117,117],"floor_reached":51,"language":"DEU","playtime":4343,"items_purged":["Regret","Writhe","A Thousand Cuts","Unload","Choke"],"score":880,"play_id":"f96a1f5e-a65f-4391-8ef6-2077aa429837","local_time":"20210124223111","daily_mods":["SealedDeck","Flight","Lethality","Midas"],"is_ascension_mode":false,"campfire_choices":[{"floor":15,"key":"REST"},{"floor":32,"key":"REST"},{"floor":44,"key":"REST"},{"floor":49,"key":"REST"}],"circlet_count":0,"master_deck":["Finisher","Deflect","Deflect","Blade Dance","Blade Dance","Accuracy","Cloak And Dagger","Slice","Blind","Cloak And Dagger","Escape Plan","Accuracy","After Image","Footwork","Choke+1","Choke+1","Blur","Swift Strike+1","Impatience","Cloak And Dagger"],"relics":["Ring of the Snake","Toy Ornithopter","Regal Pillow","Gremlin Horn","HornCleat","Sozu","Meat on the Bone","HandDrill","Pantograph","Potion Belt","PreservedInsect","Molten Egg 2","Omamori","Bag of Marbles","Busted Crown","Vajra","Nunchaku","Anchor","ClockworkSouvenir"],"acts_visited":["Exordium","TheCity","TheBeyond"],"potions_floor_usage":[50,50],"damage_taken":[{"damage":0,"enemies":"2 Louse","floor":1,"turns":1},{"damage":0,"enemies":"Cultist","floor":3,"turns":1},{"damage":0,"enemies":"Small Slimes","floor":4,"turns":1},{"damage":0,"enemies":"Gremlin Nob","floor":8,"turns":1},{"damage":0,"enemies":"3 Sentries","floor":13,"turns":2},{"damage":13,"enemies":"3 Louse","floor":14,"turns":2},{"damage":26,"enemies":"The Guardian","floor":16,"turns":6},{"damage":0,"enemies":"Shell Parasite","floor":18,"turns":1},{"damage":6,"enemies":"Slavers","floor":23,"turns":2},{"damage":0,"enemies":"Gremlin Leader","floor":24,"turns":2},{"damage":1,"enemies":"Chosen","floor":27,"turns":2},{"damage":0,"enemies":"Book of Stabbing","floor":29,"turns":3},{"damage":0,"enemies":"3 Cultists","floor":31,"turns":3},{"damage":6,"enemies":"Champ","floor":33,"turns":6},{"damage":14,"enemies":"3 Shapes","floor":35,"turns":3},{"damage":8,"enemies":"3 Darklings","floor":38,"turns":2},{"damage":0,"enemies":"Reptomancer","floor":40,"turns":1},{"damage":0,"enemies":"Giant Head","floor":41,"turns":4},{"damage":0,"enemies":"Jaw Worm Horde","floor":48,"turns":1},{"damage":37,"enemies":"Donu and Deca","floor":50,"turns":6}],"seed_played":"-2142821004898902972","potions_obtained":[{"floor":4,"key":"BlessingOfTheForge"},{"floor":8,"key":"SmokeBomb"},{"floor":16,"key":"Block Potion"}],"is_trial":true,"path_per_floor":["M","?","M","M","?","?","$","?","T","?","$","$","E","M","R","B",null,"M","?","?","$","$","E","E","$","T","M","?","E","T","M","R","B",null,"M","?","$","M","?","E","E","?","T","R","$","?","$","M","R","B",null],"character_chosen":"THE_SILENT","items_purchased":["Blind","Cloak And Dagger","Escape Plan","Accuracy","Choke","HandDrill","Choke+1","Blur","Swift Strike+1","Impatience","ClockworkSouvenir","Cloak And Dagger"],"campfire_rested":4,"item_purchase_floors":[11,11,12,12,21,21,37,37,37,45,47,47],"current_hp_per_floor":[70,70,70,70,70,70,70,70,70,70,70,70,70,57,70,44,70,70,70,70,70,70,64,64,64,64,63,63,63,63,63,70,64,70,56,56,56,48,66,66,66,66,66,70,70,70,70,70,70,43],"gold":117,"neow_bonus":"","is_daily":false,"chose_seed":false,"campfire_upgraded":0,"win_rate":0.0,"timestamp":1611523871,"path_taken":["M","?","?","M","?","?","$","?","T","?","$","$","E","?","R","BOSS","M","?","?","?","$","E","E","$","T","?","?","E","?","?","R","BOSS","M","?","$","?","?","E","E","?","T","R","$","?","$","M","R","BOSS"],"items_purchased_type":["Card","Card","Card","Card","Card","Relic","Card","Card","Card","Card","Relic","Card"],"build_version":"2020-12-22","purchased_purges":5,"victory":true,"max_hp_per_floor":[70,70,70,70,70,70,70,70,70,70,70,70,70,70,70,70,70,70,70,70,70,70,70,70,70,70,70,70,70,70,70,70,70,70,70,70,70,70,70,70,70,70,70,70,70,70,70,70,70,70],"card_choices":[{"not_picked":["Dagger Throw","Dodge and Roll"],"picked":"Slice","floor":1},{"not_picked":["Dagger Throw","PiercingWail","Predator"],"picked":"SKIP","floor":3},{"not_picked":["Dagger Spray","Dagger Throw","Well Laid Plans"],"picked":"SKIP","floor":4},{"not_picked":["Quick Slash","Deadly Poison"],"picked":"A Thousand Cuts","floor":13},{"not_picked":["Infinite Blades","Crippling Poison","Backstab"],"picked":"SKIP","floor":14},{"not_picked":["Tools of the Trade","Die Die Die"],"picked":"Unload","floor":16},{"not_picked":["Noxious Fumes+1","Poisoned Stab+1","Reflex+1"],"picked":"SKIP","floor":18},{"not_picked":["Flying Knee","Backflip","Bane"],"picked":"SKIP","floor":23},{"not_picked":["Underhanded Strike","PiercingWail+1"],"picked":"After Image","floor":24},{"not_picked":["Outmaneuver","Slice"],"picked":"Footwork","floor":27},{"not_picked":["Expertise+1","Outmaneuver"],"picked":"Choke+1","floor":29},{"not_picked":["Finisher+1","Sucker Punch+1","Concentrate"],"picked":"SKIP","floor":31},{"not_picked":["Poisoned Stab+1"],"picked":"SKIP","floor":35},{"not_picked":["Outmaneuver+1"],"picked":"SKIP","floor":38},{"not_picked":["Endless Agony+1"],"picked":"SKIP","floor":40},{"not_picked":["Calculated Gamble"],"picked":"SKIP","floor":41},{"not_picked":["Blur"],"picked":"SKIP","floor":48}],"player_experience":82682,"relics_obtained":[{"floor":9,"key":"Gremlin Horn"},{"floor":13,"key":"HornCleat"},{"floor":23,"key":"Pantograph"},{"floor":24,"key":"Potion Belt"},{"floor":26,"key":"PreservedInsect"},{"floor":29,"key":"Omamori"},{"floor":30,"key":"Bag of Marbles"},{"floor":40,"key":"Vajra"},{"floor":41,"key":"Nunchaku"},{"floor":43,"key":"Anchor"}],"event_choices":[{"damage_healed":0,"gold_gain":0,"cards_transformed":["Slice"],"player_choice":"Transformed","damage_taken":0,"max_hp_gain":0,"max_hp_loss":0,"event_name":"Transmorgrifier","floor":2,"gold_loss":0,"cards_obtained":["Riddle With Holes"]},{"cards_removed":["Riddle With Holes"],"damage_healed":0,"gold_gain":0,"player_choice":"Card Removal","damage_taken":0,"max_hp_gain":0,"max_hp_loss":0,"event_name":"The Cleric","floor":5,"gold_loss":50},{"damage_healed":0,"gold_gain":0,"player_choice":"Box","damage_taken":0,"relics_obtained":["Toy Ornithopter"],"max_hp_gain":0,"max_hp_loss":0,"event_name":"Big Fish","floor":6,"gold_loss":0,"cards_obtained":["Regret"]},{"damage_healed":0,"gold_gain":0,"player_choice":"Searched \u00273\u0027 times","damage_taken":0,"relics_obtained":["Regal Pillow"],"max_hp_gain":0,"max_hp_loss":0,"event_name":"Dead Adventurer","floor":8,"gold_loss":0},{"cards_removed":["Cloak And Dagger"],"damage_healed":0,"gold_gain":0,"player_choice":"Card Removal","damage_taken":0,"max_hp_gain":0,"max_hp_loss":0,"event_name":"Wheel of Change","floor":10,"gold_loss":0},{"damage_healed":0,"gold_gain":0,"player_choice":"Opened","damage_taken":0,"relics_obtained":["Meat on the Bone"],"max_hp_gain":0,"max_hp_loss":0,"event_name":"The Mausoleum","floor":19,"gold_loss":0,"cards_obtained":["Writhe"]},{"damage_healed":0,"gold_gain":0,"player_choice":"Ignored","damage_taken":0,"max_hp_gain":0,"max_hp_loss":0,"event_name":"Ghosts","floor":20,"gold_loss":0},{"damage_healed":0,"gold_gain":0,"player_choice":"Obtained Relic","damage_taken":0,"relics_obtained":["Molten Egg 2"],"max_hp_gain":0,"max_hp_loss":0,"event_name":"Addict","floor":28,"gold_loss":85},{"damage_healed":0,"gold_gain":0,"player_choice":"Ignored","damage_taken":0,"max_hp_gain":0,"max_hp_loss":0,"event_name":"Transmorgrifier","floor":36,"gold_loss":0},{"damage_healed":18,"gold_gain":0,"player_choice":"Writhe","damage_taken":0,"max_hp_gain":0,"max_hp_loss":0,"event_name":"Winding Halls","floor":39,"gold_loss":0,"cards_obtained":["Writhe"]},{"cards_removed":["Cloak And Dagger"],"damage_healed":0,"gold_gain":0,"player_choice":"Removed Skill","damage_taken":0,"max_hp_gain":0,"max_hp_loss":0,"event_name":"Falling","floor":42,"gold_loss":0},{"damage_healed":0,"gold_gain":0,"player_choice":"Ignored","damage_taken":0,"max_hp_gain":0,"max_hp_loss":0,"event_name":"Tomb of Lord Red Mask","floor":46,"gold_loss":0}],"is_beta":false,"boss_relics":[{"not_picked":["Ring of the Serpent","Runic Pyramid"],"picked":"Sozu"},{"not_picked":["HoveringKite","Empty Cage"],"picked":"Busted Crown"}],"items_purged_floors":[7,21,22,25,37],"is_endless":false,"potions_floor_spawned":[4,8,16,18,27,29,31,33,38,48],"ascension_level":0}}