{"host":"xp5rvh2jwe2ejyfm","time":1611527738,"event":{"mods":["BaseMod","Downfall","Duelist Mod","GifTheSpireLib","Gremlin Mod","Hermit","Hubris","Minty Spire (QoL Compilation)","Robot Space Explorer","StSLib","The Blackbeard","The Clintock","The Construct","The Cursed","The Disciple","The Forsaken","The Hierophant","The Necromancer","The Runesmith","The Servant 0.9.4"],"gold_per_floor":[117,137,61,81,96,96,129,144,144,144,161,172,172,137,137,237,237,247,282,235,255,255,255],"floor_reached":22,"language":"ENG","playtime":817,"items_purged":[],"score":188,"play_id":"a46865e4-ed5f-40c2-987a-cc1df04ac86d","local_time":"20210124173538","is_ascension_mode":false,"campfire_choices":[{"floor":6,"key":"RECALL"},{"data":"RobotSpaceExplorer:StarDust","floor":13,"key":"SMITH"},{"data":"RobotSpaceExplorer:PlasmaMissile","floor":15,"key":"SMITH"}],"circlet_count":0,"master_deck":["RobotSpaceExplorer:Strike","RobotSpaceExplorer:Strike","RobotSpaceExplorer:Strike","RobotSpaceExplorer:Strike","RobotSpaceExplorer:Defend","RobotSpaceExplorer:Defend","RobotSpaceExplorer:Defend","RobotSpaceExplorer:Defend","RobotSpaceExplorer:Scan","RobotSpaceExplorer:MiniLasers","RobotSpaceExplorer:FreezingShield","RobotSpaceExplorer:TurboDodge","RobotSpaceExplorer:ChargingLaser","RobotSpaceExplorer:StunGrenade","RobotSpaceExplorer:StarDust+1","RobotSpaceExplorer:PowerCollector","RobotSpaceExplorer:PlasmaMissile+1","Parasite","RobotSpaceExplorer:MetalStrike","RobotSpaceExplorer:SwiftStep","RobotSpaceExplorer:HighVoltage","RobotSpaceExplorer:GlueShot+1","RobotSpaceExplorer:SurgingShield","RobotSpaceExplorer:Pulsar","RobotSpaceExplorer:MetalStrike"],"relics":["RobotSpaceExplorer:RoboCore","hubris:Spice","Ornamental Fan","Slimebound:PreparedRelic","Red Mask"],"acts_visited":["Exordium","TheCity"],"potions_floor_usage":[16,21,22],"damage_taken":[{"damage":0,"enemies":"Cultist","floor":1,"turns":3},{"damage":6,"enemies":"2 Louse","floor":2,"turns":3},{"damage":0,"enemies":"Small Slimes","floor":4,"turns":3},{"damage":0,"enemies":"Exordium Wildlife","floor":5,"turns":4},{"damage":28,"enemies":"Lagavulin","floor":7,"turns":7},{"damage":0,"enemies":"Blue Slaver","floor":8,"turns":5},{"damage":5,"enemies":"2 Fungi Beasts","floor":11,"turns":4},{"damage":0,"enemies":"3 Louse","floor":12,"turns":2},{"damage":20,"enemies":"Hexaghost","floor":16,"turns":7},{"damage":20,"enemies":"Shell Parasite","floor":18,"turns":7},{"damage":61,"enemies":"Masked Bandits","floor":19,"turns":6},{"damage":0,"enemies":"3 Byrds","floor":21,"turns":6},{"damage":5,"enemies":"Centurion and Healer","floor":22,"turns":4}],"seed_played":"9160978020715653117","potions_obtained":[{"floor":2,"key":"Strength Potion"},{"floor":5,"key":"SpeedPotion"},{"floor":11,"key":"Dexterity Potion"},{"floor":19,"key":"GamblersBrew"}],"is_trial":false,"path_per_floor":["M","M","$","M","M","R","E","M","T","?","M","M","R","?","R","B",null,"M","?","$","M","M"],"character_chosen":"RobotSpaceExplorer","items_purchased":["RobotSpaceExplorer:ChargingLaser","RobotSpaceExplorer:Pulsar"],"campfire_rested":0,"item_purchase_floors":[3,20],"current_hp_per_floor":[76,70,70,70,70,70,42,42,42,61,56,56,56,75,75,55,84,64,3,3,3,0,0],"gold":255,"neow_bonus":"ONE_RARE_RELIC","is_daily":false,"chose_seed":false,"campfire_upgraded":2,"win_rate":0.0,"timestamp":1611527738,"path_taken":["M","M","$","M","?","R","E","M","T","?","M","M","R","?","R","BOSS","M","?","$","M","M"],"items_purchased_type":["Card","Card"],"build_version":"2020-12-22","purchased_purges":0,"victory":false,"max_hp_per_floor":[76,76,76,76,76,76,76,76,76,76,76,76,76,76,76,76,84,84,84,84,84,84,84],"card_choices":[{"not_picked":["RobotSpaceExplorer:PowerCollector","RobotSpaceExplorer:GlueShot"],"picked":"RobotSpaceExplorer:FreezingShield","floor":1},{"not_picked":["RobotSpaceExplorer:SlimeMissile","RobotSpaceExplorer:BigMissile"],"picked":"RobotSpaceExplorer:TurboDodge","floor":2},{"not_picked":["RobotSpaceExplorer:GlueShot","RobotSpaceExplorer:ShovelStrike"],"picked":"RobotSpaceExplorer:StunGrenade","floor":4},{"not_picked":["RobotSpaceExplorer:ShovelStrike","RobotSpaceExplorer:ScrapShield"],"picked":"RobotSpaceExplorer:StarDust","floor":5},{"not_picked":["RobotSpaceExplorer:Ammunition","RobotSpaceExplorer:GlueSpray"],"picked":"RobotSpaceExplorer:PowerCollector","floor":7},{"not_picked":["RobotSpaceExplorer:HighVoltage","RobotSpaceExplorer:ToxicBomb"],"picked":"RobotSpaceExplorer:PlasmaMissile","floor":8},{"not_picked":["RobotSpaceExplorer:ToxicBomb","RobotSpaceExplorer:ShovelStrike"],"picked":"RobotSpaceExplorer:MetalStrike","floor":11},{"not_picked":["RobotSpaceExplorer:Discharger","RobotSpaceExplorer:SelfCleaning"],"picked":"RobotSpaceExplorer:SwiftStep","floor":12},{"not_picked":["RobotSpaceExplorer:Arsenal","RobotSpaceExplorer:Exploration"],"picked":"RobotSpaceExplorer:HighVoltage","floor":16},{"not_picked":["RobotSpaceExplorer:FranticSearch","RobotSpaceExplorer:SlimeMissile+1"],"picked":"RobotSpaceExplorer:GlueShot+1","floor":18},{"not_picked":["RobotSpaceExplorer:GlueSpray+1","RobotSpaceExplorer:BigMissile"],"picked":"RobotSpaceExplorer:SurgingShield","floor":19},{"not_picked":["RobotSpaceExplorer:PlasmaMissile","RobotSpaceExplorer:Probe"],"picked":"RobotSpaceExplorer:MetalStrike","floor":21}],"player_experience":314268,"relics_obtained":[{"floor":7,"key":"Ornamental Fan"},{"floor":9,"key":"Slimebound:PreparedRelic"},{"floor":19,"key":"Red Mask"}],"event_choices":[{"damage_healed":19,"gold_gain":0,"player_choice":"Healed and dodged fight","damage_taken":0,"max_hp_gain":0,"max_hp_loss":0,"event_name":"Mushrooms","floor":10,"gold_loss":0,"cards_obtained":["Parasite"]},{"damage_healed":19,"gold_gain":0,"player_choice":"Healed","damage_taken":0,"max_hp_gain":0,"max_hp_loss":0,"event_name":"The Cleric","floor":14,"gold_loss":35},{"damage_healed":0,"gold_gain":0,"player_choice":"Fought Bandits","damage_taken":0,"max_hp_gain":0,"max_hp_loss":0,"event_name":"Masked Bandits","floor":19,"gold_loss":0}],"is_beta":false,"boss_relics":[{"not_picked":["Sozu","SacredBark"],"picked":"hubris:Spice"}],"items_purged_floors":[],"is_endless":false,"potions_floor_spawned":[2,5,11,12,19],"killed_by":"Centurion and Healer","ascension_level":0}}