{"host":"Ringo","time":1611450241,"event":{"mods":["BaseMod","Colored Map","Conspire","Dota2Spire","Minty Spire (QoL Compilation)","Replay The Spire","StSLib","[IsaacMod]ÒÔÈö¼âËþ","¡¾ÒÅÎï¿¨ÅÆ¡¿REMEMod"],"gold_per_floor":[125,143,160,176,18,45,73,73,120,148,175,207,222,250,250,329,329,344,359,371,405,415,449,490,57,138,164,193,221,249,276,276,383,383,396,408,419,430,11,85,116,143,143,143,162,195,195,255,341,341,341],"floor_reached":52,"language":"ZHS","playtime":1488,"items_purged":[],"score":3639,"play_id":"1eb75b03-b6c4-448e-928a-cc612f3ac948","local_time":"20210124090400","daily_mods":["SealedDeck","Vintage","Heirloom","Time Dilation","Flight","DeadlyEvents","Elite Swarm","Lethality","Binary"],"is_ascension_mode":true,"campfire_choices":[{"data":"TalkToTheHand","floor":8,"key":"SMITH"},{"floor":32,"key":"DIG"},{"floor":44,"key":"DIG"},{"data":"Wallop","floor":47,"key":"SMITH"}],"circlet_count":0,"master_deck":["AscendersBane","BettingIsNotGood","PathToVictory+1","Tantrum","CrushJoints","Wallop+1","FlyingSleeves+1","Replay:Hum+1","TalkToTheHand+1","FlyingSleeves+1","JustLucky","TalkToTheHand+1","Core Surge+1","REME_Flogging","Adaptation"],"relics":["PureWater","Busted Crown","HushsDoor","REME_ComplimentaryCards","Du-Vu Doll","BelialBook","Dota2Spire:UrnOfShadows","Onion Ring","HowToJump","Dota2Spire:Desolator","Replay:Multitool","Leech","Lantern","MealTicket","Dream Catcher","Replay:Rubber Ducky","Dota2Spire:RefresherOrb","GuppysTail","GuppysHead","Dota2Spire:MagicBottle","REME_PuzzleBoxRelic","StrikeDummy","SatanicBible","Void","Art of War","Oddly Smooth Stone","Pear","HandDrill","Replay:Bottled Eggs","Dota2Spire:Dagon","Dota2Spire:AghanimScepter","ReplayTheSpireMod:Ninjato","Bird Faced Urn","Dota2Spire:HandOfMidas","Replay:Mystery Machine","SlaversCollar","GuppysHairball","Dota2Spire:MonkeyKingBar","Gremlin Food","Replay:Purple Gloves","Lee\u0027s Waffle","Dota2Spire:BladeMail","Gambling Chip","Replay:Baseball","REME_LimitBreaker","Quantum Egg","Omamori","Boot","SalivaCoin"],"acts_visited":["Exordium","TheCity","TheBeyond"],"potions_floor_usage":[19,28,33,33,51,51],"damage_taken":[{"damage":0,"enemies":"Cultist","floor":1,"turns":2},{"damage":0,"enemies":"2 Louse","floor":2,"turns":1},{"damage":0,"enemies":"Jaw Worm","floor":3,"turns":1},{"damage":3,"enemies":"Looter","floor":4,"turns":1},{"damage":0,"enemies":"Replay:BlueRogue","floor":6,"turns":1},{"damage":0,"enemies":"Lagavulin","floor":7,"turns":1},{"damage":0,"enemies":"3 Sentries","floor":10,"turns":1},{"damage":0,"enemies":"Exordium Wildlife","floor":11,"turns":1},{"damage":0,"enemies":"Replay:BlueRogue","floor":12,"turns":1},{"damage":4,"enemies":"conspire:2 RoseBushes","floor":13,"turns":1},{"damage":0,"enemies":"Lagavulin","floor":14,"turns":2},{"damage":3,"enemies":"Fading Forest","floor":16,"turns":6},{"damage":0,"enemies":"Chosen","floor":18,"turns":1},{"damage":4,"enemies":"3 Byrds","floor":19,"turns":2},{"damage":0,"enemies":"Sentry and Sphere","floor":20,"turns":2},{"damage":0,"enemies":"Snecko","floor":21,"turns":2},{"damage":0,"enemies":"3 Cultists","floor":22,"turns":1},{"damage":0,"enemies":"Gremlin Leader","floor":23,"turns":2},{"damage":0,"enemies":"conspire:SneckoGhost","floor":24,"turns":1},{"damage":0,"enemies":"REME_1_Revenger","floor":27,"turns":1},{"damage":0,"enemies":"Gremlin Leader","floor":28,"turns":2},{"damage":1,"enemies":"conspire:Head Lice","floor":29,"turns":3},{"damage":0,"enemies":"conspire:SneckoGhost","floor":30,"turns":1},{"damage":0,"enemies":"conspire:Head Lice","floor":31,"turns":1},{"damage":0,"enemies":"Automaton","floor":33,"turns":2},{"damage":0,"enemies":"3 Shapes","floor":35,"turns":1},{"damage":0,"enemies":"3 Darklings","floor":36,"turns":1},{"damage":0,"enemies":"Maw","floor":37,"turns":1},{"damage":0,"enemies":"Transient","floor":38,"turns":1},{"damage":0,"enemies":"Reptomancer","floor":40,"turns":1},{"damage":0,"enemies":"R_Hoarder","floor":41,"turns":1},{"damage":0,"enemies":"Giant Head","floor":42,"turns":1},{"damage":0,"enemies":"Spire Growth","floor":45,"turns":1},{"damage":0,"enemies":"R_Hoarder","floor":46,"turns":1},{"damage":0,"enemies":"Reptomancer","floor":48,"turns":1},{"damage":0,"enemies":"Awakened One","floor":50,"turns":3},{"damage":0,"enemies":"Time Eater","floor":51,"turns":1}],"seed_played":"-1969447337826084489","potions_obtained":[{"floor":4,"key":"StancePotion"},{"floor":6,"key":"LifebloodPotion"},{"floor":19,"key":"Dota2Spire:Clarity"},{"floor":29,"key":"BlessingOfTheForge"},{"floor":33,"key":"PowerPotion"},{"floor":38,"key":"Adrenaline Potion"}],"is_trial":true,"path_per_floor":["M","M","M","M","$","E","E","R","T","E","M","E","M","E","R_BF","B",null,"M","M","M","M","M","E","E","$","T","E","E","E","E","E","R","B",null,"M","M","M","M","$","E","E","E","T","R","M","E","R","E","R_BF","B","B",null],"character_chosen":"WATCHER","items_purchased":["HowToJump","GuppysTail","GuppysHead","Pear","HandDrill","GuppysHairball","REME_Flogging","Lee\u0027s Waffle","Dota2Spire:BladeMail","Adaptation"],"campfire_rested":0,"item_purchase_floors":[5,17,17,25,25,34,34,39,39,39],"current_hp_per_floor":[61,68,68,65,65,65,65,65,65,65,66,66,63,69,69,75,55,55,51,52,53,53,54,54,65,65,65,65,65,65,65,65,65,51,51,51,51,51,58,58,58,58,58,58,58,58,58,58,58,58,58],"gold":341,"neow_bonus":"","is_daily":false,"chose_seed":false,"campfire_upgraded":2,"win_rate":0.0,"timestamp":1611450240,"path_taken":["M","M","M","M","?","E","E","R","T","E","M","E","M","E","R_BF","BOSS","M","M","M","M","M","E","E","$","T","E","E","E","E","E","R","BOSS","M","M","M","M","$","E","E","E","T","R","M","E","R","E","R_BF","BOSS","BOSS"],"items_purchased_type":["Relic","Relic","Relic","Relic","Relic","Relic","Card","Relic","Relic","Card"],"build_version":"2020-12-18","purchased_purges":0,"victory":true,"max_hp_per_floor":[68,75,75,75,75,75,75,75,75,75,75,75,75,75,75,75,55,55,55,55,55,55,55,55,65,65,65,65,65,65,65,65,65,51,51,51,51,51,58,58,58,58,58,58,58,58,58,58,58,58,58],"card_choices":[{"not_picked":[],"picked":"BettingIsNotGood","floor":0}],"player_experience":551030,"relics_obtained":[{"floor":1,"key":"Dota2Spire:UrnOfShadows"},{"floor":2,"key":"Strawberry"},{"floor":3,"key":"Onion Ring"},{"floor":4,"key":"War Paint"},{"floor":6,"key":"Dota2Spire:Desolator"},{"floor":7,"key":"Replay:Multitool"},{"floor":9,"key":"Whetstone"},{"floor":10,"key":"Leech"},{"floor":11,"key":"Lantern"},{"floor":12,"key":"MealTicket"},{"floor":13,"key":"Dream Catcher"},{"floor":14,"key":"Replay:Rubber Ducky"},{"floor":18,"key":"Dota2Spire:MagicBottle"},{"floor":19,"key":"REME_PuzzleBoxRelic"},{"floor":20,"key":"StrikeDummy"},{"floor":21,"key":"SatanicBible"},{"floor":22,"key":"Void"},{"floor":23,"key":"Art of War"},{"floor":24,"key":"Oddly Smooth Stone"},{"floor":26,"key":"Replay:Bottled Eggs"},{"floor":27,"key":"Dota2Spire:Dagon"},{"floor":28,"key":"Dota2Spire:AghanimScepter"},{"floor":29,"key":"ReplayTheSpireMod:Ninjato"},{"floor":30,"key":"Bird Faced Urn"},{"floor":31,"key":"Dota2Spire:HandOfMidas"},{"floor":32,"key":"Replay:Mystery Machine"},{"floor":36,"key":"Dota2Spire:MonkeyKingBar"},{"floor":37,"key":"Gremlin Food"},{"floor":38,"key":"Replay:Purple Gloves"},{"floor":40,"key":"Gambling Chip"},{"floor":41,"key":"Replay:Baseball"},{"floor":42,"key":"REME_LimitBreaker"},{"floor":43,"key":"Quantum Egg"},{"floor":44,"key":"White Beast Statue"},{"floor":45,"key":"Omamori"},{"floor":46,"key":"Boot"},{"floor":48,"key":"SalivaCoin"}],"event_choices":[{"damage_healed":0,"gold_gain":0,"player_choice":"Ignored","damage_taken":0,"max_hp_gain":0,"max_hp_loss":0,"event_name":"Liars Game","floor":15,"gold_loss":0}],"is_beta":true,"boss_relics":[{"not_picked":["conspire:SlowCooker","Kintsugi"],"picked":"Dota2Spire:RefresherOrb"},{"not_picked":[]},{"not_picked":["Fusion Hammer","Replay:Drink Me"],"picked":"SlaversCollar"},{"not_picked":[]}],"items_purged_floors":[],"is_endless":false,"potions_floor_spawned":[4,6,7,11,12,14,19,21,22,23,29,30,31,33,38,45,46,48],"ascension_level":20}}