{"host":"owfagvjreo3l000m","time":1611452155,"event":{"mods":["BaseMod","Downfall","Hermit","Hubris","Minty Spire (QoL Compilation)","Replay The Spire","StSLib","The Cursed","The Disciple","The Necromancer","The Runesmith","The Witch"],"gold_per_floor":[99,118,118,118,218,249,249,249,249,263,263,274,149,167,182,284,284,284,299,184,184,184,195,222,222,248,258,398,426,492,511,527,630,630,630,688,733,748,748,648,672,672,672,697,697,697,364,384,396,396,396,396],"floor_reached":50,"language":"ENG","playtime":21482,"items_purged":["hexamod:Strike","hexamod:Strike"],"score":581,"play_id":"f31211ef-6389-441f-9461-29e367fbd35a","local_time":"20210123203555","is_ascension_mode":false,"campfire_choices":[{"data":"hexamod:Float","floor":1,"key":"SMITH"},{"floor":8,"key":"REST"},{"floor":11,"key":"REST"},{"floor":40,"key":"DIG"},{"data":"hexamod:TimeWarp","floor":45,"key":"SMITH"}],"circlet_count":0,"master_deck":["hexamod:Sear","hexamod:Float+1","hexamod:SwordOfDarkness+1","hexamod:ExtraCrispy","hexamod:NightmareGuise","hexamod:TimeWarp+1","hexamod:GhostflameBarrier","hexamod:Again","hexamod:BurningTouch","hexamod:ThermalTransfer","hexamod:GhostflameInferno","hexamod:SpectersWail","hexamod:AdvancingGuard","hexamod:HauntingEcho+1","hexamod:BurningTouch+1","hexamod:GhostflameBarrier","expansioncontent:StudyTheSpire+1","hexamod:SkipABeat+1","hexamod:AdvancingGuard","hexamod:InspiringFlames+1","hexamod:ShieldOfDarkness+1","hexamod:TimeWarp+1","hexamod:FourthSeal","hexamod:UnlimitedPower","hexamod:WildfireWeapon","hexamod:ThermalTransfer+1","hexamod:ThermalTransfer+1","hexamod:EtherealExpedition+1","hexamod:BacktrackSmack+1","hexamod:Rewind+1","hexamod:AdvancingGuard"],"relics":["hexamod:SpiritBrand","Replay:Multitool","hubris:Spice","hubris:DeckOfHolding","hubris:GrandSneckoEye","Pandora\u0027s Box","Red Mask","hexamod:TheBrokenSeal","Prayer Wheel","StoneCalendar","hubris:Towel","downfall:HeartBlessingGreen","Oddly Smooth Stone","Bronze Scales","hubris:Icosahedron"],"acts_visited":["Exordium","TheCity","TheBeyond"],"potions_floor_usage":[26,26,29,33,50,50],"damage_taken":[{"damage":0,"enemies":"Cultist","floor":2,"turns":4},{"damage":65,"enemies":"downfall:Heads","floor":5,"turns":9},{"damage":16,"enemies":"Gremlin Nob","floor":6,"turns":4},{"damage":6,"enemies":"Jaw Worm","floor":10,"turns":3},{"damage":0,"enemies":"Small Slimes","floor":12,"turns":2},{"damage":0,"enemies":"downfall:FleeingMerchant","floor":13,"turns":4},{"damage":0,"enemies":"2 Fungi Beasts","floor":14,"turns":4},{"damage":7,"enemies":"Blue Slaver","floor":15,"turns":4},{"damage":25,"enemies":"WA_ARCHETYPE_RETAIN","floor":16,"turns":6},{"damage":7,"enemies":"Shell Parasite","floor":19,"turns":3},{"damage":10,"enemies":"downfall:FleeingMerchant","floor":20,"turns":4},{"damage":12,"enemies":"Spheric Guardian","floor":23,"turns":4},{"damage":3,"enemies":"Gremlin Leader","floor":26,"turns":6},{"damage":15,"enemies":"Snecko","floor":27,"turns":4},{"damage":8,"enemies":"downfall:FleeingMerchant","floor":28,"turns":4},{"damage":31,"enemies":"Replay:Snechameleon","floor":29,"turns":4},{"damage":0,"enemies":"3 Cultists","floor":31,"turns":5},{"damage":2,"enemies":"Snake Plant","floor":32,"turns":4},{"damage":13,"enemies":"SI_MIRROR_ARCHETYPE","floor":33,"turns":6},{"damage":30,"enemies":"SI_MIRROR_ARCHETYPE","floor":36,"turns":6},{"damage":11,"enemies":"2 Orb Walkers","floor":37,"turns":4},{"damage":0,"enemies":"3 Shapes","floor":38,"turns":3},{"damage":15,"enemies":"Reptomancer","floor":44,"turns":5},{"damage":0,"enemies":"Orb Walker","floor":48,"turns":2},{"damage":0,"enemies":"Transient","floor":49,"turns":5},{"damage":87,"enemies":"IC_BLOCK_ARCHETYPE","floor":50,"turns":7}],"seed_played":"-7319836397703791374","potions_obtained":[{"floor":10,"key":"Toxic Potion"},{"floor":12,"key":"Energy Potion"},{"floor":15,"key":"Death Potion"},{"floor":23,"key":"Guardian:BlockOnCardUsePotion"},{"floor":26,"key":"Regen Potion"},{"floor":26,"key":"BlessingOfTheForge"},{"floor":30,"key":"hexamod:EctoCoolerPotion"},{"floor":33,"key":"Swift Potion"},{"floor":48,"key":"PowerPotion"}],"is_trial":false,"path_per_floor":["R","M","?","T","?","E","T","R","?","M","R","M","$","M","M","B",null,"R","M","$","?","?","M","T","?","E","M","$","E","?","M","M","B",null,"R","?","?","M","?","R","T","?","R","E","R","$","?","M","M","B"],"character_chosen":"THE_SPIRIT","items_purchased":["hexamod:Again","expansioncontent:StudyTheSpire"],"campfire_rested":2,"item_purchase_floors":[13,28],"current_hp_per_floor":[77,77,82,82,17,9,9,36,36,30,57,64,71,78,78,60,90,90,83,80,80,80,75,83,83,80,72,71,52,20,27,32,26,74,74,76,65,65,65,65,65,65,76,61,61,61,86,86,86,0,0,0],"gold":396,"neow_bonus":"TEN_PERCENT_HP_BONUS","is_daily":false,"chose_seed":false,"campfire_upgraded":2,"win_rate":0.0,"timestamp":1611452155,"path_taken":["R","?","?","?","?","E","T","R","?","M","R","M","$","?","M","BOSS","R","M","$","?","?","M","T","?","E","M","$","E","?","?","M","BOSS","R","?","?","M","?","R","T","?","R","E","R","$","?","M","M","BOSS"],"items_purchased_type":["Card","Card"],"build_version":"2020-12-22","purchased_purges":2,"victory":false,"max_hp_per_floor":[77,77,82,82,82,90,90,90,90,90,90,90,90,90,90,90,90,90,90,90,90,90,90,98,98,82,82,82,82,74,74,74,74,74,74,76,76,76,76,76,76,76,76,76,76,76,86,86,86,86,86,86],"card_choices":[{"not_picked":["hexamod:Firestarter","hexamod:AdvancingGuard"],"picked":"hexamod:SwordOfDarkness","floor":2},{"not_picked":["hexamod:HauntingEcho","hexamod:ShieldOfDarkness"],"picked":"hexamod:DynamicBlow","floor":5},{"not_picked":["hexamod:RetreatToShadows","hexamod:FastForward","hexamod:NightmareStrike"],"picked":"SKIP","floor":6},{"not_picked":["hexamod:FastForward","hexamod:HeatCrush"],"picked":"hexamod:FirstSeal","floor":10},{"not_picked":["hexamod:SwordOfDarkness","hexamod:AdvancingGuard"],"picked":"hexamod:TimeWarp","floor":12},{"not_picked":["hexamod:RainOfEmbers","hexamod:RecurringNightmare"],"picked":"hexamod:GhostflameBarrier","floor":13},{"not_picked":["hexamod:SpectersWail","hexamod:DynamicBlow"],"picked":"hexamod:BurningTouch","floor":14},{"not_picked":["hexamod:HeatShield","hexamod:Haunt"],"picked":"hexamod:ThermalTransfer","floor":15},{"not_picked":["hexamod:SearingWound","hexamod:TimeWarp"],"picked":"hexamod:GhostflameInferno","floor":16},{"not_picked":["hexamod:GhostShield","hexamod:EtherealExpedition+1"],"picked":"hexamod:SecondSeal","floor":19},{"not_picked":["hexamod:FourthSeal","hexamod:AdvancingGuard+1"],"picked":"hexamod:ThirdSeal","floor":20},{"not_picked":["hexamod:NightmareStrike","hexamod:HeatMetal"],"picked":"hexamod:AdvancingGuard","floor":23},{"not_picked":["hexamod:FastForward+1","hexamod:ChargedBarrage+1"],"picked":"hubris:SpiceAddiction","floor":26},{"not_picked":["hexamod:PhantomCloak","hexamod:GhostOfSpirePresent","hexamod:GhostShield"],"picked":"SKIP","floor":26},{"not_picked":["hexamod:PhantomCloak","hexamod:GhostOfSpirePresent","hexamod:GhostShield"],"picked":"SKIP","floor":26},{"not_picked":["hubris:SpiceAddiction","hexamod:GhostLash"],"picked":"hexamod:HauntingEcho+1","floor":27},{"not_picked":["hexamod:HeatMetal","hexamod:SpectersWail"],"picked":"hexamod:BurningTouch+1","floor":27},{"not_picked":["hexamod:Rewind+1","hexamod:GhostShield","hubris:SpiceAddiction"],"picked":"SKIP","floor":27},{"not_picked":["hexamod:RetreatToShadows","hexamod:GhostLash"],"picked":"hexamod:GhostflameBarrier","floor":28},{"not_picked":["hubris:SpiceAddiction","hexamod:GhostShield","hexamod:ThirdSeal"],"picked":"SKIP","floor":28},{"not_picked":["hexamod:ShieldOfDarkness","hubris:SpiceAddiction"],"picked":"hexamod:SkipABeat+1","floor":29},{"not_picked":["hexamod:RecurringNightmare+1","hexamod:ShieldOfDarkness","hexamod:AdvancingGuard"],"picked":"SKIP","floor":29},{"not_picked":["hexamod:NightmareStrike","hexamod:FirstSeal"],"picked":"hexamod:AdvancingGuard","floor":30},{"not_picked":["hexamod:Haunt+1","hexamod:RetreatToShadows"],"picked":"hexamod:InspiringFlames+1","floor":31},{"not_picked":["hexamod:SwordOfDarkness+1","hexamod:AdvancingGuard"],"picked":"hexamod:ShieldOfDarkness+1","floor":32},{"not_picked":["hexamod:HauntingEcho+1","hexamod:Rewind"],"picked":"hexamod:TimeWarp","floor":32},{"not_picked":["hexamod:TimeWarp","hexamod:TurnItUp"],"picked":"hexamod:SixthSeal","floor":33},{"not_picked":["hexamod:BacktrackSmack","hexamod:Incineration"],"picked":"hubris:SpiceAddiction","floor":36},{"not_picked":["hexamod:ThirdSeal","hexamod:ExtraCrispy"],"picked":"hexamod:ThermalTransfer+1","floor":37},{"not_picked":["hexamod:RecurringNightmare+1","hexamod:HeatCrush"],"picked":"hexamod:ThermalTransfer+1","floor":38},{"not_picked":["hubris:SpiceAddiction","hexamod:BacktrackSmack"],"picked":"hexamod:EtherealExpedition+1","floor":38},{"not_picked":["hubris:SpiceAddiction","hexamod:Haunt+1","hexamod:PhantomFireball+1"],"picked":"SKIP","floor":44},{"not_picked":["hexamod:InspiringFlames+1","hexamod:EtherealExpedition"],"picked":"hexamod:BacktrackSmack+1","floor":48},{"not_picked":["hexamod:NecessarySacrifice+1","hexamod:WildfireWeapon"],"picked":"hexamod:Rewind+1","floor":48},{"not_picked":["hubris:SpiceAddiction","hexamod:Hexaguard"],"picked":"hexamod:AdvancingGuard","floor":49},{"not_picked":["hexamod:TurnItUp","hexamod:SwordOfDarkness+1","hexamod:ChargedBarrage+1"],"picked":"SKIP","floor":49}],"player_experience":602420,"relics_obtained":[{"floor":4,"key":"Replay:Multitool"},{"floor":6,"key":"hubris:Spice"},{"floor":7,"key":"hubris:DeckOfHolding"},{"floor":24,"key":"hubris:Spice"},{"floor":26,"key":"hubris:Spice"},{"floor":30,"key":"hubris:Spice"},{"floor":36,"key":"Prayer Wheel"},{"floor":37,"key":"StoneCalendar"},{"floor":40,"key":"Oddly Smooth Stone"},{"floor":41,"key":"Bronze Scales"}],"event_choices":[{"damage_healed":0,"gold_gain":0,"player_choice":"Donut","damage_taken":0,"max_hp_gain":5,"max_hp_loss":0,"event_name":"Big Fish","floor":3,"gold_loss":0},{"damage_healed":0,"gold_gain":0,"player_choice":"Fight","damage_taken":0,"max_hp_gain":0,"max_hp_loss":0,"event_name":"Mysterious Sphere","floor":37,"gold_loss":0}],"is_beta":false,"boss_relics":[{"not_picked":["hubris:BlackHole","hubris:Spice"],"picked":"hubris:GrandSneckoEye"},{"not_picked":["Runesmith:UraniumAnvil","hubris:Spice"],"picked":"Pandora\u0027s Box"}],"items_purged_floors":[13,20],"is_endless":false,"potions_floor_spawned":[10,12,15,16,23,26,32,33,44,48],"killed_by":"IC_BLOCK_ARCHETYPE","ascension_level":0}}