{"host":"ymw71f7rc9ndansy","time":1611453384,"event":{"mods":["ATMod(阿瑾Mod)","Act Like it!","Aspiration","BaseMod","DeckTracker","Hubris","Library of Ruina","Library of Ruina Extra","Minty Spire (QoL Compilation)","MostiFishMod","Remove Card Discount Mod","Replay The Spire","RumiaBox-露米娅的神秘盒子","StSLib","TestMod","【功能Mod】精心准备","【遗物卡牌】REMEMod"],"gold_per_floor":[115,115,125,109,129,159,159,192,192,217,228,261,261,279,279,279,279],"floor_reached":16,"language":"ZHS","playtime":456,"items_purged":["LightAttack","FocusedStrikes","ChargeAndCover","Dodge","Limit Break","LightAttack","LightDefense","LightAttack"],"score":410,"play_id":"8e00f997-084f-4294-83ca-67a559ee8e37","local_time":"20210124095624","is_ascension_mode":true,"campfire_choices":[{"data":"Reload","floor":7,"key":"SMITH"},{"data":"Reload","floor":13,"key":"SMITH"},{"floor":15,"key":"REST"}],"circlet_count":0,"master_deck":["AscendersBane","LightDefense","LightDefense","LightDefense","AT_FamilyPortrait+1","Multislash","Reload+1","FlamingDragonFist","EmotionalTurbulence","SavageMode","GrazeTheGrass","QuickSuppression","Reload+1","Reload","TieShanKao"],"relics":["PageOfLibrarian","testmod-TestBox","DaveBox","REME_ComplimentaryCards","AT_ATBox","SacredBark","testmod-TimeTraveler","Baka","SynthV:TestCard","GodSword6","Mango","aspiration:FetidBarrel","PageOfSingingMachine","Art of War","PageOfBloodbath","Ccalipers"],"acts_visited":["Exordium"],"potions_floor_usage":[],"damage_taken":[{"damage":0.0,"enemies":"Jaw Worm","floor":1.0,"turns":3.0},{"damage":0,"enemies":"Cultist","floor":3,"turns":2},{"damage":1,"enemies":"Small Slimes","floor":5,"turns":12},{"damage":13,"enemies":"Replay:BlueRogue","floor":6,"turns":3},{"damage":0,"enemies":"Gremlin Nob","floor":8,"turns":1},{"damage":10,"enemies":"3 Sentries","floor":10,"turns":3},{"damage":0,"enemies":"Exordium Thugs","floor":11,"turns":1},{"damage":0,"enemies":"Gremlin Nob","floor":12,"turns":2},{"damage":7,"enemies":"Blue Slaver","floor":14,"turns":2},{"damage":0,"enemies":"Fading Forest","floor":16,"turns":1}],"seed_played":"1850025289235726081","potions_obtained":[{"floor":0.0,"key":"DistilledChaos"},{"floor":0.0,"key":"Toxic Potion"}],"is_trial":false,"path_per_floor":["M","?","M","$","M","E","R","E","T","E","M","E","R","M","R","B"],"character_chosen":"Librarian","items_purchased":[],"campfire_rested":1,"item_purchase_floors":[],"current_hp_per_floor":[54,54,54,54,53,54,54,54,54,44,44,44,44,37,70,70,70],"gold":279,"neow_bonus":"THREE_SMALL_POTIONS","is_daily":false,"chose_seed":false,"campfire_upgraded":2,"win_rate":0.0,"timestamp":1611453384,"path_taken":["M","?","M","$","M","E","R","E","T","E","?","E","R","M","R","BOSS"],"items_purchased_type":[],"build_version":"2020-12-22","purchased_purges":8,"victory":false,"max_hp_per_floor":[63,64,97,97,97,111,111,111,111,111,111,111,111,111,111,111,111],"card_choices":[{"not_picked":["DestructiveImpact","Diversion","OpportunitySpotted","SerpentSwordTechnique","BindingArms","FierceOnslaught","EnergyStrike","Zzzzzap"],"picked":"Multislash","floor":1.0},{"not_picked":["AutomatedMovement","SunsetBlade","Pound","Eliminate","MultiBlock","ForcefulGesture","FlashingStrike","ToWhereThePrescriptPoints","SerpentSwordTechnique","Diversion"],"picked":"EmotionalTurbulence","floor":3},{"not_picked":["IngredientHunt","ShockingBlow","SharpSwipe","ButterflySlash","Outburst","StructuralAnalysis","StayCalm","Standoff","GuidanceOfTheGears","Reload"],"picked":"SavageMode","floor":5},{"not_picked":["GuidanceOfTheGears","Riposte","HandlingWork","UncannyStrike","Castigation","TieShanKao","Gamble","QuickAttack","EnergyShield","PinpointShot"],"picked":"GrazeTheGrass","floor":6},{"not_picked":["SuppressingShot","Faith","GuidanceOfTheGears","Deflect_lor","GreatSerpentsImpact","Execute_lor","ClassAndRespect","QuickAttack","FieryWaltz","Clone"],"picked":"QuickSuppression","floor":8},{"not_picked":["WildCard","Feast","FleetEdge","SparkingSpear","SuppressingShot","TraceOfFumes","InhaleSmoke","EnergyCycle","TendonChords","KeepItFresh"],"picked":"Reload","floor":10},{"not_picked":["EnergyShield","StrongStrike","HardRehearsal","GuidanceOfTheGears","Standoff","AutonomousRush","EndlessBattle","Execute_lor","Wallop_lor","SomberProcuration"],"picked":"Reload","floor":11},{"not_picked":["Parry2","SinglePointStab","NonstopAssault","Wallop_lor","ShrineToMusic","StrongStrike","ConcentratedFire","AutonomousRush","UnavoidableGaze","SuppressingShot"],"picked":"TieShanKao","floor":12}],"player_experience":1065273,"relics_obtained":[{"floor":1.0,"key":"Baka"},{"floor":1.0,"key":"SynthV:TestCard"},{"floor":5,"key":"GodSword6"},{"floor":6,"key":"Mango"},{"floor":6,"key":"aspiration:FetidBarrel"},{"floor":8,"key":"PageOfSingingMachine"},{"floor":9,"key":"Art of War"},{"floor":10,"key":"PageOfBloodbath"},{"floor":12,"key":"Ccalipers"}],"event_choices":[{"damage_healed":0,"gold_gain":0,"player_choice":"2 cards matched","damage_taken":0,"max_hp_gain":0,"max_hp_loss":0,"event_name":"Match and Keep!","floor":2,"gold_loss":0,"cards_obtained":["Reload","FlamingDragonFist"]}],"is_beta":false,"boss_relics":[],"items_purged_floors":[4,4,4,4,4,4,4,4],"is_endless":false,"potions_floor_spawned":[5,8,10,12],"killed_by":"Fading Forest","ascension_level":20}}