{"host":"lvglfvqy3xrupc2a","time":1611526584,"event":{"mods":["Act Like it!","Aspiration","BaseMod","Better Altar","Better Match","Better Note","Better Sensory Stone","Better Skull","Better Third Choice","BetterRewards","Conspire","Dark Map","Friendly Minions","Gensokyo","Grow up Mod","GungeonMod","Hallownest","Hubris","HumanHunterMod(????mod)","Humility","Infinite Spire","Ironclad Rager","Lobotomy","LobotomyExtend","Mimic Mod","Minty Spire (QoL Compilation)","MostiFishMod","Remove Card Discount Mod","Replay The Spire","Reworked Bosses","Spicy Shops","StSLib","The Blue Laboratory","Uncapped","[IsaacMod]????","vexMod"],"gold_per_floor":[113,113,126,126,69,32,44,75,75,102,118,65,65,75,75,153,153,172,172,172,182,182,216,216,241,277,277,309,344,344,149,149,223,223,236,236,247,266,284,284,312,360,384,410,410,441,458,486,486,486],"floor_reached":51,"language":"ENG","playtime":2927,"items_purged":["Overencumbered","Normality","Pain"],"score":1775,"play_id":"adcc0737-b073-4282-8609-b0f4aa058a7b","local_time":"20210124161624","is_ascension_mode":true,"campfire_choices":[{"data":"Armaments","floor":13.0,"key":"SMITH"},{"data":"MostiFishMod:RacingGame","floor":15.0,"key":"SMITH"},{"data":"Metallicize","floor":27,"key":"SMITH"},{"data":"Rage","floor":30,"key":"SMITH"},{"data":"MostiFishMod:RacingGame+1","floor":32,"key":"SMITH"},{"data":"MostiFishMod:RacingGame+2","floor":40,"key":"SMITH"},{"data":"MostiFishMod:RacingGame+3","floor":49,"key":"SMITH"}],"circlet_count":0,"master_deck":["LongBird","BlueStar","AscendersBane","Strike_R","Strike_R","Strike_R","Strike_R","Strike_R","Defend_R","Defend_R","Defend_R","Defend_R","Bash","ShyLook","MostiFishMod:RacingGame+4","OldLady","Thunderclap","WallGazer","Rage+1","OSAHOGD","ReplayTheSpireMod:Strike From Hell","Thunderclap","Wellcheers","Armaments+1","MHz","Metallicize+1","Clothesline","Defy Death","MostiFishMod:UltimateDefense+1","Shrug It Off","CherryBlossoms","Flame Barrier","Armaments+1","Pommel Strike+1","Twin Strike+1","Pummel+1","Headbutt+1","Twin Strike+1","Uppercut+1","UniverseFragment","Bludgeon+1","Heavy Blade+1","Iron Wave+1","ReplayTheSpireMod:LeadingStrike+1","Perfected Strike+1","Armaments+1","Hallucinations","Flex+1","Run Through+1","Replay:Undeath\u0027s Touch+1","Metallicize+1"],"relics":["Burning Blood","HushsDoor","DaveBox","CogitoBucket","RabbitCall","SynthV:TestCard","LetterFromLob","Leech","BrkXgEgg","hubris:Icosahedron","DemoMod:GnawedKey","Kunai","ReplayTheSpireMod:Ninjato","YumHeart","ImprovedEquipment","Lamp_r","Cursed Key","Molten Egg 2","hubris:TinFlute","conspire:Dentures","Blue Candle","Chameleon Ring","Blood Vial","conspire:InfiniteJournal","SoundOfStar_r","Justitia_r","hubris:ChampionShield","SentryEyes","aspiration:Lifesprig","Replay:Accelerometer","Replay:Bottled Snecko","Happy Flower"],"acts_visited":["Exordium","TheCity","TheBeyond"],"potions_floor_usage":[47],"damage_taken":[{"damage":1.0,"enemies":"Cultist","floor":1.0,"turns":3.0},{"damage":4.0,"enemies":"2 Louse","floor":3.0,"turns":3.0},{"damage":14.0,"enemies":"Gremlin Nob","floor":6.0,"turns":3.0},{"damage":19.0,"enemies":"Jaw Worm","floor":7.0,"turns":4.0},{"damage":44.0,"enemies":"Lagavulin","floor":8.0,"turns":6.0},{"damage":27.0,"enemies":"Gremlin Nob","floor":10.0,"turns":3.0},{"damage":36.0,"enemies":"Blue Slaver","floor":11.0,"turns":7.0},{"damage":13.0,"enemies":"3 Louse","floor":14.0,"turns":4.0},{"damage":56.0,"enemies":"Hexaghost","floor":16.0,"turns":6.0},{"damage":8.0,"enemies":"3 Byrds","floor":18.0,"turns":4.0},{"damage":2.0,"enemies":"Chosen","floor":21.0,"turns":2.0},{"damage":2.0,"enemies":"Nightmare","floor":23.0,"turns":3.0},{"damage":15.0,"enemies":"Gremlin Leader","floor":25.0,"turns":3.0},{"damage":2,"enemies":"Sentry and Sphere","floor":26,"turns":4},{"damage":1,"enemies":"Sentry and Sphere","floor":28,"turns":3},{"damage":20,"enemies":"Slavers","floor":29,"turns":3},{"damage":21,"enemies":"bossMod:newCollector","floor":33,"turns":4},{"damage":0,"enemies":"3 Shapes","floor":35,"turns":7},{"damage":0,"enemies":"3 Darklings","floor":37,"turns":2},{"damage":0,"enemies":"Jaw Worm Horde","floor":38,"turns":2},{"damage":15,"enemies":"Writhing Mass","floor":39,"turns":4},{"damage":0,"enemies":"R_Hoarder","floor":41,"turns":2},{"damage":2,"enemies":"2 Orb Walkers","floor":42,"turns":1},{"damage":10,"enemies":"Giant Head","floor":44,"turns":2},{"damage":2,"enemies":"Nemesis","floor":46,"turns":4},{"damage":31,"enemies":"4 Shapes","floor":47,"turns":5},{"damage":25,"enemies":"Reptomancer","floor":48,"turns":8},{"damage":114,"enemies":"FixerMidnight","floor":50,"turns":8},{"damage":9,"enemies":"Malkuth","floor":51,"turns":3},{"damage":2,"enemies":"Hod","floor":51,"turns":3},{"damage":127,"enemies":"Geburah","floor":51,"turns":6},{"damage":1,"enemies":"Binah","floor":51,"turns":4},{"damage":36,"enemies":"Angela","floor":51,"turns":4}],"seed_played":"-752484832099495859","potions_obtained":[{"floor":2.0,"key":"EntropicBrew"},{"floor":8.0,"key":"SpeedPotion"},{"floor":16.0,"key":"blueLaboratory:FrostheartPotion"},{"floor":21.0,"key":"Fire Potion"},{"floor":25.0,"key":"DemoMod:LeadSkinPotion"},{"floor":41,"key":"DemoMod:BlankPotion"},{"floor":42,"key":"BloodPotion"},{"floor":47,"key":"EssenceOfSteel"}],"is_trial":false,"path_per_floor":["M","?","M","?","$","E","M","E","T","E","M","$","R","M","R","B",null,"M","M","?","M","?","NM","?","E","MIM","R","?","E","R","$","R","B",null,"M","?","M","M","M","R","E","?","T","E","?","E","M","E","R","B",null],"character_chosen":"IRONCLAD","items_purchased":["DemoMod:GnawedKey","Clothesline","conspire:InfiniteJournal","Uppercut+1"],"campfire_rested":0,"item_purchase_floors":[5,12,31,31],"current_hp_per_floor":[93,103,115,125,135,137,137,114,124,115,107,117,127,137,147,112,222,239,275,285,295,305,315,325,328,345,355,365,366,376,386,396,396,420,435,445,455,465,467,477,495,505,515,522,532,545,535,537,547,460],"gold":486,"neow_bonus":"","is_daily":false,"chose_seed":false,"campfire_upgraded":7,"win_rate":0.0,"timestamp":1611526584,"path_taken":["M","?","M","?","$","E","M","E","T","E","M","?","R","M","R","BOSS","M","M","?","M","?","NM","?","E","MIM","R","?","E","R","?","R","BOSS","M","?","M","?","?","R","E","?","T","E","?","E","M","E","R","BOSS"],"items_purchased_type":["Relic","Card","Relic","Card"],"build_version":"2020-12-22","purchased_purges":3,"victory":true,"max_hp_per_floor":[95,105,115,125,135,145,155,165,175,185,195,205,215,225,235,245,255,265,275,285,295,305,315,325,335,345,355,365,375,385,395,405,415,425,435,445,455,465,475,485,495,505,515,525,535,545,555,565,575,585],"card_choices":[{"not_picked":["Porccubus","Bloodbath","HappyTeddy"],"picked":"Singing Bowl","floor":1.0},{"not_picked":["DespairKnight","GalaxyChild"],"picked":"ShyLook","floor":1.0},{"not_picked":["Warcry","True Grit"],"picked":"MostiFishMod:RacingGame","floor":1.0},{"not_picked":["UniverseFragment","PunishingBird"],"picked":"OldLady","floor":3.0},{"not_picked":["Second Wind","Cleave","Wild Strike","ReplayTheSpireMod:Strike From Hell"],"picked":"Thunderclap","floor":3.0},{"not_picked":["BeautyBeast","RedShoes","QueenOfHatred"],"picked":"Singing Bowl","floor":6.0},{"not_picked":["BeautyBeast","Wellcheers"],"picked":"WallGazer","floor":6.0},{"not_picked":["Shrug It Off","Heavy Blade","MostiFishMod:404NotFound+1","Havoc"],"picked":"Rage","floor":6.0},{"not_picked":["MHz","Freischutz"],"picked":"OSAHOGD","floor":7.0},{"not_picked":["Iron Wave","Dropkick","Run Through","Wild Strike"],"picked":"ReplayTheSpireMod:Strike From Hell","floor":7.0},{"not_picked":["VoidDream","SpiderBud","FairyFestival"],"picked":"Singing Bowl","floor":8.0},{"not_picked":["Perfected Strike","Seeing Red","Eclipse+1","Flex"],"picked":"Thunderclap","floor":8.0},{"not_picked":["QueenOfHatred","Funeral","Freischutz"],"picked":"Singing Bowl","floor":10.0},{"not_picked":["MeatLantern","Bloodbath"],"picked":"Wellcheers","floor":10.0},{"not_picked":["Perfected Strike","Havoc","conspire:Purge+1","True Grit"],"picked":"Armaments","floor":10.0},{"not_picked":["SpiderBud","BeautyBeast"],"picked":"MHz","floor":11.0},{"not_picked":["Bloodletting","Warcry","Clash","ReplayTheSpireMod:Limb From Limb"],"picked":"Metallicize","floor":11.0},{"not_picked":["DreamingCurrent","Porccubus","BeautyBeast"],"picked":"Singing Bowl","floor":14.0},{"not_picked":["PunishingBird","SpiderBud"],"picked":"BigBird","floor":14.0},{"not_picked":["True Grit","MostiFishMod:404NotFound+1","Massacre","Warcry"],"picked":"Defy Death","floor":14.0},{"not_picked":["Murderer","DespairKnight","BeautyBeast"],"picked":"Singing Bowl","floor":16.0},{"not_picked":["conspire:HitWhereItHurts+1","MostiFishMod:NewArrival+1","hubris:StunningStrike+1","Impervious+1"],"picked":"MostiFishMod:UltimateDefense+1","floor":16.0},{"not_picked":["BeautyBeast","UniverseFragment","BigBadWolf"],"picked":"Singing Bowl","floor":18.0},{"not_picked":["ReplayTheSpireMod:Limb From Limb","Sever Soul","Replay:Undeath\u0027s Touch","Body Slam+1"],"picked":"Shrug It Off","floor":18.0},{"not_picked":["Laetitia","MeatLantern","RedShoes"],"picked":"Singing Bowl","floor":21.0},{"not_picked":["Laetitia","FairyFestival"],"picked":"CherryBlossoms","floor":21.0},{"not_picked":["Clothesline+1","Dark Embrace","Clash+1","Shrug It Off"],"picked":"Flame Barrier","floor":21.0},{"not_picked":["VoidDream","MeatLantern","FieryBird"],"picked":"Singing Bowl","floor":23.0},{"not_picked":["Anger+1","ReplayTheSpireMod:Strike From Hell+1","Body Slam+1","Armaments+1"],"picked":"Pommel Strike+1","floor":23.0},{"not_picked":["Scorched","QueenOfHatred","Alriune"],"picked":"Singing Bowl","floor":25.0},{"not_picked":["Searing Blow+1","Warcry","ReplayTheSpireMod:Corrosion Curse","Sever Soul+1"],"picked":"Twin Strike+1","floor":25.0},{"not_picked":["SpiderBud","QueenBee","MeltingLove"],"picked":"Singing Bowl","floor":26},{"not_picked":["Burning Pact","Ghostly Armor","ReplayTheSpireMod:Muscle Training","ReplayTheSpireMod:Stacked+1"],"picked":"Pummel+1","floor":26},{"not_picked":["Bloodbath","DespairKnight"],"picked":"BlueStar","floor":28},{"not_picked":["Havoc","Wild Strike+1","Fire Breathing","Replay:Many Hands+1"],"picked":"Headbutt+1","floor":28},{"not_picked":["NothingThere","BeautyBeast","MeatLantern"],"picked":"Singing Bowl","floor":29},{"not_picked":["Massacre+1","ReplayTheSpireMod:Strike From Hell+1","Feel No Pain","Clothesline+1"],"picked":"Twin Strike+1","floor":29},{"not_picked":["Bloodbath","Rudolta","Woodsman"],"picked":"Singing Bowl","floor":33},{"not_picked":["LittlePrince","BigBadWolf"],"picked":"UniverseFragment","floor":33},{"not_picked":["Double Tap+1","MostiFishMod:PerfectStrikeMKII+1","MostiFishMod:KnuckleDown+1","MostiFishMod:ChineseTea+1"],"picked":"Bludgeon+1","floor":33},{"not_picked":["MeatLantern","Scarecrow","BeautyBeast"],"picked":"Singing Bowl","floor":35},{"not_picked":["MostiFishMod:CullingBlade+1","Havoc","Clash+1","Wild Strike+1"],"picked":"Dropkick+1","floor":35},{"not_picked":["QueenBee","LaLuna","GreedKing"],"picked":"Singing Bowl","floor":37},{"not_picked":["Wild Strike+1","Anger+1","Sentinel+1","Replay:Undeath\u0027s Touch+1"],"picked":"Heavy Blade+1","floor":37},{"not_picked":["Scorched","BigBadWolf"],"picked":"LongBird","floor":38},{"not_picked":["Havoc","MostiFishMod:#F4004+1","ReplayTheSpireMod:Limb From Limb+1","Clothesline+1"],"picked":"Iron Wave+1","floor":38},{"not_picked":["Rudolta","Yin","BlackSwan"],"picked":"Singing Bowl","floor":39},{"not_picked":["Flex","Iron Wave+1","Warcry+1","Shockwave+1"],"picked":"ReplayTheSpireMod:LeadingStrike+1","floor":39},{"not_picked":["HeroicMonk","RedShoes","SnowQueen"],"picked":"Singing Bowl","floor":41},{"not_picked":["Twin Strike+1","ReplayTheSpireMod:LeadingStrike+1","ReplayTheSpireMod:Strike From Hell+1","Dual Wield"],"picked":"Perfected Strike+1","floor":41},{"not_picked":["BlackArmy","Woodsman","Murderer"],"picked":"Singing Bowl","floor":42},{"not_picked":["Carnage+1","Flex","Pommel Strike+1","Shrug It Off"],"picked":"Armaments+1","floor":42},{"not_picked":["NakedNest","GreedKing","BlackSwan"],"picked":"Singing Bowl","floor":44},{"not_picked":["Sentinel","Perfected Strike+1","DemoMod:WhiteBlade+1","Carnage+1"],"picked":"Flex+1","floor":44},{"not_picked":["LittleHelper","NakedNest","WhiteNight"],"picked":"Singing Bowl","floor":46},{"not_picked":["Searing Blow+1","Shrug It Off","Heavy Blade+1","hubris:SharpeningStone"],"picked":"Run Through+1","floor":46},{"not_picked":["WhiteNight","FieryBird","GreedKing"],"picked":"Singing Bowl","floor":47},{"not_picked":["Bludgeon+1","Clash+1","ReplayReversal","Uppercut+1"],"picked":"Replay:Undeath\u0027s Touch+1","floor":47},{"not_picked":["LaLuna","GalaxyChild","Rudolta"],"picked":"Singing Bowl","floor":48},{"not_picked":["DemoMod:BlackBlade+1","Perfected Strike+1","ReplayTheSpireMod:Muscle Training+1","Run Through+1"],"picked":"Metallicize+1","floor":48}],"player_experience":1055040,"relics_obtained":[{"floor":1.0,"key":"SynthV:TestCard"},{"floor":1.0,"key":"LetterFromLob"},{"floor":6.0,"key":"Kunai"},{"floor":8.0,"key":"ReplayTheSpireMod:Ninjato"},{"floor":9.0,"key":"YumHeart"},{"floor":10.0,"key":"ImprovedEquipment"},{"floor":23.0,"key":"hubris:TinFlute"},{"floor":25.0,"key":"conspire:Dentures"},{"floor":26,"key":"Blue Candle"},{"floor":28,"key":"Chameleon Ring"},{"floor":29,"key":"Blood Vial"},{"floor":41,"key":"hubris:ChampionShield"},{"floor":42,"key":"SentryEyes"},{"floor":43,"key":"aspiration:Lifesprig"},{"floor":44,"key":"Replay:Accelerometer"},{"floor":46,"key":"Replay:Bottled Snecko"},{"floor":48,"key":"Happy Flower"}],"event_choices":[{"damage_healed":0.0,"max_hp_gain":0.0,"max_hp_loss":0.0,"gold_gain":0.0,"event_name":"WeMeetAgain","player_choice":"Gave Potion","floor":20.0,"gold_loss":0.0,"damage_taken":0.0,"relics_obtained":["Molten Egg 2"]},{"cards_removed":["MostiFishMod:RacingGame"],"damage_healed":0.0,"max_hp_gain":0.0,"max_hp_loss":0.0,"gold_gain":0.0,"event_name":"betterNote:BetterNote","player_choice":"Take \u0026 Give","floor":22.0,"gold_loss":0.0,"damage_taken":0.0,"cards_obtained":["Armaments"]},{"cards_removed":["Dropkick"],"damage_healed":0,"gold_gain":0,"player_choice":"Removed Attack","damage_taken":0,"max_hp_gain":0,"max_hp_loss":0,"event_name":"Falling","floor":36,"gold_loss":0},{"damage_healed":0,"gold_gain":0,"player_choice":"Fight","damage_taken":0,"max_hp_gain":0,"max_hp_loss":0,"event_name":"Mysterious Sphere","floor":42,"gold_loss":0}],"is_beta":false,"boss_relics":[{"not_picked":["GreenFoldingFan","ReplayTheSpireMod:DimensionalGlitch"],"picked":"Cursed Key"},{"not_picked":[]},{"not_picked":["MostiFishMod:Hod","conspire:SeveredTorchhead","Runic Cube"]}],"items_purged_floors":[31,31,31],"is_endless":false,"potions_floor_spawned":[8,10,11,14,16,21,23,25,39,41,42,44,47],"ascension_level":15}}