{"host":"vahfsrte3c21740v","time":1611457957,"event":{"mods":["AchievementEnabler","BaseMod","Colored Map","Colored Powertips","Downfall","Highlight Path","Mimic Mod","Minty Spire (QoL Compilation)","Quick Restart","Rare Cards Sparkle","StSLib","everything is the same but u backflip on backflip"],"gold_per_floor":[99,99,30,30,30,56,56,67,67,77,103,117,17,33,43,142,142,142,156,156,27,27,27,82,82,82,19,34,68,78,98,117,221,221,21,158,178,198,216,91,91,105,57,75,85,97,97,123,138,138,138,138,138,138],"floor_reached":52,"language":"ENG","playtime":4047,"items_purged":["downfall:Malfunctioning","Slimebound:Strike_Slimebound+1","Slimebound:Defend_Slimebound+1"],"score":716,"play_id":"076e2020-c9ef-4ee9-85ac-56bbefb09f28","local_time":"20210124031237","is_ascension_mode":false,"campfire_choices":[{"data":"Slimebound:Split","floor":1.0,"key":"SMITH"},{"data":"Slimebound:LevelUp","floor":9.0,"key":"SMITH"},{"data":"Slimebound:SlimeSlap","floor":13.0,"key":"SMITH"},{"floor":18.0,"key":"RECALL"},{"data":"Slimebound:LeechEnergy","floor":23.0,"key":"SMITH"},{"data":"Slimebound:Schlurp","floor":25.0,"key":"SMITH"},{"data":"Slimebound:FormOfPuddle","floor":35.0,"key":"SMITH"},{"data":"Slimebound:RainOfGoop","floor":47.0,"key":"SMITH"}],"circlet_count":0,"master_deck":["Slimebound:Strike_Slimebound","Slimebound:Strike_Slimebound","Slimebound:Tackle+1","Slimebound:Defend_Slimebound","Slimebound:Defend_Slimebound+1","Slimebound:Defend_Slimebound","Slimebound:Split+1","Slimebound:CorrosiveSpit","Slimebound:LevelUp+1","Slimebound:MegaLick+1","Slimebound:Dissolve+1","Slimebound:Schlurp+1","Slimebound:SplitAcid","Slimebound:PressTheAttack","Slimebound:SlimeSlap+1","Slimebound:LeechEnergy+1","Slimebound:HauntingLick","Slimebound:RallyTheTroops","Slimebound:LeechLife+1","Slimebound:GoopSpray","Slimebound:FormOfPuddle+1","Slimebound:ViciousTackle","Slimebound:RainOfGoop+1","Slimebound:SplitMire","Slimebound:ItLooksTasty","Slimebound:ProtectTheBoss+1","Slimebound:GoopSpray","Slimebound:Equalize+1","Slimebound:LeechEnergy","Slimebound:SpikyOuterGoop+1","Slimebound:SlimeSpikes","Slimebound:GrowthPunch","Slimebound:LevelUp+1","Slimebound:SplitLeeching","Slimebound:SplitMire","Slimebound:LeechingTouch","Slimebound:ComboTackle+1","Slimebound:AcidTongue+1","Slimebound:Nibble"],"relics":["Slimebound:AbsorbEndCombat","downfall:HeartsMalice","Letter Opener","Frozen Egg 2","downfall:HeartBlessingGreen","Philosopher\u0027s Stone","downfall:RedIOU","Boot","Mummified Hand","Busted Crown","downfall:HeartBlessingRed","downfall:HeartBlessingBlue","Eternal Feather","Whetstone"],"acts_visited":["Exordium","TheCity","TheBeyond","TheEnding"],"potions_floor_usage":[52,52,52],"damage_taken":[{"damage":0.0,"enemies":"downfall:FleeingMerchant","floor":3.0,"turns":1.0},{"damage":0.0,"enemies":"Jaw Worm","floor":5.0,"turns":1.0},{"damage":0.0,"enemies":"Gremlin Nob","floor":6.0,"turns":1.0},{"damage":0.0,"enemies":"Small Slimes","floor":8.0,"turns":2.0},{"damage":0.0,"enemies":"Cultist","floor":10.0,"turns":2.0},{"damage":19.0,"enemies":"Lagavulin","floor":11.0,"turns":5.0},{"damage":0.0,"enemies":"2 Fungi Beasts","floor":12.0,"turns":3.0},{"damage":1.0,"enemies":"Lots of Slimes","floor":14.0,"turns":2.0},{"damage":6.0,"enemies":"Red Slaver","floor":15.0,"turns":2.0},{"damage":31.0,"enemies":"SI_SHIV_ARCHETYPE","floor":16.0,"turns":6.0},{"damage":0.0,"enemies":"Spheric Guardian","floor":19.0,"turns":3.0},{"damage":2.0,"enemies":"downfall:FleeingMerchant","floor":21.0,"turns":4.0},{"damage":6.0,"enemies":"downfall:FleeingMerchant","floor":27.0,"turns":4.0},{"damage":18.0,"enemies":"Snake Plant","floor":28.0,"turns":2.0},{"damage":24.0,"enemies":"Slavers","floor":29.0,"turns":5.0},{"damage":7.0,"enemies":"3 Cultists","floor":30.0,"turns":3.0},{"damage":2.0,"enemies":"Shelled Parasite and Fungi","floor":31.0,"turns":4.0},{"damage":0.0,"enemies":"Snake Plant","floor":32.0,"turns":2.0},{"damage":41.0,"enemies":"WA_ARCHETYPE_CALM","floor":33.0,"turns":9.0},{"damage":3.0,"enemies":"downfall:FleeingMerchant","floor":36.0,"turns":3.0},{"damage":3.0,"enemies":"Orb Walker","floor":37.0,"turns":3.0},{"damage":3.0,"enemies":"3 Shapes","floor":38.0,"turns":4.0},{"damage":12.0,"enemies":"3 Darklings","floor":39.0,"turns":4.0},{"damage":10.0,"enemies":"Spire Growth","floor":42.0,"turns":4.0},{"damage":14.0,"enemies":"Jaw Worm Horde","floor":44.0,"turns":4.0},{"damage":2.0,"enemies":"4 Shapes","floor":45.0,"turns":3.0},{"damage":4.0,"enemies":"Maw","floor":46.0,"turns":6.0},{"damage":8.0,"enemies":"Nemesis","floor":48.0,"turns":5.0},{"damage":16.0,"enemies":"Sphere and 2 Shapes","floor":49.0,"turns":4.0},{"damage":36.0,"enemies":"DF_ARCHETYPE_ORBS","floor":50.0,"turns":6.0},{"damage":92,"enemies":"downfall:CharBossMerchant","floor":52,"turns":5}],"seed_played":"1533896483743277517","potions_obtained":[{"floor":6.0,"key":"CultistPotion"},{"floor":10.0,"key":"sneckomod:MuddlingPotion"},{"floor":11.0,"key":"SneckoOil"},{"floor":12.0,"key":"Strength Potion"},{"floor":15.0,"key":"Block Potion"},{"floor":16.0,"key":"DistilledChaos"},{"floor":30.0,"key":"SkillPotion"},{"floor":31.0,"key":"SkillPotion"},{"floor":39.0,"key":"SpeedPotion"},{"floor":46.0,"key":"FearPotion"},{"floor":48.0,"key":"LiquidBronze"}],"is_trial":false,"path_per_floor":["R","?","$","?","M","E","T","M","R","M","E","M","R","M","M","B",null,"R","M","T","$","?","R","T","R","?","$","M","E","M","M","M","B",null,"R","$","M","M","M","$","T","M","$","M","M","M","R","E","M","B",null,"E"],"character_chosen":"SLIMEBOUND","items_purchased":["Slimebound:MegaLick","Slimebound:ViciousTackle","Slimebound:SplitMire","Slimebound:SlimeSpikes","Slimebound:GrowthPunch","Slimebound:SplitMire"],"campfire_rested":0,"item_purchase_floors":[3,21,27,36,36,43],"current_hp_per_floor":[65,65,65,65,65,65,65,65,65,65,52,56,56,63,61,34,65,65,65,65,65,65,65,65,65,57,59,45,29,26,50,54,25,65,75,74,73,75,65,65,65,75,75,67,73,75,75,69,61,45,75,0,0,0],"gold":138,"neow_bonus":"THREE_ENEMY_KILL","is_daily":false,"chose_seed":false,"campfire_upgraded":7,"win_rate":0.0,"timestamp":1611457957,"path_taken":["R","?","$","?","M","E","T","M","R","M","E","M","R","M","M","BOSS","R","M","?","$","?","R","T","R","?","$","M","E","M","?","M","BOSS","R","$","M","M","M","$","T","M","$","M","M","M","R","E","M","BOSS","E"],"items_purchased_type":["Card","Card","Card","Card","Card","Card"],"build_version":"2020-12-22","purchased_purges":3,"victory":false,"max_hp_per_floor":[65,65,65,65,65,65,65,65,65,65,65,65,65,65,65,65,65,65,65,65,65,65,65,65,65,65,65,65,65,65,65,65,65,65,75,75,75,75,75,75,75,75,75,75,75,75,75,75,75,75,75,75,75,75],"card_choices":[{"not_picked":["Slimebound:PressTheAttack","Slimebound:FlameTackle"],"picked":"Slimebound:LevelUp","floor":3.0},{"not_picked":["Slimebound:RollThrough","Slimebound:Nibble"],"picked":"Slimebound:Dissolve","floor":5.0},{"not_picked":["Slimebound:Gluttony","Slimebound:CheckThePlaybook"],"picked":"Slimebound:Schlurp","floor":6.0},{"not_picked":["Slimebound:Prepare","Slimebound:LivingWall"],"picked":"Slimebound:SplitAcid","floor":8.0},{"not_picked":["Slimebound:SplitBruiser","Slimebound:LivingWall"],"picked":"Slimebound:PressTheAttack","floor":10.0},{"not_picked":["Slimebound:SlimeSpikes","Slimebound:BestDefense+1"],"picked":"Slimebound:SlimeSlap","floor":11.0},{"not_picked":["Slimebound:ItLooksTasty","Slimebound:Schlurp"],"picked":"Slimebound:LeechEnergy","floor":12.0},{"not_picked":["Slimebound:TongueLash","Slimebound:SlimeSpikes"],"picked":"Slimebound:HauntingLick","floor":14.0},{"not_picked":["Slimebound:ItLooksTasty","Slimebound:SplitAcid"],"picked":"Slimebound:RallyTheTroops","floor":15.0},{"not_picked":["Slimebound:PrepareCrush","Slimebound:MinionMaster+1"],"picked":"Slimebound:LeechLife","floor":16.0},{"not_picked":["Slimebound:SlimeSpikes+1","Slimebound:SplitBruiser"],"picked":"Slimebound:GoopSpray","floor":19.0},{"not_picked":["Slimebound:MegaLick","Slimebound:LeechingTouch"],"picked":"Slimebound:FormOfPuddle","floor":21.0},{"not_picked":["Slimebound:MegaLick","Slimebound:SelfFormingGoo+1"],"picked":"Slimebound:RainOfGoop","floor":27.0},{"not_picked":["Slimebound:SplitLeeching+1","Slimebound:GoopTackle+1"],"picked":"Slimebound:ItLooksTasty","floor":28.0},{"not_picked":["Slimebound:TongueLash","Slimebound:FinishingTackle"],"picked":"Slimebound:ProtectTheBoss+1","floor":29.0},{"not_picked":["Slimebound:SplitMire","Slimebound:Replication"],"picked":"Slimebound:GoopSpray","floor":30.0},{"not_picked":["Slimebound:TongueLash","Slimebound:DisruptingSlam+1"],"picked":"Slimebound:Equalize","floor":31.0},{"not_picked":["Slimebound:ItLooksTasty","Slimebound:HauntingLick"],"picked":"Slimebound:LeechEnergy","floor":32.0},{"not_picked":[],"picked":"Slimebound:SpikyOuterGoop+1","floor":36.0},{"not_picked":[],"picked":"Slimebound:LevelUp+1","floor":37.0},{"not_picked":[],"picked":"Slimebound:SplitLeeching","floor":38.0},{"not_picked":["Slimebound:GoopTackle"],"picked":"SKIP","floor":39.0},{"not_picked":["Slimebound:ForwardTackle"],"picked":"SKIP","floor":42.0},{"not_picked":[],"picked":"Slimebound:LeechingTouch","floor":44.0},{"not_picked":[],"picked":"Slimebound:ComboTackle+1","floor":45.0},{"not_picked":["Slimebound:LeechEnergy+1"],"picked":"SKIP","floor":46.0},{"not_picked":[],"picked":"Slimebound:AcidTongue+1","floor":48.0},{"not_picked":[],"picked":"Slimebound:Nibble","floor":49.0}],"player_experience":104327,"relics_obtained":[{"floor":6.0,"key":"Bag of Marbles"},{"floor":7.0,"key":"Letter Opener"},{"floor":11.0,"key":"Frozen Egg 2"},{"floor":24.0,"key":"Boot"},{"floor":29.0,"key":"Mummified Hand"},{"floor":41.0,"key":"Eternal Feather"},{"floor":48.0,"key":"Whetstone"}],"event_choices":[],"is_beta":false,"boss_relics":[{"not_picked":["Astrolabe","SacredBark"],"picked":"Philosopher\u0027s Stone"},{"not_picked":["Empty Cage","Black Star"],"picked":"Busted Crown"}],"items_purged_floors":[21,36,40],"is_endless":false,"potions_floor_spawned":[6,10,11,12,15,16,19,28,30,31,39,44,46,48,49],"killed_by":"downfall:CharBossMerchant","ascension_level":0}}