{"host":"70zhvo5nwrhp1mbg","time":1611466894,"event":{"mods":["BaseMod","Colored Map","Colored Powertips","Filter the Spire","Highlight Path","Minty Spire (QoL Compilation)","Rare Cards Sparkle","StSLib"],"gold_per_floor":[117,117,133,133,147,247,261,261,309,335,346,3,36,56,56,152,152,168,180,196,196,211,211,242,242,242,242,341,351,6,6,6,6,6],"floor_reached":33,"language":"ENG","playtime":3376,"items_purged":[],"score":374,"play_id":"4a0a8f13-edaa-4e1d-bf30-e47d8d2264bb","local_time":"20210124004134","is_ascension_mode":true,"campfire_choices":[{"floor":8.0,"key":"REST"},{"floor":15.0,"key":"REST"},{"floor":23,"key":"REST"},{"data":"Demon Form","floor":25,"key":"SMITH"},{"data":"Cleave","floor":27,"key":"SMITH"},{"floor":32,"key":"REST"}],"circlet_count":0,"master_deck":["Strike_R","Strike_R","Strike_R","Strike_R","Strike_R","Defend_R","Defend_R","Defend_R","Defend_R","Bash","Pommel Strike","Flame Barrier","Shrug It Off","Clothesline","Carnage","Perfected Strike","Cleave","Reckless Charge","Flex","Demon Form+1","Cleave+1","Flame Barrier","Spot Weakness","Blood for Blood+1","Ghostly Armor","Anger+1"],"relics":["Burning Blood","CaptainsWheel","Anchor","Potion Belt","Paper Frog","Oddly Smooth Stone","Sling","Meat on the Bone","SlaversCollar","Red Skull","Pear","WingedGreaves","Darkstone Periapt"],"acts_visited":["Exordium","TheCity"],"potions_floor_usage":[16,16,16,16,18,22,22,24,29,29,29,33,33,33,33,33],"damage_taken":[{"damage":2.0,"enemies":"Jaw Worm","floor":1.0,"turns":4.0},{"damage":2.0,"enemies":"2 Louse","floor":3.0,"turns":3.0},{"damage":1.0,"enemies":"Cultist","floor":5.0,"turns":4.0},{"damage":8.0,"enemies":"Blue Slaver","floor":7.0,"turns":6.0},{"damage":48.0,"enemies":"Gremlin Nob","floor":10.0,"turns":6.0},{"damage":0.0,"enemies":"Exordium Wildlife","floor":11.0,"turns":4.0},{"damage":15.0,"enemies":"3 Sentries","floor":13.0,"turns":7.0},{"damage":3.0,"enemies":"Exordium Thugs","floor":14.0,"turns":6.0},{"damage":13,"enemies":"Slime Boss","floor":16,"turns":9},{"damage":8,"enemies":"Chosen","floor":18,"turns":6},{"damage":20,"enemies":"Spheric Guardian","floor":19,"turns":6},{"damage":20,"enemies":"Snake Plant","floor":20,"turns":5},{"damage":8,"enemies":"Snecko","floor":22,"turns":5},{"damage":20,"enemies":"Slavers","floor":24,"turns":4},{"damage":48,"enemies":"Shelled Parasite and Fungi","floor":29,"turns":8},{"damage":83,"enemies":"Champ","floor":33,"turns":12}],"seed_played":"1922642208868257954","potions_obtained":[{"floor":5.0,"key":"Strength Potion"},{"floor":7.0,"key":"SkillPotion"},{"floor":14.0,"key":"EntropicBrew"},{"floor":16,"key":"GamblersBrew"},{"floor":18,"key":"Swift Potion"},{"floor":22,"key":"Fire Potion"},{"floor":24,"key":"FearPotion"},{"floor":29,"key":"DuplicationPotion"}],"is_trial":false,"path_per_floor":["M","?","M","?","M","?","M","R","T","E","M","$","E","M","R","B",null,"M","M","M","?","M","R","E","R","T","R","?","M","$","T","R","B"],"character_chosen":"IRONCLAD","items_purchased":["Oddly Smooth Stone","Sling","Cleave","WingedGreaves","Strength Potion"],"campfire_rested":4,"item_purchase_floors":[12,12,12,30,30],"current_hp_per_floor":[55,55,59,52,57,57,55,79,79,37,43,43,34,49,73,66,77,75,61,47,47,57,80,66,66,76,76,76,46,46,46,73,0,0],"gold":6,"neow_bonus":"ONE_RARE_RELIC","is_daily":false,"chose_seed":false,"campfire_upgraded":2,"win_rate":0.0,"timestamp":1611466894,"path_taken":["M","?","M","?","M","?","M","R","T","E","M","$","E","M","R","BOSS","M","M","M","?","M","R","E","R","T","R","?","M","$","?","R","BOSS"],"items_purchased_type":["Relic","Relic","Card","Relic","Potion"],"build_version":"2020-12-22","purchased_purges":0,"victory":false,"max_hp_per_floor":[80,80,80,80,80,80,80,80,80,80,80,80,80,80,80,80,80,80,80,80,80,80,80,80,80,90,90,90,90,90,90,90,90,90],"card_choices":[{"not_picked":["Sword Boomerang","Dark Embrace"],"picked":"Pommel Strike","floor":1.0},{"not_picked":["Battle Trance","Heavy Blade"],"picked":"Flame Barrier","floor":3.0},{"not_picked":["True Grit","Twin Strike"],"picked":"Shrug It Off","floor":5.0},{"not_picked":["True Grit","Armaments"],"picked":"Clothesline","floor":7.0},{"not_picked":["Pommel Strike","Armaments"],"picked":"Carnage","floor":10.0},{"not_picked":["Intimidate","Dual Wield"],"picked":"Perfected Strike","floor":11.0},{"not_picked":["Rupture","Wild Strike"],"picked":"Reckless Charge","floor":13.0},{"not_picked":["Seeing Red","Evolve"],"picked":"Flex","floor":14.0},{"not_picked":["Feed","Bludgeon"],"picked":"Demon Form","floor":16},{"not_picked":["Headbutt","Armaments"],"picked":"Cleave","floor":18},{"not_picked":["Sentinel","Fire Breathing"],"picked":"Flame Barrier","floor":19},{"not_picked":["True Grit+1","Perfected Strike"],"picked":"Spot Weakness","floor":20},{"not_picked":["Fire Breathing","Pummel+1"],"picked":"Blood for Blood+1","floor":22},{"not_picked":["Shrug It Off","Wild Strike+1"],"picked":"Ghostly Armor","floor":24},{"not_picked":["Sentinel+1","Armaments"],"picked":"Anger+1","floor":29}],"player_experience":453146,"relics_obtained":[{"floor":9.0,"key":"Potion Belt"},{"floor":10.0,"key":"Paper Frog"},{"floor":13.0,"key":"Meat on the Bone"},{"floor":24,"key":"Red Skull"},{"floor":26,"key":"Pear"},{"floor":31,"key":"Darkstone Periapt"}],"event_choices":[{"damage_healed":0.0,"max_hp_gain":0.0,"max_hp_loss":0.0,"gold_gain":0.0,"event_name":"Golden Wing","player_choice":"Ignored","floor":2.0,"gold_loss":0.0,"damage_taken":0.0},{"damage_healed":0.0,"max_hp_gain":0.0,"max_hp_loss":0.0,"gold_gain":0.0,"event_name":"Scrap Ooze","player_choice":"Success","floor":4.0,"gold_loss":0.0,"damage_taken":7.0,"relics_obtained":["Anchor"]},{"damage_healed":0.0,"max_hp_gain":0.0,"max_hp_loss":0.0,"gold_gain":100.0,"event_name":"Golden Shrine","player_choice":"Pray","floor":6.0,"gold_loss":0.0,"damage_taken":0.0},{"damage_healed":0,"gold_gain":0,"player_choice":"Ignored","damage_taken":0,"max_hp_gain":0,"max_hp_loss":0,"event_name":"Beggar","floor":21,"gold_loss":0},{"damage_healed":0,"gold_gain":99,"player_choice":"Stole From Cult","damage_taken":0,"max_hp_gain":0,"max_hp_loss":0,"event_name":"Nest","floor":28,"gold_loss":0}],"is_beta":false,"boss_relics":[{"not_picked":["Ectoplasm","Fusion Hammer"],"picked":"SlaversCollar"}],"items_purged_floors":[],"is_endless":false,"potions_floor_spawned":[5,7,14,16,18,22,24,29],"killed_by":"Champ","ascension_level":7}}