{"host":"yaxsefyig1et0yi2","time":1611514226,"event":{"mods":["Aspiration","BaseMod","BetterRewards","Colored Powertips","Conspire","Displayed Cursed Tome","Downfall","Halation","Hubris","Infinite Spire","JesterMod","Minty Spire (QoL Compilation)","Quick Restart","RatMod","Replay The Spire","Reworked Bosses","Spikes Relics","StSLib","The Jungle"],"gold_per_floor":[0,17,467,482,493,493,493,493],"floor_reached":6,"language":"ENG","playtime":323,"items_purged":[],"score":36,"play_id":"d8ffe3ee-afa6-417b-9223-f056ebdc12d7","local_time":"20210124135026","is_ascension_mode":false,"campfire_choices":[{"data":"bronze:Verify","floor":1.0,"key":"SMITH"}],"circlet_count":0,"master_deck":["bronze:Strike","bronze:Strike","bronze:Strike","bronze:Strike","bronze:Defend","bronze:Defend","bronze:Defend","bronze:Defend","bronze:Replicate","bronze:Goto","bronze:Verify+1","bronze:FineTuning","downfall:Icky","downfall:Icky","downfall:Icky","bronze:DelayedSlice","bronze:GetLatest"],"relics":["bronze:BronzeCore"],"acts_visited":["Exordium"],"potions_floor_usage":[],"damage_taken":[{"damage":17.0,"enemies":"Jaw Worm","floor":2.0,"turns":6.0},{"damage":8.0,"enemies":"2 Louse","floor":4.0,"turns":4.0},{"damage":12.0,"enemies":"Small Slimes","floor":5.0,"turns":4.0},{"damage":25,"enemies":"Gremlin Nob","floor":6,"turns":4}],"seed_played":"4907330653552834129","potions_obtained":[{"floor":5.0,"key":"hexamod:SoulburnPotion"}],"is_trial":false,"path_per_floor":["R","M","?","M","M","E"],"character_chosen":"THE_AUTOMATON","items_purchased":[],"campfire_rested":0,"item_purchase_floors":[],"current_hp_per_floor":[70,53,53,45,33,8,8,8],"gold":493,"neow_bonus":"THREE_RARE_CARDS","is_daily":false,"chose_seed":false,"campfire_upgraded":1,"win_rate":0.0,"timestamp":1611514226,"path_taken":["R","M","?","M","M","E"],"items_purchased_type":[],"build_version":"2020-12-22","purchased_purges":0,"victory":false,"max_hp_per_floor":[70,70,70,70,70,70,70,70],"card_choices":[{"not_picked":["bronze:RecursiveStrike","bronze:Assembly"],"picked":"bronze:Verify","floor":0.0},{"not_picked":["bronze:ChosenStrike","bronze:Iterate"],"picked":"bronze:FineTuning","floor":2.0},{"not_picked":["bronze:ChildClass","bronze:Philosophize"],"picked":"bronze:DelayedSlice","floor":4.0},{"not_picked":["bronze:BronzeOrb","bronze:Fortify"],"picked":"bronze:GetLatest","floor":5.0}],"player_experience":257856,"relics_obtained":[],"event_choices":[],"is_beta":false,"boss_relics":[],"items_purged_floors":[],"is_endless":false,"potions_floor_spawned":[5],"killed_by":"Gremlin Nob","ascension_level":0}}