{"host":"Naix","time":1611496491,"event":{"mods":["Act Like it!","Aspiration","BaseMod","Energized Spire","Friendly Minions","Gensokyo","HornydragonMod","Kiyohime£®«Âºß£©","Koishi","Minty Spire (QoL Compilation)","Prisma Mod","Reimu£®≤©¿ˆ¡È√Œ£©","Replay The Spire","StSLib","The Alterego","The Jungle","Waifu the Spire","Wide Potions","Yakumo Yukari mod","Youmu£®ªÍ∆«—˝√Œ£©","°æ“≈ŒÔø®≈∆°øREMEMod"],"gold_per_floor":[119,133,133,150,166,201,201,201,224,257,257,286,286,304,304,404,404,414,428,447,447,460,487,487,487,563,591,591,641,657,688,700,813,825,855,867,893,920,1024,1036,1074,1098,1110,1122,1122],"floor_reached":44,"language":"ZHS","playtime":4120,"items_purged":[],"score":843,"play_id":"df106d5b-3254-494a-bfc1-806d4d91c446","local_time":"20210124215451","is_ascension_mode":false,"campfire_choices":[{"data":"alterego_mod:BiFurious","floor":7.0,"key":"SMITH"},{"data":"alterego_mod:Mirror","floor":15.0,"key":"SMITH"},{"data":"alterego_mod:Rip","floor":24,"key":"SMITH"},{"data":"alterego_mod:RidiculouslyBig","floor":28,"key":"SMITH"},{"data":"alterego_mod:TrashNCrash","floor":32,"key":"SMITH"},{"data":"alterego_mod:1TonWallop","floor":40,"key":"SMITH"}],"circlet_count":0,"master_deck":["alterego_mod:Strike","alterego_mod:Strike","alterego_mod:Strike","alterego_mod:Strike","alterego_mod:Defend","alterego_mod:Defend","alterego_mod:Defend","alterego_mod:Defend","alterego_mod:Impale+1","alterego_mod:BigMeatyClaws+1","alterego_mod:BrynhildrsRune","PrismaMod:IllyaInstallShielder","alterego_mod:BiFurious+1","alterego_mod:Mirror","alterego_mod:ChallengeComplete","alterego_mod:SakuraFive","alterego_mod:Cushion","alterego_mod:Maid","alterego_mod:Bounce","alterego_mod:HighServant","alterego_mod:Bloomers","alterego_mod:Mirror+1","alterego_mod:IndependentAction","Pot Of Greed","Pot Of Greed","alterego_mod:RidiculouslyBig+1","Pot Of Greed","alterego_mod:Rake","alterego_mod:Rip+1","alterego_mod:MaintainEyeContact","alterego_mod:IdEs","alterego_mod:TrashNCrash+1","alterego_mod:Weigh","alterego_mod:Birthday+1","alterego_mod:1TonWallop+1","alterego_mod:Belts+1","alterego_mod:Venus","Pot Of Greed"],"relics":["alterego_mod:MasochisticConstitution","REME_ComplimentaryCards","Simple Rune","Blood Vial","Grinning Jar","aspiration:ChemicalBlood","Replay:Bronze Core","Divine Protection","Tea:ReiMu","Blue Candle","Boot","MawBank","ChewingGum","Regal Pillow","Pen Nib","Replay:Baseball"],"acts_visited":["Exordium","Exordium","TheBeyond"],"potions_floor_usage":[20,20,23,23,31,33,37,42,44,44,44],"damage_taken":[{"damage":11.0,"enemies":"2 Louse","floor":1.0,"turns":3.0},{"damage":0.0,"enemies":"Cultist","floor":2.0,"turns":4.0},{"damage":2.0,"enemies":"Small Slimes","floor":4.0,"turns":3.0},{"damage":7.0,"enemies":"3 Louse","floor":5.0,"turns":4.0},{"damage":2.0,"enemies":"Lagavulin","floor":6.0,"turns":6.0},{"damage":15.0,"enemies":"3 Sentries","floor":10.0,"turns":7.0},{"damage":2.0,"enemies":"Lagavulin","floor":12.0,"turns":6.0},{"damage":27.0,"enemies":"Gremlin Gang","floor":14.0,"turns":6.0},{"damage":0.0,"enemies":"Fading Forest","floor":16.0,"turns":11.0},{"damage":13.0,"enemies":"Shell Parasite","floor":18.0,"turns":3.0},{"damage":2.0,"enemies":"theJungle:Flameango_and_Byrd","floor":19.0,"turns":4.0},{"damage":25,"enemies":"theJungle:2_Snecko_Cultists","floor":20,"turns":5},{"damage":19,"enemies":"theJungle:SlimyTreeVines","floor":22,"turns":4},{"damage":11,"enemies":"theJungle:2_Phrogs","floor":23,"turns":6},{"damage":4,"enemies":"theJungle:MamaSnecko","floor":27,"turns":7},{"damage":8,"enemies":"theJungle:2_Flameangoes","floor":30,"turns":5},{"damage":0,"enemies":"theJungle:2_Phrogs","floor":31,"turns":6},{"damage":0,"enemies":"theJungle:FunGuy","floor":33,"turns":9},{"damage":2,"enemies":"Orb Walker","floor":35,"turns":2},{"damage":19,"enemies":"3 Darklings","floor":37,"turns":4},{"damage":0,"enemies":"Spire Growth","floor":38,"turns":3},{"damage":0,"enemies":"Nemesis","floor":41,"turns":6},{"damage":10,"enemies":"Jaw Worm Horde","floor":42,"turns":3},{"damage":91,"enemies":"Reptomancer","floor":44,"turns":4}],"seed_played":"-6522546539032864923","potions_obtained":[{"floor":1.0,"key":"ColorlessPotion"},{"floor":4.0,"key":"Milkshake"},{"floor":10.0,"key":"REME_GoldPotion"},{"floor":12.0,"key":"Languid Potion"},{"floor":14.0,"key":"SkillPotion"},{"floor":19.0,"key":"ZuzhouPotion:ReiMu"},{"floor":20,"key":"REME_GoldPotion"},{"floor":31,"key":"Swift Potion"},{"floor":35,"key":"BlessingOfTheForge"},{"floor":38,"key":"Weak Potion"}],"is_trial":false,"path_per_floor":["M","M","?","M","M","E","R","?","T","E","?","E","?","M","R","B",null,"M","M","M","?","M","E","R","T","T","E","R","?","M","E","R","B",null,"M","?","M","M","?","R","E","M","T","E"],"character_chosen":"The_Alterego","items_purchased":[],"campfire_rested":0,"item_purchase_floors":[],"current_hp_per_floor":[65,70,63,67,66,70,70,70,70,63,63,69,69,50,50,77,77,65,71,56,56,45,37,37,37,37,62,62,51,46,53,53,60,84,83,83,72,77,77,77,86,77,77,0,0],"gold":1122,"neow_bonus":"UPGRADE_CARD","is_daily":false,"chose_seed":false,"campfire_upgraded":6,"win_rate":0.0,"timestamp":1611496491,"path_taken":["M","M","?","M","?","E","R","?","T","E","?","E","?","?","R","BOSS","M","?","?","?","M","E","R","?","T","E","R","?","?","E","R","BOSS","M","?","?","M","?","R","E","M","T","E"],"items_purchased_type":[],"build_version":"2020-12-18","purchased_purges":0,"victory":false,"max_hp_per_floor":[71,71,71,72,73,74,74,74,74,75,75,76,76,77,77,77,77,78,79,80,80,81,82,82,82,82,83,83,83,84,84,84,84,84,85,85,86,86,86,86,86,87,87,87,87],"card_choices":[{"not_picked":["alterego_mod:Exercise","alterego_mod:Bloomers"],"picked":"alterego_mod:BiFurious","floor":1.0},{"not_picked":["alterego_mod:Jiggle","alterego_mod:DiscoLights"],"picked":"alterego_mod:Mirror","floor":2.0},{"not_picked":["alterego_mod:Skirt","alterego_mod:MagicResistance"],"picked":"alterego_mod:ChallengeComplete","floor":4.0},{"not_picked":["alterego_mod:Bounce","alterego_mod:BiFurious"],"picked":"alterego_mod:SakuraFive","floor":5.0},{"not_picked":["alterego_mod:Schoolgirl","alterego_mod:IndependentAction"],"picked":"alterego_mod:Cushion","floor":6.0},{"not_picked":["alterego_mod:Jiggle","alterego_mod:RingBreak"],"picked":"alterego_mod:IndependentAction","floor":10.0},{"not_picked":["alterego_mod:BustOut","alterego_mod:Mirror","alterego_mod:Maid"],"picked":"SKIP","floor":12.0},{"not_picked":["alterego_mod:Valentines","alterego_mod:HighServant"],"picked":"alterego_mod:RidiculouslyBig","floor":14.0},{"not_picked":["alterego_mod:VirginLaserPalladion","alterego_mod:PainIsPleasure"],"picked":"alterego_mod:Rake","floor":16.0},{"not_picked":["alterego_mod:HighServant","alterego_mod:Maid"],"picked":"alterego_mod:Complex","floor":18.0},{"not_picked":["alterego_mod:1TonWallop","alterego_mod:Complex"],"picked":"alterego_mod:Rip","floor":19.0},{"not_picked":["alterego_mod:Belle","alterego_mod:Stockings"],"picked":"alterego_mod:MaintainEyeContact","floor":20},{"not_picked":["alterego_mod:Skirt","alterego_mod:MagicResistance","alterego_mod:Maid"],"picked":"SKIP","floor":22},{"not_picked":["alterego_mod:PerceptionDisorder","alterego_mod:Bunnysuit","alterego_mod:HighServant"],"picked":"SKIP","floor":23},{"not_picked":["alterego_mod:HighServant","alterego_mod:Nekomimi"],"picked":"alterego_mod:IdEs","floor":27},{"not_picked":["alterego_mod:GoddessCore","alterego_mod:BiFurious+1","alterego_mod:RidiculouslyBig"],"picked":"SKIP","floor":30},{"not_picked":["alterego_mod:RidiculouslyBig","alterego_mod:Santa"],"picked":"alterego_mod:TrashNCrash","floor":31},{"not_picked":["alterego_mod:Rake","alterego_mod:Lift"],"picked":"alterego_mod:Weigh","floor":33},{"not_picked":["alterego_mod:TrashNCrash+1","alterego_mod:Jiggle+1"],"picked":"alterego_mod:DustData+1","floor":35},{"not_picked":["alterego_mod:GoddessCore+1","alterego_mod:Pet"],"picked":"alterego_mod:Birthday+1","floor":37},{"not_picked":["alterego_mod:PresenceConcealment+1","alterego_mod:TrashNCrash+1","alterego_mod:BiFurious+1"],"picked":"SKIP","floor":38},{"not_picked":["alterego_mod:MagicResistance+1","alterego_mod:Weigh"],"picked":"alterego_mod:1TonWallop","floor":39},{"not_picked":["alterego_mod:TrashNCrash+1","alterego_mod:IndependentAction+1"],"picked":"alterego_mod:Belts+1","floor":39},{"not_picked":["alterego_mod:Bloomers+1","alterego_mod:Punishment+1"],"picked":"alterego_mod:Venus","floor":41},{"not_picked":["alterego_mod:Punishment+1","alterego_mod:Birthday+1","alterego_mod:Table+1"],"picked":"SKIP","floor":42}],"player_experience":708322,"relics_obtained":[{"floor":6.0,"key":"Simple Rune"},{"floor":9.0,"key":"Blood Vial"},{"floor":10.0,"key":"Grinning Jar"},{"floor":12.0,"key":"aspiration:ChemicalBlood"},{"floor":23,"key":"Divine Protection"},{"floor":25,"key":"Tea:ReiMu"},{"floor":26,"key":"Blue Candle"},{"floor":27,"key":"Boot"},{"floor":31,"key":"MawBank"},{"floor":41,"key":"Pen Nib"},{"floor":43,"key":"Replay:Baseball"}],"event_choices":[{"damage_healed":0.0,"max_hp_gain":0.0,"max_hp_loss":0.0,"gold_gain":0.0,"event_name":"Wheel of Change","player_choice":"Damaged","floor":3.0,"gold_loss":0.0,"damage_taken":7.0},{"damage_healed":0.0,"max_hp_gain":0.0,"max_hp_loss":0.0,"gold_gain":0.0,"event_name":"Match and Keep!","player_choice":"0 cards matched","floor":13.0,"gold_loss":0.0,"damage_taken":0.0,"cards_obtained":[]},{"cards_removed":["alterego_mod:Complex"],"damage_healed":0,"gold_gain":0,"player_choice":"Gave Card","damage_taken":0,"relics_obtained":["Regal Pillow"],"max_hp_gain":0,"max_hp_loss":0,"event_name":"WeMeetAgain","floor":36,"gold_loss":0}],"is_beta":true,"boss_relics":[{"not_picked":["Replay:Drink Me","Runic Dome"],"picked":"Replay:Bronze Core"},{"not_picked":["aspiration:FutureDiary","aspiration:RunicSpoon"],"picked":"ChewingGum"}],"items_purged_floors":[],"is_endless":false,"potions_floor_spawned":[1,4,10,12,14,19,20,31,35,38],"killed_by":"Reptomancer","ascension_level":0}}