{"host":"3jjxuhjpio8e4zkv","time":1611452669,"event":{"mods":["BaseMod","Colored Map","Highlight Path","Minty Spire (QoL Compilation)","Permanent Neow","Relic Stats","StSLib"],"gold_per_floor":[135,167,219,253,72,146,146,214,265,321,356,424,500,512,512,588,588,626,666,97,162,203,278,278,338,365,405,405,449,144,194,194,296,296,360,396,413,24,24,83,83,83,83,122,48,115,115,157,157,157,157,157],"floor_reached":51,"language":"ENG","playtime":2644,"items_purged":["Strike_G","Strike_G","Strike_G","Strike_G"],"score":1465,"play_id":"cdb902e3-fb62-482f-9c55-53f071b8f196","local_time":"20210123204429","is_ascension_mode":true,"campfire_choices":[{"data":"HandOfGreed","floor":7,"key":"SMITH"},{"data":"Noxious Fumes","floor":15,"key":"SMITH"},{"floor":28,"key":"REST"},{"floor":32,"key":"REST"},{"floor":41,"key":"RECALL"},{"floor":47,"key":"REST"},{"floor":49,"key":"REST"}],"circlet_count":0,"master_deck":["AscendersBane","Strike_G","Defend_G","Defend_G","Defend_G","Defend_G","Defend_G","Survivor","Neutralize","HandOfGreed+1","Leg Sweep","All Out Attack","Backflip","Swift Strike","PiercingWail","Terror","Dagger Spray","Noxious Fumes+1","Glass Knife","Acrobatics","Blur","After Image","Acrobatics","Footwork","Phantasmal Killer","Calculated Gamble","Bandage Up","Bouncing Flask","Backflip","Leg Sweep+1"],"relics":["Ring of the Snake","White Beast Statue","Bronze Scales","Ninja Scroll","Oddly Smooth Stone","Busted Crown","Paper Crane","Centennial Puzzle","Art of War","Smiling Mask","Pen Nib","TwistedFunnel","SacredBark","Bag of Marbles","OrangePellets","Lantern"],"acts_visited":["Exordium","TheCity","TheBeyond"],"potions_floor_usage":[6,10,13,14,21,25,33,35,50,51],"damage_taken":[{"damage":4,"enemies":"Jaw Worm","floor":1,"turns":4},{"damage":0,"enemies":"Cultist","floor":2,"turns":3},{"damage":4,"enemies":"2 Louse","floor":3,"turns":3},{"damage":1,"enemies":"Blue Slaver","floor":4,"turns":8},{"damage":5,"enemies":"3 Sentries","floor":6,"turns":10},{"damage":8,"enemies":"3 Louse","floor":8,"turns":9},{"damage":13,"enemies":"Gremlin Nob","floor":10,"turns":4},{"damage":0,"enemies":"Looter","floor":11,"turns":1},{"damage":0,"enemies":"Exordium Wildlife","floor":12,"turns":6},{"damage":5,"enemies":"3 Sentries","floor":13,"turns":8},{"damage":0,"enemies":"Large Slime","floor":14,"turns":2},{"damage":14,"enemies":"Hexaghost","floor":16,"turns":9},{"damage":0,"enemies":"Chosen","floor":18,"turns":4},{"damage":7,"enemies":"Shell Parasite","floor":19,"turns":4},{"damage":16,"enemies":"Shelled Parasite and Fungi","floor":21,"turns":10},{"damage":6,"enemies":"Snecko","floor":22,"turns":5},{"damage":12,"enemies":"Slavers","floor":23,"turns":7},{"damage":15,"enemies":"Gremlin Leader","floor":25,"turns":7},{"damage":0,"enemies":"3 Cultists","floor":27,"turns":4},{"damage":2,"enemies":"Snake Plant","floor":29,"turns":4},{"damage":16,"enemies":"Champ","floor":33,"turns":15},{"damage":5,"enemies":"3 Shapes","floor":35,"turns":7},{"damage":0,"enemies":"Orb Walker","floor":36,"turns":3},{"damage":23,"enemies":"Transient","floor":37,"turns":6},{"damage":36,"enemies":"Nemesis","floor":40,"turns":11},{"damage":0,"enemies":"Spire Growth","floor":44,"turns":6},{"damage":28,"enemies":"Sphere and 2 Shapes","floor":46,"turns":7},{"damage":22,"enemies":"Maw","floor":48,"turns":8},{"damage":20,"enemies":"Time Eater","floor":50,"turns":18},{"damage":33,"enemies":"Donu and Deca","floor":51,"turns":10}],"seed_played":"-4266164599762519261","potions_obtained":[{"floor":1,"key":"SkillPotion"},{"floor":8,"key":"Fire Potion"},{"floor":10,"key":"Dexterity Potion"},{"floor":11,"key":"Regen Potion"},{"floor":13,"key":"CunningPotion"},{"floor":14,"key":"Block Potion"},{"floor":16,"key":"Regen Potion"},{"floor":18,"key":"PowerPotion"},{"floor":21,"key":"Fire Potion"},{"floor":25,"key":"FairyPotion"},{"floor":27,"key":"GhostInAJar"},{"floor":33,"key":"Fruit Juice"},{"floor":35,"key":"BlessingOfTheForge"},{"floor":36,"key":"FearPotion"},{"floor":37,"key":"Dexterity Potion"},{"floor":40,"key":"GhostInAJar"}],"is_trial":false,"path_per_floor":["M","M","M","M","$","E","R","M","T","E","M","M","E","M","R","B",null,"M","M","$","M","M","E","?","E","T","M","R","M","$","?","R","B",null,"M","M","M","$","?","E","R","?","T","M","$","M","R","M","R","B","B"],"character_chosen":"THE_SILENT","items_purchased":["Swift Strike","Paper Crane","Centennial Puzzle","Blur","TwistedFunnel","Footwork","Bag of Marbles","OrangePellets","Bouncing Flask"],"campfire_rested":4,"item_purchase_floors":[5,20,20,20,30,30,38,38,45],"current_hp_per_floor":[55,55,51,50,50,45,45,37,37,24,24,24,34,34,34,20,50,50,43,43,42,36,24,24,9,9,9,27,25,25,25,43,27,52,57,57,34,34,34,39,39,29,29,33,33,9,28,10,29,13,0,0],"gold":157,"neow_bonus":"RANDOM_COLORLESS_2","is_daily":false,"chose_seed":false,"campfire_upgraded":2,"win_rate":0.0,"timestamp":1611452669,"path_taken":["M","M","M","M","$","E","R","M","T","E","M","M","E","M","R","BOSS","M","M","$","M","M","E","?","E","T","M","R","?","?","?","R","BOSS","M","M","M","$","?","E","R","?","T","M","$","M","R","M","R","BOSS","BOSS"],"items_purchased_type":["Card","Relic","Relic","Card","Relic","Card","Relic","Relic","Card"],"build_version":"2020-12-22","purchased_purges":4,"victory":false,"max_hp_per_floor":[60,60,60,60,60,60,60,60,60,60,60,60,60,60,60,60,60,60,60,60,60,60,60,60,60,60,60,60,60,60,60,60,60,60,70,70,70,70,66,66,66,66,66,66,66,66,66,66,66,66,66,66],"relic_stats":{"OrangePellets":[7],"Centennial Puzzle":[39],"Busted Crown":38,"counters":[30,203],"Bronze Scales":[462],"Pen Nib":[15],"Art of War":[21],"Smiling Mask":175,"obtain_stats":[{"TwistedFunnel":30,"Lantern":40,"SacredBark":34,"Oddly Smooth Stone":13,"Pen Nib":26,"Paper Crane":20,"Smiling Mask":25,"White Beast Statue":6,"OrangePellets":38,"Centennial Puzzle":20,"Busted Crown":17,"Ninja Scroll":10,"Bronze Scales":9,"Art of War":23,"Bag of Marbles":38,"Ring of the Snake":0},{"TwistedFunnel":20,"Lantern":25,"SacredBark":21,"Oddly Smooth Stone":10,"Pen Nib":18,"Paper Crane":14,"Smiling Mask":18,"White Beast Statue":5,"OrangePellets":24,"Centennial Puzzle":14,"Busted Crown":12,"Ninja Scroll":7,"Bronze Scales":6,"Art of War":17,"Bag of Marbles":24,"Ring of the Snake":0},{"TwistedFunnel":112,"Lantern":154,"SacredBark":127,"Oddly Smooth Stone":56,"Pen Nib":104,"Paper Crane":75,"Smiling Mask":104,"White Beast Statue":28,"OrangePellets":143,"Centennial Puzzle":75,"Busted Crown":67,"Ninja Scroll":41,"Bronze Scales":37,"Art of War":97,"Bag of Marbles":143,"Ring of the Snake":0}],"Ring of the Snake":[60]},"card_choices":[{"not_picked":["Secret Weapon","Master of Strategy"],"picked":"HandOfGreed","floor":0},{"not_picked":["Poisoned Stab","Outmaneuver"],"picked":"Leg Sweep","floor":1},{"not_picked":["Catalyst","Choke","Outmaneuver"],"picked":"SKIP","floor":2},{"not_picked":["Catalyst","Sucker Punch"],"picked":"All Out Attack","floor":3},{"not_picked":["Sucker Punch","Flying Knee"],"picked":"Backflip","floor":4},{"not_picked":["Endless Agony","Bane"],"picked":"PiercingWail","floor":6},{"not_picked":["Flying Knee","Bane","Crippling Poison"],"picked":"SKIP","floor":8},{"not_picked":["Burst","Dagger Spray","Poisoned Stab"],"picked":"SKIP","floor":10},{"not_picked":["Tactician","Expertise"],"picked":"Terror","floor":11},{"not_picked":["Acrobatics","Predator"],"picked":"Dagger Spray","floor":12},{"not_picked":["Infinite Blades","Sucker Punch"],"picked":"Noxious Fumes","floor":13},{"not_picked":["Leg Sweep","Quick Slash","Concentrate"],"picked":"SKIP","floor":14},{"not_picked":["Doppelganger","Unload"],"picked":"Glass Knife","floor":16},{"not_picked":[],"picked":"Acrobatics","floor":18},{"not_picked":["Setup"],"picked":"SKIP","floor":19},{"not_picked":["Deflect"],"picked":"SKIP","floor":21},{"not_picked":["Outmaneuver"],"picked":"SKIP","floor":22},{"not_picked":[],"picked":"After Image","floor":23},{"not_picked":["Infinite Blades"],"picked":"SKIP","floor":25},{"not_picked":["Acrobatics"],"picked":"SKIP","floor":27},{"not_picked":[],"picked":"Acrobatics","floor":27},{"not_picked":["Prepared"],"picked":"SKIP","floor":29},{"not_picked":[],"picked":"Phantasmal Killer","floor":33},{"not_picked":["Dagger Spray"],"picked":"SKIP","floor":35},{"not_picked":["Noxious Fumes"],"picked":"SKIP","floor":36},{"not_picked":[],"picked":"Calculated Gamble","floor":37},{"not_picked":["Blade Dance+1"],"picked":"SKIP","floor":40},{"not_picked":[],"picked":"Bandage Up","floor":42},{"not_picked":["Escape Plan+1"],"picked":"SKIP","floor":44},{"not_picked":[],"picked":"Backflip","floor":46},{"not_picked":[],"picked":"Leg Sweep+1","floor":48}],"player_experience":1239357,"relics_obtained":[{"floor":6,"key":"White Beast Statue"},{"floor":9,"key":"Bronze Scales"},{"floor":10,"key":"Ninja Scroll"},{"floor":13,"key":"Oddly Smooth Stone"},{"floor":23,"key":"Art of War"},{"floor":25,"key":"Smiling Mask"},{"floor":26,"key":"Pen Nib"},{"floor":40,"key":"Lantern"}],"event_choices":[{"damage_healed":0,"gold_gain":0,"player_choice":"Ignored","damage_taken":0,"max_hp_gain":0,"max_hp_loss":0,"event_name":"N\u0027loth","floor":24,"gold_loss":0},{"damage_healed":0,"gold_gain":50,"player_choice":"Stole From Cult","damage_taken":0,"max_hp_gain":0,"max_hp_loss":0,"event_name":"Nest","floor":31,"gold_loss":0},{"damage_healed":0,"gold_gain":0,"player_choice":"Max HP","damage_taken":0,"max_hp_gain":0,"max_hp_loss":4,"event_name":"Winding Halls","floor":39,"gold_loss":0},{"damage_healed":0,"gold_gain":0,"player_choice":"Memory 3","damage_taken":10,"max_hp_gain":0,"max_hp_loss":0,"event_name":"SensoryStone","floor":42,"gold_loss":0}],"is_beta":false,"boss_relics":[{"not_picked":["SlaversCollar","Velvet Choker"],"picked":"Busted Crown"},{"not_picked":["Empty Cage","Calling Bell"],"picked":"SacredBark"}],"items_purged_floors":[5,20,30,38],"is_endless":false,"potions_floor_spawned":[1,8,10,11,12,13,14,16,18,19,21,22,23,25,27,29,33,35,36,37,40,44,46,48],"killed_by":"Donu and Deca","ascension_level":20}}