{"host":"rolltorest","time":1611531840,"event":{"mods":["BaseMod","Minty Spire (QoL Compilation)","Relic Stats","Slay the Relics Exporter","StSLib"],"gold_per_floor":[114,124,124,141,141,141,175,175,175,175,175],"floor_reached":10,"language":"ENG","playtime":135,"items_purged":[],"score":132,"play_id":"9dcd431f-d737-4470-896d-f386a9b3dc84","local_time":"20210124154400","is_ascension_mode":true,"campfire_choices":[{"data":"Bane","floor":6,"key":"SMITH"},{"floor":8,"key":"REST"}],"circlet_count":0,"master_deck":["AscendersBane","Strike_G","Strike_G","Strike_G","Strike_G","Strike_G","Defend_G","Defend_G","Defend_G","Defend_G","Defend_G","Survivor","Neutralize","Deadly Poison","Dagger Throw","Bane+1","Dash"],"relics":["Ring of the Snake","NeowsBlessing","Kunai","GremlinMask","WingedGreaves","Toy Ornithopter"],"acts_visited":["Exordium"],"potions_floor_usage":[7],"damage_taken":[{"damage":0,"enemies":"Cultist","floor":1,"turns":1},{"damage":0,"enemies":"Small Slimes","floor":2,"turns":1},{"damage":0,"enemies":"2 Louse","floor":4,"turns":1},{"damage":49,"enemies":"Gremlin Nob","floor":7,"turns":5},{"damage":15,"enemies":"Lagavulin","floor":10,"turns":5}],"seed_played":"304766818456801074","potions_obtained":[{"floor":4,"key":"Poison Potion"},{"floor":7,"key":"Energy Potion"}],"is_trial":false,"path_per_floor":["M","M","?","M","?","R","E","R","T","E"],"character_chosen":"THE_SILENT","items_purchased":[],"campfire_rested":1,"item_purchase_floors":[],"current_hp_per_floor":[59,59,54,54,54,54,5,24,24,9,9],"gold":175,"neow_bonus":"THREE_ENEMY_KILL","is_daily":false,"chose_seed":false,"campfire_upgraded":1,"win_rate":0.0,"timestamp":1611531840,"path_taken":["M","?","?","M","?","R","E","R","T","E"],"items_purchased_type":[],"build_version":"2020-12-18","purchased_purges":0,"victory":false,"max_hp_per_floor":[66,66,66,66,66,66,66,66,66,66,66],"relic_stats":{"counters":[5,13],"Kunai":[2],"obtain_stats":[{"NeowsBlessing":0,"GremlinMask":5,"WingedGreaves":7,"Kunai":3,"Toy Ornithopter":9,"Ring of the Snake":0},{"NeowsBlessing":0,"GremlinMask":3,"WingedGreaves":4,"Kunai":2,"Toy Ornithopter":4,"Ring of the Snake":0},{"NeowsBlessing":0,"GremlinMask":3,"WingedGreaves":8,"Kunai":2,"Toy Ornithopter":8,"Ring of the Snake":0}],"Toy Ornithopter":0,"Ring of the Snake":[10]},"card_choices":[{"not_picked":["Bane","Footwork"],"picked":"Deadly Poison","floor":1},{"not_picked":["Flying Knee","Cloak And Dagger"],"picked":"Dagger Throw","floor":2},{"not_picked":["Poisoned Stab","Outmaneuver"],"picked":"Bane","floor":4},{"not_picked":["Predator","Expertise"],"picked":"Dash","floor":7}],"player_experience":1776771,"relics_obtained":[{"floor":7,"key":"WingedGreaves"},{"floor":9,"key":"Toy Ornithopter"}],"event_choices":[{"damage_healed":0,"gold_gain":0,"player_choice":"Success","damage_taken":5,"relics_obtained":["Kunai"],"max_hp_gain":0,"max_hp_loss":0,"event_name":"Scrap Ooze","floor":3,"gold_loss":0},{"damage_healed":0,"gold_gain":0,"player_choice":"Trade","damage_taken":0,"relics_obtained":["GremlinMask"],"max_hp_gain":0,"max_hp_loss":0,"event_name":"FaceTrader","floor":5,"gold_loss":0}],"is_beta":true,"boss_relics":[],"items_purged_floors":[],"is_endless":false,"potions_floor_spawned":[4,7],"killed_by":"Lagavulin","ascension_level":20}}