{"host":"ydg0vn0pu4pubmdt","time":1611493573,"event":{"mods":["AchievementEnabler","BaseMod","Colored Map","Gold Saver","Minty Spire (QoL Compilation)","Quick Restart","SuperFastMode"],"gold_per_floor":[393,158,173,173,186,186,201,235,258,183,202,65,84,101,101,178,178,191,191,222,222,242,267,267,302,328,340,353,353,372,422,422,422,422],"floor_reached":33,"language":"KOR","playtime":742,"items_purged":["Defend_B","Strike_B"],"score":535,"play_id":"c1eee605-6705-41bd-86b3-835597a6ac30","local_time":"20210124220613","is_ascension_mode":true,"campfire_choices":[{"data":"Defragment","floor":6.0,"key":"SMITH"},{"data":"Defragment","floor":15.0,"key":"SMITH"},{"floor":24.0,"key":"REST"},{"floor":29.0,"key":"REST"},{"floor":32.0,"key":"REST"}],"circlet_count":0,"master_deck":["AscendersBane","Strike_B","Defend_B","Defend_B","Defend_B","Zap","Dualcast","Sunder","Turbo","Defragment+1","Electrodynamics","Leap","Ball Lightning","Storm","Auto Shields","Heatsinks","Defragment+1","Biased Cognition","Glacier","Heatsinks","Creative AI","Cold Snap","Force Field+1"],"relics":["Cracked Core","Oddly Smooth Stone","Bag of Preparation","Inserter","Red Mask","Nloth\u0027s Gift","Omamori","Darkstone Periapt","Toy Ornithopter"],"acts_visited":["Exordium","TheCity"],"potions_floor_usage":[33],"damage_taken":[{"damage":1.0,"enemies":"Cultist","floor":1.0,"turns":3.0},{"damage":0.0,"enemies":"Small Slimes","floor":3.0,"turns":2.0},{"damage":0.0,"enemies":"2 Louse","floor":5.0,"turns":2.0},{"damage":5.0,"enemies":"Looter","floor":7.0,"turns":3.0},{"damage":24.0,"enemies":"3 Sentries","floor":8.0,"turns":4.0},{"damage":0.0,"enemies":"Lots of Slimes","floor":11.0,"turns":1.0},{"damage":0.0,"enemies":"Blue Slaver","floor":13.0,"turns":2.0},{"damage":0.0,"enemies":"Exordium Thugs","floor":14.0,"turns":4.0},{"damage":6.0,"enemies":"The Guardian","floor":16.0,"turns":9.0},{"damage":6.0,"enemies":"3 Byrds","floor":18.0,"turns":3.0},{"damage":22.0,"enemies":"Masked Bandits","floor":20.0,"turns":3.0},{"damage":1.0,"enemies":"Spheric Guardian","floor":22.0,"turns":3.0},{"damage":4.0,"enemies":"Book of Stabbing","floor":23.0,"turns":7.0},{"damage":26.0,"enemies":"Slavers","floor":25.0,"turns":4.0},{"damage":6.0,"enemies":"3 Cultists","floor":27.0,"turns":3.0},{"damage":4.0,"enemies":"Snecko","floor":28.0,"turns":3.0},{"damage":26.0,"enemies":"Cultist and Chosen","floor":30.0,"turns":5.0},{"damage":39,"enemies":"Automaton","floor":33,"turns":6}],"seed_played":"8898825247959320702","potions_obtained":[{"floor":1.0,"key":"Block Potion"},{"floor":3.0,"key":"AttackPotion"},{"floor":13.0,"key":"Ancient Potion"},{"floor":22.0,"key":"Weak Potion"},{"floor":23.0,"key":"EssenceOfDarkness"},{"floor":27.0,"key":"Fire Potion"},{"floor":28.0,"key":"Block Potion"}],"is_trial":false,"path_per_floor":["M","$","M","?","M","R","M","E","T","?","M","$","M","M","R","B",null,"M","?","?","?","M","E","R","E","T","M","M","R","M","?","R","B"],"character_chosen":"DEFECT","items_purchased":["Oddly Smooth Stone","Auto Shields"],"campfire_rested":3,"item_purchase_floors":[2,12],"current_hp_per_floor":[63,63,63,63,63,63,58,34,34,34,34,34,34,34,34,28,60,54,54,32,32,31,27,48,22,22,16,17,38,12,12,33,0,0],"gold":422,"neow_bonus":"TRANSFORM_CARD","is_daily":false,"chose_seed":false,"campfire_upgraded":2,"win_rate":0.0,"timestamp":1611493573,"path_taken":["M","$","M","?","?","R","?","E","T","?","M","$","M","M","R","BOSS","M","?","?","?","M","E","R","E","T","M","M","R","?","?","R","BOSS"],"items_purchased_type":["Relic","Card"],"build_version":"2020-12-22","purchased_purges":2,"victory":false,"max_hp_per_floor":[71,71,71,71,71,71,71,71,71,71,71,71,71,71,71,71,71,71,71,71,71,71,71,71,71,71,71,71,71,71,71,71,71,71],"card_choices":[{"not_picked":["Defragment","Sunder"],"picked":"Turbo","floor":1.0},{"not_picked":["Go for the Eyes","Redo"],"picked":"Defragment","floor":3.0},{"not_picked":["Leap","Redo"],"picked":"Ball Lightning","floor":5.0},{"not_picked":["Leap","Rip and Tear","Blizzard"],"picked":"SKIP","floor":7.0},{"not_picked":["Consume","Thunder Strike"],"picked":"Storm","floor":8.0},{"not_picked":["Tempest","Ball Lightning","Cold Snap"],"picked":"SKIP","floor":11.0},{"not_picked":["Go for the Eyes","Steam"],"picked":"Heatsinks","floor":13.0},{"not_picked":["Thunder Strike","Turbo"],"picked":"Defragment","floor":14.0},{"not_picked":["Core Surge","Electrodynamics"],"picked":"Biased Cognition","floor":16.0},{"not_picked":["Conserve Battery","Leap","Aggregate"],"picked":"SKIP","floor":18.0},{"not_picked":["Gash","Ball Lightning"],"picked":"Glacier","floor":22.0},{"not_picked":["Cold Snap","Hyperbeam"],"picked":"Heatsinks","floor":23.0},{"not_picked":["Go for the Eyes","Meteor Strike"],"picked":"Creative AI","floor":25.0},{"not_picked":["Go for the Eyes","Gash","Streamline"],"picked":"SKIP","floor":27.0},{"not_picked":["Redo","Ball Lightning"],"picked":"Cold Snap","floor":28.0},{"not_picked":["Lockon+1","Rainbow"],"picked":"Force Field+1","floor":30.0}],"player_experience":578910,"relics_obtained":[{"floor":8.0,"key":"Bag of Preparation"},{"floor":9.0,"key":"Akabeko"},{"floor":20.0,"key":"Red Mask"},{"floor":23.0,"key":"Omamori"},{"floor":25.0,"key":"Darkstone Periapt"},{"floor":26.0,"key":"Toy Ornithopter"}],"event_choices":[{"damage_healed":0.0,"max_hp_gain":0.0,"max_hp_loss":0.0,"gold_gain":0.0,"event_name":"Match and Keep!","player_choice":"2 cards matched","floor":4.0,"gold_loss":0.0,"damage_taken":0.0,"cards_obtained":["Electrodynamics","Leap"]},{"cards_removed":["Strike_B"],"damage_healed":0.0,"max_hp_gain":0.0,"max_hp_loss":0.0,"gold_gain":0.0,"event_name":"The Cleric","player_choice":"Card Removal","floor":10.0,"gold_loss":75.0,"damage_taken":0.0},{"damage_healed":0.0,"max_hp_gain":0.0,"max_hp_loss":0.0,"gold_gain":0.0,"event_name":"Vampires","player_choice":"Ignored","floor":19.0,"gold_loss":0.0,"damage_taken":0.0},{"damage_healed":0.0,"max_hp_gain":0.0,"max_hp_loss":0.0,"gold_gain":0.0,"event_name":"Masked Bandits","player_choice":"Fought Bandits","floor":20.0,"gold_loss":0.0,"damage_taken":0.0},{"damage_healed":0.0,"max_hp_gain":0.0,"max_hp_loss":0.0,"gold_gain":0.0,"event_name":"N\u0027loth","player_choice":"Traded Relic","floor":21.0,"relics_lost":["Akabeko"],"gold_loss":0.0,"damage_taken":0.0,"relics_obtained":["Nloth\u0027s Gift"]},{"damage_healed":0.0,"max_hp_gain":0.0,"max_hp_loss":0.0,"gold_gain":50.0,"event_name":"Golden Shrine","player_choice":"Pray","floor":31.0,"gold_loss":0.0,"damage_taken":0.0}],"is_beta":false,"boss_relics":[{"not_picked":["Nuclear Battery","Coffee Dripper"],"picked":"Inserter"}],"items_purged_floors":[2,12],"is_endless":false,"potions_floor_spawned":[1,3,13,22,23,27,28],"killed_by":"Automaton","ascension_level":17}}