{"host":"6xsbn6ynqlzwllfm","time":1611518040,"event":{"mods":["2.2 Compatiblity","BaseMod","Bestiary","Colored Map","Colored Powertips","Curses Come First","Highlight Path","Keyboard Shortcuts","Minty Spire (QoL Compilation)","Relic Stats","Slay the Relics Exporter","StSLib","SuperFastMode"],"gold_per_floor":[114,114,129,54,14,40,40,66,89,107,117,117,146,159,159,159,159],"floor_reached":16,"language":"ENG","playtime":618,"items_purged":["Strike_R"],"score":290,"play_id":"5b3c88f6-9224-4cba-93fc-08124540c983","local_time":"20210124145400","is_ascension_mode":true,"campfire_choices":[{"data":"True Grit","floor":7,"key":"SMITH"},{"floor":15,"key":"REST"}],"circlet_count":0,"master_deck":["AscendersBane","Strike_R","Strike_R","Strike_R","Strike_R","Defend_R","Defend_R","Defend_R","Defend_R","Bash","Spot Weakness","Spot Weakness","True Grit+1","Pommel Strike","Clothesline","Sentinel","Anger","Second Wind"],"relics":["Burning Blood","NeowsBlessing","Dream Catcher","Bag of Marbles","Vajra","Potion Belt","Art of War"],"acts_visited":["Exordium"],"potions_floor_usage":[6,8,16,16],"damage_taken":[{"damage":0,"enemies":"Cultist","floor":1,"turns":1},{"damage":0,"enemies":"Jaw Worm","floor":3,"turns":1},{"damage":0,"enemies":"Lagavulin","floor":6,"turns":2},{"damage":52,"enemies":"3 Sentries","floor":8,"turns":13},{"damage":3,"enemies":"2 Louse","floor":10,"turns":4},{"damage":7,"enemies":"Gremlin Gang","floor":11,"turns":7},{"damage":44,"enemies":"Gremlin Nob","floor":13,"turns":5},{"damage":7,"enemies":"Blue Slaver","floor":14,"turns":6},{"damage":42,"enemies":"Slime Boss","floor":16,"turns":6}],"seed_played":"4027388832759333561","potions_obtained":[{"floor":3,"key":"DistilledChaos"},{"floor":5,"key":"AttackPotion"},{"floor":5,"key":"BloodPotion"},{"floor":13,"key":"SneckoOil"},{"floor":14,"key":"FearPotion"}],"is_trial":false,"path_per_floor":["M","$","M","$","?","E","R","E","T","M","M","?","E","M","R","B"],"character_chosen":"IRONCLAD","items_purchased":[],"campfire_rested":1,"item_purchase_floors":[],"current_hp_per_floor":[74,74,75,75,75,75,75,44,44,47,46,46,8,7,29,0,0],"gold":159,"neow_bonus":"THREE_ENEMY_KILL","is_daily":false,"chose_seed":false,"campfire_upgraded":1,"win_rate":0.0,"timestamp":1611518040,"path_taken":["M","?","M","$","?","E","R","E","T","M","?","?","E","?","R","BOSS"],"items_purchased_type":[],"build_version":"2020-12-22","purchased_purges":1,"victory":false,"max_hp_per_floor":[75,75,75,75,75,75,75,75,75,75,75,75,75,75,75,75,75],"relic_stats":{"Dream Catcher":1,"counters":[9,45],"Art of War":[2],"obtain_stats":[{"Potion Belt":12,"Dream Catcher":6,"NeowsBlessing":0,"Vajra":9,"Bag of Marbles":8,"Art of War":13,"Burning Blood":0},{"Potion Belt":6,"Dream Catcher":3,"NeowsBlessing":0,"Vajra":4,"Bag of Marbles":4,"Art of War":7,"Burning Blood":0},{"Potion Belt":28,"Dream Catcher":4,"NeowsBlessing":0,"Vajra":17,"Bag of Marbles":17,"Art of War":33,"Burning Blood":0}],"Burning Blood":37},"card_choices":[{"not_picked":["Twin Strike","Headbutt"],"picked":"Spot Weakness","floor":1},{"not_picked":["Thunderclap","Dark Embrace"],"picked":"Spot Weakness","floor":3},{"not_picked":["Headbutt","Rage"],"picked":"True Grit","floor":6},{"not_picked":["Sentinel","Fire Breathing"],"picked":"Pommel Strike","floor":8},{"not_picked":["Warcry","Clash"],"picked":"True Grit","floor":10},{"not_picked":["True Grit","Reckless Charge"],"picked":"Clothesline","floor":11},{"not_picked":["Demon Form","Juggernaut"],"picked":"Sentinel","floor":13},{"not_picked":["Pommel Strike","Body Slam"],"picked":"Anger","floor":14},{"not_picked":["Spot Weakness","Shrug It Off"],"picked":"Second Wind","floor":15}],"player_experience":1111784,"relics_obtained":[{"floor":6,"key":"Dream Catcher"},{"floor":8,"key":"Bag of Marbles"},{"floor":9,"key":"Vajra"},{"floor":13,"key":"Art of War"}],"event_choices":[{"damage_healed":0,"gold_gain":0,"player_choice":"Bought 3 Potions","damage_taken":0,"max_hp_gain":0,"max_hp_loss":0,"event_name":"The Woman in Blue","floor":5,"gold_loss":0},{"cards_removed":["True Grit"],"damage_healed":0,"gold_gain":0,"player_choice":"Gave Card","damage_taken":0,"relics_obtained":["Potion Belt"],"max_hp_gain":0,"max_hp_loss":0,"event_name":"WeMeetAgain","floor":12,"gold_loss":0}],"is_beta":false,"boss_relics":[],"items_purged_floors":[4],"is_endless":false,"potions_floor_spawned":[3,13,14],"killed_by":"Slime Boss","ascension_level":20}}