{"host":"cjhtzh7tp54jdfyv","time":1611463257,"event":{"mods":["AchievementEnabler","BaseMod","Colored Map","Colored Powertips","Curses Come First","DeckTracker","Filter the Spire","Minty Spire (QoL Compilation)","RNG Fix","Relic Sorter","Relic Stats","StSLib","UnlockEverythingMod","ojb\u0027s Better Paths Mod","ojb\u0027s Info Mod"],"gold_per_floor":[116,266,266,282,297,297,42,78,78,103,116,150,183,199,199,295,295,309,325,100,100,125,156,156,169,169,169,212,212,248,266,266,359,359,384,409,424,424,130,171,171,218,242,275,275,293,318,336,336,336,336,336,336,9,51,51],"floor_reached":57,"language":"ENG","playtime":6164,"items_purged":["Doubt","Defend_G","Bane","Setup+1"],"score":2874,"play_id":"ef9ccc3d-93d8-432c-ab10-e680be0e31a1","local_time":"20210123234057","is_ascension_mode":true,"campfire_choices":[{"data":"Bouncing Flask","floor":6.0,"key":"SMITH"},{"data":"1","floor":15.0,"key":"LIFT"},{"data":"2","floor":24.0,"key":"LIFT"},{"data":"3","floor":29.0,"key":"LIFT"},{"floor":32.0,"key":"DIG"},{"data":"Wraith Form v2","floor":41.0,"key":"SMITH"},{"data":"Wraith Form v2","floor":45.0,"key":"SMITH"},{"floor":49.0,"key":"RECALL"},{"floor":53.0,"key":"DIG"}],"circlet_count":0,"master_deck":["AscendersBane","Survivor","Neutralize","Die Die Die","Bouncing Flask+1","Quick Slash","After Image","Dagger Throw","Leg Sweep","Escape Plan","Bullet Time","Escape Plan","CurseOfTheBell","Heel Hook","Deflect+1","Leg Sweep","Noxious Fumes","Ghostly","Ghostly","Ghostly","Adrenaline","Eviscerate+1","Calculated Gamble+1","Wraith Form v2+1","Outmaneuver+1","Eviscerate","Riddle With Holes","Envenom","Phantasmal Killer+1","Footwork","Backflip+1","Well Laid Plans+1","Footwork+1","Cloak And Dagger+1","Wraith Form v2+1","Terror+1","Cloak And Dagger+1","Madness+1","Madness+1","Footwork+1","Leg Sweep+1","Reflex+1"],"relics":["Ring of the Snake","Golden Idol","Meat on the Bone","Paper Crane","Girya","Odd Mushroom","Calling Bell","Gambling Chip","Singing Bowl","War Paint","Art of War","Shovel","Toxic Egg 2","Lizard Tail","Pandora\u0027s Box","Vajra","StoneCalendar","CeramicFish","Boot","Sundial","HornCleat","Snake Skull"],"acts_visited":["Exordium","TheCity","TheBeyond","TheEnding"],"potions_floor_usage":[56],"damage_taken":[{"damage":1.0,"enemies":"Small Slimes","floor":1.0,"turns":3.0},{"damage":4.0,"enemies":"Jaw Worm","floor":4.0,"turns":3.0},{"damage":0.0,"enemies":"2 Louse","floor":5.0,"turns":1.0},{"damage":19.0,"enemies":"Lagavulin","floor":8.0,"turns":7.0},{"damage":7.0,"enemies":"2 Fungi Beasts","floor":10.0,"turns":7.0},{"damage":10.0,"enemies":"Blue Slaver","floor":11.0,"turns":8.0},{"damage":17.0,"enemies":"Gremlin Nob","floor":12.0,"turns":4.0},{"damage":7.0,"enemies":"The Mushroom Lair","floor":13.0,"turns":4.0},{"damage":13.0,"enemies":"Gremlin Gang","floor":14.0,"turns":8.0},{"damage":11.0,"enemies":"The Guardian","floor":16.0,"turns":10.0},{"damage":7.0,"enemies":"3 Byrds","floor":18.0,"turns":8.0},{"damage":11.0,"enemies":"2 Thieves","floor":19.0,"turns":5.0},{"damage":1.0,"enemies":"Snecko","floor":22.0,"turns":6.0},{"damage":15.0,"enemies":"Gremlin Leader","floor":23.0,"turns":10.0},{"damage":0.0,"enemies":"Snake Plant","floor":25.0,"turns":5.0},{"damage":4.0,"enemies":"Book of Stabbing","floor":28.0,"turns":7.0},{"damage":20.0,"enemies":"Slavers","floor":30.0,"turns":7.0},{"damage":0.0,"enemies":"Centurion and Healer","floor":31.0,"turns":8.0},{"damage":9.0,"enemies":"Collector","floor":33.0,"turns":9.0},{"damage":0.0,"enemies":"3 Darklings","floor":35.0,"turns":5.0},{"damage":1.0,"enemies":"Orb Walker","floor":36.0,"turns":2.0},{"damage":15.0,"enemies":"Writhing Mass","floor":37.0,"turns":6.0},{"damage":0.0,"enemies":"Giant Head","floor":40.0,"turns":9.0},{"damage":0.0,"enemies":"Reptomancer","floor":42.0,"turns":5.0},{"damage":49.0,"enemies":"Giant Head","floor":44.0,"turns":9.0},{"damage":3.0,"enemies":"3 Darklings","floor":47.0,"turns":7.0},{"damage":2.0,"enemies":"Spire Growth","floor":48.0,"turns":7.0},{"damage":5.0,"enemies":"Time Eater","floor":50.0,"turns":8.0},{"damage":10.0,"enemies":"Awakened One","floor":51.0,"turns":11.0},{"damage":19,"enemies":"Shield and Spear","floor":55,"turns":12},{"damage":19,"enemies":"The Heart","floor":56,"turns":12}],"seed_played":"7765001729691006947","potions_obtained":[{"floor":8.0,"key":"PowerPotion"},{"floor":13.0,"key":"LiquidMemories"},{"floor":14.0,"key":"SpeedPotion"},{"floor":18.0,"key":"LiquidMemories"},{"floor":23.0,"key":"SteroidPotion"},{"floor":28.0,"key":"Ancient Potion"},{"floor":33.0,"key":"Fruit Juice"},{"floor":36.0,"key":"Dexterity Potion"},{"floor":37.0,"key":"Energy Potion"},{"floor":48.0,"key":"DistilledChaos"}],"is_trial":false,"path_per_floor":["M","?","?","M","M","R","$","E","T","M","M","E","?","M","R","B",null,"M","M","$","?","M","E","R","M","T","?","E","R","E","M","R","B",null,"M","M","M","?","$","E","R","E","T","E","R","?","M","M","R","B","B",null,"R","$","E","B",null],"character_chosen":"THE_SILENT","items_purchased":["After Image","Dagger Throw","Leg Sweep","Noxious Fumes","Vajra","Energy Potion","SteroidPotion","Leg Sweep+1"],"campfire_rested":0,"item_purchase_floors":[7,7,20,20,39,54,54,54],"current_hp_per_floor":[58,58,58,54,54,54,54,35,35,40,42,37,42,41,41,42,56,49,38,38,30,31,28,28,30,30,30,26,26,20,20,20,23,33,33,32,34,34,34,34,34,34,34,34,34,26,23,35,35,30,32,42,42,42,23,16],"gold":51,"neow_bonus":"ONE_RANDOM_RARE_CARD","is_daily":false,"chose_seed":false,"campfire_upgraded":3,"win_rate":0.0,"timestamp":1611463257,"path_taken":["M","?","?","M","M","R","$","E","T","M","M","E","?","M","R","BOSS","M","M","$","?","M","E","R","M","T","?","E","R","E","M","R","BOSS","M","?","?","?","$","E","R","E","T","E","R","?","M","?","R","BOSS","BOSS","R","$","E","BOSS"],"items_purchased_type":["Card","Card","Card","Card","Relic","Potion","Potion","Card"],"build_version":"2020-12-22","purchased_purges":4,"victory":true,"max_hp_per_floor":[66,66,60,60,60,60,60,60,60,60,60,60,60,60,60,60,60,60,60,60,30,32,32,32,34,34,34,34,34,36,36,36,36,36,36,36,41,41,41,41,41,41,41,43,43,43,43,45,45,45,45,45,45,45,45,45],"relic_stats":{"Singing Bowl":10,"counters":[31,213],"Golden Idol":224,"CeramicFish":54,"StoneCalendar":[252],"Snake Skull":[34],"War Paint":["Defend_G","Defend_G"],"Boot":[6],"Lizard Tail":20,"Shovel":2,"Sundial":[6],"Gambling Chip":[89],"Pandora\u0027s Box":["Bane","Outmaneuver","Eviscerate","Riddle With Holes","Envenom","Phantasmal Killer","Footwork","Setup","Backflip"],"Art of War":[29],"obtain_stats":[{"Girya":12,"Singing Bowl":17,"Golden Idol":3,"CeramicFish":42,"Vajra":39,"StoneCalendar":40,"Snake Skull":55,"Paper Crane":9,"Odd Mushroom":13,"War Paint":17,"Boot":43,"Calling Bell":17,"Lizard Tail":32,"Shovel":28,"HornCleat":53,"Sundial":44,"Gambling Chip":17,"Pandora\u0027s Box":34,"Art of War":23,"Toxic Egg 2":30,"Ring of the Snake":0,"Meat on the Bone":8},{"Girya":7,"Singing Bowl":10,"Golden Idol":1,"CeramicFish":24,"Vajra":22,"StoneCalendar":23,"Snake Skull":30,"Paper Crane":4,"Odd Mushroom":8,"War Paint":10,"Boot":24,"Calling Bell":10,"Lizard Tail":18,"Shovel":16,"HornCleat":29,"Sundial":25,"Gambling Chip":10,"Pandora\u0027s Box":19,"Art of War":14,"Toxic Egg 2":17,"Ring of the Snake":0,"Meat on the Bone":4},{"Girya":33,"Singing Bowl":55,"Golden Idol":3,"CeramicFish":147,"Vajra":133,"StoneCalendar":142,"Snake Skull":201,"Paper Crane":14,"Odd Mushroom":37,"War Paint":55,"Boot":147,"Calling Bell":55,"Lizard Tail":111,"Shovel":96,"HornCleat":189,"Sundial":156,"Gambling Chip":55,"Pandora\u0027s Box":120,"Art of War":84,"Toxic Egg 2":103,"Ring of the Snake":0,"Meat on the Bone":14}],"Ring of the Snake":[62],"Meat on the Bone":168},"card_choices":[{"not_picked":["Deadly Poison","Dagger Throw"],"picked":"Bouncing Flask","floor":1.0},{"not_picked":["Deflect","PiercingWail","Sucker Punch"],"picked":"SKIP","floor":4.0},{"not_picked":["Cloak And Dagger","Well Laid Plans"],"picked":"Quick Slash","floor":5.0},{"not_picked":["Masterful Stab","Setup"],"picked":"Leg Sweep","floor":8.0},{"not_picked":["Dagger Throw","Outmaneuver","All Out Attack"],"picked":"SKIP","floor":10.0},{"not_picked":["Bouncing Flask","Dagger Throw"],"picked":"Escape Plan","floor":11.0},{"not_picked":["Tactician","Eviscerate"],"picked":"Bullet Time","floor":12.0},{"not_picked":["PiercingWail","All Out Attack"],"picked":"Escape Plan","floor":13.0},{"not_picked":["Caltrops","Deflect","Expertise"],"picked":"SKIP","floor":14.0},{"not_picked":["Dagger Spray","Acrobatics"],"picked":"Heel Hook","floor":18.0},{"not_picked":["Outmaneuver","Backflip"],"picked":"Deflect+1","floor":19.0},{"not_picked":["Tactician+1","Masterful Stab","Leg Sweep"],"picked":"Singing Bowl","floor":22.0},{"not_picked":["PiercingWail","Slice"],"picked":"Adrenaline","floor":23.0},{"not_picked":["Choke+1","Dagger Spray","Poisoned Stab"],"picked":"Singing Bowl","floor":25.0},{"not_picked":["Poisoned Stab","Prepared"],"picked":"Eviscerate+1","floor":28.0},{"not_picked":["Storm of Steel+1","Deadly Poison+1","Dagger Throw"],"picked":"Singing Bowl","floor":30.0},{"not_picked":["Finisher","Escape Plan+1"],"picked":"Calculated Gamble+1","floor":31.0},{"not_picked":["Venomology+1","Adrenaline+1"],"picked":"Wraith Form v2","floor":33.0},{"not_picked":["Caltrops","Quick Slash"],"picked":"Well Laid Plans+1","floor":35.0},{"not_picked":["Sucker Punch","Noxious Fumes"],"picked":"Footwork+1","floor":36.0},{"not_picked":["Slice+1","Well Laid Plans"],"picked":"Cloak And Dagger+1","floor":37.0},{"not_picked":["Poisoned Stab","Acrobatics+1"],"picked":"Terror+1","floor":40.0},{"not_picked":["Dagger Spray","Blade Dance+1"],"picked":"Cloak And Dagger+1","floor":42.0},{"not_picked":["Slice","Grand Finale","Riddle With Holes"],"picked":"Singing Bowl","floor":44.0},{"not_picked":["Quick Slash","Predator"],"picked":"Footwork+1","floor":47.0},{"not_picked":["Backstab+1","Outmaneuver+1","Underhanded Strike"],"picked":"Singing Bowl","floor":48.0},{"not_picked":["All Out Attack+1","Eviscerate"],"picked":"Reflex+1","floor":55}],"player_experience":4629693,"relics_obtained":[{"floor":8.0,"key":"Meat on the Bone"},{"floor":9.0,"key":"Paper Crane"},{"floor":12.0,"key":"Girya"},{"floor":13.0,"key":"Odd Mushroom"},{"floor":17.0,"key":"Gambling Chip"},{"floor":17.0,"key":"Singing Bowl"},{"floor":17.0,"key":"War Paint"},{"floor":23.0,"key":"Art of War"},{"floor":28.0,"key":"Shovel"},{"floor":30.0,"key":"Toxic Egg 2"},{"floor":32.0,"key":"Lizard Tail"},{"floor":40.0,"key":"StoneCalendar"},{"floor":42.0,"key":"CeramicFish"},{"floor":43.0,"key":"Boot"},{"floor":44.0,"key":"Sundial"},{"floor":53.0,"key":"HornCleat"},{"floor":55,"key":"Snake Skull"}],"event_choices":[{"damage_healed":0.0,"max_hp_gain":0.0,"max_hp_loss":0.0,"gold_gain":150.0,"event_name":"Liars Game","player_choice":"AGREE","floor":2.0,"gold_loss":0.0,"damage_taken":0.0,"cards_obtained":["Doubt"]},{"damage_healed":0.0,"max_hp_gain":0.0,"max_hp_loss":6.0,"gold_gain":0.0,"event_name":"Golden Idol","player_choice":"Lose Max HP","floor":3.0,"gold_loss":0.0,"damage_taken":0.0,"relics_obtained":["Golden Idol"]},{"damage_healed":0.0,"max_hp_gain":0.0,"max_hp_loss":0.0,"gold_gain":0.0,"event_name":"Mushrooms","player_choice":"Fought Mushrooms","floor":13.0,"gold_loss":0.0,"damage_taken":0.0},{"damage_healed":0.0,"max_hp_gain":0.0,"max_hp_loss":30.0,"gold_gain":0.0,"event_name":"Ghosts","player_choice":"Became a Ghost","floor":21.0,"gold_loss":0.0,"damage_taken":0.0,"cards_obtained":["Ghostly","Ghostly","Ghostly"]},{"damage_healed":0.0,"max_hp_gain":0.0,"max_hp_loss":0.0,"gold_gain":0.0,"event_name":"Vampires","player_choice":"Ignored","floor":27.0,"gold_loss":0.0,"damage_taken":0.0},{"damage_healed":0.0,"max_hp_gain":0.0,"max_hp_loss":0.0,"gold_gain":0.0,"event_name":"Duplicator","player_choice":"Copied","floor":38.0,"gold_loss":0.0,"damage_taken":0.0,"cards_obtained":["Wraith Form v2"]},{"damage_healed":0.0,"max_hp_gain":0.0,"max_hp_loss":0.0,"gold_gain":0.0,"event_name":"Winding Halls","player_choice":"Embrace Madness","floor":46.0,"gold_loss":0.0,"damage_taken":8.0,"cards_obtained":["Madness","Madness"]}],"is_beta":false,"boss_relics":[{"not_picked":["Busted Crown","Sozu"],"picked":"Calling Bell"},{"not_picked":["SlaversCollar","Black Star"],"picked":"Pandora\u0027s Box"}],"items_purged_floors":[7,20,39,54],"is_endless":false,"potions_floor_spawned":[8,13,14,16,18,23,28,30,33,36,37,42,48],"ascension_level":20}}