{"host":"5v9rfzf5qju8k9wy","time":1611492437,"event":{"mods":["Act Like it!","BaseMod","Decade(王小明)","Downfall","Hermit","Koishi","Marisa（F雨　魔理沙）","Minty Spire (QoL Compilation)","StSLib","The Bug Knight","The Cursed"],"gold_per_floor":[119,119,44,44,44,44,60,71,71,85,35,69,88,100,100,100,100],"floor_reached":16,"language":"ZHS","playtime":998,"items_purged":["Koishi:BasicStrike"],"score":102,"play_id":"fe5fd618-eee3-47e5-bce5-15de9f41ed26","local_time":"20210124204717","is_ascension_mode":false,"campfire_choices":[{"data":"Koishi:FleetingPhantom","floor":6,"key":"SMITH"},{"data":"Koishi:ParalyzingFear","floor":15,"key":"SMITH"}],"circlet_count":0,"master_deck":["Koishi:BasicStrike","Koishi:BasicStrike","Koishi:BasicDefend","Koishi:BasicDefend","Koishi:BasicDefend+1","Koishi:Provoke+1","Koishi:HauntingSlash","Koishi:FourthEye","Koishi:FleetingPhantom+1","Koishi:UnansweredLove","Koishi:RacingHeart","Koishi:VengefulSpirit","Koishi:JumpScare","Koishi:ParalyzingFear+1","Koishi:Catatonia"],"relics":["Koishi:ImaginaryFriend","NeowsBlessing","Sundial","Blue Candle","Frozen Eye"],"acts_visited":["Exordium"],"potions_floor_usage":[12,16],"damage_taken":[{"damage":0,"enemies":"Small Slimes","floor":1,"turns":1},{"damage":0,"enemies":"Cultist","floor":7,"turns":1},{"damage":1,"enemies":"2 Louse","floor":8,"turns":2},{"damage":3,"enemies":"2 Fungi Beasts","floor":10,"turns":5},{"damage":8,"enemies":"3 Sentries","floor":12,"turns":11},{"damage":3,"enemies":"Blue Slaver","floor":13,"turns":5},{"damage":11,"enemies":"Looter","floor":14,"turns":4},{"damage":31,"enemies":"Slime Boss","floor":16,"turns":8}],"seed_played":"567571801438585623","potions_obtained":[{"floor":1,"key":"Guardian:BlockOnCardUsePotion"},{"floor":7,"key":"Weak Potion"},{"floor":10,"key":"Explosive Potion"},{"floor":13,"key":"Dexterity Potion"}],"is_trial":false,"path_per_floor":["M","?","$","?","?","R","M","M","T","M","?","E","M","M","R","B"],"character_chosen":"KOISHI","items_purchased":[],"campfire_rested":0,"item_purchase_floors":[],"current_hp_per_floor":[60,60,60,48,48,48,48,47,47,47,47,43,48,43,43,12,12],"gold":100,"neow_bonus":"THREE_ENEMY_KILL","is_daily":false,"chose_seed":false,"campfire_upgraded":2,"win_rate":0.0,"timestamp":1611492437,"path_taken":["M","?","?","?","?","R","M","M","T","M","?","E","M","?","R","BOSS"],"items_purchased_type":[],"build_version":"2020-12-22","purchased_purges":1,"victory":false,"max_hp_per_floor":[60,60,60,60,60,60,60,60,60,60,60,60,60,60,60,60,60],"card_choices":[{"not_picked":["Koishi:IdleWhim","Koishi:SubterraneanRose"],"picked":"Koishi:FourthEye","floor":1},{"not_picked":["Koishi:UnconsciousUprising","Koishi:Catatonia"],"picked":"Koishi:UnansweredLove","floor":7},{"not_picked":["Koishi:Vanish","Koishi:CatchAndRose"],"picked":"Koishi:RacingHeart","floor":8},{"not_picked":["Koishi:Prune","Koishi:HeartAttack"],"picked":"Koishi:VengefulSpirit","floor":10},{"not_picked":["Koishi:DanmakuParanoia","Koishi:TerrifyingSpectre"],"picked":"Koishi:JumpScare","floor":12},{"not_picked":["Koishi:RorschachInDanmaku","Koishi:PhantomBarrier"],"picked":"Koishi:ParalyzingFear","floor":13},{"not_picked":["Koishi:GhostParty","Koishi:DanmakuParanoia"],"picked":"Koishi:Catatonia","floor":14}],"player_experience":100100,"relics_obtained":[{"floor":9,"key":"Sundial"},{"floor":12,"key":"Blue Candle"}],"event_choices":[{"damage_healed":0,"gold_gain":0,"player_choice":"Full Heal","damage_taken":0,"max_hp_gain":0,"max_hp_loss":0,"event_name":"Wheel of Change","floor":2,"gold_loss":0},{"damage_healed":0,"gold_gain":0,"player_choice":"Entered Light","damage_taken":12,"max_hp_gain":0,"max_hp_loss":0,"event_name":"Shining Light","floor":4,"gold_loss":0,"cards_upgraded":["Koishi:Provoke","Koishi:BasicDefend"]},{"damage_healed":0,"gold_gain":0,"cards_transformed":["Koishi:BasicStrike"],"player_choice":"Change","damage_taken":0,"max_hp_gain":0,"max_hp_loss":0,"event_name":"Living Wall","floor":5,"gold_loss":0,"cards_obtained":["Koishi:FleetingPhantom"]},{"cards_removed":["Koishi:BasicDefend"],"damage_healed":0,"gold_gain":0,"player_choice":"Card Removal","damage_taken":0,"max_hp_gain":0,"max_hp_loss":0,"event_name":"The Cleric","floor":11,"gold_loss":50}],"is_beta":false,"boss_relics":[],"items_purged_floors":[3],"is_endless":false,"potions_floor_spawned":[1,7,10,13],"killed_by":"Slime Boss","ascension_level":0}}