{"host":"fuszjwm6fqgjjp4d","time":1611532118,"event":{"mods":["BaseMod","Bestiary","Colored Map","DeckTracker","Minty Spire (QoL Compilation)","Permanent Neow","Relic Sorter","Relic Stats","StSLib"],"gold_per_floor":[111,123,139,139,153,153,183,183,183,195,222,234,273,360,372,461,473,502,154,154,170,188,188,188,188,188,188,198,33,33,62,62,136,136,179,205,253,95,105,105,208,47,97,97,185,256,256,265,265,265],"floor_reached":51,"language":"ENG","playtime":1998,"items_purged":["Strike_P"],"score":1443,"play_id":"abac1a9d-dedb-4063-8711-cd919cb77112","local_time":"20210124174838","is_ascension_mode":true,"campfire_choices":[{"data":"Adaptation","floor":6,"key":"SMITH"},{"data":"MentalFortress","floor":8,"key":"SMITH"},{"data":"Vigilance","floor":10,"key":"SMITH"},{"data":"TalkToTheHand","floor":12,"key":"SMITH"},{"data":"Defend_P","floor":15,"key":"SMITH"},{"data":"DevaForm","floor":23,"key":"SMITH"},{"floor":25,"key":"REST"},{"data":"Wallop","floor":27,"key":"SMITH"},{"data":"CutThroughFate","floor":32,"key":"SMITH"},{"floor":40,"key":"REST"},{"floor":44,"key":"REST"},{"floor":49,"key":"REST"}],"circlet_count":0,"master_deck":["AscendersBane","Strike_P+1","Strike_P+1","Defend_P+1","Defend_P","Defend_P","Eruption+1","Vigilance+1","CurseOfTheBell","Protect+1","ConjureBlade+1","Adaptation+1","DeceiveReality+1","ForeignInfluence+1","Vault+1","EmptyBody+1","MentalFortress+1","TalkToTheHand+1","Evaluate+1","WreathOfFlame+1","DevaForm+1","Wallop+1","Chrysalis+1","PathToVictory+1","PathToVictory+1","Sanctity+1","Vault+1","CutThroughFate+1","PathToVictory+1","Wish+1","PathToVictory+1","Wish+1","Evaluate+1","Tantrum"],"relics":["Calling Bell","Regal Pillow","Toxic Egg 2","Prayer Wheel","Whetstone","MawBank","Bottled Tornado","Sozu","Nilry\u0027s Codex","TeardropLocket","PreservedInsect","Ancient Tea Set","Busted Crown","Omamori","Bag of Preparation","CeramicFish","Vajra","Damaru","Pear"],"acts_visited":["TheCity","TheBeyond"],"potions_floor_usage":[11,16,37],"damage_taken":[{"damage":0,"enemies":"2 Louse","floor":1,"turns":2},{"damage":0,"enemies":"Cultist","floor":2,"turns":4},{"damage":12,"enemies":"Jaw Worm","floor":3,"turns":2},{"damage":1,"enemies":"2 Fungi Beasts","floor":5,"turns":3},{"damage":0,"enemies":"Gremlin Nob","floor":7,"turns":3},{"damage":0,"enemies":"Large Slime","floor":11,"turns":3},{"damage":0,"enemies":"Lagavulin","floor":13,"turns":5},{"damage":2,"enemies":"Hexaghost","floor":16,"turns":13},{"damage":1,"enemies":"2 Thieves","floor":18,"turns":5},{"damage":12,"enemies":"Shell Parasite","floor":21,"turns":7},{"damage":4,"enemies":"3 Cultists","floor":22,"turns":6},{"damage":19,"enemies":"Snecko","floor":28,"turns":8},{"damage":0,"enemies":"Book of Stabbing","floor":31,"turns":6},{"damage":20,"enemies":"Automaton","floor":33,"turns":10},{"damage":7,"enemies":"Orb Walker","floor":35,"turns":4},{"damage":17,"enemies":"3 Darklings","floor":37,"turns":3},{"damage":19,"enemies":"Jaw Worm Horde","floor":39,"turns":5},{"damage":2,"enemies":"Giant Head","floor":41,"turns":8},{"damage":28,"enemies":"4 Shapes","floor":45,"turns":7},{"damage":68,"enemies":"Awakened One","floor":50,"turns":17}],"seed_played":"-7966703964636487890","potions_obtained":[{"floor":2,"key":"Fruit Juice"},{"floor":5,"key":"BlessingOfTheForge"},{"floor":11,"key":"LiquidMemories"},{"floor":16,"key":"PowerPotion"}],"is_trial":false,"path_per_floor":["M","M","M","?","M","R","E","R","T","R","M","R","E","?","R","B",null,"M","$","?","M","M","R","?","R","T","R","M","$","?","E","R","B",null,"M","T","M","$","M","R","E","$","T","R","M","T","?","?","R","B",null],"character_chosen":"WATCHER","items_purchased":["Chrysalis+1","Finesse+1","PreservedInsect","Bag of Preparation","Vajra"],"campfire_rested":4,"item_purchase_floors":[19,19,29,38,42],"current_hp_per_floor":[61,61,49,49,48,48,48,48,48,48,53,53,53,42,42,40,65,64,64,64,52,48,48,27,63,63,63,44,44,73,73,73,53,68,61,61,44,44,25,61,59,59,59,73,45,55,55,55,83,15],"gold":265,"neow_bonus":"BOSS_RELIC","is_daily":false,"chose_seed":false,"campfire_upgraded":8,"win_rate":0.0,"timestamp":1611532118,"path_taken":["M","M","M","?","M","R","E","R","T","R","?","R","E","?","R","BOSS","M","$","?","M","M","R","?","R","T","R","M","$","?","E","R","BOSS","M","?","?","$","M","R","E","?","T","R","M","?","?","?","R","BOSS"],"items_purchased_type":["Card","Card","Relic","Relic","Relic"],"build_version":"2020-12-22","purchased_purges":1,"victory":true,"max_hp_per_floor":[68,68,68,68,68,68,68,68,68,68,73,73,73,73,73,73,73,73,73,73,73,73,73,73,73,73,73,73,73,73,73,73,73,73,73,73,73,73,73,73,73,73,73,73,73,83,83,83,83,83],"relic_stats":{"Sozu":5,"Regal Pillow":34,"Busted Crown":18,"counters":[20,121],"CeramicFish":27,"Prayer Wheel":13,"PreservedInsect":173,"Bag of Preparation":[8],"Whetstone":["Strike_P","Strike_P"],"MawBank":120,"obtain_stats":[{"Regal Pillow":0,"Pear":46,"Nilry\u0027s Codex":24,"CeramicFish":41,"Vajra":42,"Damaru":43,"PreservedInsect":29,"Omamori":36,"Bag of Preparation":38,"Whetstone":7,"TeardropLocket":26,"Bottled Tornado":13,"MawBank":9,"Ancient Tea Set":31,"Calling Bell":0,"Sozu":17,"Busted Crown":34,"Prayer Wheel":0,"PureWater":0,"Toxic Egg 2":0},{"Regal Pillow":0,"Pear":19,"Nilry\u0027s Codex":11,"CeramicFish":18,"Vajra":18,"Damaru":18,"PreservedInsect":12,"Omamori":15,"Bag of Preparation":16,"Whetstone":5,"TeardropLocket":11,"Bottled Tornado":7,"MawBank":5,"Ancient Tea Set":13,"Calling Bell":0,"Sozu":8,"Busted Crown":14,"Prayer Wheel":0,"PureWater":0,"Toxic Egg 2":0},{"Regal Pillow":0,"Pear":104,"Nilry\u0027s Codex":53,"CeramicFish":97,"Vajra":97,"Damaru":97,"PreservedInsect":61,"Omamori":81,"Bag of Preparation":84,"Whetstone":14,"TeardropLocket":53,"Bottled Tornado":22,"MawBank":14,"Ancient Tea Set":67,"Calling Bell":0,"Sozu":35,"Busted Crown":77,"Prayer Wheel":0,"PureWater":0,"Toxic Egg 2":0}]},"card_choices":[{"not_picked":["SashWhip","Indignation+1"],"picked":"Protect+1","floor":1},{"not_picked":["FlurryOfBlows","BowlingBash","FollowUp"],"picked":"SKIP","floor":1},{"not_picked":["Halt+1","EmptyFist"],"picked":"ConjureBlade+1","floor":2},{"not_picked":["Consecrate","FollowUp"],"picked":"Adaptation","floor":2},{"not_picked":["FlurryOfBlows","FollowUp"],"picked":"DeceiveReality+1","floor":3},{"not_picked":["Consecrate","Fasting2"],"picked":"ForeignInfluence+1","floor":3},{"not_picked":["ThirdEye+1","Evaluate+1"],"picked":"Vault+1","floor":5},{"not_picked":["Crescendo+1","JustLucky"],"picked":"EmptyBody+1","floor":5},{"not_picked":["Protect+1","BowlingBash"],"picked":"MentalFortress","floor":7},{"not_picked":["CrushJoints","SignatureMove"],"picked":"TalkToTheHand","floor":11},{"not_picked":["Crescendo+1","Weave"],"picked":"Evaluate+1","floor":11},{"not_picked":["JustLucky","CrushJoints"],"picked":"WreathOfFlame+1","floor":13},{"not_picked":["SpiritShield+1","Vault+1"],"picked":"DevaForm","floor":16},{"not_picked":["EmptyFist","JustLucky"],"picked":"Wallop","floor":18},{"not_picked":["BowlingBash","EmptyFist","Halt+1"],"picked":"SKIP","floor":18},{"not_picked":["Conclude","Protect+1"],"picked":"PathToVictory+1","floor":21},{"not_picked":["EmptyFist","Collect+1"],"picked":"PathToVictory+1","floor":21},{"not_picked":["Crescendo+1","Fasting2"],"picked":"Sanctity+1","floor":22},{"not_picked":["ThirdEye+1","WreathOfFlame+1"],"picked":"Vault+1","floor":22},{"not_picked":["Weave","Protect+1"],"picked":"CutThroughFate","floor":28},{"not_picked":["Prostrate+1","EmptyFist","Consecrate"],"picked":"SKIP","floor":28},{"not_picked":["JustLucky","EmptyFist"],"picked":"PathToVictory+1","floor":31},{"not_picked":["Blasphemy+1","Ragnarok"],"picked":"Wish+1","floor":33},{"not_picked":["FlyingSleeves"],"picked":"SKIP","floor":35},{"not_picked":["FollowUp"],"picked":"SKIP","floor":35},{"not_picked":[],"picked":"PathToVictory+1","floor":37},{"not_picked":["Consecrate+1"],"picked":"SKIP","floor":37},{"not_picked":["ClearTheMind+1"],"picked":"SKIP","floor":39},{"not_picked":["Vengeance+1"],"picked":"SKIP","floor":39},{"not_picked":[],"picked":"Wish+1","floor":41},{"not_picked":[],"picked":"Evaluate+1","floor":45},{"not_picked":["BowlingBash"],"picked":"SKIP","floor":45}],"player_experience":1330695,"relics_obtained":[{"floor":0,"key":"Regal Pillow"},{"floor":0,"key":"Toxic Egg 2"},{"floor":0,"key":"Prayer Wheel"},{"floor":7,"key":"Whetstone"},{"floor":9,"key":"MawBank"},{"floor":13,"key":"Bottled Tornado"},{"floor":24,"key":"Nilry\u0027s Codex"},{"floor":26,"key":"TeardropLocket"},{"floor":31,"key":"Ancient Tea Set"},{"floor":36,"key":"Omamori"},{"floor":41,"key":"CeramicFish"},{"floor":43,"key":"Damaru"},{"floor":46,"key":"Pear"}],"event_choices":[{"damage_healed":0,"gold_gain":0,"player_choice":"Forge","damage_taken":0,"max_hp_gain":0,"max_hp_loss":0,"event_name":"Accursed Blacksmith","floor":4,"gold_loss":0,"cards_upgraded":["Eruption"]},{"damage_healed":0,"gold_gain":75,"player_choice":"Gather Gold","damage_taken":11,"max_hp_gain":0,"max_hp_loss":0,"event_name":"World of Goop","floor":14,"gold_loss":0},{"cards_removed":["Strike_P"],"damage_healed":0,"gold_gain":0,"player_choice":"Elegance","damage_taken":0,"max_hp_gain":0,"max_hp_loss":0,"event_name":"Back to Basics","floor":20,"gold_loss":0},{"damage_healed":0,"gold_gain":0,"player_choice":"Obtained Book","damage_taken":21,"max_hp_gain":0,"max_hp_loss":0,"event_name":"Cursed Tome","floor":24,"gold_loss":0},{"cards_removed":["Finesse"],"damage_healed":29,"gold_gain":0,"player_choice":"Offered Uncommon","damage_taken":0,"max_hp_gain":0,"max_hp_loss":0,"event_name":"Bonfire Elementals","floor":30,"gold_loss":0},{"damage_healed":0,"gold_gain":0,"player_choice":"Ignored","damage_taken":0,"max_hp_gain":0,"max_hp_loss":0,"event_name":"Tomb of Lord Red Mask","floor":47,"gold_loss":0},{"damage_healed":0,"gold_gain":0,"cards_transformed":["Defend_P"],"player_choice":"Transformed","damage_taken":0,"max_hp_gain":0,"max_hp_loss":0,"event_name":"Transmorgrifier","floor":48,"gold_loss":0,"cards_obtained":["Tantrum"]}],"is_beta":false,"boss_relics":[{"not_picked":["VioletLotus","Tiny House"],"picked":"Sozu"},{"not_picked":["Cursed Key","Pandora\u0027s Box"],"picked":"Busted Crown"}],"items_purged_floors":[19],"is_endless":false,"potions_floor_spawned":[2,5,11,16,18,22,31,37,41],"ascension_level":17}}