{"host":"gvmmh8a4dbuurnvz","time":1611489935,"event":{"mods":["AchievementEnabler","Aspiration","BaseMod","Better Vampires","BetterRewards","Colored Powertips","Highlight Path","Minty Spire (QoL Compilation)","MostiFishMod","Spicy Shops","StSLib","¡¾ÒÅÎï¿¨ÅÆ¡¿REMEMod"],"gold_per_floor":[109,123,123,123,141,141,154,154,154,154,154,177,210,228,228,359,359,372,386,386,407,427,467,490,530,530,551,751,786,786,805,805,929,929,953,1016,1016,1039,1057,1080,1080,1113,1139,1139,839,880,880,898,898,898,898,898,898,931,931],"floor_reached":56,"language":"ZHS","playtime":2313,"items_purged":["Strike_B","Defend_B","Strike_B","Defend_B","Zap","Strike_B","Strike_B","Defend_B","Defend_B+1","Zap+1","Dualcast"],"score":1971,"play_id":"9f2c7430-e7b8-4c18-9a90-13caca468002","local_time":"20210124200535","is_ascension_mode":false,"campfire_choices":[{"data":"Storm","floor":6.0,"key":"SMITH"},{"data":"Defragment","floor":10.0,"key":"SMITH"},{"data":"MostiFishMod:Impulse","floor":15.0,"key":"SMITH"},{"floor":32.0,"key":"RECALL"},{"data":"MostiFishMod:Distribution","floor":41,"key":"SMITH"},{"data":"Panache","floor":49,"key":"SMITH"},{"data":"Electrodynamics","floor":52,"key":"SMITH"}],"circlet_count":0,"master_deck":["Defragment+1","Defragment+1","Storm+1","Storm","MostiFishMod:Impulse+1","Static Discharge","Panache+1","Conserve Battery","Electrodynamics+1","Capacitor","Capacitor+1","Consume+1","MostiFishMod:Exploitation+1","MostiFishMod:LinkProtocol+1","Capacitor","MostiFishMod:Distribution+1","MostiFishMod:LinkProtocol+1"],"relics":["Cracked Core","DaveBox","REME_ComplimentaryCards","Sling","Boot","Potion Belt","Vajra","DiscerningMonocle","Lantern","Runic Capacitor","Centennial Puzzle","Girya","Singing Bowl","Dead Branch","Bag of Marbles","Pocketwatch","CaptainsWheel","Gambling Chip","Dodecahedron","DianPoetry","SynthV:TestCard","Bag of Preparation","Golden Idol","Pear","Philosopher\u0027s Stone","Toy Ornithopter","Anchor","MealTicket","MostiFishMod:AdaptiveDefenses","Art of War","SentryEyes","Mummified Hand","Orrery","SynthV:C4","aspiration:BursterCore","Akabeko","REME_CardOfGreed","ThornShield","War Paint","Bronze Scales","BionicSphere","ClockworkSouvenir","Oddly Smooth Stone","Nunchaku","Happy Flower"],"acts_visited":["Exordium","TheCity","TheBeyond","TheEnding"],"potions_floor_usage":[55,55,55,55,55,55],"damage_taken":[{"damage":3.0,"enemies":"2 Louse","floor":1.0,"turns":2.0},{"damage":10.0,"enemies":"Small Slimes","floor":2.0,"turns":3.0},{"damage":0.0,"enemies":"Cultist","floor":5.0,"turns":3.0},{"damage":0.0,"enemies":"Large Slime","floor":7.0,"turns":2.0},{"damage":5.0,"enemies":"Lots of Slimes","floor":12.0,"turns":3.0},{"damage":0.0,"enemies":"Gremlin Nob","floor":13.0,"turns":2.0},{"damage":1.0,"enemies":"3 Louse","floor":14.0,"turns":2.0},{"damage":9.0,"enemies":"The Guardian","floor":16.0,"turns":3.0},{"damage":0.0,"enemies":"Spheric Guardian","floor":18.0,"turns":1.0},{"damage":11.0,"enemies":"2 Thieves","floor":19.0,"turns":2.0},{"damage":0.0,"enemies":"3 Cultists","floor":21.0,"turns":2.0},{"damage":6.0,"enemies":"Snake Plant","floor":22.0,"turns":2.0},{"damage":0.0,"enemies":"Book of Stabbing","floor":23.0,"turns":2.0},{"damage":5.0,"enemies":"Centurion and Healer","floor":24.0,"turns":2.0},{"damage":18.0,"enemies":"Slavers","floor":25.0,"turns":2.0},{"damage":0.0,"enemies":"Cultist and Chosen","floor":27.0,"turns":2.0},{"damage":0.0,"enemies":"REME_1_Revenger","floor":29.0,"turns":2.0},{"damage":0.0,"enemies":"Shelled Parasite and Fungi","floor":31.0,"turns":2.0},{"damage":0.0,"enemies":"Automaton","floor":33.0,"turns":2.0},{"damage":0.0,"enemies":"3 Shapes","floor":35.0,"turns":1.0},{"damage":10.0,"enemies":"Mind Bloom Boss Battle","floor":36.0,"turns":3.0},{"damage":0.0,"enemies":"Orb Walker","floor":38.0,"turns":1.0},{"damage":0.0,"enemies":"Sphere and 2 Shapes","floor":39.0,"turns":1.0},{"damage":23,"enemies":"Transient","floor":40,"turns":4},{"damage":0,"enemies":"Reptomancer","floor":42,"turns":1},{"damage":0,"enemies":"Giant Head","floor":46,"turns":2},{"damage":0,"enemies":"Maw","floor":48,"turns":2},{"damage":0,"enemies":"Donu and Deca","floor":50,"turns":2},{"damage":0,"enemies":"Shield and Spear","floor":54,"turns":1},{"damage":0,"enemies":"The Heart","floor":55,"turns":3}],"seed_played":"7842382064778830697","potions_obtained":[{"floor":1.0,"key":"SpeedPotion"},{"floor":7.0,"key":"Dexterity Potion"},{"floor":13.0,"key":"EntropicBrew"},{"floor":14.0,"key":"AttackPotion"},{"floor":35.0,"key":"Strength Potion"}],"is_trial":false,"path_per_floor":["M","M","$","?","M","R","M","?","T","R","?","M","E","M","R","B",null,"M","M","$","M","M","E","M","E","T","M","?","E","$","M","R","B",null,"M","?","$","M","M","M","R","E","T","?","$","E","?","M","R","B",null,"R","$","E","B",null],"character_chosen":"DEFECT","items_purchased":["Boot","Potion Belt","Vajra","DiscerningMonocle","Lantern","Runic Capacitor","Centennial Puzzle","REME_GoldPotion","DuplicationPotion","Swift Potion","Singing Bowl","Bag of Marbles","CaptainsWheel","Dodecahedron","Bag of Preparation","Defragment","Toy Ornithopter","Anchor","MealTicket","MostiFishMod:AdaptiveDefenses","Art of War","EntropicBrew","Panache","Orrery","SynthV:C4","Capacitor","BlessingOfTheForge","FairyPotion","Akabeko","REME_CardOfGreed","ThornShield","LiquidMemories","BionicSphere","ClockworkSouvenir","Oddly Smooth Stone","Block Potion"],"campfire_rested":0,"item_purchase_floors":[0,0,0,0,0,0,0,0,0,0,0,0,0,0,3,3,20,20,20,20,20,20,20,30,30,30,30,30,37,37,37,37,45,45,45,53],"current_hp_per_floor":[74,64,64,49,49,49,51,32,32,32,32,27,37,38,38,31,93,93,84,84,84,78,80,75,78,78,78,78,80,99,101,101,106,107,109,104,109,111,113,92,92,94,94,94,109,111,119,121,121,121,121,121,121,123,123],"gold":931,"neow_bonus":"","is_daily":false,"chose_seed":false,"campfire_upgraded":6,"win_rate":0.0,"timestamp":1611489935,"path_taken":["M","M","$","?","M","R","M","?","T","R","?","M","E","M","R","BOSS","M","M","$","M","?","E","M","E","T","M","?","E","$","?","R","BOSS","M","?","$","M","M","M","R","E","T","?","$","E","?","M","R","BOSS","R","$","E","BOSS"],"items_purchased_type":["Relic","Relic","Relic","Relic","Relic","Relic","Relic","Potion","Potion","Potion","Relic","Relic","Relic","Relic","Relic","Card","Relic","Relic","Relic","Relic","Relic","Potion","Card","Relic","Relic","Card","Potion","Potion","Relic","Relic","Relic","Potion","Relic","Relic","Relic","Potion"],"build_version":"2020-12-22","purchased_purges":11,"victory":true,"max_hp_per_floor":[77,77,77,77,77,77,79,79,79,79,79,79,89,91,91,93,93,93,95,95,95,95,97,97,99,99,99,99,101,105,107,107,107,107,109,109,109,111,113,115,115,117,117,117,117,119,119,121,121,121,121,121,121,123,123],"card_choices":[{"not_picked":["Gash","Turbo","Rip and Tear"],"picked":"Singing Bowl","floor":1.0},{"not_picked":["Lockon","Barrage","Go for the Eyes","Heatsinks"],"picked":"Defragment","floor":2.0},{"not_picked":["Glacier","Barrage","Redo","Cold Snap"],"picked":"Storm","floor":5.0},{"not_picked":["Rebound","Compile Driver","Reinforced Body","Melter","Barrage"],"picked":"Singing Bowl","floor":7.0},{"not_picked":["All For One","Chill","Streamline","Rebound"],"picked":"Storm","floor":12.0},{"not_picked":["Leap","Force Field","Ball Lightning","Gash"],"picked":"MostiFishMod:Impulse","floor":13.0},{"not_picked":["Rebound","Compile Driver","MostiFishMod:InterfaceCompatibility","Leap","Sweeping Beam"],"picked":"Singing Bowl","floor":14.0},{"not_picked":["Buffer","Seek","MostiFishMod:Tomorrow","MostiFishMod:InterfaceCompatibility","Machine Learning"],"picked":"Singing Bowl","floor":16.0},{"not_picked":["Barrage+1","Cold Snap","Genetic Algorithm","Streamline+1"],"picked":"Static Discharge","floor":18.0},{"not_picked":["MostiFishMod:Impulse","MostiFishMod:FluxCapactior","White Noise+1","Glacier+1","Redo"],"picked":"Singing Bowl","floor":19.0},{"not_picked":["Darkness+1","Rebound+1","Redo+1","Hologram"],"picked":"Conserve Battery","floor":21.0},{"not_picked":["Darkness+1","Conserve Battery","Hologram","Beam Cell"],"picked":"Electrodynamics","floor":22.0},{"not_picked":["White Noise+1","Streamline","Conserve Battery","Fusion","Ball Lightning+1"],"picked":"Singing Bowl","floor":23.0},{"not_picked":["Streamline+1","Conserve Battery","Hologram","Biased Cognition"],"picked":"Capacitor","floor":24.0},{"not_picked":["Conserve Battery","Reinforced Body","Turbo","Rebound","Steam"],"picked":"Singing Bowl","floor":25.0},{"not_picked":["MostiFishMod:PushDownKick","Barrage","Beam Cell","Coolheaded"],"picked":"Capacitor+1","floor":27.0},{"not_picked":["Cold Snap+1","Hello World+1","MostiFishMod:IceShield","Hologram","Loop+1"],"picked":"Singing Bowl","floor":29.0},{"not_picked":["Chaos","Sweeping Beam+1","Turbo","Cold Snap"],"picked":"Consume+1","floor":30.0},{"not_picked":["Cold Snap","Rebound","Tempest","Compile Driver+1"],"picked":"MostiFishMod:Exploitation","floor":30.0},{"not_picked":["Stack","Self Repair+1","aspiration:Polymerization","Compile Driver","Hologram"],"picked":"Singing Bowl","floor":30.0},{"not_picked":["Stack","Leap","Turbo","Hologram","Steam"],"picked":"Singing Bowl","floor":30.0},{"not_picked":["Steam+1","Streamline","Cold Snap","Go for the Eyes"],"picked":"MostiFishMod:LinkProtocol+1","floor":30.0},{"not_picked":["Turbo","BootSequence+1","MostiFishMod:GoodWordForIt","Go for the Eyes","Coolheaded"],"picked":"Singing Bowl","floor":31.0},{"not_picked":["MostiFishMod:Hijack","MostiFishMod:DawningShadow","MostiFishMod:ActiveDefenseSystem","MostiFishMod:DeathFromBelow"],"picked":"MostiFishMod:Distribution","floor":33.0},{"not_picked":["Gash","Capacitor","Melter+1","Sweeping Beam+1","Hello World"],"picked":"Singing Bowl","floor":35.0},{"not_picked":["Melter","Stack","Compile Driver","Coolheaded+1"],"picked":"MostiFishMod:LinkProtocol","floor":36.0},{"not_picked":["Ball Lightning+1","Leap+1","Stack+1","Redo+1","Melter"],"picked":"Singing Bowl","floor":38.0},{"not_picked":["Core Surge","REME_DataAnalysis+1","Cold Snap+1","Beam Cell+1","Redo+1"],"picked":"Singing Bowl","floor":39.0},{"not_picked":["Double Energy","Leap","Reprogram","Coolheaded","Stack+1"],"picked":"Singing Bowl","floor":40},{"not_picked":["Multi-Cast","REME_DataAnalysis+1","Cold Snap","Defragment","Go for the Eyes+1"],"picked":"Singing Bowl","floor":42},{"not_picked":["Auto Shields+1","Sunder","Static Discharge","Streamline","Heatsinks"],"picked":"Singing Bowl","floor":46},{"not_picked":["Barrage","Cold Snap","Gash","MostiFishMod:PushDownKick+1","Coolheaded"],"picked":"Singing Bowl","floor":48},{"not_picked":["Ball Lightning+1","Stack","Steam","Force Field+1","REME_Whirling+1"],"picked":"Singing Bowl","floor":54}],"player_experience":309249,"relics_obtained":[{"floor":1.0,"key":"SynthV:TestCard"},{"floor":13.0,"key":"Pear"},{"floor":25.0,"key":"SentryEyes"},{"floor":26.0,"key":"Mummified Hand"},{"floor":42,"key":"War Paint"},{"floor":43,"key":"Bronze Scales"},{"floor":46,"key":"Nunchaku"},{"floor":54,"key":"Happy Flower"}],"event_choices":[{"damage_healed":0.0,"max_hp_gain":0.0,"max_hp_loss":0.0,"gold_gain":0.0,"event_name":"Shining Light","player_choice":"Entered Light","floor":4.0,"gold_loss":0.0,"damage_taken":15.0,"cards_upgraded":["Defend_B","Defragment"]},{"damage_healed":0.0,"max_hp_gain":0.0,"max_hp_loss":0.0,"gold_gain":0.0,"event_name":"Golden Idol","player_choice":"Take Damage","floor":8.0,"gold_loss":0.0,"damage_taken":19.0,"relics_obtained":["Golden Idol"]},{"damage_healed":0.0,"max_hp_gain":0.0,"max_hp_loss":0.0,"gold_gain":0.0,"event_name":"Accursed Blacksmith","player_choice":"Forge","floor":11.0,"gold_loss":0.0,"damage_taken":0.0,"cards_upgraded":["Zap"]},{"damage_healed":0.0,"max_hp_gain":0.0,"max_hp_loss":0.0,"gold_gain":200.0,"event_name":"Wheel of Change","player_choice":"Gold","floor":28.0,"gold_loss":0.0,"damage_taken":0.0},{"damage_healed":0.0,"max_hp_gain":0.0,"max_hp_loss":0.0,"gold_gain":0.0,"event_name":"MindBloom","player_choice":"Fight","floor":36.0,"gold_loss":0.0,"damage_taken":0.0},{"damage_healed":0,"gold_gain":0,"player_choice":"Ignored","damage_taken":0,"max_hp_gain":0,"max_hp_loss":0,"event_name":"The Moai Head","floor":44,"gold_loss":0}],"is_beta":false,"boss_relics":[{"not_picked":["Cursed Key","SacredBark"],"picked":"Philosopher\u0027s Stone"},{"not_picked":["EE1DDrone","HereWithMe"],"picked":"aspiration:BursterCore"}],"items_purged_floors":[0,0,0,0,3,20,30,37,45,45,53],"is_endless":false,"potions_floor_spawned":[1,7,13,14,16,21,23,24,31,35,39,40,42],"ascension_level":0}}