{"host":"newqdrzxfhh2im9e","time":1611532490,"event":{"mods":["AchievementEnabler","BaseMod","BetterRewards","Block Reminder","Colored Map","Jorbs\u0027s Wanderer Trilogy","Minty Spire (QoL Compilation)","Rare Cards Sparkle","Shop Mod","StSLib"],"gold_per_floor":[216,69,144,162,337,337,353,373,396,396,409,436,436,449,449,570,570,588,628,628,26,41,77,2,2,25,25,43,43,43,66,66,197,197,221,221,244,258,41,41,54,54,103,127,127,50,50,126,126,126,126],"floor_reached":50,"language":"ENG","playtime":1797,"items_purged":["Doubt"],"score":485,"play_id":"83d93f0a-21e7-4e2c-a2df-9b88277eed64","local_time":"20210124155450","is_ascension_mode":false,"campfire_choices":[{"data":"DeceiveReality","floor":6.0,"key":"SMITH"},{"data":"BattleHymn","floor":10.0,"key":"SMITH"},{"floor":15.0,"key":"REST"},{"floor":27,"key":"REST"},{"floor":29,"key":"REST"},{"floor":32,"key":"REST"},{"floor":40,"key":"REST"},{"floor":42,"key":"REST"},{"floor":47,"key":"REST"},{"data":"Ragnarok","floor":49,"key":"SMITH"}],"circlet_count":0,"master_deck":["Strike_P","Strike_P","Strike_P","Strike_P","Defend_P","Defend_P","Defend_P+1","Defend_P","Eruption","Vigilance","DeceiveReality+1","BattleHymn+1","EmptyMind+1","Consecrate","Tantrum","Ragnarok+1","SignatureMove","Vengeance","Worship+1","TalkToTheHand","MasterReality+1","Conclude"],"relics":["PureWater","Vajra","TeardropLocket","Tiny Chest","War Paint","Golden Idol","SacredBark","Red Mask","Ginger","Damaru","Bag of Preparation","WingedGreaves","Boot","HornCleat","Omamori","Sling","Bronze Scales","InkBottle"],"acts_visited":["Exordium","TheCity","TheBeyond"],"potions_floor_usage":[33,33,44,44,45,45,50,50],"damage_taken":[{"damage":0.0,"enemies":"Cultist","floor":1.0,"turns":2.0},{"damage":0.0,"enemies":"Jaw Worm","floor":4.0,"turns":4.0},{"damage":0.0,"enemies":"Small Slimes","floor":7.0,"turns":3.0},{"damage":5.0,"enemies":"Exordium Thugs","floor":8.0,"turns":4.0},{"damage":6.0,"enemies":"Large Slime","floor":11.0,"turns":2.0},{"damage":20.0,"enemies":"Lagavulin","floor":12.0,"turns":8.0},{"damage":1.0,"enemies":"Red Slaver","floor":14.0,"turns":3.0},{"damage":18.0,"enemies":"Hexaghost","floor":16.0,"turns":6.0},{"damage":0.0,"enemies":"Spheric Guardian","floor":18.0,"turns":2.0},{"damage":21.0,"enemies":"Masked Bandits","floor":19.0,"turns":3.0},{"damage":15,"enemies":"Shell Parasite","floor":22,"turns":3},{"damage":31,"enemies":"Book of Stabbing","floor":23,"turns":3},{"damage":0,"enemies":"Snecko","floor":28,"turns":2},{"damage":0,"enemies":"Cultist and Chosen","floor":31,"turns":3},{"damage":65,"enemies":"Champ","floor":33,"turns":7},{"damage":20,"enemies":"3 Shapes","floor":35,"turns":3},{"damage":15,"enemies":"3 Darklings","floor":38,"turns":4},{"damage":24,"enemies":"4 Shapes","floor":41,"turns":4},{"damage":0,"enemies":"Spire Growth","floor":44,"turns":5},{"damage":3,"enemies":"Sphere and 2 Shapes","floor":45,"turns":3},{"damage":155,"enemies":"Awakened One","floor":50,"turns":6}],"seed_played":"8790552589118076676","potions_obtained":[{"floor":1.0,"key":"Ancient Potion"},{"floor":8.0,"key":"FairyPotion"},{"floor":12.0,"key":"FearPotion"},{"floor":16.0,"key":"Ancient Potion"},{"floor":28,"key":"Regen Potion"},{"floor":31,"key":"FearPotion"},{"floor":33,"key":"Ancient Potion"},{"floor":35,"key":"Weak Potion"},{"floor":44,"key":"EntropicBrew"}],"is_trial":false,"path_per_floor":["M","$","T","M","?","R","M","M","T","R","M","E","?","M","R","B",null,"M","?","?","$","M","E","$","T","T","R","M","R","T","M","R","B",null,"M","?","T","M","$","R","M","R","T","M","M","$","R","T","R","B"],"character_chosen":"WATCHER","items_purchased":["Vajra","Ginger","Damaru","Vengeance","TalkToTheHand","Sling","Conclude","Ancient Potion"],"campfire_rested":7,"item_purchase_floors":[2,21,21,21,24,39,39,46],"current_hp_per_floor":[72,72,72,72,72,72,72,67,67,67,61,41,23,22,43,25,72,72,51,51,51,36,5,5,5,5,26,26,47,47,47,68,30,72,52,52,52,37,37,58,34,55,55,55,52,52,72,72,72,0,0],"gold":126,"neow_bonus":"HUNDRED_GOLD","is_daily":false,"chose_seed":false,"campfire_upgraded":3,"win_rate":0.0,"timestamp":1611532490,"path_taken":["M","$","?","M","?","R","M","M","T","R","M","E","?","M","R","BOSS","M","?","?","$","M","E","$","?","T","R","?","R","?","M","R","BOSS","M","?","?","M","?","R","?","R","T","M","?","$","R","?","R","BOSS"],"items_purchased_type":["Relic","Relic","Relic","Card","Card","Relic","Card","Potion"],"build_version":"2020-12-22","purchased_purges":1,"victory":false,"max_hp_per_floor":[72,72,72,72,72,72,72,72,72,72,72,72,72,72,72,72,72,72,72,72,72,72,72,72,72,72,72,72,72,72,72,72,72,72,72,72,72,72,72,72,72,72,72,72,72,72,72,72,72,72,72],"card_choices":[{"not_picked":["JustLucky","ReachHeaven"],"picked":"DeceiveReality","floor":1.0},{"not_picked":["CrushJoints","SashWhip","CutThroughFate"],"picked":"SKIP","floor":4.0},{"not_picked":["EmptyMind","Pray"],"picked":"BattleHymn","floor":7.0},{"not_picked":["Consecrate","Prostrate"],"picked":"EmptyMind","floor":8.0},{"not_picked":["Crescendo","Halt","Protect"],"picked":"SKIP","floor":11.0},{"not_picked":["EmptyBody","FollowUp"],"picked":"Consecrate","floor":12.0},{"not_picked":["Evaluate","Prostrate"],"picked":"Tantrum","floor":14.0},{"not_picked":["LessonLearned","Judgement"],"picked":"Ragnarok","floor":16.0},{"not_picked":["EmptyBody","Prostrate"],"picked":"SignatureMove","floor":18.0},{"not_picked":["Crescendo","Protect","Prostrate+1"],"picked":"SKIP","floor":22},{"not_picked":["JustLucky","TalkToTheHand"],"picked":"Worship+1","floor":23},{"not_picked":["Halt+1","FlyingSleeves","Nirvana"],"picked":"SKIP","floor":28},{"not_picked":["ClearTheMind","ThirdEye","FlurryOfBlows"],"picked":"SKIP","floor":31},{"not_picked":["Blasphemy","DeusExMachina"],"picked":"MasterReality","floor":33},{"not_picked":["Consecrate+1","Vengeance","Crescendo"],"picked":"SKIP","floor":35},{"not_picked":["Worship","JustLucky+1","Halt+1"],"picked":"SKIP","floor":38},{"not_picked":["FlurryOfBlows+1","EmptyBody+1","ForeignInfluence+1"],"picked":"SKIP","floor":41},{"not_picked":["Nirvana+1","FlyingSleeves+1","Protect+1"],"picked":"SKIP","floor":44}],"player_experience":731372,"relics_obtained":[{"floor":3.0,"key":"TeardropLocket"},{"floor":9.0,"key":"Tiny Chest"},{"floor":12.0,"key":"War Paint"},{"floor":19.0,"key":"Red Mask"},{"floor":23,"key":"Bag of Preparation"},{"floor":25,"key":"WingedGreaves"},{"floor":26,"key":"Boot"},{"floor":30,"key":"HornCleat"},{"floor":37,"key":"Omamori"},{"floor":43,"key":"Bronze Scales"},{"floor":48,"key":"InkBottle"}],"event_choices":[{"damage_healed":0.0,"max_hp_gain":0.0,"max_hp_loss":0.0,"gold_gain":175.0,"event_name":"Liars Game","player_choice":"AGREE","floor":5.0,"gold_loss":0.0,"damage_taken":0.0,"cards_obtained":["Doubt"]},{"damage_healed":0.0,"max_hp_gain":0.0,"max_hp_loss":0.0,"gold_gain":0.0,"event_name":"Golden Idol","player_choice":"Take Damage","floor":13.0,"gold_loss":0.0,"damage_taken":18.0,"relics_obtained":["Golden Idol"]},{"damage_healed":0.0,"max_hp_gain":0.0,"max_hp_loss":0.0,"gold_gain":0.0,"event_name":"Masked Bandits","player_choice":"Fought Bandits","floor":19.0,"gold_loss":0.0,"damage_taken":0.0},{"damage_healed":0.0,"max_hp_gain":0.0,"max_hp_loss":0.0,"gold_gain":0.0,"event_name":"Vampires","player_choice":"Ignored","floor":20.0,"gold_loss":0.0,"damage_taken":0.0},{"damage_healed":0,"gold_gain":0,"player_choice":"Upgraded","damage_taken":0,"max_hp_gain":0,"max_hp_loss":0,"event_name":"Upgrade Shrine","floor":36,"gold_loss":0,"cards_upgraded":["MasterReality"]}],"is_beta":false,"boss_relics":[{"not_picked":["Ectoplasm","Runic Dome"],"picked":"SacredBark"},{"not_picked":["Philosopher\u0027s Stone","Fusion Hammer","Velvet Choker"]}],"items_purged_floors":[21],"is_endless":false,"potions_floor_spawned":[1,8,12,16,28,31,33,35,44],"killed_by":"Awakened One","ascension_level":0}}