{"host":"bplbr8uekuotory4","time":1611492740,"event":{"mods":["Act Like it!","BaseMod","GungeonMod","Hermit","KinomotoSakuraMod(木之本樱)","Marisa（F雨　魔理沙）","Minty Spire (QoL Compilation)","Prisma Mod","Quick Restart","Reimu（博丽灵梦）","Replay The Spire","SOS（斯巴达之子）","Spicy Shops","StSLib","TestMod","The Blackbeard","The Cursed","The Mystic","The Poker Player","The Saiyan","The Senshi","The Servant 0.9.4","Yuri Mod","[IsaacMod]以撒尖塔"],"gold_per_floor":[109,116,128,152,4,4,4,4,4,4,22,53,53,78,78,78,78],"floor_reached":16,"language":"ZHS","playtime":147,"items_purged":[],"score":265,"play_id":"8f1b1c63-19b6-45b5-81fb-b47cdd9c49b5","local_time":"20210124205220","is_ascension_mode":true,"campfire_choices":[{"data":"Poisoned Stab","floor":6,"key":"SMITH"},{"data":"Survivor","floor":8,"key":"SMITH"},{"floor":10,"key":"RECALL"},{"floor":15,"key":"DIG"}],"circlet_count":0,"master_deck":["AscendersBane","Strike_G","Strike_G+1","Strike_G","Strike_G","Defend_G","Defend_G","Defend_G","Defend_G","Defend_G","Survivor+1","Neutralize+1","Poisoned Stab+1","Masterful Stab"],"relics":["Ring of the Snake","testmod-TestBox","HushsDoor","SalivaCoin","testmod-Temperance","NeowsBlessing","Whetstone","DemoMod:GlassGuonStoneRelic","ReplayTheSpireMod:TigerMarble","SteamSale","testmod-ArcanaOfDestiny","Replay:Rubber Ducky","Orichalcum","Pen Nib"],"acts_visited":["Exordium"],"potions_floor_usage":[16],"damage_taken":[{"damage":0,"enemies":"Small Slimes","floor":1,"turns":1},{"damage":0,"enemies":"Cultist","floor":3,"turns":1},{"damage":0,"enemies":"Jaw Worm","floor":11,"turns":1},{"damage":0,"enemies":"Lagavulin","floor":12,"turns":4},{"damage":0,"enemies":"3 Sentries","floor":14,"turns":1},{"damage":0,"enemies":"Fading Forest","floor":16,"turns":1}],"seed_played":"3392367048019192145","potions_obtained":[{"floor":3,"key":"Energy Potion"},{"floor":12,"key":"SkillPotion"},{"floor":13,"key":"DistilledChaos"}],"is_trial":false,"path_per_floor":["M","?","M","T","$","R","$","R","T","R","M","E","?","E","R","B"],"character_chosen":"THE_SILENT","items_purchased":["SteamSale"],"campfire_rested":0,"item_purchase_floors":[5],"current_hp_per_floor":[59,44,44,44,44,44,44,44,44,44,44,44,44,49,49,49,49],"gold":78,"neow_bonus":"THREE_ENEMY_KILL","is_daily":false,"chose_seed":false,"campfire_upgraded":2,"win_rate":0.0,"timestamp":1611492740,"path_taken":["M","?","?","?","$","R","$","R","T","R","?","E","?","E","R","BOSS"],"items_purchased_type":["Relic"],"build_version":"2020-12-22","purchased_purges":0,"victory":false,"max_hp_per_floor":[66,66,66,66,66,66,66,66,66,66,66,66,66,66,66,66,66],"card_choices":[{"not_picked":[],"picked":"Bomb","floor":0},{"not_picked":["Bouncing Flask","Outmaneuver"],"picked":"Poisoned Stab","floor":1},{"not_picked":["Riddle With Holes","Caltrops"],"picked":"Bomb","floor":3},{"not_picked":["Heel Hook","Quick Slash","Envenom"],"picked":"SKIP","floor":11},{"not_picked":["Acrobatics","Outmaneuver","Prepared"],"picked":"SKIP","floor":12},{"not_picked":["Quick Slash","Cloak And Dagger"],"picked":"Masterful Stab","floor":14}],"player_experience":1155929,"relics_obtained":[{"floor":4,"key":"ReplayTheSpireMod:TigerMarble"},{"floor":9,"key":"testmod-ArcanaOfDestiny"},{"floor":12,"key":"Replay:Rubber Ducky"},{"floor":14,"key":"Orichalcum"},{"floor":15,"key":"Pen Nib"}],"event_choices":[{"damage_healed":0,"gold_gain":0,"player_choice":"Got Potions","damage_taken":0,"max_hp_gain":0,"max_hp_loss":0,"event_name":"Lab","floor":13,"gold_loss":0}],"is_beta":false,"boss_relics":[],"items_purged_floors":[],"is_endless":false,"potions_floor_spawned":[3,12,14],"killed_by":"Fading Forest","ascension_level":14}}