{"host":"j4g6ia6asvpyu2b0","time":1611487483,"event":{"mods":["BaseMod","Colored Map","Minty Spire (QoL Compilation)","Permanent Neow","Quick Restart","Relic Stats","StSLib","Unceasing Turn Reminder"],"gold_per_floor":[114,289,239,254,104,104,134,134,209,209,239,254,284,299,299,399,399,414,429,444,444,459,459,489,504,504,534,370,370,420,435,435,535,535,550,305,320,335,350,350,87,87,87,87,133,148,178,178,178,178],"floor_reached":51,"language":"ENG","playtime":2038,"items_purged":[],"score":935,"play_id":"f7af9287-7572-4885-8d6d-59a7d0b4601c","local_time":"20210124042443","daily_mods":["Draft","Colorless Cards","Terminal"],"is_ascension_mode":false,"campfire_choices":[{"data":"Predator","floor":6.0,"key":"SMITH"},{"data":"Crippling Poison","floor":8.0,"key":"SMITH"},{"data":"Cloak And Dagger","floor":10.0,"key":"SMITH"},{"data":"Madness","floor":15,"key":"SMITH"},{"data":"Catalyst","floor":23,"key":"SMITH"},{"data":"Bouncing Flask","floor":29,"key":"SMITH"},{"data":"Footwork","floor":32,"key":"SMITH"},{"data":"Adrenaline","floor":40,"key":"SMITH"},{"data":"Crippling Poison","floor":44,"key":"SMITH"},{"floor":49,"key":"REST"}],"circlet_count":0,"master_deck":["Backflip+1","Quick Slash+1","Enlightenment+1","Flying Knee+1","Finesse+1","Finisher+1","Dagger Spray+1","Deadly Poison+1","Cloak And Dagger+1","Quick Slash+1","Poisoned Stab+1","Cloak And Dagger+1","Dodge and Roll+1","Predator+1","Flying Knee+1","Poisoned Stab+1","Outmaneuver+1","Crippling Poison+1","Deadly Poison+1","Madness+1","Catalyst+1","Secret Technique+1","Secret Technique+1","Bouncing Flask+1","Quick Slash+1","Deadly Poison+1","Writhe","Sucker Punch+1","Bullet Time+1","PiercingWail+1","Crippling Poison+1","Footwork+1","Catalyst+1","Adrenaline+1","Caltrops+1","Footwork+1","Dagger Throw+1","Poisoned Stab+1","Poisoned Stab+1","Footwork+1","Thinking Ahead+1","Flash of Steel+1","Blade Dance+1","Predator+1","Acrobatics+1"],"relics":["Ring of the Snake","Membership Card","Bottled Flame","Mercury Hourglass","Oddly Smooth Stone","Bag of Marbles","Philosopher\u0027s Stone","Boot","Darkstone Periapt","Blue Candle","Nunchaku","Pear","Busted Crown","Happy Flower","Vajra","TwistedFunnel","Ice Cream","Strawberry","Pantograph","Torii","Bag of Preparation","Mark of the Bloom"],"acts_visited":["Exordium","TheCity","TheBeyond"],"potions_floor_usage":[11,24,37,50,50],"damage_taken":[{"damage":0.0,"enemies":"Small Slimes","floor":1.0,"turns":2.0},{"damage":0.0,"enemies":"2 Louse","floor":4.0,"turns":2.0},{"damage":9.0,"enemies":"Lagavulin","floor":7.0,"turns":5.0},{"damage":0,"enemies":"3 Sentries","floor":11,"turns":3},{"damage":0,"enemies":"Jaw Worm","floor":12,"turns":2},{"damage":0,"enemies":"Gremlin Nob","floor":13,"turns":2},{"damage":0,"enemies":"Lots of Slimes","floor":14,"turns":1},{"damage":7,"enemies":"The Guardian","floor":16,"turns":6},{"damage":0,"enemies":"3 Byrds","floor":18,"turns":2},{"damage":0,"enemies":"Spheric Guardian","floor":19,"turns":2},{"damage":0,"enemies":"Centurion and Healer","floor":20,"turns":2},{"damage":6,"enemies":"Snake Plant","floor":22,"turns":2},{"damage":6,"enemies":"Book of Stabbing","floor":24,"turns":3},{"damage":0,"enemies":"3 Cultists","floor":25,"turns":3},{"damage":0,"enemies":"Gremlin Leader","floor":27,"turns":3},{"damage":0,"enemies":"Snecko","floor":31,"turns":1},{"damage":11,"enemies":"Collector","floor":33,"turns":4},{"damage":0,"enemies":"3 Shapes","floor":35,"turns":2},{"damage":5,"enemies":"3 Darklings","floor":37,"turns":2},{"damage":0,"enemies":"Writhing Mass","floor":38,"turns":3},{"damage":0,"enemies":"4 Shapes","floor":39,"turns":3},{"damage":0,"enemies":"2 Orb Walkers","floor":45,"turns":2},{"damage":0,"enemies":"Transient","floor":46,"turns":5},{"damage":18,"enemies":"Reptomancer","floor":47,"turns":3},{"damage":3,"enemies":"Awakened One","floor":50,"turns":7}],"seed_played":"-992185634128019100","potions_obtained":[{"floor":4.0,"key":"GamblersBrew"},{"floor":7.0,"key":"LiquidMemories"},{"floor":16,"key":"Swift Potion"},{"floor":18,"key":"Energy Potion"},{"floor":27,"key":"DistilledChaos"},{"floor":33,"key":"AttackPotion"},{"floor":39,"key":"FearPotion"},{"floor":45,"key":"Dexterity Potion"}],"is_trial":false,"path_per_floor":["M","?","?","M","$","R","E","R","T","R","E","M","E","M","R","B",null,"M","M","M","?","M","R","E","M","T","E","$","R","?","M","R","B",null,"M","$","M","M","M","R","$","?","T","R","?","M","E","?","R","B",null],"character_chosen":"THE_SILENT","items_purchased":["Membership Card","Pear","Footwork","Happy Flower","Vajra","TwistedFunnel","Footwork","Ice Cream","Strawberry","Footwork"],"campfire_rested":1,"item_purchase_floors":[5,28,28,36,36,36,36,41,41,41],"current_hp_per_floor":[68,67,66,65,64,63,54,54,54,54,54,54,54,54,54,47,52,51,50,49,48,42,42,36,36,36,36,46,46,46,46,46,35,45,44,43,38,38,38,38,45,35,35,35,35,35,17,17,17,14],"gold":178,"neow_bonus":"","is_daily":true,"chose_seed":false,"campfire_upgraded":9,"win_rate":0.0,"timestamp":1611487483,"path_taken":["M","?","?","M","?","R","E","R","T","R","E","M","E","?","R","BOSS","M","?","M","?","M","R","E","M","T","E","$","R","?","M","R","BOSS","M","$","?","M","M","R","$","?","T","R","?","M","E","?","R","BOSS"],"items_purchased_type":["Relic","Relic","Card","Relic","Relic","Relic","Card","Relic","Relic","Card"],"build_version":"2020-12-22","purchased_purges":0,"victory":true,"max_hp_per_floor":[68,67,66,65,64,63,62,61,60,59,58,57,56,55,54,53,52,51,50,49,48,47,46,45,44,43,42,51,50,49,48,47,46,45,44,43,42,41,40,39,45,44,43,42,41,40,39,38,37,36],"relic_stats":{"Darkstone Periapt":0,"Mark of the Bloom":36,"Happy Flower":[8],"Torii":2,"counters":[25,71],"Blue Candle":[2],"Bag of Preparation":[2],"Boot":[30],"Mercury Hourglass":[297],"Nunchaku":[10],"Busted Crown":20,"Pantograph":0,"obtain_stats":[{"Darkstone Periapt":24,"TwistedFunnel":36,"Ice Cream":41,"Mark of the Bloom":48,"Pear":28,"Happy Flower":36,"Torii":45,"Blue Candle":26,"Oddly Smooth Stone":11,"Vajra":36,"Bag of Preparation":47,"Boot":21,"Mercury Hourglass":9,"Bottled Flame":7,"Nunchaku":27,"Busted Crown":34,"Strawberry":41,"Pantograph":43,"Philosopher\u0027s Stone":17,"Bag of Marbles":13,"Membership Card":5,"Ring of the Snake":0},{"Darkstone Periapt":13,"TwistedFunnel":18,"Ice Cream":21,"Mark of the Bloom":24,"Pear":15,"Happy Flower":18,"Torii":22,"Blue Candle":14,"Oddly Smooth Stone":4,"Vajra":18,"Bag of Preparation":24,"Boot":11,"Mercury Hourglass":3,"Bottled Flame":3,"Nunchaku":15,"Busted Crown":17,"Strawberry":21,"Pantograph":21,"Philosopher\u0027s Stone":8,"Bag of Marbles":6,"Membership Card":2,"Ring of the Snake":0},{"Darkstone Periapt":33,"TwistedFunnel":46,"Ice Cream":54,"Mark of the Bloom":64,"Pear":39,"Happy Flower":46,"Torii":56,"Blue Candle":36,"Oddly Smooth Stone":11,"Vajra":46,"Bag of Preparation":64,"Boot":28,"Mercury Hourglass":9,"Bottled Flame":9,"Nunchaku":39,"Busted Crown":44,"Strawberry":54,"Pantograph":54,"Philosopher\u0027s Stone":22,"Bag of Marbles":15,"Membership Card":4,"Ring of the Snake":0}],"Ring of the Snake":[50]},"card_choices":[{"not_picked":["Acrobatics","Slice"],"picked":"Backflip","floor":0.0},{"not_picked":["Prepared","Cloak And Dagger"],"picked":"Quick Slash","floor":0.0},{"not_picked":["PanicButton","Underhanded Strike"],"picked":"Enlightenment","floor":0.0},{"not_picked":["Trip","Impatience"],"picked":"Flying Knee","floor":0.0},{"not_picked":["Endless Agony","Catalyst"],"picked":"Finesse","floor":0.0},{"not_picked":["Acrobatics","PiercingWail"],"picked":"Finisher","floor":0.0},{"not_picked":["PiercingWail","Bane"],"picked":"Dagger Spray","floor":0.0},{"not_picked":["Prepared","PiercingWail"],"picked":"Deadly Poison","floor":0.0},{"not_picked":["Quick Slash","Expertise"],"picked":"Cloak And Dagger","floor":0.0},{"not_picked":["Cloak And Dagger","Mind Blast"],"picked":"Quick Slash","floor":0.0},{"not_picked":["Deadly Poison","Backflip"],"picked":"Poisoned Stab","floor":0.0},{"not_picked":["Dodge and Roll","Flying Knee"],"picked":"Cloak And Dagger","floor":0.0},{"not_picked":["Underhanded Strike","Acrobatics"],"picked":"Dodge and Roll","floor":0.0},{"not_picked":["Mind Blast","Escape Plan"],"picked":"Predator","floor":0.0},{"not_picked":["Cloak And Dagger","Caltrops"],"picked":"Flying Knee","floor":0.0},{"not_picked":["Bane","Dark Shackles"],"picked":"Poisoned Stab","floor":1.0},{"not_picked":["Sucker Punch","Bandage Up"],"picked":"Outmaneuver","floor":4.0},{"not_picked":["Sucker Punch","Bandage Up"],"picked":"Crippling Poison","floor":7.0},{"not_picked":["Dark Shackles","Acrobatics"],"picked":"Deadly Poison","floor":11},{"not_picked":["Prepared","Panacea"],"picked":"Madness","floor":12},{"not_picked":["Deep Breath","Outmaneuver"],"picked":"Catalyst","floor":13},{"not_picked":["Poisoned Stab","Crippling Poison"],"picked":"Secret Technique","floor":14},{"not_picked":["Grand Finale","Unload"],"picked":"Secret Technique","floor":16},{"not_picked":["Deflect","Escape Plan+1"],"picked":"Bouncing Flask","floor":18},{"not_picked":["Sucker Punch","Distraction"],"picked":"Quick Slash+1","floor":19},{"not_picked":["Deflect","Skewer"],"picked":"Deadly Poison+1","floor":20},{"not_picked":["Poisoned Stab+1","Dagger Spray"],"picked":"Sucker Punch+1","floor":22},{"not_picked":["Eviscerate+1","Expertise"],"picked":"Bullet Time","floor":24},{"not_picked":["Setup","Slice"],"picked":"PiercingWail","floor":25},{"not_picked":["Storm of Steel","Blind"],"picked":"Crippling Poison","floor":27},{"not_picked":["Prepared+1","Cloak And Dagger"],"picked":"Catalyst+1","floor":31},{"not_picked":["The Bomb","Sadistic Nature"],"picked":"Adrenaline","floor":33},{"not_picked":[],"picked":"Caltrops+1","floor":35},{"not_picked":[],"picked":"Dagger Throw","floor":37},{"not_picked":[],"picked":"Poisoned Stab+1","floor":38},{"not_picked":[],"picked":"Poisoned Stab+1","floor":39},{"not_picked":[],"picked":"Thinking Ahead","floor":42},{"not_picked":[],"picked":"Flash of Steel","floor":42},{"not_picked":[],"picked":"Blade Dance+1","floor":45},{"not_picked":[],"picked":"Predator","floor":46},{"not_picked":[],"picked":"Acrobatics","floor":47}],"player_experience":971522,"relics_obtained":[{"floor":7.0,"key":"Bottled Flame"},{"floor":9.0,"key":"Mercury Hourglass"},{"floor":11,"key":"Oddly Smooth Stone"},{"floor":13,"key":"Bag of Marbles"},{"floor":24,"key":"Darkstone Periapt"},{"floor":26,"key":"Blue Candle"},{"floor":27,"key":"Nunchaku"},{"floor":43,"key":"Pantograph"},{"floor":45,"key":"Torii"},{"floor":47,"key":"Bag of Preparation"}],"event_choices":[{"damage_healed":0.0,"max_hp_gain":0.0,"max_hp_loss":0.0,"gold_gain":175.0,"event_name":"Liars Game","player_choice":"AGREE","floor":2.0,"gold_loss":0.0,"damage_taken":0.0,"cards_obtained":["Doubt"]},{"cards_removed":["Doubt"],"damage_healed":0.0,"max_hp_gain":0.0,"max_hp_loss":0.0,"gold_gain":0.0,"event_name":"The Cleric","player_choice":"Card Removal","floor":3.0,"gold_loss":50.0,"damage_taken":0.0},{"damage_healed":0,"gold_gain":0,"player_choice":"Opened","damage_taken":0,"relics_obtained":["Boot"],"max_hp_gain":0,"max_hp_loss":0,"event_name":"The Mausoleum","floor":21,"gold_loss":0,"cards_obtained":["Writhe"]},{"damage_healed":0,"gold_gain":100,"player_choice":"Bet on Murderer","damage_taken":0,"max_hp_gain":0,"max_hp_loss":0,"event_name":"The Joust","floor":30,"gold_loss":50},{"damage_healed":0,"gold_gain":0,"player_choice":"Memory 3","damage_taken":10,"max_hp_gain":0,"max_hp_loss":0,"event_name":"SensoryStone","floor":42,"gold_loss":0},{"damage_healed":0,"gold_gain":0,"player_choice":"Fight","damage_taken":0,"max_hp_gain":0,"max_hp_loss":0,"event_name":"Mysterious Sphere","floor":45,"gold_loss":0},{"damage_healed":0,"gold_gain":0,"player_choice":"Upgrade","damage_taken":0,"relics_obtained":["Mark of the Bloom"],"max_hp_gain":0,"max_hp_loss":0,"event_name":"MindBloom","floor":48,"gold_loss":0,"cards_upgraded":["Backflip","Quick Slash","Enlightenment","Flying Knee","Finesse","Finisher","Dagger Spray","Deadly Poison","Quick Slash","Poisoned Stab","Cloak And Dagger","Dodge and Roll","Flying Knee","Poisoned Stab","Outmaneuver","Deadly Poison","Secret Technique","Secret Technique","Bullet Time","PiercingWail","Footwork","Dagger Throw","Footwork","Thinking Ahead","Flash of Steel","Predator","Acrobatics"]}],"is_beta":false,"boss_relics":[{"not_picked":["Ring of the Serpent","Tiny House"],"picked":"Philosopher\u0027s Stone"},{"not_picked":["WristBlade","Cursed Key"],"picked":"Busted Crown"}],"items_purged_floors":[],"is_endless":false,"potions_floor_spawned":[4,7,16,18,20,27,33,39,45],"ascension_level":0}}