{"host":"iph0xvuia0glosgr","time":1611449477,"event":{"mods":["BaseMod","Minty Spire (QoL Compilation)"],"gold_per_floor":[112,112,135,160,160,195,195,235,262,303,303,303,303,382,382,503,503,523,43,59,59,59,101,101,34,34,58,87,87,87,87,87,221,221,254,18,52,86,0,9,27,27,27,99,99,99,126,199,199,199],"floor_reached":51,"language":"ENG","playtime":3808,"items_purged":["Injury"],"score":792,"play_id":"c73b606d-56a5-465f-92b3-2d98bde6e6e0","local_time":"20210124005117","is_ascension_mode":true,"campfire_choices":[{"floor":7,"key":"REST"},{"floor":11,"key":"REST"},{"floor":15,"key":"REST"},{"data":"Poisoned Stab","floor":24,"key":"SMITH"},{"data":"Burst","floor":29,"key":"SMITH"},{"data":"Infinite Blades","floor":32,"key":"SMITH"},{"floor":42,"key":"REST"},{"floor":45,"key":"REST"},{"floor":49,"key":"REST"}],"circlet_count":0,"master_deck":["Strike_G","Strike_G","Strike_G","Strike_G","Strike_G","Defend_G","Defend_G","Defend_G","Defend_G","Defend_G","Survivor","Neutralize","Poisoned Stab+1","PiercingWail","Bane","Blur","Noxious Fumes+1","Burst+1","CurseOfTheBell","Bane+1","Infinite Blades+1","Slice","Dodge and Roll","Cloak And Dagger","RitualDagger","Heel Hook","Infinite Blades","Slice+1","Deadly Poison+1","Die Die Die+1","Poisoned Stab+1","Noxious Fumes","Finisher+1","Blur","Blade Dance+1","Mind Blast+1","Cloak And Dagger","Unload+1","Sucker Punch+1","Caltrops+1","Deadly Poison+1"],"relics":["Ring of the Snake","PreservedInsect","Golden Idol","Art of War","Juzu Bracelet","Centennial Puzzle","Snake Skull","Vajra","Turnip","Letter Opener","Calling Bell","Potion Belt","HornCleat","Unceasing Top","Toy Ornithopter","CeramicFish","Molten Egg 2","Philosopher\u0027s Stone","Anchor","Red Mask","Lantern","Girya","Thread and Needle"],"acts_visited":["Exordium","TheCity","TheBeyond"],"potions_floor_usage":[10,18,20,23,27,33,33,33,33,48,50],"damage_taken":[{"damage":2,"enemies":"Jaw Worm","floor":1,"turns":5},{"damage":0,"enemies":"Cultist","floor":3,"turns":3},{"damage":4,"enemies":"Small Slimes","floor":4,"turns":4},{"damage":28,"enemies":"Lagavulin","floor":6,"turns":7},{"damage":25,"enemies":"3 Sentries","floor":8,"turns":9},{"damage":7,"enemies":"Gremlin Nob","floor":10,"turns":4},{"damage":12,"enemies":"The Guardian","floor":16,"turns":9},{"damage":12,"enemies":"Spheric Guardian","floor":18,"turns":5},{"damage":2,"enemies":"2 Thieves","floor":20,"turns":3},{"damage":0,"enemies":"Gremlin Leader","floor":23,"turns":7},{"damage":3,"enemies":"Snake Plant","floor":27,"turns":4},{"damage":12,"enemies":"3 Cultists","floor":28,"turns":5},{"damage":54,"enemies":"Automaton","floor":33,"turns":8},{"damage":7,"enemies":"Orb Walker","floor":35,"turns":3},{"damage":2,"enemies":"3 Shapes","floor":37,"turns":5},{"damage":38,"enemies":"Spire Growth","floor":38,"turns":5},{"damage":1,"enemies":"Mind Bloom Boss Battle","floor":44,"turns":6},{"damage":0,"enemies":"Sphere and 2 Shapes","floor":47,"turns":3},{"damage":40,"enemies":"2 Orb Walkers","floor":48,"turns":5},{"damage":60,"enemies":"Donu and Deca","floor":50,"turns":8}],"seed_played":"-764817050516256223","potions_obtained":[{"floor":3,"key":"EssenceOfSteel"},{"floor":4,"key":"DuplicationPotion"},{"floor":8,"key":"Weak Potion"},{"floor":10,"key":"Dexterity Potion"},{"floor":18,"key":"EntropicBrew"},{"floor":20,"key":"AttackPotion"},{"floor":28,"key":"Poison Potion"},{"floor":30,"key":"GhostInAJar"},{"floor":30,"key":"Strength Potion"},{"floor":35,"key":"EssenceOfSteel"},{"floor":48,"key":"LiquidMemories"}],"is_trial":false,"path_per_floor":["M","?","M","M","?","E","R","E","T","E","R","?","?","T","R","B",null,"M","$","M","?","?","E","R","$","T","M","M","R","?","?","R","B",null,"M","$","M","M","?","?","?","R","T","?","R","?","M","?","R","B",null],"character_chosen":"THE_SILENT","items_purchased":["FairyPotion","Toy Ornithopter","Infinite Blades","Slice","Dodge and Roll","Infinite Blades","Noxious Fumes","Anchor","Finisher+1"],"campfire_rested":6,"item_purchase_floors":[19,19,19,19,19,25,36,36,36],"current_hp_per_floor":[68,68,68,64,64,36,57,32,32,25,46,39,39,39,60,48,70,58,58,61,55,55,60,60,60,60,62,50,50,50,50,50,16,70,63,63,61,23,23,23,23,44,44,43,64,64,64,29,50,21],"gold":199,"neow_bonus":"RANDOM_COMMON_RELIC","is_daily":false,"chose_seed":false,"campfire_upgraded":3,"win_rate":0.0,"timestamp":1611449477,"path_taken":["M","?","M","M","?","E","R","E","T","E","R","?","?","?","R","BOSS","M","$","M","?","?","E","R","$","T","M","M","R","?","?","R","BOSS","M","$","M","M","?","?","?","R","T","?","R","?","M","?","R","BOSS"],"items_purchased_type":["Potion","Relic","Card","Card","Card","Card","Card","Relic","Card"],"build_version":"2020-12-22","purchased_purges":1,"victory":true,"max_hp_per_floor":[70,70,70,70,70,70,70,70,70,70,70,70,70,70,70,70,70,70,70,70,70,70,70,70,70,70,70,70,70,70,70,70,70,70,70,70,70,70,70,70,70,70,70,70,70,70,70,70,70,70],"card_choices":[{"not_picked":["Dagger Spray","Blur"],"picked":"Poisoned Stab","floor":1},{"not_picked":["Skewer","Underhanded Strike"],"picked":"PiercingWail","floor":3},{"not_picked":["Riddle With Holes","Sucker Punch"],"picked":"Bane","floor":4},{"not_picked":["Tactician","Quick Slash"],"picked":"Blur","floor":6},{"not_picked":["Quick Slash","Tactician"],"picked":"Distraction","floor":8},{"not_picked":["PiercingWail","Deadly Poison"],"picked":"Noxious Fumes","floor":10},{"not_picked":["Adrenaline","Bullet Time"],"picked":"Burst","floor":16},{"not_picked":["Cloak And Dagger","Quick Slash"],"picked":"Bane+1","floor":18},{"not_picked":["Blade Dance+1","PiercingWail"],"picked":"Cloak And Dagger","floor":20},{"not_picked":["Doppelganger","Calculated Gamble"],"picked":"Heel Hook","floor":23},{"not_picked":["Prepared","Reflex"],"picked":"Slice+1","floor":27},{"not_picked":["Heel Hook+1","Setup"],"picked":"Deadly Poison+1","floor":28},{"not_picked":["Doppelganger","Malaise"],"picked":"Die Die Die+1","floor":33},{"not_picked":["Dagger Throw+1","Blade Dance+1"],"picked":"Poisoned Stab+1","floor":35},{"not_picked":["Eviscerate+1","Dodge and Roll+1"],"picked":"Blur","floor":37},{"not_picked":["Distraction","Caltrops+1"],"picked":"Blade Dance+1","floor":38},{"not_picked":["Master of Strategy","Panacea"],"picked":"Mind Blast+1","floor":40},{"not_picked":["Underhanded Strike+1","Outmaneuver"],"picked":"Sucker Punch+1","floor":44},{"not_picked":["Well Laid Plans+1","Heel Hook+1"],"picked":"Caltrops+1","floor":47},{"not_picked":["Riddle With Holes+1","Calculated Gamble"],"picked":"Deadly Poison+1","floor":48}],"player_experience":212693,"relics_obtained":[{"floor":6,"key":"Juzu Bracelet"},{"floor":8,"key":"Centennial Puzzle"},{"floor":9,"key":"Snake Skull"},{"floor":10,"key":"Vajra"},{"floor":14,"key":"Letter Opener"},{"floor":17,"key":"Potion Belt"},{"floor":17,"key":"HornCleat"},{"floor":17,"key":"Unceasing Top"},{"floor":23,"key":"CeramicFish"},{"floor":26,"key":"Molten Egg 2"},{"floor":43,"key":"Lantern"},{"floor":44,"key":"Girya"},{"floor":48,"key":"Thread and Needle"}],"event_choices":[{"damage_healed":0,"gold_gain":0,"player_choice":"Take Wound","damage_taken":0,"relics_obtained":["Golden Idol"],"max_hp_gain":0,"max_hp_loss":0,"event_name":"Golden Idol","floor":2,"gold_loss":0,"cards_obtained":["Injury"]},{"damage_healed":0,"gold_gain":0,"player_choice":"Gave Potion","damage_taken":0,"relics_obtained":["Art of War"],"max_hp_gain":0,"max_hp_loss":0,"event_name":"WeMeetAgain","floor":5,"gold_loss":0},{"damage_healed":0,"gold_gain":0,"player_choice":"Success","damage_taken":7,"relics_obtained":["Turnip"],"max_hp_gain":0,"max_hp_loss":0,"event_name":"Scrap Ooze","floor":12,"gold_loss":0},{"damage_healed":0,"gold_gain":0,"player_choice":"Grow","damage_taken":0,"max_hp_gain":0,"max_hp_loss":0,"event_name":"Living Wall","floor":13,"gold_loss":0,"cards_upgraded":["Noxious Fumes"]},{"damage_healed":0,"gold_gain":0,"player_choice":"Joined the Cult","damage_taken":6,"max_hp_gain":0,"max_hp_loss":0,"event_name":"Nest","floor":21,"gold_loss":0,"cards_obtained":["RitualDagger"]},{"damage_healed":0,"gold_gain":0,"player_choice":"Ignored","damage_taken":0,"max_hp_gain":0,"max_hp_loss":0,"event_name":"Vampires","floor":22,"gold_loss":0},{"damage_healed":0,"gold_gain":0,"player_choice":"Got Potions","damage_taken":0,"max_hp_gain":0,"max_hp_loss":0,"event_name":"Lab","floor":30,"gold_loss":0},{"damage_healed":0,"gold_gain":0,"player_choice":"Ignored","damage_taken":0,"max_hp_gain":0,"max_hp_loss":0,"event_name":"Ghosts","floor":31,"gold_loss":0},{"damage_healed":0,"gold_gain":0,"player_choice":"Paid","damage_taken":0,"relics_obtained":["Red Mask"],"max_hp_gain":0,"max_hp_loss":0,"event_name":"Tomb of Lord Red Mask","floor":39,"gold_loss":86},{"damage_healed":0,"gold_gain":0,"player_choice":"Memory 1","damage_taken":0,"max_hp_gain":0,"max_hp_loss":0,"event_name":"SensoryStone","floor":40,"gold_loss":0},{"damage_healed":0,"gold_gain":0,"player_choice":"2 cards matched","damage_taken":0,"max_hp_gain":0,"max_hp_loss":0,"event_name":"Match and Keep!","floor":41,"gold_loss":0,"cards_obtained":["Cloak And Dagger","Unload"]},{"damage_healed":0,"gold_gain":0,"player_choice":"2 cards matched","damage_taken":0,"max_hp_gain":0,"max_hp_loss":0,"event_name":"Match and Keep!","floor":41,"gold_loss":0,"cards_obtained":["Cloak And Dagger","Unload"]},{"damage_healed":0,"gold_gain":0,"player_choice":"Fight","damage_taken":0,"max_hp_gain":0,"max_hp_loss":0,"event_name":"MindBloom","floor":44,"gold_loss":0},{"cards_removed":["Distraction"],"damage_healed":0,"gold_gain":0,"player_choice":"Removed Skill","damage_taken":0,"max_hp_gain":0,"max_hp_loss":0,"event_name":"Falling","floor":46,"gold_loss":0},{"damage_healed":0,"gold_gain":0,"player_choice":"Fight","damage_taken":0,"max_hp_gain":0,"max_hp_loss":0,"event_name":"Mysterious Sphere","floor":48,"gold_loss":0}],"is_beta":false,"boss_relics":[{"not_picked":["Sozu","Fusion Hammer"],"picked":"Calling Bell"},{"not_picked":["Runic Pyramid","HoveringKite"],"picked":"Philosopher\u0027s Stone"}],"items_purged_floors":[19],"is_endless":false,"potions_floor_spawned":[3,4,8,10,18,20,28,35,48],"ascension_level":2}}