{"host":"iph0xvuia0glosgr","time":1611495890,"event":{"mods":["AchievementEnabler","BaseMod","Minty Spire (QoL Compilation)"],"gold_per_floor":[111,130,305,255,271,305,305,323,392,452,478,153,172,183,183,183,183],"floor_reached":16,"language":"ENG","playtime":1234,"items_purged":[],"score":112,"play_id":"93e3ea3f-d1b3-46a6-b2e1-8cc85edf3228","local_time":"20210124134450","is_ascension_mode":false,"campfire_choices":[{"floor":7,"key":"REST"},{"floor":15,"key":"REST"}],"circlet_count":0,"master_deck":["Strike_B","Strike_B","Strike_B","Strike_B","Defend_B","Defend_B","Defend_B","Defend_B","Zap","Dualcast","PanicButton","Streamline","Turbo","Streamline","Genetic Algorithm","Lockon","Rip and Tear","Leap","Auto Shields","Lockon","Undo","Rebound","Swift Strike","Self Repair","Genetic Algorithm","Static Discharge","Hyperbeam","Go for the Eyes"],"relics":["Cracked Core","Prayer Wheel","Mercury Hourglass","Ancient Tea Set","Singing Bowl"],"acts_visited":["Exordium"],"potions_floor_usage":[8,10,16,16,16],"damage_taken":[{"damage":9,"enemies":"Cultist","floor":1,"turns":4},{"damage":5,"enemies":"Small Slimes","floor":2,"turns":3},{"damage":6,"enemies":"Jaw Worm","floor":5,"turns":3},{"damage":18,"enemies":"Lagavulin","floor":6,"turns":6},{"damage":15,"enemies":"Exordium Wildlife","floor":8,"turns":5},{"damage":23,"enemies":"3 Sentries","floor":10,"turns":5},{"damage":27,"enemies":"Gremlin Nob","floor":11,"turns":5},{"damage":0,"enemies":"3 Louse","floor":13,"turns":2},{"damage":0,"enemies":"Lots of Slimes","floor":14,"turns":2},{"damage":32,"enemies":"The Guardian","floor":16,"turns":7}],"seed_played":"2707873183189921262","potions_obtained":[{"floor":1,"key":"Regen Potion"},{"floor":5,"key":"AttackPotion"},{"floor":8,"key":"PotionOfCapacity"},{"floor":11,"key":"Energy Potion"},{"floor":13,"key":"SneckoOil"},{"floor":14,"key":"EssenceOfSteel"}],"is_trial":false,"path_per_floor":["M","M","?","?","M","E","R","M","T","?","E","$","M","M","R","B"],"character_chosen":"DEFECT","items_purchased":["Lockon","Undo","Rebound","Swift Strike","Self Repair"],"campfire_rested":2,"item_purchase_floors":[12,12,12,12,12],"current_hp_per_floor":[66,61,61,61,55,37,59,44,44,35,8,8,8,8,30,0,0],"gold":183,"neow_bonus":"RANDOM_COLORLESS","is_daily":false,"chose_seed":false,"campfire_upgraded":0,"win_rate":0.0,"timestamp":1611495890,"path_taken":["M","M","?","?","M","E","R","M","T","?","E","$","M","M","R","BOSS"],"items_purchased_type":["Card","Card","Card","Card","Card"],"build_version":"2020-12-22","purchased_purges":0,"victory":false,"max_hp_per_floor":[75,75,75,75,75,75,75,75,75,75,75,75,75,75,75,75,75],"card_choices":[{"not_picked":["Trip","Jack Of All Trades"],"picked":"PanicButton","floor":0},{"not_picked":["Turbo","Hologram"],"picked":"Streamline","floor":1},{"not_picked":["Recycle","Darkness"],"picked":"Turbo","floor":2},{"not_picked":["Darkness","Compile Driver"],"picked":"Streamline","floor":5},{"not_picked":["Sweeping Beam","Loop"],"picked":"Genetic Algorithm","floor":6},{"not_picked":["Cold Snap","Leap"],"picked":"Lockon","floor":8},{"not_picked":["Loop","Hologram"],"picked":"Rip and Tear","floor":8},{"not_picked":["Tempest","Stack"],"picked":"Leap","floor":10},{"not_picked":["Recycle","Streamline"],"picked":"Auto Shields","floor":11},{"not_picked":["Streamline","Cold Snap"],"picked":"Genetic Algorithm","floor":13},{"not_picked":["Streamline","Redo"],"picked":"Static Discharge","floor":13},{"not_picked":["Cold Snap","Glacier"],"picked":"Hyperbeam","floor":14},{"not_picked":["Streamline","Cold Snap"],"picked":"Go for the Eyes","floor":14}],"player_experience":222155,"relics_obtained":[{"floor":6,"key":"Prayer Wheel"},{"floor":9,"key":"Mercury Hourglass"},{"floor":11,"key":"Singing Bowl"}],"event_choices":[{"damage_healed":0,"gold_gain":175,"player_choice":"AGREE","damage_taken":0,"max_hp_gain":0,"max_hp_loss":0,"event_name":"Liars Game","floor":3,"gold_loss":0,"cards_obtained":["Doubt"]},{"cards_removed":["Doubt"],"damage_healed":0,"gold_gain":0,"player_choice":"Card Removal","damage_taken":0,"max_hp_gain":0,"max_hp_loss":0,"event_name":"The Cleric","floor":4,"gold_loss":50},{"damage_healed":0,"gold_gain":0,"player_choice":"Searched \u00273\u0027 times","damage_taken":0,"relics_obtained":["Ancient Tea Set"],"max_hp_gain":0,"max_hp_loss":0,"event_name":"Dead Adventurer","floor":10,"gold_loss":0}],"is_beta":false,"boss_relics":[],"items_purged_floors":[],"is_endless":false,"potions_floor_spawned":[1,5,8,11,13,14],"killed_by":"The Guardian","ascension_level":0}}