{"host":"y9jgkjnf95sujozk","time":1611497512,"event":{"mods":["2.2 Compatiblity","AchievementEnabler","Act Like it!","BaseMod","BetterRewards","Block Reminder","Colored Map","Colored Powertips","Decade(王小明)","Downfall","Friendly Minions","Gensokyo","GifTheSpireLib","Hallownest","Hermit","Highlight Path","HololiveMod","Hubris","Infinite Spire","Jorbs\u0027s Wanderer Trilogy","Koishi","Marisa（霧雨　魔理沙）","Minty Spire (QoL Compilation)","Quick Restart","Random Character Button","Rare Cards Sparkle","Reimu（博??梦）","Remilia（蕾米莉?）","Shop Mod","StSLib","SuperFastMode","The Animator","The Bug Knight","The Cursed","The Disciple","The Hierophant","The Jungle","The Poker Player","The Runesmith","The Senshi","The Servant 0.9.4"],"gold_per_floor":[113,113,77,95,113,113,130,143,143,157,83,83,103,113,113,113,113],"floor_reached":16,"language":"ENG","playtime":707,"items_purged":[],"score":96,"play_id":"ed2f79bd-837f-4207-95cb-30e89ff2b930","local_time":"20210124151152","is_ascension_mode":false,"campfire_choices":[{"floor":6,"key":"REST"},{"floor":12,"key":"REST"},{"floor":15,"key":"REST"}],"circlet_count":0,"master_deck":["animator:Defend_Konosuba","animator:Strike","animator:Strike","animator:Strike","animator:Defend","animator:Defend","animator:Defend","animator:Kazuma","animator:Aqua","animator:Illya","animator:Shinoa","animator:Archer","animator:ChlammyZell","animator:Rider","animator:EmiyaShirou","animator:Sonic","animator:YaoHaDucy","animator:EmiyaShirou","animator:Assassin","animator:Caster"],"relics":["animator:LivingPicture","animator:TheMissingPiece","animator:PurgingStone","hubris:CrystalStatue"],"acts_visited":["Exordium"],"potions_floor_usage":[10,10,10,16],"damage_taken":[{"damage":10,"enemies":"2 Louse","floor":1,"turns":5},{"damage":21,"enemies":"Cultist","floor":4,"turns":7},{"damage":5,"enemies":"Jaw Worm","floor":5,"turns":9},{"damage":16,"enemies":"Blue Slaver","floor":7,"turns":7},{"damage":12,"enemies":"2 Fungi Beasts","floor":8,"turns":10},{"damage":0,"enemies":"Gremlin Gang","floor":10,"turns":7},{"damage":0,"enemies":"Large Slime","floor":13,"turns":7},{"damage":2,"enemies":"Blue Slaver","floor":14,"turns":5},{"damage":69,"enemies":"Hexaghost","floor":16,"turns":16}],"seed_played":"-6555257999977361625","potions_obtained":[{"floor":4,"key":"Dexterity Potion"},{"floor":5,"key":"Weak Potion"},{"floor":8,"key":"Energy Potion"},{"floor":14,"key":"AttackPotion"}],"is_trial":false,"path_per_floor":["M","?","$","M","M","R","M","M","T","M","$","R","M","M","R","B"],"character_chosen":"THE_ANIMATOR","items_purchased":["animator:Illya","animator:Archer","animator:EmiyaShirou"],"campfire_rested":3,"item_purchase_floors":[0,3,11],"current_hp_per_floor":[58,58,58,39,36,55,41,31,31,33,33,52,55,55,66,0,0],"gold":113,"neow_bonus":"","is_daily":false,"chose_seed":false,"campfire_upgraded":0,"win_rate":0.0,"timestamp":1611497512,"path_taken":["M","?","$","M","?","R","M","M","T","M","?","R","M","M","R","BOSS"],"items_purchased_type":["Card","Card","Card"],"build_version":"2020-12-22","purchased_purges":0,"victory":false,"max_hp_per_floor":[66,66,66,66,66,66,66,66,66,66,66,66,66,66,66,66,66],"card_choices":[{"not_picked":["animator:ChaikaBohdan","animator:Genos"],"picked":"animator:Shinoa","floor":1},{"not_picked":["animator:Millim","animator:OrikoMikuni"],"picked":"animator:ChlammyZell","floor":4},{"not_picked":["animator:LeleiLaLalena","animator:Vanir"],"picked":"animator:Rider","floor":5},{"not_picked":["animator:Lancer","animator:Assassin"],"picked":"animator:EmiyaShirou","floor":7},{"not_picked":["animator:Cocytus","animator:SayakaMiki"],"picked":"animator:Sonic","floor":8},{"not_picked":["animator:ElricAlphonse","animator:MamiTomoe"],"picked":"animator:YaoHaDucy","floor":10},{"not_picked":["animator:Shalltear","animator:Fredrika"],"picked":"animator:Assassin","floor":13},{"not_picked":["animator:ShinjiMatou","animator:Berserker"],"picked":"animator:Caster","floor":14}],"player_experience":164309,"relics_obtained":[{"floor":9,"key":"hubris:CrystalStatue"}],"event_choices":[{"cards_removed":["animator:Strike_Konosuba"],"damage_healed":0,"gold_gain":0,"player_choice":"Offered Basic","damage_taken":0,"max_hp_gain":0,"max_hp_loss":0,"event_name":"Bonfire Elementals","floor":2,"gold_loss":0}],"is_beta":false,"boss_relics":[],"items_purged_floors":[],"is_endless":false,"potions_floor_spawned":[4,5,8,14],"killed_by":"Hexaghost","ascension_level":0}}