{"host":"bq8ii4ghyb2mkf8g","time":1611495925,"event":{"mods":["BaseMod","Colored Map","Minty Spire (QoL Compilation)","Quick Restart","Replay The Spire","StSLib"],"gold_per_floor":[112,187,187,204,297,322,322,341,423,438,438,438],"floor_reached":11,"language":"ZHS","playtime":370,"items_purged":[],"score":157,"play_id":"00b6cbe0-d19a-4384-9510-cb2e56ed9522","local_time":"20210124214525","is_ascension_mode":true,"campfire_choices":[{"data":"Prepared","floor":7,"key":"SMITH"}],"circlet_count":0,"master_deck":["AscendersBane","Strike_G","Strike_G","Strike_G","Strike_G","Defend_G","Defend_G","Defend_G","Defend_G","Defend_G","Survivor","Neutralize","Reflex","Bullet Time","Prepared","Backflip","Acrobatics","Prepared+1"],"relics":["Ring of the Snake","NeowsBlessing","Lantern","Replay:Wax Seal","Mercury Hourglass"],"acts_visited":["Exordium"],"potions_floor_usage":[],"damage_taken":[{"damage":0,"enemies":"2 Louse","floor":1,"turns":1},{"damage":0,"enemies":"Jaw Worm","floor":4,"turns":1},{"damage":0,"enemies":"Gremlin Nob","floor":6,"turns":1},{"damage":1,"enemies":"Small Slimes","floor":8,"turns":8},{"damage":0,"enemies":"2 Fungi Beasts","floor":10,"turns":5},{"damage":2,"enemies":"3 Sentries","floor":11,"turns":3}],"seed_played":"-4486958834091513145","potions_obtained":[{"floor":4,"key":"Energy Potion"},{"floor":8,"key":"Fire Potion"}],"is_trial":false,"path_per_floor":["M","?","?","M","?","E","R","M","T","M","E"],"character_chosen":"THE_SILENT","items_purchased":[],"campfire_rested":0,"item_purchase_floors":[],"current_hp_per_floor":[63,52,52,52,35,35,35,34,34,34,32,32],"gold":438,"neow_bonus":"THREE_ENEMY_KILL","is_daily":false,"chose_seed":false,"campfire_upgraded":1,"win_rate":0.0,"timestamp":1611495925,"path_taken":["M","?","?","M","?","E","R","M","T","M","E"],"items_purchased_type":[],"build_version":"2020-12-22","purchased_purges":0,"victory":false,"max_hp_per_floor":[70,70,70,70,70,70,70,70,70,70,70,70],"card_choices":[{"not_picked":["Deflect","Cloak And Dagger"],"picked":"Reflex","floor":1},{"not_picked":["Skewer","Deadly Poison"],"picked":"Prepared","floor":4},{"not_picked":["Deadly Poison","Underhanded Strike"],"picked":"Backflip","floor":5},{"not_picked":["Quick Slash","Dash"],"picked":"Acrobatics","floor":5},{"not_picked":["Doppelganger","Outmaneuver"],"picked":"Prepared","floor":6},{"not_picked":["Outmaneuver","Blade Dance","Doppelganger"],"picked":"SKIP","floor":8},{"not_picked":["Flying Knee","Slice","PiercingWail"],"picked":"SKIP","floor":10}],"player_experience":126347,"relics_obtained":[{"floor":5,"key":"Lantern"},{"floor":6,"key":"Replay:Wax Seal"},{"floor":9,"key":"Mercury Hourglass"}],"event_choices":[{"damage_healed":0,"gold_gain":75,"player_choice":"Gather Gold","damage_taken":11,"max_hp_gain":0,"max_hp_loss":0,"event_name":"World of Goop","floor":2,"gold_loss":0},{"damage_healed":0,"gold_gain":0,"cards_transformed":["Strike_G"],"player_choice":"Change","damage_taken":0,"max_hp_gain":0,"max_hp_loss":0,"event_name":"Living Wall","floor":3,"gold_loss":0,"cards_obtained":["Bullet Time"]}],"is_beta":false,"boss_relics":[],"items_purged_floors":[],"is_endless":false,"potions_floor_spawned":[4,8],"killed_by":"3 Sentries","ascension_level":12}}