{"host":"sav7uxregyirlf69","time":1611479088,"event":{"mods":["AchievementEnabler","BaseMod","Colored Map","DeckTracker","Keyboard Shortcuts","Minty Spire (QoL Compilation)","READ ME - Guardian Mod","StSLib","SuperFastMode"],"gold_per_floor":[117,137,152,163,163,163,190,205,205,218,228,228,228,254,254,329,329,347,327,31,49,49,49],"floor_reached":22,"language":"KOR","playtime":441,"items_purged":["Strike_R"],"score":396,"play_id":"5308b076-b07c-4204-b4ac-444215befa24","local_time":"20210124180448","is_ascension_mode":true,"campfire_choices":[{"data":"Rampage","floor":6,"key":"SMITH"},{"floor":13,"key":"REST"},{"data":"Pommel Strike","floor":15,"key":"SMITH"}],"circlet_count":0,"master_deck":["AscendersBane","Strike_R","Strike_R","Strike_R","Strike_R","Defend_R","Defend_R","Defend_R","Defend_R","Bash","Rampage+1","Feel No Pain","Pommel Strike+1","Reckless Charge","Sever Soul","Headbutt","True Grit+1","Flame Barrier+1","Offering+1","Warcry+1"],"relics":["Burning Blood","Thread and Needle","Pantograph","Toxic Egg 2","Darkstone Periapt","Gremlin Horn","Busted Crown","Bag of Preparation"],"acts_visited":["Exordium","TheCity"],"potions_floor_usage":[7,11,14,16],"damage_taken":[{"damage":2,"enemies":"Cultist","floor":1,"turns":3},{"damage":2,"enemies":"2 Louse","floor":2,"turns":3},{"damage":3,"enemies":"Jaw Worm","floor":3,"turns":4},{"damage":10,"enemies":"Looter","floor":4,"turns":3},{"damage":23,"enemies":"Lagavulin","floor":7,"turns":7},{"damage":31,"enemies":"Gremlin Gang","floor":8,"turns":6},{"damage":5,"enemies":"Exordium Thugs","floor":10,"turns":4},{"damage":7,"enemies":"Lots of Slimes","floor":11,"turns":4},{"damage":16,"enemies":"3 Sentries","floor":14,"turns":9},{"damage":46,"enemies":"Slime Boss","floor":16,"turns":11},{"damage":20,"enemies":"3 Byrds","floor":18,"turns":3},{"damage":6,"enemies":"Chosen","floor":21,"turns":4},{"damage":0,"enemies":"Snecko","floor":22,"turns":1}],"seed_played":"4829422358063772554","potions_obtained":[{"floor":3,"key":"Energy Potion"},{"floor":8,"key":"AttackPotion"},{"floor":11,"key":"GamblersBrew"},{"floor":14,"key":"Strength Potion"},{"floor":16,"key":"BloodPotion"},{"floor":18,"key":"Explosive Potion"}],"is_trial":false,"path_per_floor":["M","M","M","M","?","R","E","M","T","M","M","?","R","E","R","B",null,"M","?","$","M","M"],"character_chosen":"IRONCLAD","items_purchased":["Warcry+1","Bag of Preparation"],"campfire_rested":1,"item_purchase_floors":[20,20],"current_hp_per_floor":[54,58,61,57,57,57,40,15,15,16,15,15,37,27,27,12,59,45,45,45,45,45,45],"gold":49,"neow_bonus":"ONE_RARE_RELIC","is_daily":false,"chose_seed":false,"campfire_upgraded":2,"win_rate":0.0,"timestamp":1611479088,"path_taken":["M","M","?","M","?","R","E","M","T","M","M","?","R","E","R","BOSS","M","?","$","M","M"],"items_purchased_type":["Card","Relic"],"build_version":"2020-12-22","purchased_purges":1,"victory":false,"max_hp_per_floor":[75,75,75,75,75,75,75,75,75,75,75,75,75,75,75,75,75,75,75,75,75,75,75],"card_choices":[{"not_picked":["Armaments","Power Through"],"picked":"Rampage","floor":1},{"not_picked":["Heavy Blade","Body Slam"],"picked":"Feel No Pain","floor":2},{"not_picked":["Cleave","Armaments"],"picked":"Pommel Strike","floor":3},{"not_picked":["Searing Blow","Cleave"],"picked":"Reckless Charge","floor":4},{"not_picked":["Perfected Strike","Armaments"],"picked":"Sever Soul","floor":7},{"not_picked":["Bloodletting","Demon Form","Blood for Blood"],"picked":"SKIP","floor":8},{"not_picked":["Headbutt","Feel No Pain","Heavy Blade"],"picked":"SKIP","floor":10},{"not_picked":["Feel No Pain","Heavy Blade"],"picked":"Headbutt","floor":10},{"not_picked":["Whirlwind","Dark Embrace"],"picked":"True Grit+1","floor":11},{"not_picked":["Clothesline","Carnage"],"picked":"Flame Barrier+1","floor":14},{"not_picked":["Reaper","Limit Break+1"],"picked":"Offering+1","floor":16},{"not_picked":["Headbutt"],"picked":"SKIP","floor":18},{"not_picked":["Iron Wave"],"picked":"SKIP","floor":21}],"player_experience":1373248,"relics_obtained":[{"floor":7,"key":"Pantograph"},{"floor":9,"key":"Toxic Egg 2"},{"floor":14,"key":"Gremlin Horn"}],"event_choices":[{"damage_healed":0,"gold_gain":0,"player_choice":"Ignored","damage_taken":0,"max_hp_gain":0,"max_hp_loss":0,"event_name":"Liars Game","floor":5,"gold_loss":0},{"damage_healed":0,"gold_gain":0,"player_choice":"Searched \u00271\u0027 times","damage_taken":0,"relics_obtained":["Darkstone Periapt"],"max_hp_gain":0,"max_hp_loss":0,"event_name":"Dead Adventurer","floor":12,"gold_loss":0},{"damage_healed":0,"gold_gain":0,"player_choice":"Bought 1 Potion","damage_taken":0,"max_hp_gain":0,"max_hp_loss":0,"event_name":"The Woman in Blue","floor":19,"gold_loss":0}],"is_beta":false,"boss_relics":[{"not_picked":["Calling Bell","Runic Cube"],"picked":"Busted Crown"}],"items_purged_floors":[20],"is_endless":false,"potions_floor_spawned":[3,8,11,14,16,18,21],"killed_by":"Snecko","ascension_level":20}}