{"host":"lnnm69al9x392px5","time":1611457930,"event":{"mods":["BaseMod","Downfall","Minty Spire (QoL Compilation)","Replay The Spire","StSLib"],"gold_per_floor":[118,142,142,142,45,45,45,45,45,81,100,3,3,18,18,18,18],"floor_reached":16,"language":"ENG","playtime":532,"items_purged":[],"score":101,"play_id":"d8985b5e-f46d-4201-85d4-13cd57947a60","local_time":"20210123191210","is_ascension_mode":true,"campfire_choices":[{"floor":6,"key":"REST"},{"data":"Bash","floor":8,"key":"SMITH"},{"floor":13,"key":"REST"},{"data":"Crystallizer","floor":15,"key":"SMITH"}],"circlet_count":0,"master_deck":["Strike_B","Strike_B","Defend_B","Defend_B","Defend_B","Defend_B","Zap","Tempest","Static Discharge","Panic Button","Leap","Bash+1","Go for the Eyes","Loop","Replay:Sssssssssshield","ReplayTheSpireMod:Calculation Training","Crystallizer+1","Gash","Heatsinks","Iron Wave"],"relics":["WingedGreaves","Iron Core","Golden Idol","Mummified Hand","Oddly Smooth Stone"],"acts_visited":["Exordium"],"potions_floor_usage":[16],"damage_taken":[{"damage":6,"enemies":"Jaw Worm","floor":1,"turns":4},{"damage":15,"enemies":"Replay:BlueRogue","floor":10,"turns":4},{"damage":0,"enemies":"Small Slimes","floor":11,"turns":4},{"damage":0,"enemies":"2 Louse","floor":14,"turns":2},{"damage":54,"enemies":"Fading Forest","floor":16,"turns":8}],"seed_played":"-5031604076562535246","potions_obtained":[{"floor":10,"key":"GamblersBrew"},{"floor":14,"key":"DistilledChaos"}],"is_trial":false,"path_per_floor":["M","?","?","?","$","R","?","R","T","E","M","$","R","M","R","B"],"character_chosen":"DEFECT","items_purchased":["Go for the Eyes","Loop","Gash","Heatsinks"],"campfire_rested":2,"item_purchase_floors":[5,5,12,12],"current_hp_per_floor":[48,30,30,12,12,34,34,34,34,19,19,19,41,41,41,0,0],"gold":18,"neow_bonus":"TRANSFORM_TWO_CARDS","is_daily":false,"chose_seed":false,"campfire_upgraded":2,"win_rate":0.0,"timestamp":1611457930,"path_taken":["M","?","?","?","?","R","?","R","T","E","?","$","R","M","R","BOSS"],"items_purchased_type":["Card","Card","Card","Card"],"build_version":"2020-12-22","purchased_purges":0,"victory":false,"max_hp_per_floor":[75,75,75,75,75,75,75,75,75,75,75,75,75,75,75,75,75],"card_choices":[{"not_picked":["Barrage","Gash"],"picked":"Panic Button","floor":1},{"not_picked":["Glacier","BasicCrystalCard"],"picked":"Leap","floor":2},{"not_picked":["Compile Driver","Double Tap"],"picked":"ReplayTheSpireMod:Calculation Training","floor":10},{"not_picked":["Melter","Sweeping Beam"],"picked":"Crystallizer","floor":11},{"not_picked":["Flex","Leap"],"picked":"Iron Wave","floor":14}],"player_experience":247495,"relics_obtained":[{"floor":2,"key":"WingedGreaves"},{"floor":9,"key":"Mummified Hand"},{"floor":10,"key":"Oddly Smooth Stone"}],"event_choices":[{"damage_healed":0,"gold_gain":0,"player_choice":"Take Damage","damage_taken":18,"relics_obtained":["Golden Idol"],"max_hp_gain":0,"max_hp_loss":0,"event_name":"Golden Idol","floor":4,"gold_loss":0},{"damage_healed":0,"gold_gain":0,"player_choice":"1 cards matched","damage_taken":0,"max_hp_gain":0,"max_hp_loss":0,"event_name":"Match and Keep!","floor":7,"gold_loss":0,"cards_obtained":["Replay:Sssssssssshield"]}],"is_beta":false,"boss_relics":[],"items_purged_floors":[],"is_endless":false,"potions_floor_spawned":[10,14],"killed_by":"Fading Forest","ascension_level":1}}