{"host":"mn5kbj4x7gv3jr0o","time":1611453967,"event":{"mods":["2.2 Compatiblity","A Magickal Journey","AchievementEnabler","Ascension Reborn","Ascension Unlocker","Aspiration","BaseMod","Bestiary","Better Altar","Better Note","Better Sensory Stone","Better Silent Start","Better Skull","Better Third Choice","Better Vampires","Better-Laid Plans","BetterRewards","Block Reminder","CCEM","Colored Powertips","Colorless Booster Pack","Conjunction","Conspire","Curses Come First","Dota2Spire","Downfall","Emptier Cage","Energized Spire","Fox Events","GifTheSpireLib","Halation","HololiveMod","Hubris","Infinite Spire","Ironclad Rager","Jess\u0027s Bottle","Keyboard Shortcuts","Minty Spire (QoL Compilation)","Mirrors Mod","Poem Panic","Potion Indicator Mod","Potionbrewer","Puzzle Mod","Quarter Circle Forward PUNCH!","Quick Restart","Random Character Button","RatMod","Relic Sorter","Retaliation","Reworked Bosses","SCP261 Mod","SacredBarkPlus","Shop Mod","Small Relic Pack","Spicy Shops","Spikes Relics","StS++","StSLib","Stuff the Spire","The Blue Laboratory","Thieving Mod","Trackpad","Uncapped","UnlockEverythingMod","Useless Jewels Mod","Virulent Crown"],"gold_per_floor":[113,113,133,133,133,133,144,144,144,170,183,183,183,216,216,313,313,324,324,343,258,258,258,277,277,324,324,324,324],"floor_reached":28,"language":"ENG","playtime":1797,"items_purged":[],"score":299,"play_id":"0fc6065f-d935-492f-80ba-5c02ae52e337","local_time":"20210123210607","is_ascension_mode":true,"campfire_choices":[{"data":"Amplify","floor":6.0,"key":"SMITH"},{"data":"StSpp:MemoryLeak","floor":8.0,"key":"SMITH"},{"floor":13,"key":"REST"},{"floor":15,"key":"REST"},{"data":"Self Repair","floor":23,"key":"SMITH"},{"floor":25,"key":"REST"}],"circlet_count":0,"master_deck":["Strike_B","Strike_B","Strike_B","Strike_B","Defend_B","Defend_B","Defend_B","Defend_B","Dualcast","StSpp:CopyPaste","StuffTheSpire:Purify","StSpp:MemoryLeak+1","Rainbow","Buffer","StSpp:Saturation","hubris:DoWhile","StSpp:Converter","hubris:SpecializedCircuitry","Echo Form","Seek","Machine Learning","All For One","Thunder Strike","StuffTheSpire:LaunchingStrike","StuffTheSpire:ForEach","hubris:Prefetch","Reboot+1","Electrodynamics","Fission","Core Surge","Amplify+1","Biased Cognition","Creative AI","Hyperbeam","StuffTheSpire:EventHorizon","Multi-Cast","Meteor Strike","Double Energy","Self Repair+1","Go for the Eyes","Double Energy","Go for the Eyes","Buffer","RefreshScreen","Double Energy","conspire:SharedLibrary","Capacitor+1"],"relics":["StSpp:CrystalBall","qcfpunch:Handcuffs","Bag of Marbles","PreservedInsect","trackpad:IceCube","energizedSpire:MagnifyingGlass","CeramicFish","Vajra","aspiration:FetidBarrel"],"acts_visited":["Exordium","TheCity"],"potions_floor_usage":[10,20,28],"damage_taken":[{"damage":5.0,"enemies":"Small Slimes","floor":1.0,"turns":4.0},{"damage":19.0,"enemies":"2 Louse","floor":3.0,"turns":4.0},{"damage":15.0,"enemies":"Cultist","floor":7.0,"turns":4.0},{"damage":18,"enemies":"Gremlin Nob","floor":10,"turns":5},{"damage":12,"enemies":"Blue Slaver","floor":11,"turns":4},{"damage":27,"enemies":"3 Sentries","floor":14,"turns":6},{"damage":0,"enemies":"Slime Boss","floor":16,"turns":8},{"damage":31,"enemies":"3 Byrds","floor":18,"turns":4},{"damage":23,"enemies":"Shell Parasite","floor":20,"turns":4},{"damage":35,"enemies":"Centurion and Healer","floor":24,"turns":6},{"damage":31,"enemies":"Gremlin Leader","floor":28,"turns":3}],"seed_played":"1826646023559066989","potions_obtained":[{"floor":7.0,"key":"SCP261:EnergyGasPotion"},{"floor":10,"key":"Strength Potion"},{"floor":18,"key":"ColorlessPotion"}],"is_trial":false,"path_per_floor":["M","?","M","?","?","R","M","R","T","E","M","?","R","E","R","B",null,"M","?","M","?","?","R","M","R","T","T","E"],"character_chosen":"DEFECT","items_purchased":[],"campfire_rested":3,"item_purchase_floors":[],"current_hp_per_floor":[70,70,51,51,51,51,43,43,43,32,20,20,42,15,37,51,75,51,51,28,28,53,53,28,50,50,50,19,19],"gold":324,"neow_bonus":"BOSS_RELIC","is_daily":false,"chose_seed":false,"campfire_upgraded":3,"win_rate":0.0,"timestamp":1611453967,"path_taken":["M","?","M","?","?","R","M","R","T","E","?","?","R","E","R","BOSS","M","?","?","?","?","R","M","R","T","?","E"],"items_purchased_type":[],"build_version":"2020-12-22","purchased_purges":0,"victory":false,"max_hp_per_floor":[75,75,75,75,75,75,75,75,75,75,75,75,75,75,75,75,75,75,75,75,75,75,75,75,75,75,75,75,75],"card_choices":[{"not_picked":["Coolheaded","Tempest"],"picked":"Double Energy","floor":1.0},{"not_picked":["Ball Lightning","Sunder"],"picked":"Self Repair","floor":3.0},{"not_picked":["Go for the Eyes","Leap","Lockon"],"picked":"SKIP","floor":7.0},{"not_picked":["StuffTheSpire:NuclearReactor","StuffTheSpire:LoadUp"],"picked":"Double Energy","floor":10},{"not_picked":["Beam Cell","Gash"],"picked":"Go for the Eyes","floor":11},{"not_picked":["Streamline","Gash"],"picked":"Buffer","floor":14},{"not_picked":["Conserve Battery","Redo"],"picked":"RefreshScreen","floor":18},{"not_picked":["Coolheaded","Stack"],"picked":"conspire:SharedLibrary","floor":20},{"not_picked":["Stack+1","StuffTheSpire:Plugnplay+1"],"picked":"Capacitor+1","floor":24}],"player_experience":142431,"relics_obtained":[{"floor":9.0,"key":"qcfpunch:Handcuffs"},{"floor":10,"key":"Bag of Marbles"},{"floor":12,"key":"PreservedInsect"},{"floor":14,"key":"trackpad:IceCube"},{"floor":26,"key":"Vajra"},{"floor":27,"key":"aspiration:FetidBarrel"}],"event_choices":[{"damage_healed":0.0,"max_hp_gain":0.0,"max_hp_loss":0.0,"gold_gain":0.0,"event_name":"conspire:Investor","player_choice":"Leave","floor":4.0,"gold_loss":0.0,"damage_taken":0.0},{"damage_healed":0.0,"max_hp_gain":0.0,"max_hp_loss":0.0,"gold_gain":0.0,"cards_transformed":["Zap"],"event_name":"Transmorgrifier","player_choice":"Transformed","floor":5.0,"gold_loss":0.0,"damage_taken":0.0,"cards_obtained":["Go for the Eyes"]},{"cards_removed":["Reboot"],"damage_healed":0,"gold_gain":0,"player_choice":"Take \u0026 Give","damage_taken":0,"max_hp_gain":0,"max_hp_loss":0,"event_name":"betterNote:BetterNote","floor":19,"gold_loss":0,"cards_obtained":["Double Energy"]},{"damage_healed":0,"gold_gain":0,"player_choice":"Obtained Relic","damage_taken":0,"relics_obtained":["CeramicFish"],"max_hp_gain":0,"max_hp_loss":0,"event_name":"Addict","floor":21,"gold_loss":85},{"damage_healed":25,"gold_gain":0,"player_choice":"Heal","damage_taken":0,"max_hp_gain":0,"max_hp_loss":0,"event_name":"The Library","floor":22,"gold_loss":0}],"is_beta":false,"boss_relics":[{"not_picked":["halation:PlatinumPhoenix","energizedSpire:NeverEndingSparkler"],"picked":"energizedSpire:MagnifyingGlass"}],"items_purged_floors":[],"is_endless":false,"potions_floor_spawned":[7,10,18],"killed_by":"Gremlin Leader","ascension_level":0}}