{"host":"Naix","time":1611469789,"event":{"mods":["Act Like it!","Aspiration","BaseMod","Energized Spire","Friendly Minions","Gensokyo","HornydragonMod","Kiyohime£®«Âºß£©","Koishi","Minty Spire (QoL Compilation)","Prisma Mod","Reimu£®≤©¿ˆ¡È√Œ£©","Replay The Spire","StSLib","The Alterego","The Animator","The Jungle","TheSwordswoman","Waifu the Spire","Wide Potions","Yakumo Yukari mod","Youmu£®ªÍ∆«—˝√Œ£©","°æ“≈ŒÔø®≈∆°øREMEMod"],"gold_per_floor":[118,118,118,137,149,180,110,123,173,173,173,38,53,53,53,154,154,124,15,46,65,315,315,315,315,369,369,249,249,219,219,219,315,315,334,334,318,22,0,0,0,0,23,0,31,31,41,38,38,18],"floor_reached":51,"language":"ZHS","playtime":3791,"items_purged":[],"score":868,"play_id":"b689dccd-68fb-429a-896b-2202fd622c44","local_time":"20210124142949","is_ascension_mode":false,"campfire_choices":[{"data":"alterego_mod:ChallengeComplete","floor":11.0,"key":"SMITH"},{"floor":15.0,"key":"REST"},{"data":"alterego_mod:Rip","floor":23.0,"key":"SMITH"},{"data":"alterego_mod:TrashNCrash","floor":27.0,"key":"SMITH"},{"data":"alterego_mod:SakuraFive","floor":29.0,"key":"SMITH"},{"data":"alterego_mod:Complex","floor":32.0,"key":"SMITH"},{"data":"alterego_mod:BigMeatyClaws","floor":40.0,"key":"SMITH"},{"data":"alterego_mod:MagicResistance","floor":46.0,"key":"SMITH"},{"data":"SubcavityFantasy:ReiMu","floor":49,"key":"SMITH"}],"circlet_count":0,"master_deck":["alterego_mod:Strike","alterego_mod:Strike","alterego_mod:Strike","alterego_mod:Defend","alterego_mod:Defend","alterego_mod:Impale+1","alterego_mod:BigMeatyClaws+1","alterego_mod:BrynhildrsRune","alterego_mod:Mirror+1","alterego_mod:SakuraFive+1","alterego_mod:ChallengeComplete+1","alterego_mod:DestructionOfProperty","alterego_mod:TrashNCrash+1","SubcavityFantasy:ReiMu+1","alterego_mod:PainIsPleasure+1","alterego_mod:InsideBaseball","alterego_mod:Rip+1","alterego_mod:Birthday+1","alterego_mod:Clap","alterego_mod:Complex+1","alterego_mod:Lift","AbeCurse","alterego_mod:MagicResistance+1","Gensokyo:RPG","alterego_mod:BeGentle+1","alterego_mod:SakuraPetals+1","Bane","Corpse Explosion","Slice","alterego_mod:BiFurious+1","alterego_mod:DiscoLights+1","alterego_mod:GoddessCore+1"],"relics":["alterego_mod:MasochisticConstitution","REME_ComplimentaryCards","Mango","Omamori","RuthlessExorcism:ReiMu","Blood Vial","Gensokyo:LunaticRedEyes","Coffee Dripper","CaptainsWheel","Gremlin Food","Gensokyo:DemonMask","Simple Rune","Abe\u0027s Treasure","Gensokyo:Companionship","aspiration:HatOfInfinitePower","alterego_mod:SistersRibbon","REME_OnlineShoppingPlatform","Oddly Smooth Stone","Meat on the Bone","Centennial Puzzle"],"acts_visited":["Exordium","Gensokyo:Gensokyo","Gensokyo:Gensokyoer"],"potions_floor_usage":[50],"damage_taken":[{"damage":6.0,"enemies":"Gensokyo:Python","floor":1.0,"turns":4.0},{"damage":5.0,"enemies":"Gensokyo:2_Kodama","floor":4.0,"turns":4.0},{"damage":5.0,"enemies":"Gensokyo:Gryphon","floor":5.0,"turns":5.0},{"damage":30.0,"enemies":"Gensokyo:Aya","floor":6.0,"turns":6.0},{"damage":2.0,"enemies":"Gensokyo:2_Rabbits","floor":8.0,"turns":3.0},{"damage":1.0,"enemies":"Gensokyo:LivingMonolith","floor":13.0,"turns":2.0},{"damage":18.0,"enemies":"Gensokyo:Kokoro","floor":16.0,"turns":8.0},{"damage":7.0,"enemies":"Gensokyo:AngelMirror","floor":18.0,"turns":2.0},{"damage":0.0,"enemies":"Gensokyo:3_Dogs","floor":21.0,"turns":3.0},{"damage":20.0,"enemies":"Gensokyo:Wraith","floor":30.0,"turns":2.0},{"damage":50.0,"enemies":"Gensokyo:Kaguya","floor":33.0,"turns":13.0},{"damage":0.0,"enemies":"Gensokyo:AncientGuardian","floor":35.0,"turns":6.0},{"damage":21.0,"enemies":"Gensokyo:3_Boulders","floor":37.0,"turns":5.0},{"damage":4.0,"enemies":"Gensokyo:Rafflesia","floor":39.0,"turns":5.0},{"damage":18.0,"enemies":"Gensokyo:Sharpion","floor":44.0,"turns":2.0},{"damage":36.0,"enemies":"Gensokyo:Doremy","floor":45.0,"turns":6.0},{"damage":13.0,"enemies":"Gensokyo:AtlasGolem","floor":47.0,"turns":5.0},{"damage":4,"enemies":"Gensokyo:Kasen","floor":48,"turns":6},{"damage":1,"enemies":"Gensokyo:Yuyuko","floor":50,"turns":9}],"seed_played":"-8538268711372562425","potions_obtained":[{"floor":1.0,"key":"SkillPotion"},{"floor":5.0,"key":"Flashbang"},{"floor":6.0,"key":"AttackPotion"},{"floor":13.0,"key":"Explosive Potion"},{"floor":21.0,"key":"REME_GoldPotion"}],"is_trial":false,"path_per_floor":["M","T","?","M","M","E","?","M","T","?","R","COS","M","?","R","B",null,"M","COS","?","M","?","R","?","?","T","R","?","R","M","T","R","B",null,"M","?","M","COS","M","R","?","?","T","M","E","R","M","E","R","B",null],"character_chosen":"The_Alterego","items_purchased":[],"campfire_rested":1,"item_purchase_floors":[],"current_hp_per_floor":[58,58,41,37,40,11,11,10,10,10,10,10,12,12,39,24,91,85,85,49,58,58,58,58,58,58,58,58,58,44,44,44,12,94,94,94,81,81,86,86,86,86,86,77,47,47,56,61,61,61],"gold":18,"neow_bonus":"RANDOM_EVENT","is_daily":false,"chose_seed":false,"campfire_upgraded":8,"win_rate":0.0,"timestamp":1611469789,"path_taken":["M","?","?","M","M","E","?","?","T","?","R","COS","M","?","R","BOSS","M","COS","?","M","?","R","?","?","T","R","?","R","M","?","R","BOSS","M","?","M","COS","M","R","?","?","T","M","E","R","?","E","R","BOSS"],"items_purchased_type":[],"build_version":"2020-12-18","purchased_purges":0,"victory":true,"max_hp_per_floor":[85,85,85,86,87,88,88,89,89,89,89,89,90,90,90,91,91,92,92,92,92,92,92,92,92,92,92,92,92,93,93,93,94,94,94,94,95,95,96,96,96,96,96,97,98,98,99,100,100,101],"card_choices":[{"not_picked":["alterego_mod:MagicResistance","alterego_mod:Stockings"],"picked":"alterego_mod:Mirror","floor":1.0},{"not_picked":["alterego_mod:Exercise","alterego_mod:Swimsuit"],"picked":"alterego_mod:SakuraFive","floor":4.0},{"not_picked":["alterego_mod:Bounce","alterego_mod:Collar"],"picked":"alterego_mod:ChallengeComplete","floor":5.0},{"not_picked":["alterego_mod:Maid","alterego_mod:Santa"],"picked":"alterego_mod:DestructionOfProperty","floor":6.0},{"not_picked":["alterego_mod:DiscoLights","alterego_mod:Belts"],"picked":"alterego_mod:TrashNCrash","floor":8.0},{"not_picked":["alterego_mod:Mirror","alterego_mod:HighServant","alterego_mod:Punishment"],"picked":"SKIP","floor":13.0},{"not_picked":["alterego_mod:Alter+1","alterego_mod:SideboobHour+1"],"picked":"alterego_mod:PainIsPleasure+1","floor":16.0},{"not_picked":["alterego_mod:Tantrum","alterego_mod:STier"],"picked":"alterego_mod:InsideBaseball","floor":16.0},{"not_picked":["alterego_mod:Birthday","alterego_mod:Mirror"],"picked":"alterego_mod:Rip","floor":18.0},{"not_picked":["alterego_mod:PurpleHair","alterego_mod:Schoolgirl"],"picked":"alterego_mod:Lingerie","floor":20.0},{"not_picked":["alterego_mod:Cycle+1","alterego_mod:DeftHands+1"],"picked":"alterego_mod:Birthday+1","floor":21.0},{"not_picked":["alterego_mod:DeftHands+1","alterego_mod:Birthday"],"picked":"alterego_mod:Clap","floor":21.0},{"not_picked":["alterego_mod:PerceptionDisorder","alterego_mod:DestructionOfProperty"],"picked":"alterego_mod:Complex","floor":30.0},{"not_picked":["alterego_mod:PainIsPleasure","alterego_mod:Valkyrie"],"picked":"alterego_mod:Lift","floor":33.0},{"not_picked":["alterego_mod:Maid+1","alterego_mod:GoddessCore"],"picked":"alterego_mod:MagicResistance","floor":35.0},{"not_picked":["alterego_mod:Jiggle+1","alterego_mod:AlterEgo"],"picked":"alterego_mod:BeGentle+1","floor":37.0},{"not_picked":["alterego_mod:SakuraPetals+1","alterego_mod:MaintainEyeContact","alterego_mod:Bloomers"],"picked":"SKIP","floor":39.0},{"not_picked":["alterego_mod:MaintainEyeContact","alterego_mod:Bloomers"],"picked":"alterego_mod:SakuraPetals+1","floor":39.0},{"not_picked":["alterego_mod:Pet","alterego_mod:BustOut"],"picked":"alterego_mod:BiFurious+1","floor":44.0},{"not_picked":["alterego_mod:DeftHands+1","alterego_mod:PerceptionDisorder+1","alterego_mod:Mirror+1"],"picked":"SKIP","floor":45.0},{"not_picked":["alterego_mod:Cycle+1","alterego_mod:Crossover"],"picked":"alterego_mod:DiscoLights+1","floor":47.0},{"not_picked":["alterego_mod:BiFurious+1","alterego_mod:Jiggle+1"],"picked":"alterego_mod:GoddessCore+1","floor":48}],"player_experience":777897,"relics_obtained":[{"floor":2.0,"key":"Omamori"},{"floor":6.0,"key":"RuthlessExorcism:ReiMu"},{"floor":9.0,"key":"Blood Vial"},{"floor":20.0,"key":"CaptainsWheel"},{"floor":26.0,"key":"Gremlin Food"},{"floor":31.0,"key":"Simple Rune"},{"floor":43.0,"key":"Oddly Smooth Stone"},{"floor":45.0,"key":"Meat on the Bone"},{"floor":48,"key":"Centennial Puzzle"}],"event_choices":[],"is_beta":true,"boss_relics":[{"not_picked":["SacredBark","energizedSpire:StickyHand"],"picked":"Coffee Dripper"},{"not_picked":["Busted Crown","Runic Pyramid"],"picked":"Abe\u0027s Treasure"}],"items_purged_floors":[],"is_endless":false,"potions_floor_spawned":[1,5,6,13,21,45,47,48],"ascension_level":0}}