{"host":"dyzdf8svqmiivg97","time":1611459246,"event":{"mods":["AchievementEnabler","BaseMod","Colored Map","DeckTracker","Minty Spire (QoL Compilation)","Permanent Neow","Quick Restart","Rare Cards Sparkle","SuperFastMode"],"gold_per_floor":[113,49,68,68,81,116,116,116,142,161,172,207,207,282,282,282,282],"floor_reached":16,"language":"KOR","playtime":275,"items_purged":[],"score":121,"play_id":"9820ff17-8966-44ee-8b38-abfa2fb16ec9","local_time":"20210124123406","is_ascension_mode":true,"campfire_choices":[{"data":"CrushJoints","floor":7,"key":"SMITH"},{"floor":15,"key":"REST"}],"circlet_count":0,"master_deck":["Strike_P","Strike_P+1","Strike_P","Strike_P","Defend_P","Defend_P","Defend_P","Defend_P+1","Eruption+1","Vigilance","CrushJoints+1","FearNoEvil","BowlingBash","Scrawl","InnerPeace"],"relics":["PureWater","NeowsBlessing","Bag of Marbles","GoldenEye","Centennial Puzzle","PreservedInsect","Peace Pipe"],"acts_visited":["Exordium"],"potions_floor_usage":[6,10,12],"damage_taken":[{"damage":0,"enemies":"Small Slimes","floor":1,"turns":1},{"damage":0,"enemies":"Cultist","floor":3,"turns":1},{"damage":0,"enemies":"2 Louse","floor":5,"turns":1},{"damage":36,"enemies":"Lagavulin","floor":6,"turns":3},{"damage":5,"enemies":"Red Slaver","floor":10,"turns":3},{"damage":0,"enemies":"2 Fungi Beasts","floor":11,"turns":3},{"damage":1,"enemies":"3 Sentries","floor":12,"turns":3},{"damage":14,"enemies":"The Guardian","floor":16,"turns":7}],"seed_played":"-5729367956821173560","potions_obtained":[{"floor":5,"key":"DuplicationPotion"},{"floor":6,"key":"EssenceOfSteel"},{"floor":10,"key":"Fruit Juice"}],"is_trial":false,"path_per_floor":["M","?","M","?","M","E","R","?","T","M","M","E","?","?","R","B"],"character_chosen":"WATCHER","items_purchased":[],"campfire_rested":1,"item_purchase_floors":[],"current_hp_per_floor":[72,72,72,72,72,36,36,36,36,36,36,35,20,9,32,18,18],"gold":282,"neow_bonus":"THREE_ENEMY_KILL","is_daily":false,"chose_seed":false,"campfire_upgraded":1,"win_rate":0.0,"timestamp":1611459246,"path_taken":["M","?","?","?","M","E","R","?","T","?","M","E","?","?","R","BOSS"],"items_purchased_type":[],"build_version":"2020-12-22","purchased_purges":0,"victory":false,"max_hp_per_floor":[72,72,72,72,72,72,72,72,72,77,77,77,77,77,77,77,77],"card_choices":[{"not_picked":["SashWhip","Wallop"],"picked":"CrushJoints","floor":1},{"not_picked":["Indignation","Halt"],"picked":"FearNoEvil","floor":3},{"not_picked":["WindmillStrike","Vengeance"],"picked":"BowlingBash","floor":5},{"not_picked":["Pray","ClearTheMind","EmptyBody"],"picked":"SKIP","floor":6},{"not_picked":["Swivel","ThirdEye","FearNoEvil"],"picked":"SKIP","floor":10},{"not_picked":["FollowUp","PathToVictory"],"picked":"Scrawl","floor":11},{"not_picked":["ReachHeaven","FearNoEvil"],"picked":"InnerPeace","floor":12}],"player_experience":552127,"relics_obtained":[{"floor":6,"key":"GoldenEye"},{"floor":8,"key":"Centennial Puzzle"},{"floor":9,"key":"PreservedInsect"},{"floor":12,"key":"Peace Pipe"}],"event_choices":[{"damage_healed":0,"gold_gain":0,"player_choice":"Paid Gold","damage_taken":0,"relics_obtained":["Bag of Marbles"],"max_hp_gain":0,"max_hp_loss":0,"event_name":"WeMeetAgain","floor":2,"gold_loss":64},{"damage_healed":0,"gold_gain":0,"player_choice":"Grow","damage_taken":0,"max_hp_gain":0,"max_hp_loss":0,"event_name":"Living Wall","floor":4,"gold_loss":0,"cards_upgraded":["Eruption"]},{"damage_healed":0,"gold_gain":0,"player_choice":"Relic","damage_taken":0,"max_hp_gain":0,"max_hp_loss":0,"event_name":"Wheel of Change","floor":8,"gold_loss":0},{"damage_healed":0,"gold_gain":0,"player_choice":"Entered Light","damage_taken":15,"max_hp_gain":0,"max_hp_loss":0,"event_name":"Shining Light","floor":13,"gold_loss":0,"cards_upgraded":["Strike_P","Defend_P"]},{"damage_healed":0,"gold_gain":75,"player_choice":"Gather Gold","damage_taken":11,"max_hp_gain":0,"max_hp_loss":0,"event_name":"World of Goop","floor":14,"gold_loss":0}],"is_beta":false,"boss_relics":[],"items_purged_floors":[],"is_endless":false,"potions_floor_spawned":[5,6,10],"killed_by":"The Guardian","ascension_level":2}}