{"host":"17uzppmr1r5fe5jj","time":1611525811,"event":{"mods":["BaseMod","Minty Spire (QoL Compilation)","Quick Restart","StSLib","[IsaacMod]ÒÔÈö¼âËþ"],"gold_per_floor":[111,111,128,140,29,29,29,29,29,29,54,73,93,116,116,223,223,244,117,137,37,37,37,37,78,78,78,78,78,78,87,87,87,87],"floor_reached":33,"language":"ZHS","playtime":1210,"items_purged":["Strike_B","Defend_B"],"score":251,"play_id":"ab5c50e6-f332-41e0-a0fd-0272e1471bc3","local_time":"20210125060331","daily_mods":["Heirloom","Flight"],"is_ascension_mode":false,"campfire_choices":[{"data":"Zap","floor":6.0,"key":"SMITH"},{"data":"Heatsinks","floor":8.0,"key":"SMITH"},{"data":"Dualcast","floor":10.0,"key":"SMITH"},{"data":"Sunder","floor":15.0,"key":"SMITH"},{"data":"Coolheaded","floor":23,"key":"SMITH"},{"data":"Cancel","floor":27,"key":"SMITH"},{"data":"Pulse","floor":28,"key":"SMITH"},{"data":"Fission","floor":29,"key":"SMITH"},{"data":"Chaos","floor":30,"key":"SMITH"},{"data":"Turbo","floor":32,"key":"SMITH"}],"circlet_count":0,"master_deck":["Strike_B","Defend_B","Defend_B","Zap+1","Dualcast+1","Chaos+1","Go for the Eyes","Coolheaded+1","Heatsinks+1","Machine Learning","Seek","Sunder+1","Static Discharge","Fission+1","Cancel+1","Melter","Turbo+1","Steam Power","Pulse+1","Shame"],"relics":["Cracked Core","HushsDoor","TuHaoJin","Bird Faced Urn","SatanicBible","CeramicFish","Coffee Dripper","Orrery","FaceOfCleric","PreservedInsect","Question Card","Gremlin Horn"],"acts_visited":["Exordium","TheCity"],"potions_floor_usage":[33],"damage_taken":[{"damage":0.0,"enemies":"Small Slimes","floor":1.0,"turns":3.0},{"damage":4.0,"enemies":"2 Louse","floor":3.0,"turns":3.0},{"damage":1.0,"enemies":"Jaw Worm","floor":4.0,"turns":4.0},{"damage":12.0,"enemies":"3 Louse","floor":12.0,"turns":4.0},{"damage":22.0,"enemies":"Exordium Thugs","floor":13.0,"turns":6.0},{"damage":12.0,"enemies":"Blue Slaver","floor":14.0,"turns":3.0},{"damage":6.0,"enemies":"The Guardian","floor":16.0,"turns":9.0},{"damage":4.0,"enemies":"Chosen","floor":18.0,"turns":4.0},{"damage":18,"enemies":"2 Thieves","floor":20,"turns":4},{"damage":41,"enemies":"Slavers","floor":25,"turns":4},{"damage":33,"enemies":"Champ","floor":33,"turns":7}],"seed_played":"453138729964307728","potions_obtained":[{"floor":1.0,"key":"SkillPotion"},{"floor":4.0,"key":"Weak Potion"},{"floor":18.0,"key":"ColorlessPotion"}],"is_trial":true,"path_per_floor":["M","?","M","M","$","R","?","R","T","R","T","M","M","M","R","B",null,"M","$","M","$","?","R","?","E","T","R","R","R","R","?","R","B"],"character_chosen":"DEFECT","items_purchased":["Heatsinks","Orrery"],"campfire_rested":0,"item_purchase_floors":[5,19],"current_hp_per_floor":[75,68,64,63,63,63,63,63,63,63,63,55,37,27,27,27,75,71,71,59,59,59,59,59,44,44,44,44,44,44,44,44,21,21],"gold":87,"neow_bonus":"","is_daily":false,"chose_seed":false,"campfire_upgraded":10,"win_rate":0.0,"timestamp":1611525811,"path_taken":["M","?","M","M","$","R","?","R","T","R","?","M","M","M","R","BOSS","M","$","M","$","?","R","?","E","T","R","R","R","R","?","R","BOSS"],"items_purchased_type":["Card","Relic"],"build_version":"2020-12-22","purchased_purges":2,"victory":false,"max_hp_per_floor":[75,75,75,75,75,75,75,75,75,75,75,75,75,75,75,75,75,75,75,75,75,75,75,75,76,76,76,76,76,76,76,76,76,76],"card_choices":[{"not_picked":["Redo","Stack"],"picked":"Chaos","floor":1.0},{"not_picked":["Sweeping Beam","Conserve Battery"],"picked":"Go for the Eyes","floor":3.0},{"not_picked":["Hyperbeam","Go for the Eyes"],"picked":"Coolheaded","floor":4.0},{"not_picked":["Cold Snap","Rebound"],"picked":"Seek","floor":12.0},{"not_picked":["Hologram","Redo"],"picked":"Sunder","floor":13.0},{"not_picked":["Undo","Genetic Algorithm"],"picked":"Static Discharge","floor":14.0},{"not_picked":["All For One","Electrodynamics"],"picked":"Fission","floor":16.0},{"not_picked":["Rebound","Ball Lightning"],"picked":"Cancel","floor":18.0},{"not_picked":["Streamline+1","Aggregate+1"],"picked":"Melter","floor":19.0},{"not_picked":["Multi-Cast","Steam Power"],"picked":"Turbo","floor":19.0},{"not_picked":["Auto Shields+1","Genetic Algorithm"],"picked":"Steam Power","floor":19.0},{"not_picked":["Turbo","Cold Snap","Reprogram"],"picked":"SKIP","floor":20},{"not_picked":["Distribution","Stack+1"],"picked":"Pulse","floor":25}],"player_experience":119452,"relics_obtained":[{"floor":9.0,"key":"SatanicBible"},{"floor":11.0,"key":"CeramicFish"},{"floor":25,"key":"PreservedInsect"},{"floor":26,"key":"Question Card"}],"event_choices":[{"cards_removed":["Strike_B"],"damage_healed":0.0,"max_hp_gain":0.0,"max_hp_loss":0.0,"gold_gain":0.0,"event_name":"Golden Wing","player_choice":"Card Removal","floor":2.0,"gold_loss":0.0,"damage_taken":7.0},{"damage_healed":0.0,"max_hp_gain":0.0,"max_hp_loss":0.0,"gold_gain":0.0,"cards_transformed":["Strike_B"],"event_name":"Living Wall","player_choice":"Change","floor":7.0,"gold_loss":0.0,"damage_taken":0.0,"cards_obtained":["Machine Learning"]},{"damage_healed":0,"gold_gain":0,"player_choice":"Trade","damage_taken":0,"relics_obtained":["FaceOfCleric"],"max_hp_gain":0,"max_hp_loss":0,"event_name":"FaceTrader","floor":22,"gold_loss":0},{"cards_removed":["Defend_B"],"damage_healed":0,"gold_gain":0,"player_choice":"Elegance","damage_taken":0,"max_hp_gain":0,"max_hp_loss":0,"event_name":"Back to Basics","floor":24,"gold_loss":0},{"damage_healed":0,"gold_gain":0,"player_choice":"Stole Relic","damage_taken":0,"relics_obtained":["Gremlin Horn"],"max_hp_gain":0,"max_hp_loss":0,"event_name":"Addict","floor":31,"gold_loss":0,"cards_obtained":["Shame"]}],"is_beta":false,"boss_relics":[{"not_picked":["Busted Crown","Runic Dome"],"picked":"Coffee Dripper"},{"not_picked":[]}],"items_purged_floors":[5,21],"is_endless":false,"potions_floor_spawned":[1,4,18],"killed_by":"Champ","ascension_level":0}}