{"host":"rolltorest","time":1611530798,"event":{"mods":["BaseMod","Minty Spire (QoL Compilation)","Relic Stats","Slay the Relics Exporter","StSLib"],"gold_per_floor":[119,134,151,63,63,63,97,97,123,176,217,256,68,92,92,173,173,197,197,223,67,87,87,87,87],"floor_reached":24,"language":"ENG","playtime":701,"items_purged":[],"score":416,"play_id":"f242f252-592c-45d7-b3cc-f23d05b7e96e","local_time":"20210124152638","is_ascension_mode":true,"campfire_choices":[{"data":"Sweeping Beam","floor":6,"key":"SMITH"},{"floor":8,"key":"REST"},{"floor":15,"key":"REST"},{"data":"Blind","floor":23,"key":"SMITH"}],"circlet_count":0,"master_deck":["AscendersBane","Strike_B","Strike_B","Strike_B","Strike_B","Defend_B","Defend_B","Defend_B","Defend_B","Zap","Dualcast","Hologram","Lockon","Rip and Tear","Sweeping Beam+1","Rebound","Core Surge","Glacier","Coolheaded","The Bomb","Self Repair","Seek","Barrage+1","Conserve Battery+1","Blind+1","Genetic Algorithm","Beam Cell+1"],"relics":["Runic Dome","GremlinMask","CeramicFish","Bronze Scales","Runic Pyramid","Nloth\u0027s Gift"],"acts_visited":["Exordium","TheCity"],"potions_floor_usage":[],"damage_taken":[{"damage":2,"enemies":"Cultist","floor":1,"turns":4},{"damage":4,"enemies":"Jaw Worm","floor":2,"turns":4},{"damage":5,"enemies":"2 Louse","floor":3,"turns":2},{"damage":27,"enemies":"Lagavulin","floor":7,"turns":6},{"damage":27,"enemies":"3 Sentries","floor":10,"turns":6},{"damage":8,"enemies":"Blue Slaver","floor":11,"turns":2},{"damage":0,"enemies":"Large Slime","floor":12,"turns":5},{"damage":11,"enemies":"Looter","floor":14,"turns":3},{"damage":11,"enemies":"The Guardian","floor":16,"turns":10},{"damage":13,"enemies":"2 Thieves","floor":18,"turns":4},{"damage":10,"enemies":"Chosen","floor":20,"turns":4},{"damage":9,"enemies":"Snake Plant","floor":22,"turns":6},{"damage":52,"enemies":"Gremlin Leader","floor":24,"turns":4}],"seed_played":"-8865253924919078697","potions_obtained":[{"floor":3,"key":"Ancient Potion"},{"floor":7,"key":"GamblersBrew"},{"floor":11,"key":"Ancient Potion"}],"is_trial":false,"path_per_floor":["M","M","M","$","?","R","E","R","T","E","M","M","$","M","R","B",null,"M","?","M","$","M","R","E"],"character_chosen":"DEFECT","items_purchased":["Rip and Tear","Sweeping Beam","The Bomb","Blind","Genetic Algorithm"],"campfire_rested":2,"item_purchase_floors":[4,4,13,21,21],"current_hp_per_floor":[62,58,53,53,53,53,26,47,47,20,12,12,12,1,22,18,58,52,52,49,49,47,47,0,0],"gold":87,"neow_bonus":"BOSS_RELIC","is_daily":false,"chose_seed":false,"campfire_upgraded":2,"win_rate":0.0,"timestamp":1611530798,"path_taken":["M","M","M","$","?","R","E","R","T","E","M","?","$","M","R","BOSS","M","?","M","?","M","R","E"],"items_purchased_type":["Card","Card","Card","Card","Card"],"build_version":"2020-12-18","purchased_purges":0,"victory":false,"max_hp_per_floor":[71,71,71,71,71,71,71,71,71,71,71,71,71,71,71,71,71,71,71,71,71,71,71,71,71],"relic_stats":{"counters":[13,60],"CeramicFish":108,"Bronze Scales":[99],"Nloth\u0027s Gift":0,"obtain_stats":[{"Runic Dome":0,"CeramicFish":7,"Bronze Scales":10,"GremlinMask":5,"Nloth\u0027s Gift":19,"Cracked Core":0,"MawBank":9,"Runic Pyramid":17},{"Runic Dome":0,"CeramicFish":4,"Bronze Scales":5,"GremlinMask":3,"Nloth\u0027s Gift":10,"Cracked Core":0,"MawBank":4,"Runic Pyramid":9},{"Runic Dome":0,"CeramicFish":16,"Bronze Scales":22,"GremlinMask":10,"Nloth\u0027s Gift":46,"Cracked Core":0,"MawBank":16,"Runic Pyramid":42}]},"card_choices":[{"not_picked":["Redo","Compile Driver","Steam"],"picked":"SKIP","floor":1},{"not_picked":["Compile Driver","Leap"],"picked":"Hologram","floor":2},{"not_picked":["Scrape","Genetic Algorithm"],"picked":"Lockon","floor":3},{"not_picked":["Go for the Eyes","Turbo"],"picked":"Rebound","floor":7},{"not_picked":["Scrape","Conserve Battery"],"picked":"Core Surge","floor":10},{"not_picked":["Heatsinks","Rebound"],"picked":"Glacier","floor":11},{"not_picked":["Go for the Eyes","Cold Snap"],"picked":"Coolheaded","floor":12},{"not_picked":["Streamline","Beam Cell"],"picked":"Self Repair","floor":14},{"not_picked":["All For One","Thunder Strike"],"picked":"Seek","floor":16},{"not_picked":["Streamline+1","Compile Driver"],"picked":"Barrage+1","floor":18},{"not_picked":["Beam Cell+1","Sweeping Beam+1"],"picked":"Conserve Battery+1","floor":20},{"not_picked":["Compile Driver","Self Repair"],"picked":"Beam Cell+1","floor":22}],"player_experience":1775200,"relics_obtained":[{"floor":7,"key":"CeramicFish"},{"floor":9,"key":"MawBank"},{"floor":10,"key":"Bronze Scales"}],"event_choices":[{"damage_healed":0,"gold_gain":0,"player_choice":"Trade","damage_taken":0,"relics_obtained":["GremlinMask"],"max_hp_gain":0,"max_hp_loss":0,"event_name":"FaceTrader","floor":5,"gold_loss":0},{"damage_healed":0,"gold_gain":0,"player_choice":"Traded Relic","damage_taken":0,"relics_obtained":["Nloth\u0027s Gift"],"max_hp_gain":0,"max_hp_loss":0,"event_name":"N\u0027loth","floor":19,"relics_lost":["MawBank"],"gold_loss":0}],"is_beta":true,"boss_relics":[{"not_picked":["Nuclear Battery","Black Star"],"picked":"Runic Pyramid"}],"items_purged_floors":[],"is_endless":false,"potions_floor_spawned":[3,7,11,18],"killed_by":"Gremlin Leader","ascension_level":20}}