{"host":"lxihx0b6awoz2w1j","time":1611528842,"event":{"mods":["Act Like it!","BaseMod","Better Third Choice","CapriCore","Colored Powertips","Conspire","Downfall","Fox Events","Gensokyo","Hermit","Hubris","Infinite Spire","JesterMod","Luminous","Marisa????????","Melee Mod","Minty Spire (QoL Compilation)","Prisma Mod","Quick Restart","Relic Stats","Replay The Spire","Shade Mod","Spicy Shops","StSLib","The Alterego","The Blue Laboratory","The Cursed","The Disciple","The Forsaken","The Gatherer","The Immortal","The Jungle","The Marked","The Runesmith","The Senshi","The Servant 0.9.4","The Spell Scribe","Waifu the Spire"],"gold_per_floor":[118,131,145,20,34,34,46,46,46,46,66,81,81,113,113,214,214,234,234,247,227,243,243,243,243,243],"floor_reached":25,"language":"ENG","playtime":2037,"items_purged":[],"score":205,"play_id":"91f704f6-018c-473c-b2c4-1206313fa3a3","local_time":"20210124235402","is_ascension_mode":false,"campfire_choices":[{"data":"PrismaMod:IllyaPoisonTippedWeapons","floor":6.0,"key":"SMITH"},{"data":"PrismaMod:IllyaCheapChannelPoison","floor":10.0,"key":"SMITH"},{"data":"PrismaMod:IllyaAOECommonAttack","floor":15.0,"key":"SMITH"},{"data":"PrismaMod:IllyaMaid","floor":24,"key":"SMITH"}],"circlet_count":0,"master_deck":["PrismaMod:IllyaCommonAttack","PrismaMod:IllyaCommonDefend","PrismaMod:IllyaCommonAttack","PrismaMod:IllyaCommonDefend","PrismaMod:IllyaCommonAttack","PrismaMod:IllyaCommonDefend","PrismaMod:IllyaCommonAttack","PrismaMod:IllyaCommonDefend","PrismaMod:IllyaCommonAttack","PrismaMod:IllyaCommonDefend","PrismaMod:IllyaUncommonAttack","PrismaMod:IllyaUncommonDefend","PrismaMod:IllyaFeed","PrismaMod:IllyaCheapChannelPoison+1","PrismaMod:IllyaAOECommonAttack+1","PrismaMod:IllyaPoisonTippedWeapons+1","PrismaMod:IllyaStunPoison","PrismaMod:IllyaCarnivalDefend","PrismaMod:IllyaBoysLove","PrismaMod:IllyaBlindPoisonToss","PrismaMod:IllyaUberPoisonChannel","PrismaMod:IllyaFriendMaker","PrismaMod:IllyaUncommonDefend","PrismaMod:IllyaMaid+1"],"relics":["PrismaMod:PrismaZwei","Runesmith:Nanobots","Replay:Kaleidoscope","hubris:Towel"],"acts_visited":["Exordium","TheCity"],"potions_floor_usage":[],"damage_taken":[{"damage":0.0,"enemies":"Small Slimes","floor":1.0,"turns":5.0},{"damage":2.0,"enemies":"Cultist","floor":2.0,"turns":3.0},{"damage":0.0,"enemies":"2 Louse","floor":3.0,"turns":3.0},{"damage":1.0,"enemies":"2 Fungi Beasts","floor":5.0,"turns":5.0},{"damage":12.0,"enemies":"Exordium Wildlife","floor":7.0,"turns":5.0},{"damage":0.0,"enemies":"Lots of Slimes","floor":11.0,"turns":2.0},{"damage":2.0,"enemies":"Looter","floor":12.0,"turns":4.0},{"damage":6.0,"enemies":"3 Sentries","floor":14.0,"turns":5.0},{"damage":48.0,"enemies":"Hexaghost","floor":16.0,"turns":8.0},{"damage":19.0,"enemies":"3 Byrds","floor":18.0,"turns":5.0},{"damage":1.0,"enemies":"Chosen","floor":20.0,"turns":5.0},{"damage":8,"enemies":"Snecko","floor":22,"turns":5},{"damage":0,"enemies":"Snake Plant","floor":25,"turns":1}],"seed_played":"3830735422238748144","potions_obtained":[{"floor":3.0,"key":"blueLaboratory:BottledHope"},{"floor":5.0,"key":"Dexterity Potion"},{"floor":11.0,"key":"Regen Potion"},{"floor":14.0,"key":"SkillPotion"},{"floor":18.0,"key":"blueLaboratory:HummingbirdPotion"}],"is_trial":false,"path_per_floor":["M","M","M","$","M","R","M","?","T","R","M","M","?","E","R","B",null,"M","?","M","?","M","?","R","M"],"character_chosen":"ILLYA","items_purchased":["PrismaMod:IllyaAOECommonAttack","PrismaMod:IllyaPoisonTippedWeapons"],"campfire_rested":0,"item_purchase_floors":[4,4],"current_hp_per_floor":[82,80,80,80,79,79,69,74,74,74,74,72,77,77,77,36,87,75,75,76,76,76,76,76,76,76],"gold":243,"neow_bonus":"TEN_PERCENT_HP_BONUS","is_daily":false,"chose_seed":false,"campfire_upgraded":4,"win_rate":0.0,"timestamp":1611528842,"path_taken":["M","M","M","$","M","R","M","?","T","R","M","?","?","E","R","BOSS","M","?","M","?","?","?","R","M"],"items_purchased_type":["Card","Card"],"build_version":"2020-12-22","purchased_purges":0,"victory":false,"max_hp_per_floor":[82,82,82,82,82,82,82,82,82,82,82,82,87,87,87,87,87,87,87,87,87,87,87,87,87,87],"relic_stats":{"counters":[13,56],"obtain_stats":[{"PrismaMod:PrismaRuby":0,"Runesmith:Nanobots":9,"Replay:Kaleidoscope":14,"hubris:Towel":19,"PrismaMod:PrismaZwei":17},{"PrismaMod:PrismaRuby":0,"Runesmith:Nanobots":5,"Replay:Kaleidoscope":8,"hubris:Towel":10,"PrismaMod:PrismaZwei":9},{"PrismaMod:PrismaRuby":0,"Runesmith:Nanobots":21,"Replay:Kaleidoscope":32,"hubris:Towel":45,"PrismaMod:PrismaZwei":40}]},"card_choices":[{"not_picked":["PrismaMod:IllyaTestament","PrismaMod:IllyaFriendMaker"],"picked":"PrismaMod:IllyaFeed","floor":1.0},{"not_picked":["PrismaMod:IllyaRubysPotion","PrismaMod:IllyaPoisonBlock"],"picked":"PrismaMod:IllyaCheapChannelPoison","floor":2.0},{"not_picked":["PrismaMod:IllyaRubysPotion","PrismaMod:IllyaFeed","PrismaMod:IllyaMaid"],"picked":"SKIP","floor":3.0},{"not_picked":["PrismaMod:IllyaCheapChannelAttack","PrismaMod:IllyaSaphire"],"picked":"PrismaMod:IllyaCheapChannelDefend","floor":5.0},{"not_picked":["PrismaMod:IllyaDevil","PrismaMod:IllyaGrailKun"],"picked":"PrismaMod:IllyaStunPoison","floor":7.0},{"not_picked":["PrismaMod:IllyaFriendMaker","PrismaMod:IllyaBerserCAR"],"picked":"PrismaMod:IllyaCarnivalDefend","floor":11.0},{"not_picked":["PrismaMod:IllyaFriendMaker","PrismaMod:IllyaRussianRoulette"],"picked":"PrismaMod:IllyaBoysLove","floor":12.0},{"not_picked":["PrismaMod:IllyaUberAttackChannel","PrismaMod:IllyaSaphire"],"picked":"PrismaMod:IllyaBlindPoisonToss","floor":14.0},{"not_picked":["PrismaMod:IllyaInstallAssassin","PrismaMod:IllyaCarnivalOrbs"],"picked":"PrismaMod:IllyaUberPoisonChannel","floor":16.0},{"not_picked":["PrismaMod:IllyaRapidFire","PrismaMod:IllyaHassanGift"],"picked":"PrismaMod:IllyaFriendMaker","floor":18.0},{"not_picked":["PrismaMod:IllyaGun","PrismaMod:IllyaUberAttackChannel"],"picked":"PrismaMod:IllyaUncommonDefend","floor":20.0},{"not_picked":["PrismaMod:IllyaSaphire","PrismaMod:IllyaBlindPoisonToss"],"picked":"PrismaMod:IllyaMaid","floor":22}],"player_experience":664520,"relics_obtained":[{"floor":9.0,"key":"Runesmith:Nanobots"},{"floor":14.0,"key":"Replay:Kaleidoscope"}],"event_choices":[{"cards_removed":["PrismaMod:IllyaCheapChannelDefend"],"damage_healed":5.0,"max_hp_gain":0.0,"max_hp_loss":0.0,"gold_gain":0.0,"event_name":"Bonfire Elementals","player_choice":"Offered Common","floor":8.0,"gold_loss":0.0,"damage_taken":0.0},{"cards_removed":["PrismaMod:IllyaCheapChannelDefend"],"damage_healed":5.0,"max_hp_gain":0.0,"max_hp_loss":0.0,"gold_gain":0.0,"event_name":"Bonfire Elementals","player_choice":"Offered Special","floor":8.0,"gold_loss":0.0,"damage_taken":0.0},{"damage_healed":0.0,"max_hp_gain":5.0,"max_hp_loss":0.0,"gold_gain":0.0,"event_name":"Big Fish","player_choice":"Donut","floor":13.0,"gold_loss":0.0,"damage_taken":0.0},{"damage_healed":0,"gold_gain":0,"player_choice":"Bought 1 Potion","damage_taken":0,"max_hp_gain":0,"max_hp_loss":0,"event_name":"The Woman in Blue","floor":21,"gold_loss":0},{"damage_healed":0,"gold_gain":0,"player_choice":"Leave","damage_taken":0,"max_hp_gain":0,"max_hp_loss":0,"event_name":"conspire:Investor","floor":23,"gold_loss":0}],"is_beta":false,"boss_relics":[{"not_picked":["infinitespire:Cupcake","hubris:CrackedHourglass"],"picked":"PrismaMod:PrismaZwei"}],"items_purged_floors":[],"is_endless":false,"potions_floor_spawned":[3,5,11,14,18],"killed_by":"Snake Plant","ascension_level":0}}