{"host":"ga4s3hj9m6nkn6gp","time":1611492685,"event":{"mods":["AchievementEnabler","BaseMod","Bestiary","Colored Powertips","Highlight Path","Minty Spire (QoL Compilation)","Relic Stats","everything is the same but u backflip on backflip"],"gold_per_floor":[109,109,128,143,156,156,189,189,215,234,234,261,261,277,277,356,356,368,398,398,10,10,10,28,53,53,79,79,93,18,44,44,121,121,136,151,151,163,163,193,193,223,223,7,229,246,275,288,288,288,288,288,288,23,57,57],"floor_reached":57,"language":"ENG","playtime":3665,"items_purged":["Pain","Strike_G"],"score":3016,"play_id":"b0d67d57-fba0-4dac-8dd7-130cf5566dfc","local_time":"20210124135125","is_ascension_mode":true,"campfire_choices":[{"data":"Blade Dance","floor":6.0,"key":"SMITH"},{"data":"Leg Sweep","floor":8.0,"key":"SMITH"},{"data":"Noxious Fumes","floor":11.0,"key":"SMITH"},{"data":"Terror","floor":15.0,"key":"SMITH"},{"data":"Apotheosis","floor":23.0,"key":"SMITH"},{"data":"Night Terror","floor":28.0,"key":"SMITH"},{"data":"Well Laid Plans","floor":32.0,"key":"SMITH"},{"data":"Regret","floor":41.0,"key":"PURGE"},{"floor":49.0,"key":"RECALL"},{"data":"Strike_G","floor":53.0,"key":"PURGE"}],"circlet_count":0,"master_deck":["AscendersBane","Strike_G","Strike_G","Strike_G","Defend_G","Defend_G","Defend_G","Defend_G","Defend_G","Survivor","Neutralize","Slice","Blade Dance+1","Terror+1","Leg Sweep+1","Noxious Fumes+1","Burst","After Image","Acrobatics+1","Ghostly+1","Ghostly+1","Ghostly","Night Terror+1","Bouncing Flask","Apotheosis+1","Catalyst","Well Laid Plans+1","Acrobatics","Tools of the Trade","PiercingWail+1","Ghostly+1","Master of Strategy","Catalyst","Wraith Form v2","Hologram","Backflip","Panacea"],"relics":["Ring of the Snake","Akabeko","Bronze Scales","Smiling Mask","Incense Burner","Cursed Key","Red Mask","War Paint","InkBottle","Bird Faced Urn","Pen Nib","Fusion Hammer","Peace Pipe","Snake Skull","PrismaticShard","Turnip","Oddly Smooth Stone","Paper Crane"],"acts_visited":["Exordium","TheCity","TheBeyond","TheEnding"],"potions_floor_usage":[],"damage_taken":[{"damage":0.0,"enemies":"Cultist","floor":1.0,"turns":3.0},{"damage":0.0,"enemies":"Small Slimes","floor":3.0,"turns":3.0},{"damage":2.0,"enemies":"Jaw Worm","floor":4.0,"turns":3.0},{"damage":4.0,"enemies":"Looter","floor":5.0,"turns":3.0},{"damage":17.0,"enemies":"Gremlin Nob","floor":7.0,"turns":4.0},{"damage":4.0,"enemies":"Blue Slaver","floor":10.0,"turns":2.0},{"damage":11.0,"enemies":"Lagavulin","floor":12.0,"turns":6.0},{"damage":0.0,"enemies":"Lots of Slimes","floor":14.0,"turns":4.0},{"damage":0.0,"enemies":"Hexaghost","floor":16.0,"turns":7.0},{"damage":0.0,"enemies":"3 Byrds","floor":18.0,"turns":3.0},{"damage":7.0,"enemies":"Masked Bandits","floor":19.0,"turns":8.0},{"damage":0.0,"enemies":"Shell Parasite","floor":24.0,"turns":4.0},{"damage":8.0,"enemies":"Slavers","floor":25.0,"turns":5.0},{"damage":3.0,"enemies":"Book of Stabbing","floor":27.0,"turns":7.0},{"damage":3.0,"enemies":"Shelled Parasite and Fungi","floor":29.0,"turns":6.0},{"damage":6.0,"enemies":"Slavers","floor":31.0,"turns":6.0},{"damage":23.0,"enemies":"Collector","floor":33.0,"turns":8.0},{"damage":3.0,"enemies":"3 Darklings","floor":35.0,"turns":6.0},{"damage":0.0,"enemies":"3 Shapes","floor":36.0,"turns":6.0},{"damage":2.0,"enemies":"Sphere and 2 Shapes","floor":38.0,"turns":6.0},{"damage":8.0,"enemies":"Nemesis","floor":40.0,"turns":9.0},{"damage":0.0,"enemies":"Giant Head","floor":42.0,"turns":3.0},{"damage":1.0,"enemies":"Transient","floor":46.0,"turns":6.0},{"damage":0.0,"enemies":"Nemesis","floor":47.0,"turns":5.0},{"damage":5.0,"enemies":"4 Shapes","floor":48.0,"turns":6.0},{"damage":4.0,"enemies":"Donu and Deca","floor":50.0,"turns":7.0},{"damage":6.0,"enemies":"Awakened One","floor":51.0,"turns":11.0},{"damage":3.0,"enemies":"Shield and Spear","floor":55.0,"turns":7.0},{"damage":30,"enemies":"The Heart","floor":56,"turns":10}],"seed_played":"-5376521335829821605","potions_obtained":[{"floor":3.0,"key":"Block Potion"},{"floor":5.0,"key":"Fruit Juice"},{"floor":10.0,"key":"EntropicBrew"},{"floor":12.0,"key":"SteroidPotion"},{"floor":14.0,"key":"Dexterity Potion"},{"floor":18.0,"key":"FairyPotion"},{"floor":27.0,"key":"BlessingOfTheForge"},{"floor":29.0,"key":"Dexterity Potion"},{"floor":38.0,"key":"Block Potion"}],"is_trial":false,"path_per_floor":["M","?","M","M","M","R","E","R","T","M","R","E","?","M","R","B",null,"M","?","?","$","?","R","M","E","T","E","R","M","$","E","R","B",null,"M","M","?","M","?","E","R","E","T","$","?","M","E","M","R","B","B",null,"R","$","E","B",null],"character_chosen":"THE_SILENT","items_purchased":["Night Terror","Bouncing Flask","Apotheosis","Well Laid Plans","PrismaticShard","Oddly Smooth Stone","Backflip"],"campfire_rested":0,"item_purchase_floors":[21,21,21,30,44,54,54],"current_hp_per_floor":[65,39,39,37,33,33,16,16,16,12,12,6,6,6,6,6,59,59,52,38,38,38,38,38,30,30,27,27,26,26,26,26,9,31,36,38,38,38,28,28,28,30,30,30,30,37,38,37,37,38,38,38,38,38,38,14],"gold":57,"neow_bonus":"TEN_PERCENT_HP_BONUS","is_daily":false,"chose_seed":false,"campfire_upgraded":7,"win_rate":0.0,"timestamp":1611492685,"path_taken":["M","?","M","M","M","R","E","R","T","M","R","E","?","M","R","BOSS","M","?","?","$","?","R","?","E","T","E","R","?","$","E","R","BOSS","M","M","?","?","?","E","R","E","T","$","?","M","E","M","R","BOSS","BOSS","R","$","E","BOSS"],"items_purchased_type":["Card","Card","Card","Card","Relic","Relic","Card"],"build_version":"2020-12-22","purchased_purges":2,"victory":true,"max_hp_per_floor":[72,72,72,72,72,72,72,72,72,72,72,77,77,77,77,77,77,77,77,38,38,38,38,38,38,38,38,38,38,38,38,38,38,38,38,38,38,38,38,38,38,38,38,38,38,38,38,38,38,38,38,38,38,38,38,38],"relic_stats":{"counters":[29,164],"Pen Nib":[11],"Snake Skull":[123],"War Paint":["Ghostly","Ghostly"],"Smiling Mask":75,"Cursed Key":2,"Peace Pipe":2,"Bronze Scales":[677],"Bird Faced Urn":[69],"Turnip":[2],"obtain_stats":[{"Oddly Smooth Stone":54,"Pen Nib":31,"Snake Skull":42,"Incense Burner":12,"War Paint":25,"Paper Crane":55,"Smiling Mask":9,"Cursed Key":17,"PrismaticShard":44,"Akabeko":2,"Peace Pipe":40,"Bronze Scales":7,"Bird Faced Urn":27,"Fusion Hammer":34,"Turnip":47,"Red Mask":19,"InkBottle":26,"Ring of the Snake":0},{"Oddly Smooth Stone":27,"Pen Nib":16,"Snake Skull":22,"Incense Burner":7,"War Paint":13,"Paper Crane":28,"Smiling Mask":5,"Cursed Key":9,"PrismaticShard":22,"Akabeko":1,"Peace Pipe":21,"Bronze Scales":5,"Bird Faced Urn":14,"Fusion Hammer":17,"Turnip":24,"Red Mask":11,"InkBottle":13,"Ring of the Snake":0},{"Oddly Smooth Stone":147,"Pen Nib":74,"Snake Skull":112,"Incense Burner":24,"War Paint":55,"Paper Crane":154,"Smiling Mask":16,"Cursed Key":35,"PrismaticShard":112,"Akabeko":3,"Peace Pipe":109,"Bronze Scales":16,"Bird Faced Urn":62,"Fusion Hammer":82,"Turnip":123,"Red Mask":46,"InkBottle":55,"Ring of the Snake":0}],"InkBottle":[48],"Ring of the Snake":[58]},"card_choices":[{"not_picked":["Concentrate","Accuracy"],"picked":"Slice","floor":1.0},{"not_picked":["Dagger Throw","Bane"],"picked":"Blade Dance","floor":3.0},{"not_picked":["Choke","Tools of the Trade"],"picked":"Terror","floor":4.0},{"not_picked":["Prepared","Terror","Sucker Punch"],"picked":"SKIP","floor":5.0},{"not_picked":["Slice","Blade Dance"],"picked":"Leg Sweep","floor":7.0},{"not_picked":["Bane","Dash"],"picked":"Noxious Fumes","floor":10.0},{"not_picked":["Slice","Outmaneuver"],"picked":"Burst","floor":12.0},{"not_picked":["Dodge and Roll","Sucker Punch","Tactician"],"picked":"SKIP","floor":14.0},{"not_picked":["Bullet Time","Doppelganger"],"picked":"After Image","floor":16.0},{"not_picked":["Poisoned Stab","Bane","Underhanded Strike"],"picked":"SKIP","floor":18.0},{"not_picked":["Deflect","Sucker Punch"],"picked":"Acrobatics+1","floor":19.0},{"not_picked":["Deflect+1","Outmaneuver+1","Masterful Stab"],"picked":"SKIP","floor":24.0},{"not_picked":["Deflect","Blur","Dagger Spray"],"picked":"SKIP","floor":25.0},{"not_picked":["Sucker Punch","Distraction","Outmaneuver"],"picked":"SKIP","floor":27.0},{"not_picked":["Dagger Spray+1","Sucker Punch","Backflip"],"picked":"SKIP","floor":29.0},{"not_picked":["Terror","Prepared"],"picked":"Acrobatics","floor":31.0},{"not_picked":["Grand Finale","Bullet Time"],"picked":"Tools of the Trade","floor":33.0},{"not_picked":["Reflex","Bane"],"picked":"PiercingWail+1","floor":35.0},{"not_picked":["Deadly Poison","Heel Hook","Reflex"],"picked":"SKIP","floor":36.0},{"not_picked":["Deadly Poison","Flying Knee+1","Slice"],"picked":"SKIP","floor":38.0},{"not_picked":["Bandage Up","Thinking Ahead"],"picked":"Master of Strategy","floor":39.0},{"not_picked":["Flying Knee","Choke+1"],"picked":"Catalyst","floor":40.0},{"not_picked":["Infinite Blades","Riddle With Holes"],"picked":"Wraith Form v2","floor":42.0},{"not_picked":["Conserve Battery","Cold Snap+1","ClearTheMind+1"],"picked":"SKIP","floor":46.0},{"not_picked":["Iron Wave+1","WaveOfTheHand"],"picked":"Hologram","floor":47.0},{"not_picked":["CrushJoints","Intimidate","Reflex"],"picked":"SKIP","floor":48.0},{"not_picked":["Compile Driver","Melter"],"picked":"Panacea","floor":55.0}],"player_experience":676346,"relics_obtained":[{"floor":7.0,"key":"Bronze Scales"},{"floor":9.0,"key":"Smiling Mask"},{"floor":12.0,"key":"Incense Burner"},{"floor":19.0,"key":"Red Mask"},{"floor":25.0,"key":"War Paint"},{"floor":26.0,"key":"InkBottle"},{"floor":27.0,"key":"Bird Faced Urn"},{"floor":31.0,"key":"Pen Nib"},{"floor":40.0,"key":"Peace Pipe"},{"floor":42.0,"key":"Snake Skull"},{"floor":47.0,"key":"Turnip"},{"floor":55.0,"key":"Paper Crane"}],"event_choices":[{"damage_healed":0.0,"max_hp_gain":0.0,"max_hp_loss":0.0,"gold_gain":0.0,"event_name":"Scrap Ooze","player_choice":"Success","floor":2.0,"gold_loss":0.0,"damage_taken":26.0,"relics_obtained":["Akabeko"]},{"damage_healed":0.0,"max_hp_gain":0.0,"max_hp_loss":0.0,"gold_gain":0.0,"event_name":"Dead Adventurer","player_choice":"Searched \u00270\u0027 times","floor":13.0,"gold_loss":0.0,"damage_taken":0.0},{"damage_healed":0.0,"max_hp_gain":0.0,"max_hp_loss":0.0,"gold_gain":0.0,"event_name":"Masked Bandits","player_choice":"Fought Bandits","floor":19.0,"gold_loss":0.0,"damage_taken":0.0},{"damage_healed":0.0,"max_hp_gain":0.0,"max_hp_loss":39.0,"gold_gain":0.0,"event_name":"Ghosts","player_choice":"Became a Ghost","floor":20.0,"gold_loss":0.0,"damage_taken":0.0,"cards_obtained":["Ghostly","Ghostly","Ghostly"]},{"damage_healed":0.0,"max_hp_gain":0.0,"max_hp_loss":0.0,"gold_gain":0.0,"event_name":"The Library","player_choice":"Read","floor":22.0,"gold_loss":0.0,"damage_taken":0.0,"cards_obtained":["Catalyst"]},{"damage_healed":0.0,"max_hp_gain":0.0,"max_hp_loss":0.0,"gold_gain":0.0,"event_name":"Duplicator","player_choice":"Copied","floor":37.0,"gold_loss":0.0,"damage_taken":0.0,"cards_obtained":["Ghostly"]},{"damage_healed":0.0,"max_hp_gain":0.0,"max_hp_loss":0.0,"gold_gain":0.0,"event_name":"SensoryStone","player_choice":"Memory 3","floor":39.0,"gold_loss":0.0,"damage_taken":10.0},{"damage_healed":0.0,"max_hp_gain":0.0,"max_hp_loss":0.0,"gold_gain":222.0,"event_name":"Tomb of Lord Red Mask","player_choice":"Wore Mask","floor":45.0,"gold_loss":0.0,"damage_taken":0.0}],"is_beta":false,"boss_relics":[{"not_picked":["Ring of the Serpent","SacredBark"],"picked":"Cursed Key"},{"not_picked":["Pandora\u0027s Box","Philosopher\u0027s Stone"],"picked":"Fusion Hammer"}],"items_purged_floors":[44,54],"is_endless":false,"potions_floor_spawned":[3,5,10,12,14,18,27,29,38,40,46],"ascension_level":20}}