{"host":"fem9mtxpack7r1py","time":1611462733,"event":{"mods":["BaseMod","Colored Map","Hermit","Marisa????????","Minty Spire (QoL Compilation)","Relic Stats","StSLib","The Cursed","The Disciple","The Servant 0.9.4"],"gold_per_floor":[113,128,59,74,74,74,108,108,135,135,161,161,172,182,182,182,182],"floor_reached":16,"language":"ENG","playtime":2039,"items_purged":[],"score":110,"play_id":"5e64a222-8bc3-4215-9966-dc1f1ee089a4","local_time":"20210123233213","is_ascension_mode":false,"campfire_choices":[{"data":"hermit:Manifest","floor":6,"key":"SMITH"},{"data":"hermit:FlashPowder","floor":8,"key":"SMITH"},{"data":"hermit:Deadeye","floor":12,"key":"SMITH"},{"floor":15,"key":"REST"}],"circlet_count":0,"master_deck":["hermit:Strike_Hermit","hermit:Strike_Hermit","hermit:Strike_Hermit","hermit:Defend_Hermit","hermit:Defend_Hermit","hermit:Defend_Hermit","hermit:Snapshot","hermit:Covet","hermit:Cheat","hermit:ShadowCloak","hermit:Manifest+1","hermit:FlashPowder+1","hermit:Deadeye+1","hermit:BodyArmor","hermit:WideOpen"],"relics":["hermit:Momento","Art of War","Darkstone Periapt","Juzu Bracelet","PreservedInsect"],"acts_visited":["Exordium"],"potions_floor_usage":[7],"damage_taken":[{"damage":6,"enemies":"Jaw Worm","floor":1,"turns":3},{"damage":0,"enemies":"2 Louse","floor":2,"turns":2},{"damage":0,"enemies":"Small Slimes","floor":4,"turns":3},{"damage":14,"enemies":"Lagavulin","floor":7,"turns":9},{"damage":27,"enemies":"3 Sentries","floor":11,"turns":14},{"damage":10,"enemies":"Gremlin Gang","floor":13,"turns":5},{"damage":1,"enemies":"Red Slaver","floor":14,"turns":5},{"damage":31,"enemies":"Hexaghost","floor":16,"turns":14}],"seed_played":"-1282025727048703398","potions_obtained":[{"floor":4,"key":"SteroidPotion"},{"floor":11,"key":"BlessingOfTheForge"},{"floor":14,"key":"hermit:Eclipse"}],"is_trial":false,"path_per_floor":["M","M","$","M","?","R","E","R","T","?","E","R","M","M","R","B"],"character_chosen":"HERMIT","items_purchased":["hermit:ShadowCloak"],"campfire_rested":1,"item_purchase_floors":[3],"current_hp_per_floor":[69,69,69,69,66,66,52,52,52,45,18,18,8,7,29,0,0],"gold":182,"neow_bonus":"REMOVE_CARD","is_daily":false,"chose_seed":false,"campfire_upgraded":3,"win_rate":0.0,"timestamp":1611462733,"path_taken":["M","M","$","M","?","R","E","R","T","?","E","R","M","M","R","BOSS"],"items_purchased_type":["Card"],"build_version":"2020-12-22","purchased_purges":0,"victory":false,"max_hp_per_floor":[75,75,75,75,75,75,75,75,75,75,75,75,75,75,75,75,75],"relic_stats":{"Darkstone Periapt":0,"counters":[8,55],"PreservedInsect":0,"Art of War":[2],"Juzu Bracelet":0,"obtain_stats":[{"Darkstone Periapt":7,"PreservedInsect":11,"Art of War":5,"Juzu Bracelet":9,"hermit:Momento":0},{"Darkstone Periapt":4,"PreservedInsect":5,"Art of War":3,"Juzu Bracelet":4,"hermit:Momento":0},{"Darkstone Periapt":17,"PreservedInsect":31,"Art of War":8,"Juzu Bracelet":17,"hermit:Momento":0}]},"card_choices":[{"not_picked":["hermit:Desperado","hermit:Snipe","hermit:Maintenance"],"picked":"SKIP","floor":1},{"not_picked":["hermit:Glare","hermit:Roulette"],"picked":"hermit:Cheat","floor":2},{"not_picked":["hermit:Glare","hermit:TakeCover"],"picked":"hermit:Manifest","floor":4},{"not_picked":["hermit:WideOpen","hermit:Scavenge"],"picked":"hermit:FlashPowder","floor":7},{"not_picked":["hermit:BigShot","hermit:Snipe"],"picked":"hermit:Deadeye","floor":11},{"not_picked":["hermit:TakeCover","hermit:SprayPray"],"picked":"hermit:BodyArmor","floor":13},{"not_picked":["hermit:Desperado","hermit:Headshot"],"picked":"hermit:WideOpen","floor":14}],"player_experience":875795,"relics_obtained":[{"floor":7,"key":"Darkstone Periapt"},{"floor":9,"key":"Juzu Bracelet"},{"floor":11,"key":"PreservedInsect"}],"event_choices":[{"damage_healed":0,"gold_gain":0,"player_choice":"Success","damage_taken":3,"relics_obtained":["Art of War"],"max_hp_gain":0,"max_hp_loss":0,"event_name":"Scrap Ooze","floor":5,"gold_loss":0},{"cards_removed":["hermit:Defend_Hermit"],"damage_healed":0,"gold_gain":0,"player_choice":"Card Removal","damage_taken":7,"max_hp_gain":0,"max_hp_loss":0,"event_name":"Golden Wing","floor":10,"gold_loss":0}],"is_beta":false,"boss_relics":[],"items_purged_floors":[],"is_endless":false,"potions_floor_spawned":[4,11,14],"killed_by":"Hexaghost","ascension_level":0}}