{"host":"uv5ws9rdk87e8i5k","time":1611511706,"event":{"mods":["AchievementEnabler","BaseMod","Colored Map","Minty Spire (QoL Compilation)","StSLib","SuperFastMode"],"gold_per_floor":[109,122,137,156,176,176,211,223,223,258,29,60,135,155,155,155,155],"floor_reached":16,"language":"ENG","playtime":313,"items_purged":[],"score":174,"play_id":"fa277b49-be86-4a4a-9880-931adf1fa339","local_time":"20210124120826","is_ascension_mode":true,"campfire_choices":[{"data":"Immolate","floor":6.0,"key":"SMITH"},{"data":"Havoc","floor":15,"key":"SMITH"}],"circlet_count":0,"master_deck":["Strike_R","Strike_R","Strike_R","Strike_R","Strike_R","Defend_R","Defend_R","Defend_R","Defend_R","Bash","Cleave","Warcry","Iron Wave","Wild Strike","Inflame","Immolate+1","Iron Wave","Cleave","Havoc+1"],"relics":["Burning Blood","Eternal Feather","Ornamental Fan","MawBank","Paper Frog","Anchor"],"acts_visited":["Exordium"],"potions_floor_usage":[10,16,16],"damage_taken":[{"damage":8.0,"enemies":"Jaw Worm","floor":1.0,"turns":4.0},{"damage":5.0,"enemies":"Small Slimes","floor":2.0,"turns":4.0},{"damage":0.0,"enemies":"2 Louse","floor":3.0,"turns":2.0},{"damage":7.0,"enemies":"Looter","floor":4.0,"turns":3.0},{"damage":0.0,"enemies":"Large Slime","floor":5.0,"turns":5.0},{"damage":31.0,"enemies":"Gremlin Nob","floor":7.0,"turns":4.0},{"damage":13.0,"enemies":"Red Slaver","floor":8.0,"turns":3.0},{"damage":27,"enemies":"Lagavulin","floor":10,"turns":7},{"damage":16,"enemies":"Gremlin Nob","floor":12,"turns":3},{"damage":0,"enemies":"2 Fungi Beasts","floor":14,"turns":2},{"damage":41,"enemies":"Hexaghost","floor":16,"turns":7}],"seed_played":"-3043976306217748258","potions_obtained":[{"floor":1.0,"key":"Ancient Potion"},{"floor":4.0,"key":"Explosive Potion"},{"floor":8.0,"key":"Regen Potion"},{"floor":12,"key":"BlessingOfTheForge"}],"is_trial":false,"path_per_floor":["M","M","M","M","M","R","E","M","T","E","$","E","?","M","R","B"],"character_chosen":"IRONCLAD","items_purchased":["Paper Frog"],"campfire_rested":0,"item_purchase_floors":[11],"current_hp_per_floor":[70,71,77,76,80,80,55,48,48,42,42,32,21,27,36,0,0],"gold":155,"neow_bonus":"THREE_CARDS","is_daily":false,"chose_seed":false,"campfire_upgraded":2,"win_rate":0.0,"timestamp":1611511706,"path_taken":["M","M","M","M","M","R","E","M","T","E","$","E","?","M","R","BOSS"],"items_purchased_type":["Relic"],"build_version":"2020-12-22","purchased_purges":0,"victory":false,"max_hp_per_floor":[80,80,80,80,80,80,80,80,80,80,80,80,80,80,80,80,80],"card_choices":[{"not_picked":["Sword Boomerang","Clothesline"],"picked":"Cleave","floor":0.0},{"not_picked":["Entrench","Shockwave"],"picked":"Warcry","floor":1.0},{"not_picked":["Clothesline","Carnage"],"picked":"Iron Wave","floor":2.0},{"not_picked":["Disarm","Fire Breathing"],"picked":"Wild Strike","floor":3.0},{"not_picked":["Evolve","Shockwave"],"picked":"Inflame","floor":4.0},{"not_picked":["Havoc","Searing Blow"],"picked":"Immolate","floor":5.0},{"not_picked":["Infernal Blade","Burning Pact"],"picked":"Iron Wave","floor":7.0},{"not_picked":["Dual Wield","Rupture","Ghostly Armor"],"picked":"SKIP","floor":8.0},{"not_picked":["Shrug It Off","Iron Wave"],"picked":"Cleave","floor":10},{"not_picked":["Clothesline","Seeing Red"],"picked":"Havoc","floor":12},{"not_picked":["Cleave","Disarm","Perfected Strike"],"picked":"SKIP","floor":14}],"player_experience":231577,"relics_obtained":[{"floor":7.0,"key":"Eternal Feather"},{"floor":9.0,"key":"Ornamental Fan"},{"floor":10,"key":"MawBank"},{"floor":12,"key":"Anchor"}],"event_choices":[{"damage_healed":0,"gold_gain":75,"player_choice":"Gather Gold","damage_taken":11,"max_hp_gain":0,"max_hp_loss":0,"event_name":"World of Goop","floor":13,"gold_loss":0}],"is_beta":false,"boss_relics":[],"items_purged_floors":[],"is_endless":false,"potions_floor_spawned":[1,4,8,12],"killed_by":"Hexaghost","ascension_level":8}}