{"host":"18wi9kpcl4eah7pe","time":1611530212,"event":{"mods":["BaseMod","Colored Powertips","Downfall","Minty Spire (QoL Compilation)","StSLib"],"gold_per_floor":[99,113,288,348,358,358,381,212,246,46,63,48,48,62,79,180,180,80,100,114,114,214,63,112,112,112,126,126,111,111,124,142,240,240,240,257,257,273,283,283,362,362,380,409,163,313,333,333,333,333],"floor_reached":48,"language":"ENG","playtime":2686,"items_purged":["Doubt"],"score":585,"play_id":"11689d32-c7b3-4469-9771-f1088afd6ca5","local_time":"20210124171652","is_ascension_mode":false,"campfire_choices":[{"floor":1,"key":"RECALL"},{"floor":10,"key":"REST"},{"floor":25,"key":"REST"},{"floor":30,"key":"REST"},{"floor":40,"key":"REST"},{"floor":42,"key":"REST"}],"circlet_count":0,"master_deck":["sneckomod:Defend+1","sneckomod:Defend+1","sneckomod:Defend+1","sneckomod:TailWhip+1","sneckomod:SnekBite+1","sneckomod:Unknown+1","sneckomod:QuickMove+1","sneckomod:UnknownUncommonSkill+1","sneckomod:UnknownCommonSkill+1","sneckomod:UnknownCommonAttack+1","sneckomod:ImprovisedAttack+1","Slimebound:Recycling+1","sneckomod:SlitherStrike+1","bronze:Mutator+1","sneckomod:TrashToTreasure+1","sneckomod:UnknownCommonAttack+1","sneckomod:Mudshield+1","sneckomod:UnknownClassGREEN+1","sneckomod:UnknownClassGREEN+1","sneckomod:UnknownClassGREEN+1","sneckomod:UnknownClassGREEN+1","Slimebound:SplitSpecialist+1","Noxious Fumes+1","sneckomod:UnknownUncommonSkill+1","Doppelganger+1","sneckomod:UnknownClassSLIMEBOUND+1","Noxious Fumes+1","sneckomod:QuickBite+1","expansioncontent:QuickStudy+1","Bite+1","Bite+1","Bite+1","Bite+1","Bite+1","Crippling Poison+1","sneckomod:UnknownUncommonAttack+1","Well Laid Plans+1","sneckomod:SerpentIdol+1","Dagger Throw+1","sneckomod:SerpentMind+1","Burst+1","sneckomod:SnakeSap+1","Poisoned Stab+1","sneckomod:UnknownRarePower+1","Adrenaline+1","Dagger Spray+1","sneckomod:UnknownStrength+1","Bullet Time","sneckomod:UnknownClassGREEN+1","Tools of the Trade","sneckomod:Unknown0Cost","Escape Plan","sneckomod:UnknownClassGREEN","Die Die Die","sneckomod:UnknownCommonSkill+1"],"relics":["sneckomod:SneckoSoul","The Courier","sneckomod:SneckoBoss","Happy Flower","Nilry\u0027s Codex","SlaversCollar","InkBottle","Singing Bowl","hexamod:Sixitude","White Beast Statue"],"acts_visited":["Exordium","TheCity","TheBeyond"],"potions_floor_usage":[16,16,19,23,32,33,36,39,44,47,48],"damage_taken":[{"damage":6,"enemies":"Jaw Worm","floor":2,"turns":3},{"damage":44,"enemies":"Lagavulin Event","floor":4,"turns":4},{"damage":6,"enemies":"Small Slimes","floor":5,"turns":3},{"damage":0,"enemies":"downfall:FleeingMerchant","floor":8,"turns":4},{"damage":8,"enemies":"Lagavulin","floor":9,"turns":7},{"damage":3,"enemies":"Cultist","floor":11,"turns":2},{"damage":0,"enemies":"downfall:FleeingMerchant","floor":12,"turns":4},{"damage":7,"enemies":"Blue Slaver","floor":14,"turns":2},{"damage":4,"enemies":"3 Louse","floor":15,"turns":4},{"damage":84,"enemies":"DF_ARCHETYPE_STREAMLINE","floor":16,"turns":14},{"damage":0,"enemies":"Chosen","floor":19,"turns":3},{"damage":19,"enemies":"Shell Parasite","floor":20,"turns":6},{"damage":20,"enemies":"downfall:FleeingMerchant","floor":23,"turns":4},{"damage":17,"enemies":"Centurion and Healer","floor":27,"turns":5},{"damage":9,"enemies":"downfall:FleeingMerchant","floor":29,"turns":4},{"damage":35,"enemies":"Cultist and Chosen","floor":31,"turns":5},{"damage":4,"enemies":"Snecko","floor":32,"turns":6},{"damage":31,"enemies":"WA_ARCHETYPE_CALM","floor":33,"turns":7},{"damage":75,"enemies":"3 Darklings","floor":36,"turns":6},{"damage":17,"enemies":"3 Shapes","floor":38,"turns":5},{"damage":20,"enemies":"Sphere and 2 Shapes","floor":39,"turns":4},{"damage":27,"enemies":"Transient","floor":43,"turns":5},{"damage":36,"enemies":"Nemesis","floor":44,"turns":5},{"damage":0,"enemies":"downfall:FleeingMerchant","floor":45,"turns":2},{"damage":0,"enemies":"4 Shapes","floor":47,"turns":5},{"damage":43,"enemies":"Spire Growth","floor":48,"turns":4}],"seed_played":"4522108216670369382","potions_obtained":[{"floor":5,"key":"Block Potion"},{"floor":11,"key":"bronze:BurnAndBuffPotion"},{"floor":16,"key":"sneckomod:DiceRollPotion"},{"floor":19,"key":"FearPotion"},{"floor":27,"key":"EssenceOfSteel"},{"floor":32,"key":"champ:CounterPotion"},{"floor":33,"key":"PowerPotion"},{"floor":38,"key":"Fire Potion"},{"floor":43,"key":"PowerPotion"},{"floor":47,"key":"Dexterity Potion"}],"is_trial":false,"path_per_floor":["R","M","?","?","M","?","T","$","E","R","M","$","R","M","M","B",null,"R","M","M","?","?","$","T","R","?","M","?","$","R","M","M","B",null,"R","M","?","M","M","R","T","R","M","E","$","?","M","M"],"character_chosen":"THE_SNECKO","items_purchased":["sneckomod:UnknownRarePower","expansioncontent:QuickStudy","Guardian:BlockOnCardUsePotion","hexamod:Sixitude","Whetstone","White Beast Statue"],"campfire_rested":5,"item_purchase_floors":[8,23,45,45,45,45],"current_hp_per_floor":[90,84,84,42,38,68,68,70,64,100,97,99,99,93,91,9,100,100,100,81,81,81,63,63,93,93,80,64,63,93,70,72,43,100,100,31,31,27,7,34,34,61,40,14,21,21,27,0,0,0],"gold":333,"neow_bonus":"THREE_CARDS","is_daily":false,"chose_seed":false,"campfire_upgraded":0,"win_rate":0.0,"timestamp":1611530212,"path_taken":["R","M","?","?","M","?","T","?","E","R","M","$","R","M","M","BOSS","R","M","M","?","?","$","T","R","?","M","?","$","R","M","M","BOSS","R","M","?","M","M","R","T","R","M","E","$","?","M","M"],"items_purchased_type":["Card","Card","Potion","Relic","Relic","Relic"],"build_version":"2020-12-22","purchased_purges":1,"victory":false,"max_hp_per_floor":[90,90,90,90,90,90,90,90,90,100,100,100,100,100,100,100,100,100,100,100,100,100,100,100,100,100,100,100,100,100,100,100,100,100,100,100,90,90,90,90,90,90,90,94,98,98,98,98,98,98],"card_choices":[{"not_picked":["sneckomod:SoulDraw","sneckomod:SoulRoll"],"picked":"sneckomod:QuickMove","floor":0},{"not_picked":["sneckomod:Rotation","sneckomod:RainOfDice"],"picked":"sneckomod:UnknownUncommonSkill","floor":2},{"not_picked":["sneckomod:SoulRoll","sneckomod:UnknownX"],"picked":"sneckomod:UnknownCommonSkill","floor":4},{"not_picked":["sneckomod:MasterEye","sneckomod:DefensiveFlair"],"picked":"sneckomod:Memorize","floor":5},{"not_picked":["sneckomod:RainOfDice","sneckomod:UnknownColorless"],"picked":"sneckomod:UnknownCommonAttack","floor":8},{"not_picked":["sneckomod:DiceCrush","sneckomod:UnknownCommonSkill"],"picked":"sneckomod:UnknownStrength","floor":9},{"not_picked":["sneckomod:RainOfDice","sneckomod:WideSting"],"picked":"sneckomod:ImprovisedAttack","floor":11},{"not_picked":["sneckomod:UnknownStrike","sneckomod:UnknownBoss"],"picked":"sneckomod:SlitherStrike","floor":12},{"not_picked":["sneckomod:UnknownCommonAttack","sneckomod:WideSting"],"picked":"sneckomod:TrashToTreasure","floor":14},{"not_picked":["sneckomod:UnknownColorless","sneckomod:UnknownUncommonSkill"],"picked":"sneckomod:UnknownCommonAttack","floor":15},{"not_picked":["sneckomod:SerpentMind","sneckomod:UnknownRareAttack"],"picked":"sneckomod:Mudshield","floor":16},{"not_picked":["Reflex","Predator"],"picked":"Noxious Fumes","floor":19},{"not_picked":["sneckomod:Unknown1Cost","sneckomod:DiceCrush"],"picked":"sneckomod:UnknownUncommonSkill","floor":19},{"not_picked":["Quick Slash","Masterful Stab"],"picked":"Doppelganger","floor":20},{"not_picked":["sneckomod:UnknownStrike","sneckomod:QuickBite+1"],"picked":"sneckomod:UnknownClassSLIMEBOUND","floor":20},{"not_picked":["Leg Sweep","Dagger Spray"],"picked":"Noxious Fumes","floor":23},{"not_picked":["sneckomod:UnknownRareAttack","sneckomod:IronFang"],"picked":"sneckomod:QuickBite","floor":23},{"not_picked":["Cloak And Dagger","Dodge and Roll"],"picked":"Crippling Poison","floor":27},{"not_picked":["sneckomod:RainOfDice","sneckomod:UnknownUncommonSkill"],"picked":"sneckomod:UnknownUncommonAttack","floor":27},{"not_picked":["Setup","Flechettes"],"picked":"Well Laid Plans","floor":29},{"not_picked":["sneckomod:PureSnecko","sneckomod:UnknownX"],"picked":"sneckomod:SerpentIdol+1","floor":29},{"not_picked":["Skewer","Doppelganger"],"picked":"Dagger Throw","floor":31},{"not_picked":["sneckomod:QuickMove","sneckomod:Memorize"],"picked":"sneckomod:SerpentMind","floor":31},{"not_picked":["Poisoned Stab","Malaise"],"picked":"Burst","floor":32},{"not_picked":["sneckomod:UnknownDraw","sneckomod:PureSnecko"],"picked":"sneckomod:SnakeSap","floor":32},{"not_picked":["Glass Knife","Blade Dance"],"picked":"Poisoned Stab","floor":33},{"not_picked":["sneckomod:Cheat","sneckomod:SerpentMind"],"picked":"sneckomod:UnknownRarePower","floor":33},{"not_picked":["Escape Plan","Sucker Punch"],"picked":"Dagger Spray","floor":36},{"not_picked":["sneckomod:UnknownClassTHE_BRONZE_AUTOMATON+1","sneckomod:SoulCleanse+1"],"picked":"sneckomod:UnknownStrength+1","floor":36},{"not_picked":["Poisoned Stab+1","Malaise"],"picked":"Bullet Time","floor":38},{"not_picked":["sneckomod:Unknown2Cost+1","sneckomod:UnknownClassTHE_BRONZE_AUTOMATON+1"],"picked":"sneckomod:UnknownClassGREEN+1","floor":38},{"not_picked":["Expertise","Reflex"],"picked":"Tools of the Trade","floor":39},{"not_picked":["sneckomod:UnknownUncommonSkill","sneckomod:MasterEye"],"picked":"sneckomod:Unknown0Cost","floor":39},{"not_picked":["Accuracy","Calculated Gamble"],"picked":"Escape Plan","floor":43},{"not_picked":["sneckomod:UnknownX","sneckomod:SoulDraw"],"picked":"sneckomod:UnknownClassGREEN","floor":43},{"not_picked":["Dagger Spray+1","Quick Slash","Acrobatics"],"picked":"Singing Bowl","floor":44},{"not_picked":["sneckomod:PureSnecko+1","sneckomod:SerpentIdol+1","sneckomod:Unknown2Cost"],"picked":"Singing Bowl","floor":44},{"not_picked":["Calculated Gamble","Deadly Poison","Acrobatics"],"picked":"Singing Bowl","floor":45},{"not_picked":["sneckomod:UnknownStrength","sneckomod:Unknown1Cost","sneckomod:SoulRoll"],"picked":"Singing Bowl","floor":45},{"not_picked":["Accuracy","Deadly Poison"],"picked":"Die Die Die","floor":47},{"not_picked":["sneckomod:QuickMove+1","sneckomod:QuickBite"],"picked":"sneckomod:UnknownCommonSkill+1","floor":47}],"player_experience":952791,"relics_obtained":[{"floor":9,"key":"The Courier"},{"floor":24,"key":"Happy Flower"},{"floor":28,"key":"Nilry\u0027s Codex"},{"floor":41,"key":"InkBottle"},{"floor":44,"key":"Singing Bowl"}],"event_choices":[{"damage_healed":30,"gold_gain":0,"player_choice":"Banana","damage_taken":0,"max_hp_gain":0,"max_hp_loss":0,"event_name":"Big Fish","floor":6,"gold_loss":0},{"damage_healed":0,"gold_gain":0,"player_choice":"Became a vampire (Vial)","damage_taken":0,"max_hp_gain":0,"max_hp_loss":0,"event_name":"Vampires","floor":26,"relics_lost":["Blood Vial"],"gold_loss":0,"cards_obtained":["Bite","Bite","Bite","Bite","Bite"]}],"is_beta":false,"boss_relics":[{"not_picked":["Velvet Choker","Philosopher\u0027s Stone"],"picked":"sneckomod:SneckoBoss"},{"not_picked":["Calling Bell","Runic Dome"],"picked":"SlaversCollar"}],"items_purged_floors":[8],"is_endless":false,"potions_floor_spawned":[5,11,16,19,27,32,33,38,43,47],"killed_by":"Spire Growth","ascension_level":0}}