{"host":"q5586ea2nrmr4nty","time":1611490705,"event":{"mods":["AchievementEnabler","BaseMod","Colored Map","Colored Powertips","Custom Start","Friendly Minions","Highlight Path","Minty Spire (QoL Compilation)","Quick Restart","StSLib","SuperFastMode"],"gold_per_floor":[116,136,136,153,153,153,182,182,182,209,209,220,234,199,199,295,295,314,224,101,121,21,55,55,5,5,19,39,39,53,66,66,66,66],"floor_reached":33,"language":"ENG","playtime":1390,"items_purged":["Zap+1","Dualcast+1"],"score":305,"play_id":"1eddb000-eb40-4dbf-9c1a-60c763028e31","local_time":"20210124231825","is_ascension_mode":true,"campfire_choices":[{"data":"Dualcast","floor":6,"key":"SMITH"},{"data":"Scrape","floor":8,"key":"SMITH"},{"data":"1","floor":11,"key":"LIFT"},{"data":"2","floor":15,"key":"LIFT"},{"data":"3","floor":24,"key":"LIFT"},{"floor":29,"key":"REST"},{"floor":32,"key":"REST"}],"circlet_count":0,"master_deck":["Strike_B","Strike_B","Strike_B","Strike_B","Defend_B","Defend_B","Defend_B","Defend_B","Fusion+1","Scrape+1","Conserve Battery","Reprogram","Go for the Eyes","Gash+1","Buffer","Streamline","Gash","Conserve Battery","Conserve Battery","Gash","Coolheaded+1","Melter","Steam","Steam"],"relics":["Cracked Core","Vajra","Meat on the Bone","Letter Opener","Girya","Sozu","Strawberry"],"acts_visited":["Exordium","TheCity"],"potions_floor_usage":[2,23],"damage_taken":[{"damage":2,"enemies":"Jaw Worm","floor":1,"turns":3},{"damage":2,"enemies":"Small Slimes","floor":2,"turns":2},{"damage":0,"enemies":"Cultist","floor":4,"turns":3},{"damage":18,"enemies":"Gremlin Nob","floor":7,"turns":3},{"damage":22,"enemies":"Lagavulin","floor":10,"turns":4},{"damage":0,"enemies":"Looter","floor":12,"turns":2},{"damage":0,"enemies":"Blue Slaver","floor":13,"turns":2},{"damage":49,"enemies":"The Guardian","floor":16,"turns":8},{"damage":10,"enemies":"2 Thieves","floor":18,"turns":3},{"damage":14,"enemies":"Shell Parasite","floor":21,"turns":4},{"damage":28,"enemies":"Gremlin Leader","floor":23,"turns":6},{"damage":21,"enemies":"Snecko","floor":27,"turns":4},{"damage":26,"enemies":"Centurion and Healer","floor":28,"turns":4},{"damage":28,"enemies":"Cultist and Chosen","floor":30,"turns":5},{"damage":17,"enemies":"Chosen and Byrds","floor":31,"turns":5},{"damage":49,"enemies":"Champ","floor":33,"turns":9}],"seed_played":"-433478460483464707","potions_obtained":[{"floor":1,"key":"BlessingOfTheForge"},{"floor":12,"key":"Ancient Potion"},{"floor":13,"key":"SteroidPotion"}],"is_trial":false,"path_per_floor":["M","M","?","M","?","R","E","R","T","E","R","M","M","?","R","B",null,"M","?","$","M","$","E","R","$","T","M","M","R","M","M","R","B"],"character_chosen":"DEFECT","items_purchased":["Gash","Gash"],"campfire_rested":2,"item_purchase_floors":[20,25],"current_hp_per_floor":[73,71,71,71,71,71,53,53,53,43,43,43,43,61,61,24,75,65,65,65,51,51,42,42,42,42,33,19,43,27,22,46,0,0],"gold":66,"neow_bonus":"RANDOM_COMMON_RELIC","is_daily":false,"chose_seed":false,"campfire_upgraded":2,"win_rate":0.0,"timestamp":1611490705,"path_taken":["M","M","?","M","?","R","E","R","T","E","R","M","?","?","R","BOSS","M","?","$","?","?","E","R","$","T","?","M","R","M","M","R","BOSS"],"items_purchased_type":["Card","Card"],"build_version":"2020-12-22","purchased_purges":2,"victory":false,"max_hp_per_floor":[75,75,75,75,75,75,75,75,75,75,75,75,75,75,75,75,75,75,75,75,75,75,82,82,82,82,82,82,82,82,82,82,82,82],"card_choices":[{"not_picked":["Consume","Sweeping Beam"],"picked":"Fusion","floor":1},{"not_picked":["Hologram","Leap"],"picked":"Cold Snap","floor":2},{"not_picked":["Turbo","Undo"],"picked":"Scrape","floor":4},{"not_picked":["Lockon","Compile Driver"],"picked":"Conserve Battery","floor":7},{"not_picked":["Static Discharge","Genetic Algorithm"],"picked":"Reprogram","floor":10},{"not_picked":["Cold Snap","Blizzard"],"picked":"Go for the Eyes","floor":12},{"not_picked":["Cold Snap","Darkness"],"picked":"Gash","floor":13},{"not_picked":["Meteor Strike","Biased Cognition"],"picked":"Buffer","floor":16},{"not_picked":["Hologram","Loop+1"],"picked":"Streamline","floor":18},{"not_picked":["Compile Driver","Coolheaded"],"picked":"Conserve Battery","floor":21},{"not_picked":["Heatsinks","Streamline"],"picked":"Conserve Battery","floor":23},{"not_picked":["Lockon+1","Force Field+1"],"picked":"Coolheaded+1","floor":27},{"not_picked":["Turbo+1","Chill"],"picked":"Melter","floor":28},{"not_picked":["Stack","Defragment"],"picked":"Steam","floor":30},{"not_picked":["Redo","Blizzard"],"picked":"Steam","floor":31}],"player_experience":115337,"relics_obtained":[{"floor":7,"key":"Meat on the Bone"},{"floor":9,"key":"Letter Opener"},{"floor":10,"key":"Girya"},{"floor":23,"key":"Strawberry"}],"event_choices":[{"damage_healed":0,"gold_gain":0,"player_choice":"Grow","damage_taken":0,"max_hp_gain":0,"max_hp_loss":0,"event_name":"Living Wall","floor":3,"gold_loss":0,"cards_upgraded":["Fusion"]},{"damage_healed":0,"gold_gain":0,"player_choice":"Forge","damage_taken":0,"max_hp_gain":0,"max_hp_loss":0,"event_name":"Accursed Blacksmith","floor":5,"gold_loss":0,"cards_upgraded":["Zap"]},{"damage_healed":18,"gold_gain":0,"player_choice":"Healed","damage_taken":0,"max_hp_gain":0,"max_hp_loss":0,"event_name":"The Cleric","floor":14,"gold_loss":35},{"cards_removed":["Cold Snap"],"damage_healed":0,"gold_gain":0,"player_choice":"Upgrade and Remove","damage_taken":0,"max_hp_gain":0,"max_hp_loss":0,"event_name":"Designer","floor":19,"gold_loss":90,"cards_upgraded":["Gash"]}],"is_beta":false,"boss_relics":[{"not_picked":["Philosopher\u0027s Stone","SacredBark"],"picked":"Sozu"}],"items_purged_floors":[20,22],"is_endless":false,"potions_floor_spawned":[1,12,13,18,28,30,31],"killed_by":"Champ","ascension_level":2}}