{"host":"aqym1xxr3lb31d9m","time":1611482491,"event":{"mods":["BaseMod","Block Reminder","Colored Map","Colored Powertips","DeckTracker","Highlight Path","Minty Spire (QoL Compilation)","Quick Restart","Random Character Button","StSLib","SuperFastMode","UnlockEverythingMod"],"gold_per_floor":[114,114,39,49,59,59,109,123,123,142,142,156,182,198,198,198,198],"floor_reached":16,"language":"JPN","playtime":673,"items_purged":["Decay"],"score":208,"play_id":"d23cfe1e-3544-4abc-93a7-6b333e27af03","local_time":"20210124190131","is_ascension_mode":true,"campfire_choices":[{"data":"Zap","floor":6,"key":"SMITH"},{"data":"Dualcast","floor":11,"key":"SMITH"},{"data":"Chill","floor":15,"key":"SMITH"}],"circlet_count":0,"master_deck":["AscendersBane","Strike_B","Strike_B","Strike_B","Strike_B","Defend_B","Defend_B","Defend_B","Defend_B","Zap+1","Dualcast+1","Conserve Battery","Hologram","Barrage","Undo","Coolheaded","Seek","Chill+1"],"relics":["Cracked Core","Dead Branch","Bottled Lightning","Dream Catcher"],"acts_visited":["Exordium"],"potions_floor_usage":[12,16],"damage_taken":[{"damage":3,"enemies":"2 Louse","floor":1,"turns":2},{"damage":0,"enemies":"Cultist","floor":4,"turns":3},{"damage":0,"enemies":"Small Slimes","floor":5,"turns":3},{"damage":6,"enemies":"Looter","floor":8,"turns":3},{"damage":0,"enemies":"2 Fungi Beasts","floor":10,"turns":3},{"damage":1,"enemies":"Exordium Thugs","floor":12,"turns":3},{"damage":14,"enemies":"3 Sentries","floor":13,"turns":7},{"damage":0,"enemies":"Large Slime","floor":14,"turns":4},{"damage":41,"enemies":"Slime Boss","floor":16,"turns":10}],"seed_played":"-3756598383552873869","potions_obtained":[{"floor":4,"key":"Explosive Potion"},{"floor":5,"key":"Fire Potion"},{"floor":12,"key":"GamblersBrew"}],"is_trial":false,"path_per_floor":["M","?","$","M","M","R","?","M","T","M","R","M","E","M","R","B"],"character_chosen":"DEFECT","items_purchased":[],"campfire_rested":0,"item_purchase_floors":[],"current_hp_per_floor":[61,61,61,61,61,61,61,55,55,55,55,54,40,40,40,0,0],"gold":198,"neow_bonus":"ONE_RARE_RELIC","is_daily":false,"chose_seed":false,"campfire_upgraded":3,"win_rate":0.0,"timestamp":1611482491,"path_taken":["M","?","$","M","M","R","?","M","T","?","R","M","E","M","R","BOSS"],"items_purchased_type":[],"build_version":"2020-12-22","purchased_purges":1,"victory":false,"max_hp_per_floor":[71,71,71,71,71,71,71,71,71,71,71,71,71,71,71,71,71],"card_choices":[{"not_picked":["Gash","Leap"],"picked":"Conserve Battery","floor":1},{"not_picked":["Self Repair","Aggregate"],"picked":"Hologram","floor":4},{"not_picked":["Redo","Conserve Battery"],"picked":"Barrage","floor":5},{"not_picked":["Darkness","Conserve Battery"],"picked":"Undo","floor":8},{"not_picked":["Auto Shields","Redo"],"picked":"Coolheaded","floor":10},{"not_picked":["Heatsinks","Auto Shields","Blizzard"],"picked":"SKIP","floor":12},{"not_picked":["Steam","Beam Cell"],"picked":"Seek","floor":13},{"not_picked":["Redo","Compile Driver"],"picked":"Chill","floor":14}],"player_experience":4011829,"relics_obtained":[{"floor":9,"key":"Bottled Lightning"},{"floor":13,"key":"Dream Catcher"}],"event_choices":[{"damage_healed":0,"gold_gain":0,"player_choice":"Ignored","damage_taken":0,"max_hp_gain":0,"max_hp_loss":0,"event_name":"Shining Light","floor":2,"gold_loss":0},{"damage_healed":0,"gold_gain":50,"player_choice":"Pray","damage_taken":0,"max_hp_gain":0,"max_hp_loss":0,"event_name":"Golden Shrine","floor":7,"gold_loss":0}],"is_beta":false,"boss_relics":[],"items_purged_floors":[3],"is_endless":false,"potions_floor_spawned":[4,5,12,13],"killed_by":"Slime Boss","ascension_level":20}}