{"host":"w8jq41i5zn1fudf9","time":1611463493,"event":{"mods":["2.2 Compatiblity","AchievementEnabler","Aspiration","BaseMod","BetterRewards","Colored Map","Colored Powertips","Curses Come First","GifTheSpireLib","Googly Eyes","Hermit","Hubris","Infinite Spire","Jedi Mod","Magitek Elite","Minty Spire (QoL Compilation)","Permanent Neow","Quick Restart","Rare Cards Sparkle","Relic Stats","Replay The Spire","Robot Space Explorer","Shop Mod","StSLib","Td1madao Mod","The Awakened One except there are too many feathers","The Servant 0.9.4","Wandering Minibosses","egg","everything is the same but u backflip on backflip","slay the spire mod where everything is the same but ironclad has a cowboy hat"],"gold_per_floor":[99,99,99,47,47,47,47,47,47,47,47,47,47,47,47,47,47,47,47,47,47,47,47,13,13,13,13,13,13,13,13,13,13,13,21,21,41,51,51,69,69,69,79,79,79,96,96,96,21,38,38,38,38],"floor_reached":52,"language":"ENG","playtime":1836,"items_purged":["RobotSpaceExplorer:Strike"],"score":786,"play_id":"9509c6f1-c1a2-49de-91ea-268e6cfb00da","local_time":"20210123214453","is_ascension_mode":true,"campfire_choices":[{"data":"RobotSpaceExplorer:ShovelStrike","floor":6,"key":"SMITH"},{"data":"RobotSpaceExplorer:Comet","floor":25,"key":"SMITH"},{"data":"RobotSpaceExplorer:FranticSearch","floor":27,"key":"SMITH"},{"data":"RobotSpaceExplorer:ShockMissile","floor":31,"key":"SMITH"},{"floor":34,"key":"REST"},{"data":"RobotSpaceExplorer:Arsenal","floor":42,"key":"SMITH"},{"floor":48,"key":"REST"},{"floor":51,"key":"REST"}],"circlet_count":0,"master_deck":["RobotSpaceExplorer:Strike","RobotSpaceExplorer:Strike","RobotSpaceExplorer:Defend","RobotSpaceExplorer:Defend","RobotSpaceExplorer:Defend","RobotSpaceExplorer:Defend","RobotSpaceExplorer:Scan","RobotSpaceExplorer:MiniLasers","RobotSpaceExplorer:SurgingShield","RobotSpaceExplorer:StunGrenade","RobotSpaceExplorer:MiniDrones","PanicButton","RobotSpaceExplorer:ShovelStrike+1","RobotSpaceExplorer:FranticSearch+1","RobotSpaceExplorer:GearShield+1","RobotSpaceExplorer:Comet+1","RobotSpaceExplorer:ScrapMissile","RobotSpaceExplorer:StunGrenade","RobotSpaceExplorer:StunGrenade+1","RobotSpaceExplorer:ShockMissile+1","RobotSpaceExplorer:Arsenal+1","RobotSpaceExplorer:Fix","RobotSpaceExplorer:Ammunition+1"],"relics":["RobotSpaceExplorer:RoboCore","hubris:Spice","jedi:ominousloannote","Pondfish Scales","infinitespire:Bottled Soul","Mango","Ring of Chaos","hubris:Towel","Incense Burner","Ornamental Fan","TungstenRod","jedi:archwizardhat"],"acts_visited":["Exordium","TheCity","TheBeyond"],"potions_floor_usage":[11,16,38,52,52,52],"damage_taken":[{"damage":0,"enemies":"Jaw Worm","floor":1,"turns":2},{"damage":0,"enemies":"Cultist","floor":3,"turns":3},{"damage":0,"enemies":"Small Slimes","floor":7,"turns":2},{"damage":0,"enemies":"Blue Slaver","floor":10,"turns":2},{"damage":0,"enemies":"Gremlin Gang","floor":11,"turns":2},{"damage":0,"enemies":"Gremlin Nob","floor":13,"turns":3},{"damage":0,"enemies":"Lagavulin","floor":16,"turns":4},{"damage":20,"enemies":"The Guardian","floor":18,"turns":11},{"damage":20,"enemies":"Spheric Guardian","floor":20,"turns":4},{"damage":0,"enemies":"3 Byrds","floor":23,"turns":3},{"damage":0,"enemies":"Sentry and Sphere","floor":29,"turns":4},{"damage":0,"enemies":"Cultist and Chosen","floor":32,"turns":4},{"damage":9,"enemies":"Snake Plant","floor":33,"turns":4},{"damage":24,"enemies":"hubris:MusketHawk","floor":35,"turns":10},{"damage":0,"enemies":"Orb Walker","floor":37,"turns":3},{"damage":14,"enemies":"3 Darklings","floor":38,"turns":3},{"damage":13,"enemies":"Spire Growth","floor":40,"turns":5},{"damage":2,"enemies":"Sphere and 2 Shapes","floor":43,"turns":4},{"damage":56,"enemies":"4 Shapes","floor":46,"turns":5},{"damage":19,"enemies":"3 Darklings","floor":50,"turns":4},{"damage":49,"enemies":"Donu and Deca","floor":52,"turns":6}],"seed_played":"2703735488735303927","potions_obtained":[{"floor":1,"key":"Adrenaline Potion"},{"floor":7,"key":"Venom Potion"},{"floor":10,"key":"ColorlessPotion"},{"floor":20,"key":"Swift Potion"},{"floor":37,"key":"Fire Potion"},{"floor":43,"key":"Cursed Concoction"}],"is_trial":false,"path_per_floor":["M","?","M","$","?","R","M","$","T","M","M","$","E","PTL","PTL","E","R_BF","B",null,"M","?","?","M","$","R","?","R","T","M","T","R","M","M","R","B",null,"M","M","?","M","$","R","M","?","T","M","T","R","$","M","R","B"],"character_chosen":"RobotSpaceExplorer","items_purchased":["jedi:ominousloannote","RobotSpaceExplorer:StunGrenade","RobotSpaceExplorer:ShovelStrike","hubris:Spice","hubris:Spice","infinitespire:Bottled Soul","RobotSpaceExplorer:StunGrenade+1"],"campfire_rested":3,"item_purchase_floors":[0,0,4,8,8,8,24],"current_hp_per_floor":[71,71,71,71,60,60,60,10,10,10,10,10,10,10,10,24,49,29,84,64,64,64,64,64,64,64,64,64,64,64,64,64,55,80,56,84,84,70,70,61,61,61,63,63,63,7,7,32,32,17,42,0,0],"gold":38,"neow_bonus":"","is_daily":false,"chose_seed":false,"campfire_upgraded":5,"win_rate":0.0,"timestamp":1611463493,"path_taken":["M","?","?","?","?","R","M","?","T","M","?","$","E","PTL","PTL","E","R_BF","BOSS","M","?","?","M","$","R","?","R","T","M","?","R","M","M","R","BOSS","M","M","?","?","$","R","M","?","T","?","?","R","$","M","R","BOSS"],"items_purchased_type":["Relic","Card","Card","Relic","Relic","Relic","Card"],"build_version":"2020-12-22","purchased_purges":1,"victory":false,"max_hp_per_floor":[78,78,78,78,78,78,78,78,70,70,70,70,70,70,70,84,84,84,84,84,84,84,84,84,84,84,84,84,84,84,84,84,84,84,84,84,84,84,84,84,84,84,84,84,84,84,84,84,84,84,84,84,84],"relic_stats":{"counters":[98,368],"Ornamental Fan":[104],"obtain_stats":[{"RobotSpaceExplorer:ClockworkSextant":39,"jedi:angrymask":9,"RobotSpaceExplorer:SlideRule":0,"Nilry\u0027s Codex":28,"Spirit Poop":4,"Vajra":10,"aspiration:PoetsPen_weak":34,"aspiration:RitualStick":19,"FaceOfCleric":21,"infinitespire:Golems Mask":11,"RobotSpaceExplorer:SearchSpecs":0,"hubris:TinFlute":43,"MerchantsRug":0,"Girya":47,"Happy Flower":23,"ReplayTheSpireMod:CursedCoin":4,"Oddly Smooth Stone":29,"Ring of Chaos":19,"Letter Opener":43,"War Paint":20,"aspiration:IroncladSkillbook":34,"hubris:Zylophone":0,"infinitespire:EvilPickle":37,"Bottled Flame":26,"jedi:hotpepper":17,"MutagenicStrength":19,"Simple Rune":31,"Molten Egg 2":30,"hubris:TenFootPole":26,"ReplayTheSpireMod:TigerMarble":31,"SacredBark":17,"Angel_Ring":43,"aspiration:TomeofQuesting":3,"Blue Doll":41,"Mango":16,"wanderingMiniBosses:AbyssPearl":47,"Incense Burner":28,"jedi:archwizardhat":47,"Power_Wrist":11,"Pet Ghost":9,"Replay:Rubber Ducky":44,"Dream Catcher":45,"hubris:Icosahedron":24,"Ring of Fangs":48,"Shovel":25,"infinitespire:Bottled Soul":8,"aspiration:AnachronicSnailShell":0,"jedi:matchstick":4,"Replay:Bottled Snecko":26,"Replay:Bottled Eggs":19,"hubris:GlazedTorus":0,"Gremlin Food":26,"BargainBundle":38,"NeowsBlessing":0,"Golden Idol":14,"aspiration:RunicSpoon":34,"RobotSpaceExplorer:RoboCore":0,"PreservedInsect":9,"jedi:crownofsimplicity":6,"hubris:Towel":21,"Pondfish Scales":0,"jedi:kaleidoscope":0,"wanderingMiniBosses:CarrionFlame":36,"Ornamental Fan":10,"hubris:Spice":41,"jedi:ominousloannote":0,"Snack Pack":21,"Art of War":9,"Gem_Box":17,"Membership Card":0,"Guard_Bracelet":7,"FossilizedHelix":33,"TungstenRod":45,"infinitespire:Midas Blood":0},{"RobotSpaceExplorer:ClockworkSextant":36,"jedi:angrymask":47,"RobotSpaceExplorer:SlideRule":19,"Nilry\u0027s Codex":10,"Spirit Poop":20,"Vajra":69,"aspiration:PoetsPen_weak":56,"aspiration:RitualStick":9,"FaceOfCleric":26,"infinitespire:Golems Mask":47,"RobotSpaceExplorer:SearchSpecs":19,"hubris:TinFlute":37,"MerchantsRug":41,"Girya":63,"Happy Flower":28,"ReplayTheSpireMod:CursedCoin":2,"Oddly Smooth Stone":31,"Ring of Chaos":85,"Letter Opener":16,"War Paint":50,"aspiration:IroncladSkillbook":33,"hubris:Zylophone":41,"infinitespire:EvilPickle":58,"Bottled Flame":29,"jedi:hotpepper":25,"MutagenicStrength":26,"Simple Rune":32,"Molten Egg 2":55,"hubris:TenFootPole":52,"ReplayTheSpireMod:TigerMarble":55,"SacredBark":49,"Angel_Ring":61,"aspiration:TomeofQuesting":20,"Blue Doll":37,"Mango":84,"wanderingMiniBosses:AbyssPearl":40,"Incense Burner":87,"jedi:archwizardhat":96,"Power_Wrist":6,"Pet Ghost":5,"Replay:Rubber Ducky":61,"Dream Catcher":62,"hubris:Icosahedron":10,"Ring of Fangs":40,"Shovel":76,"infinitespire:Bottled Soul":80,"aspiration:AnachronicSnailShell":65,"jedi:matchstick":2,"Replay:Bottled Snecko":10,"Replay:Bottled Eggs":50,"hubris:GlazedTorus":19,"Gremlin Food":76,"BargainBundle":36,"NeowsBlessing":0,"Golden Idol":7,"aspiration:RunicSpoon":12,"RobotSpaceExplorer:RoboCore":0,"PreservedInsect":22,"jedi:crownofsimplicity":46,"hubris:Towel":86,"Pondfish Scales":77,"jedi:kaleidoscope":41,"wanderingMiniBosses:CarrionFlame":58,"Ornamental Fan":23,"hubris:Spice":61,"jedi:ominousloannote":77,"Snack Pack":10,"Art of War":68,"Gem_Box":8,"Membership Card":41,"Guard_Bracelet":22,"FossilizedHelix":33,"TungstenRod":95,"infinitespire:Midas Blood":65},{"RobotSpaceExplorer:ClockworkSextant":125,"jedi:angrymask":169,"RobotSpaceExplorer:SlideRule":65,"Nilry\u0027s Codex":31,"Spirit Poop":67,"Vajra":248,"aspiration:PoetsPen_weak":205,"aspiration:RitualStick":29,"FaceOfCleric":95,"infinitespire:Golems Mask":169,"RobotSpaceExplorer:SearchSpecs":65,"hubris:TinFlute":130,"MerchantsRug":153,"Girya":230,"Happy Flower":101,"ReplayTheSpireMod:CursedCoin":2,"Oddly Smooth Stone":108,"Ring of Chaos":309,"Letter Opener":54,"War Paint":178,"aspiration:IroncladSkillbook":118,"hubris:Zylophone":153,"infinitespire:EvilPickle":211,"Bottled Flame":104,"jedi:hotpepper":92,"MutagenicStrength":95,"Simple Rune":111,"Molten Egg 2":198,"hubris:TenFootPole":186,"ReplayTheSpireMod:TigerMarble":198,"SacredBark":176,"Angel_Ring":225,"aspiration:TomeofQuesting":67,"Blue Doll":130,"Mango":298,"wanderingMiniBosses:AbyssPearl":143,"Incense Burner":316,"jedi:archwizardhat":358,"Power_Wrist":18,"Pet Ghost":11,"Replay:Rubber Ducky":225,"Dream Catcher":228,"hubris:Icosahedron":31,"Ring of Fangs":143,"Shovel":278,"infinitespire:Bottled Soul":287,"aspiration:AnachronicSnailShell":237,"jedi:matchstick":2,"Replay:Bottled Snecko":31,"Replay:Bottled Eggs":178,"hubris:GlazedTorus":65,"Gremlin Food":278,"BargainBundle":125,"NeowsBlessing":0,"Golden Idol":19,"aspiration:RunicSpoon":42,"RobotSpaceExplorer:RoboCore":0,"PreservedInsect":75,"jedi:crownofsimplicity":166,"hubris:Towel":313,"Pondfish Scales":280,"jedi:kaleidoscope":153,"wanderingMiniBosses:CarrionFlame":211,"Ornamental Fan":80,"hubris:Spice":225,"jedi:ominousloannote":280,"Snack Pack":31,"Art of War":244,"Gem_Box":26,"Membership Card":153,"Guard_Bracelet":75,"FossilizedHelix":118,"TungstenRod":353,"infinitespire:Midas Blood":237}],"TungstenRod":22},"card_choices":[{"not_picked":["RobotSpaceExplorer:SurgingShield","RobotSpaceExplorer:MetalStrike"],"picked":"RobotSpaceExplorer:MiniDrones","floor":1},{"not_picked":["RobotSpaceExplorer:MetalStrike","RobotSpaceExplorer:SurgingShield","RobotSpaceExplorer:PowerCollector"],"picked":"SKIP","floor":3},{"not_picked":["RobotSpaceExplorer:ShockKick","RobotSpaceExplorer:Counterblock","RobotSpaceExplorer:Pulsar"],"picked":"SKIP","floor":7},{"not_picked":["RobotSpaceExplorer:SlimeMissile","RobotSpaceExplorer:MetalStrike","hubris:SpiceAddiction"],"picked":"SKIP","floor":10},{"not_picked":["RobotSpaceExplorer:MiniBoosters","RobotSpaceExplorer:TurboDodge"],"picked":"RobotSpaceExplorer:FranticSearch","floor":11},{"not_picked":["hubris:SpiceAddiction","RobotSpaceExplorer:FrostMissile","RobotSpaceExplorer:Electroshield"],"picked":"SKIP","floor":13},{"not_picked":["RobotSpaceExplorer:BlastShield","hubris:SpiceAddiction"],"picked":"RobotSpaceExplorer:GearShield","floor":16},{"not_picked":["hubris:SpiceAddiction","RobotSpaceExplorer:Scanner"],"picked":"RobotSpaceExplorer:Comet","floor":18},{"not_picked":["RobotSpaceExplorer:ShockKick","RobotSpaceExplorer:Smokescreen"],"picked":"RobotSpaceExplorer:ScrapMissile","floor":20},{"not_picked":["RobotSpaceExplorer:GlueSpray+1","RobotSpaceExplorer:ImprovisedAttack"],"picked":"RobotSpaceExplorer:StunGrenade","floor":23},{"not_picked":["RobotSpaceExplorer:ShovelStrike","RobotSpaceExplorer:RigExplosive"],"picked":"RobotSpaceExplorer:ShockMissile","floor":29},{"not_picked":["RobotSpaceExplorer:GlueShot","RobotSpaceExplorer:BlastShield","RobotSpaceExplorer:ShovelStrike"],"picked":"SKIP","floor":32},{"not_picked":["RobotSpaceExplorer:GearShield","RobotSpaceExplorer:FrostMissile","hubris:SpiceAddiction"],"picked":"SKIP","floor":33},{"not_picked":["RobotSpaceExplorer:Blaster","RobotSpaceExplorer:Asteroid"],"picked":"RobotSpaceExplorer:Arsenal","floor":35},{"not_picked":["RobotSpaceExplorer:SurgingStrike","RobotSpaceExplorer:GlueShot+1","RobotSpaceExplorer:FrostMissile"],"picked":"SKIP","floor":37},{"not_picked":["RobotSpaceExplorer:Explosion","RobotSpaceExplorer:ImprovisedAttack+1"],"picked":"RobotSpaceExplorer:Fix","floor":38},{"not_picked":["RobotSpaceExplorer:MiniDrones","RobotSpaceExplorer:IronShell"],"picked":"RobotSpaceExplorer:Ammunition+1","floor":40},{"not_picked":["hubris:SpiceAddiction","RobotSpaceExplorer:Wormhole","RobotSpaceExplorer:FranticSearch"],"picked":"SKIP","floor":43},{"not_picked":["RobotSpaceExplorer:ShovelStrike+1","RobotSpaceExplorer:ShockKick","RobotSpaceExplorer:MetalStrike"],"picked":"SKIP","floor":46},{"not_picked":["RobotSpaceExplorer:ScrapShield+1","RobotSpaceExplorer:ShovelStrike+1","hubris:SpiceAddiction"],"picked":"SKIP","floor":50}],"player_experience":218933,"relics_obtained":[{"floor":9,"key":"hubris:Spice"},{"floor":16,"key":"Mango"},{"floor":28,"key":"Incense Burner"},{"floor":30,"key":"Ornamental Fan"},{"floor":45,"key":"TungstenRod"},{"floor":47,"key":"jedi:archwizardhat"}],"event_choices":[{"damage_healed":0,"gold_gain":0,"player_choice":"1 cards matched","damage_taken":0,"max_hp_gain":0,"max_hp_loss":0,"event_name":"Match and Keep!","floor":2,"gold_loss":0,"cards_obtained":["PanicButton"]},{"damage_healed":0,"gold_gain":75,"player_choice":"Gather Gold","damage_taken":11,"max_hp_gain":0,"max_hp_loss":0,"event_name":"World of Goop","floor":5,"gold_loss":0},{"damage_healed":0,"gold_gain":0,"player_choice":"Ignored","damage_taken":0,"max_hp_gain":0,"max_hp_loss":0,"event_name":"Vampires","floor":26,"gold_loss":0},{"cards_removed":["RobotSpaceExplorer:Strike"],"damage_healed":0,"gold_gain":0,"player_choice":"Offered Basic","damage_taken":0,"max_hp_gain":0,"max_hp_loss":0,"event_name":"Bonfire Elementals","floor":39,"gold_loss":0},{"damage_healed":0,"gold_gain":0,"player_choice":"Ignored","damage_taken":0,"max_hp_gain":0,"max_hp_loss":0,"event_name":"Transmorgrifier","floor":44,"gold_loss":0}],"is_beta":false,"boss_relics":[{"not_picked":["Black Star","hubris:Spice"],"picked":"Ring of Chaos"},{"not_picked":["hubris:Spice","hubris:Spice","hubris:Spice"]}],"items_purged_floors":[49],"is_endless":false,"potions_floor_spawned":[1,7,10,20,37,43,50],"killed_by":"Donu and Deca","ascension_level":3}}