{"host":"3dvzuba0ymfilitz","time":1611492265,"event":{"mods":["AchievementEnabler","BaseMod","Colored Powertips","Minty Spire (QoL Compilation)"],"gold_per_floor":[118,118,135,147,31,63,79,79,133,133,133,143,143,158,158,232,232,243,259,276,326,326,326,357,367,417,17,17,28,28,28],"floor_reached":30,"language":"ENG","playtime":1476,"items_purged":[],"score":574,"play_id":"f3e8ad52-7f66-49a5-832f-775c1642ebcd","local_time":"20210124104425","is_ascension_mode":true,"campfire_choices":[{"floor":8.0,"key":"REST"},{"data":"Defragment","floor":10.0,"key":"SMITH"},{"data":"Chaos","floor":13.0,"key":"SMITH"},{"floor":15.0,"key":"REST"},{"floor":23.0,"key":"REST"},{"floor":28.0,"key":"REST"}],"circlet_count":0,"master_deck":["AscendersBane","Strike_B+1","Defend_B","Defend_B+1","Defend_B+1","Defend_B+1","Zap","Dualcast","Gash","Compile Driver","Reboot","Ball Lightning","Defragment+1","Chaos+1","Sweeping Beam","Pain","Go for the Eyes","Skim","Biased Cognition","Leap+1","Defragment+1","Glacier+1","Conserve Battery+1","Beam Cell","Hologram","Fission","Coolheaded","Electrodynamics","Chill"],"relics":["Cracked Core","NeowsBlessing","HornCleat","War Paint","WarpedTongs","Astrolabe","Bag of Marbles","Juzu Bracelet","Runic Capacitor"],"acts_visited":["Exordium","TheCity"],"potions_floor_usage":[30],"damage_taken":[{"damage":0.0,"enemies":"2 Louse","floor":1.0,"turns":1.0},{"damage":0.0,"enemies":"Small Slimes","floor":3.0,"turns":1.0},{"damage":0.0,"enemies":"Cultist","floor":4.0,"turns":1.0},{"damage":39.0,"enemies":"Gremlin Nob","floor":6.0,"turns":4.0},{"damage":0.0,"enemies":"Blue Slaver","floor":7.0,"turns":3.0},{"damage":2.0,"enemies":"Large Slime","floor":12.0,"turns":4.0},{"damage":8.0,"enemies":"Exordium Wildlife","floor":14.0,"turns":3.0},{"damage":5.0,"enemies":"Slime Boss","floor":16.0,"turns":5.0},{"damage":21.0,"enemies":"3 Byrds","floor":18.0,"turns":5.0},{"damage":11.0,"enemies":"2 Thieves","floor":19.0,"turns":4.0},{"damage":10.0,"enemies":"Chosen and Byrds","floor":20.0,"turns":5.0},{"damage":39.0,"enemies":"Gremlin Leader","floor":24.0,"turns":7.0},{"damage":14.0,"enemies":"Snake Plant","floor":25.0,"turns":3.0},{"damage":16.0,"enemies":"Centurion and Healer","floor":29.0,"turns":6.0},{"damage":10,"enemies":"Slavers","floor":30,"turns":1}],"seed_played":"-857364176569459792","potions_obtained":[{"floor":1.0,"key":"EssenceOfDarkness"},{"floor":7.0,"key":"PowerPotion"},{"floor":16.0,"key":"LiquidMemories"},{"floor":20.0,"key":"Regen Potion"},{"floor":24.0,"key":"Fire Potion"},{"floor":25.0,"key":"Fire Potion"}],"is_trial":false,"path_per_floor":["M","?","M","M","$","E","M","R","T","R","?","M","R","M","R","B",null,"M","M","M","?","?","R","E","M","T","$","R","M","E"],"character_chosen":"DEFECT","items_purchased":["Ball Lightning","Defragment","Electrodynamics","Runic Capacitor","Swift Potion"],"campfire_rested":4,"item_purchase_floors":[5,5,27,27,27],"current_hp_per_floor":[64,43,43,43,43,4,4,25,25,25,25,23,23,15,36,31,61,40,29,19,19,19,40,16,2,2,2,23,7,0,0],"gold":28,"neow_bonus":"THREE_ENEMY_KILL","is_daily":false,"chose_seed":false,"campfire_upgraded":2,"win_rate":0.0,"timestamp":1611492265,"path_taken":["M","?","M","M","$","E","M","R","T","R","?","M","R","M","R","BOSS","M","M","?","?","?","R","E","M","T","$","R","M","E"],"items_purchased_type":["Card","Card","Card","Relic","Potion"],"build_version":"2020-12-22","purchased_purges":0,"victory":false,"max_hp_per_floor":[71,71,71,71,71,71,71,71,71,71,71,71,71,71,71,71,71,71,71,71,71,71,71,71,71,71,71,71,71,71,71],"card_choices":[{"not_picked":["Recycle","Consume"],"picked":"Gash","floor":1.0},{"not_picked":["Leap","Turbo"],"picked":"Compile Driver","floor":3.0},{"not_picked":["Beam Cell","Streamline"],"picked":"Reboot","floor":4.0},{"not_picked":["Go for the Eyes","Aggregate"],"picked":"Chaos","floor":6.0},{"not_picked":["Undo","Go for the Eyes"],"picked":"Sweeping Beam","floor":7.0},{"not_picked":["Meteor Strike","Turbo"],"picked":"Go for the Eyes","floor":12.0},{"not_picked":["Storm","Barrage"],"picked":"Skim","floor":14.0},{"not_picked":["Rainbow","Buffer"],"picked":"Biased Cognition","floor":16.0},{"not_picked":["Go for the Eyes","Fusion"],"picked":"Conserve Battery+1","floor":18.0},{"not_picked":["Stack","Leap"],"picked":"Beam Cell","floor":19.0},{"not_picked":["Darkness","Beam Cell"],"picked":"Hologram","floor":20.0},{"not_picked":["Doom and Gloom","Turbo+1"],"picked":"Fission","floor":24.0},{"not_picked":["White Noise","Ball Lightning"],"picked":"Coolheaded","floor":25.0},{"not_picked":["Skim","Hologram"],"picked":"Chill","floor":29.0}],"player_experience":696228,"relics_obtained":[{"floor":6.0,"key":"HornCleat"},{"floor":9.0,"key":"War Paint"},{"floor":24.0,"key":"Bag of Marbles"},{"floor":26.0,"key":"Juzu Bracelet"}],"event_choices":[{"damage_healed":0.0,"max_hp_gain":0.0,"max_hp_loss":0.0,"gold_gain":0.0,"event_name":"Shining Light","player_choice":"Entered Light","floor":2.0,"gold_loss":0.0,"damage_taken":21.0,"cards_upgraded":["Strike_B","Defend_B"]},{"damage_healed":0.0,"max_hp_gain":0.0,"max_hp_loss":0.0,"gold_gain":0.0,"event_name":"Accursed Blacksmith","player_choice":"Rummage","floor":11.0,"gold_loss":0.0,"damage_taken":0.0,"relics_obtained":["WarpedTongs"],"cards_obtained":["Pain"]},{"damage_healed":0.0,"max_hp_gain":0.0,"max_hp_loss":0.0,"gold_gain":50.0,"event_name":"Nest","player_choice":"Stole From Cult","floor":21.0,"gold_loss":0.0,"damage_taken":0.0},{"damage_healed":0.0,"max_hp_gain":0.0,"max_hp_loss":0.0,"gold_gain":0.0,"event_name":"Vampires","player_choice":"Ignored","floor":22.0,"gold_loss":0.0,"damage_taken":0.0}],"is_beta":false,"boss_relics":[{"not_picked":["FrozenCore","Runic Dome"],"picked":"Astrolabe"}],"items_purged_floors":[],"is_endless":false,"potions_floor_spawned":[1,7,16,20,24,25],"killed_by":"Slavers","ascension_level":18}}