{"host":"j4g6ia6asvpyu2b0","time":1611526760,"event":{"mods":["BaseMod","Colored Map","Minty Spire (QoL Compilation)","Permanent Neow","Quick Restart","Relic Stats","StSLib","Unceasing Turn Reminder"],"gold_per_floor":[131,281,311,311,236,290,290,290,290,326,371,371,395,422,422,422,422],"floor_reached":16,"language":"ENG","playtime":327,"items_purged":[],"score":211,"play_id":"44cca546-6fb0-4010-8546-e31405398f03","local_time":"20210124151920","is_ascension_mode":true,"campfire_choices":[{"data":"HandOfGreed","floor":7.0,"key":"SMITH"},{"data":"Bash","floor":12.0,"key":"SMITH"},{"data":"Hemokinesis","floor":15.0,"key":"SMITH"}],"circlet_count":0,"master_deck":["AscendersBane","Strike_R","Strike_R","Strike_R","Strike_R","Strike_R","Defend_R","Defend_R","Defend_R","Defend_R","Bash+1","HandOfGreed+1","Thunderclap","Carnage","Hemokinesis+1","Reaper","Iron Wave"],"relics":["Burning Blood","Omamori","Orichalcum","Ginger","Lantern","Dream Catcher"],"acts_visited":["Exordium"],"potions_floor_usage":[16],"damage_taken":[{"damage":2.0,"enemies":"Cultist","floor":1.0,"turns":4.0},{"damage":10.0,"enemies":"Small Slimes","floor":3.0,"turns":3.0},{"damage":8.0,"enemies":"Gremlin Nob","floor":6.0,"turns":3.0},{"damage":1.0,"enemies":"2 Louse","floor":10.0,"turns":2.0},{"damage":0.0,"enemies":"2 Fungi Beasts","floor":11.0,"turns":2.0},{"damage":36.0,"enemies":"3 Sentries","floor":14.0,"turns":9.0},{"damage":55,"enemies":"The Guardian","floor":16,"turns":9}],"seed_played":"2960776542379380552","potions_obtained":[{"floor":1.0,"key":"SneckoOil"},{"floor":10.0,"key":"EssenceOfSteel"}],"is_trial":false,"path_per_floor":["M","?","M","?","?","E","R","?","T","M","M","R","T","E","R","B"],"character_chosen":"IRONCLAD","items_purchased":[],"campfire_rested":0,"item_purchase_floors":[],"current_hp_per_floor":[68,68,64,69,69,67,67,67,67,72,73,73,73,47,47,0,0],"gold":422,"neow_bonus":"RANDOM_COLORLESS_2","is_daily":false,"chose_seed":false,"campfire_upgraded":3,"win_rate":0.0,"timestamp":1611526760,"path_taken":["M","?","M","?","?","E","R","?","T","?","M","R","?","E","R","BOSS"],"items_purchased_type":[],"build_version":"2020-12-22","purchased_purges":0,"victory":false,"max_hp_per_floor":[68,68,68,73,73,73,73,73,73,73,73,73,73,73,73,73,73],"relic_stats":{"Dream Catcher":0,"counters":[7,32],"Ginger":[0],"Orichalcum":[90],"obtain_stats":[{"Lantern":13,"Dream Catcher":14,"Omamori":6,"Ginger":9,"Orichalcum":8,"Burning Blood":0},{"Lantern":5,"Dream Catcher":6,"Omamori":3,"Ginger":3,"Orichalcum":3,"Burning Blood":0},{"Lantern":14,"Dream Catcher":23,"Omamori":10,"Ginger":10,"Orichalcum":10,"Burning Blood":0}],"Burning Blood":27},"card_choices":[{"not_picked":["Mayhem","Magnetism"],"picked":"HandOfGreed","floor":0.0},{"not_picked":["Pommel Strike","Hemokinesis"],"picked":"Thunderclap","floor":1.0},{"not_picked":["Cleave","Perfected Strike"],"picked":"Rage","floor":3.0},{"not_picked":["Havoc","Cleave"],"picked":"Carnage","floor":6.0},{"not_picked":["Blood for Blood","Flex"],"picked":"Hemokinesis","floor":10.0},{"not_picked":["Pommel Strike","Blood for Blood"],"picked":"Reaper","floor":11.0},{"not_picked":["Second Wind","Power Through"],"picked":"Iron Wave","floor":14.0}],"player_experience":992524,"relics_obtained":[{"floor":6.0,"key":"Omamori"},{"floor":9.0,"key":"Ginger"},{"floor":13.0,"key":"Lantern"},{"floor":14.0,"key":"Dream Catcher"}],"event_choices":[{"damage_healed":0.0,"max_hp_gain":0.0,"max_hp_loss":0.0,"gold_gain":150.0,"event_name":"Liars Game","player_choice":"AGREE","floor":2.0,"gold_loss":0.0,"damage_taken":0.0,"cards_obtained":["Doubt"]},{"damage_healed":0.0,"max_hp_gain":5.0,"max_hp_loss":0.0,"gold_gain":0.0,"event_name":"Big Fish","player_choice":"Donut","floor":4.0,"gold_loss":0.0,"damage_taken":0.0},{"cards_removed":["Doubt"],"damage_healed":0.0,"max_hp_gain":0.0,"max_hp_loss":0.0,"gold_gain":0.0,"event_name":"The Cleric","player_choice":"Card Removal","floor":5.0,"gold_loss":75.0,"damage_taken":0.0},{"cards_removed":["Rage"],"damage_healed":0.0,"max_hp_gain":0.0,"max_hp_loss":0.0,"gold_gain":0.0,"event_name":"WeMeetAgain","player_choice":"Gave Card","floor":8.0,"gold_loss":0.0,"damage_taken":0.0,"relics_obtained":["Orichalcum"]}],"is_beta":false,"boss_relics":[],"items_purged_floors":[],"is_endless":false,"potions_floor_spawned":[1,10],"killed_by":"The Guardian","ascension_level":19}}