{"host":"srk2drlvga69hbot","time":1611471827,"event":{"mods":["BaseMod","Bestiary","Block Reminder","Colored Map","Colored Powertips","Dark Map","DeckTracker","Highlight Path","Minty Spire (QoL Compilation)","Quick Restart","Rare Cards Sparkle","Relic Stats","SuperFastMode","Unceasing Turn Reminder"],"gold_per_floor":[111,36,36,111,111,145,45,45,45,70,70,100,100,110,110,207,207,221,221,146,21,21,48,48,75,75,91,108,123,123,136,136,237,237,247,247,247,247,0,0,0,0],"floor_reached":41,"language":"ZHS","playtime":1604,"items_purged":["Strike_G","Strike_G","Defend_G"],"score":565,"play_id":"f84da45a-bc77-44d8-8cf2-8a556e8bfe86","local_time":"20210124150347","is_ascension_mode":true,"campfire_choices":[{"data":"Venomology","floor":11.0,"key":"SMITH"},{"data":"Neutralize","floor":13.0,"key":"SMITH"},{"floor":15.0,"key":"REST"},{"floor":24.0,"key":"REST"},{"floor":30.0,"key":"REST"},{"data":"A Thousand Cuts","floor":32.0,"key":"SMITH"},{"data":"After Image","floor":40.0,"key":"SMITH"}],"circlet_count":0,"master_deck":["Strike_G","Strike_G","Strike_G","Defend_G","Defend_G","Survivor","Neutralize+1","Terror+1","Venomology+1","Die Die Die","A Thousand Cuts+1","Underhanded Strike","Neutralize","Grand Finale","Underhanded Strike+1","Acrobatics","Escape Plan","After Image+1","Master of Strategy","Secret Weapon"],"relics":["Ring of the Snake","NeowsBlessing","Ice Cream","Orichalcum","Meat on the Bone","Regal Pillow","Empty Cage","Strawberry","Vajra","Eternal Feather","SacredBark","Sundial"],"acts_visited":["Exordium","TheCity","TheBeyond"],"potions_floor_usage":[41],"damage_taken":[{"damage":0.0,"enemies":"Cultist","floor":1.0,"turns":1.0},{"damage":0.0,"enemies":"Lagavulin","floor":6.0,"turns":1.0},{"damage":0.0,"enemies":"Gremlin Nob","floor":10.0,"turns":2.0},{"damage":16.0,"enemies":"Lagavulin","floor":12.0,"turns":11.0},{"damage":0.0,"enemies":"2 Louse","floor":14.0,"turns":1.0},{"damage":17.0,"enemies":"The Guardian","floor":16.0,"turns":16.0},{"damage":28.0,"enemies":"Spheric Guardian","floor":18.0,"turns":8.0},{"damage":27.0,"enemies":"Book of Stabbing","floor":23.0,"turns":4.0},{"damage":61.0,"enemies":"Slavers","floor":25.0,"turns":8.0},{"damage":15.0,"enemies":"Shell Parasite","floor":27.0,"turns":4.0},{"damage":15.0,"enemies":"Centurion and Healer","floor":28.0,"turns":4.0},{"damage":6.0,"enemies":"3 Cultists","floor":29.0,"turns":5.0},{"damage":15.0,"enemies":"Cultist and Chosen","floor":31.0,"turns":5.0},{"damage":49.0,"enemies":"Collector","floor":33.0,"turns":7.0},{"damage":7.0,"enemies":"3 Shapes","floor":35.0,"turns":3.0},{"damage":57,"enemies":"Giant Head","floor":41,"turns":8}],"seed_played":"-7310862168472619730","potions_obtained":[{"floor":6.0,"key":"Ancient Potion"},{"floor":12.0,"key":"Poison Potion"},{"floor":18.0,"key":"SpeedPotion"},{"floor":29.0,"key":"Dexterity Potion"}],"is_trial":false,"path_per_floor":["M","$","?","?","?","E","$","?","T","E","R","E","R","M","R","B",null,"M","?","?","$","?","E","R","E","T","M","M","M","R","M","R","B",null,"M","?","?","?","$","R","E"],"character_chosen":"THE_SILENT","items_purchased":["Sundial"],"campfire_rested":3,"item_purchase_floors":[39],"current_hp_per_floor":[70,70,70,59,59,59,59,70,70,70,70,54,54,54,70,53,67,39,39,39,39,39,31,68,19,19,16,13,19,65,50,59,22,74,67,57,57,57,57,69,12,12],"gold":0,"neow_bonus":"THREE_ENEMY_KILL","is_daily":false,"chose_seed":false,"campfire_upgraded":4,"win_rate":0.0,"timestamp":1611471827,"path_taken":["M","?","?","?","?","E","$","?","T","E","R","E","R","M","R","BOSS","M","?","?","$","?","E","R","E","T","M","?","M","R","M","R","BOSS","M","?","?","?","$","R","E"],"items_purchased_type":["Relic"],"build_version":"2020-12-22","purchased_purges":3,"victory":false,"max_hp_per_floor":[70,70,70,70,70,70,70,70,70,70,70,70,70,70,70,70,67,67,67,67,67,67,74,74,74,74,74,74,74,74,74,74,74,74,74,74,74,70,70,70,70,70],"relic_stats":{"Regal Pillow":30,"counters":[16,88],"Sundial":[0],"Eternal Feather":30,"Orichalcum":[174],"obtain_stats":[{"Ice Cream":6,"Regal Pillow":12,"NeowsBlessing":0,"Sundial":39,"Strawberry":23,"SacredBark":34,"Vajra":25,"Eternal Feather":26,"Orichalcum":9,"Empty Cage":17,"Ring of the Snake":0,"Meat on the Bone":10},{"Ice Cream":2,"Regal Pillow":4,"NeowsBlessing":0,"Sundial":15,"Strawberry":8,"SacredBark":14,"Vajra":9,"Eternal Feather":9,"Orichalcum":2,"Empty Cage":6,"Ring of the Snake":0,"Meat on the Bone":3},{"Ice Cream":2,"Regal Pillow":15,"NeowsBlessing":0,"Sundial":80,"Strawberry":44,"SacredBark":77,"Vajra":52,"Eternal Feather":52,"Orichalcum":2,"Empty Cage":32,"Ring of the Snake":0,"Meat on the Bone":4}],"Ring of the Snake":[32],"Meat on the Bone":72},"card_choices":[{"not_picked":["Dagger Throw","Outmaneuver"],"picked":"Terror","floor":1.0},{"not_picked":["Tools of the Trade","Bane"],"picked":"Venomology","floor":6.0},{"not_picked":["Backflip","Skewer"],"picked":"Die Die Die","floor":10.0},{"not_picked":["Dagger Spray","Well Laid Plans","Masterful Stab"],"picked":"SKIP","floor":12.0},{"not_picked":["Cloak And Dagger","Backstab","Slice"],"picked":"SKIP","floor":14.0},{"not_picked":["Burst","Wraith Form v2"],"picked":"A Thousand Cuts","floor":16.0},{"not_picked":["Blade Dance","Expertise"],"picked":"Underhanded Strike","floor":18.0},{"not_picked":["Outmaneuver","Burst"],"picked":"Reflex","floor":23.0},{"not_picked":["Deflect","Footwork","Reflex"],"picked":"SKIP","floor":25.0},{"not_picked":["Noxious Fumes","Choke"],"picked":"Underhanded Strike+1","floor":27.0},{"not_picked":["Cloak And Dagger","Terror","Outmaneuver"],"picked":"SKIP","floor":28.0},{"not_picked":["Skewer+1","Backflip+1"],"picked":"Acrobatics","floor":29.0},{"not_picked":["Outmaneuver","Cloak And Dagger+1"],"picked":"Escape Plan","floor":31.0},{"not_picked":["Night Terror","Wraith Form v2"],"picked":"After Image","floor":33.0},{"not_picked":["Terror","Deflect","PiercingWail"],"picked":"SKIP","floor":35.0},{"not_picked":["Sadistic Nature","Mind Blast"],"picked":"Master of Strategy","floor":36.0},{"not_picked":["Swift Strike","Bandage Up"],"picked":"Secret Weapon","floor":36.0}],"player_experience":193434,"relics_obtained":[{"floor":6.0,"key":"Ice Cream"},{"floor":9.0,"key":"Orichalcum"},{"floor":10.0,"key":"Meat on the Bone"},{"floor":12.0,"key":"Regal Pillow"},{"floor":23.0,"key":"Strawberry"},{"floor":25.0,"key":"Vajra"},{"floor":26.0,"key":"Eternal Feather"}],"event_choices":[{"damage_healed":0.0,"max_hp_gain":0.0,"max_hp_loss":0.0,"gold_gain":0.0,"event_name":"Shining Light","player_choice":"Ignored","floor":3.0,"gold_loss":0.0,"damage_taken":0.0},{"damage_healed":0.0,"max_hp_gain":0.0,"max_hp_loss":0.0,"gold_gain":75.0,"event_name":"World of Goop","player_choice":"Gather Gold","floor":4.0,"gold_loss":0.0,"damage_taken":11.0},{"damage_healed":0.0,"max_hp_gain":0.0,"max_hp_loss":0.0,"gold_gain":0.0,"event_name":"Living Wall","player_choice":"Grow","floor":5.0,"gold_loss":0.0,"damage_taken":0.0,"cards_upgraded":["Terror"]},{"damage_healed":17.0,"max_hp_gain":0.0,"max_hp_loss":0.0,"gold_gain":0.0,"event_name":"Mushrooms","player_choice":"Healed and dodged fight","floor":8.0,"gold_loss":0.0,"damage_taken":0.0,"cards_obtained":["Parasite"]},{"damage_healed":0.0,"max_hp_gain":0.0,"max_hp_loss":0.0,"gold_gain":0.0,"event_name":"Vampires","player_choice":"Ignored","floor":19.0,"gold_loss":0.0,"damage_taken":0.0},{"cards_removed":["Defend_G"],"damage_healed":0.0,"max_hp_gain":0.0,"max_hp_loss":0.0,"gold_gain":0.0,"event_name":"Beggar","player_choice":"Gave Gold","floor":20.0,"gold_loss":75.0,"damage_taken":0.0},{"damage_healed":0.0,"max_hp_gain":0.0,"max_hp_loss":0.0,"gold_gain":0.0,"event_name":"Match and Keep!","player_choice":"2 cards matched","floor":22.0,"gold_loss":0.0,"damage_taken":0.0,"cards_obtained":["Neutralize","Grand Finale"]},{"damage_healed":0.0,"max_hp_gain":0.0,"max_hp_loss":0.0,"gold_gain":0.0,"event_name":"SensoryStone","player_choice":"Memory 3","floor":36.0,"gold_loss":0.0,"damage_taken":10.0},{"cards_removed":["Reflex"],"damage_healed":0.0,"max_hp_gain":0.0,"max_hp_loss":0.0,"gold_gain":0.0,"event_name":"Falling","player_choice":"Removed Skill","floor":37.0,"gold_loss":0.0,"damage_taken":0.0},{"damage_healed":0.0,"max_hp_gain":0.0,"max_hp_loss":4.0,"gold_gain":0.0,"event_name":"Winding Halls","player_choice":"Max HP","floor":38.0,"gold_loss":0.0,"damage_taken":0.0}],"is_beta":false,"boss_relics":[{"not_picked":["Tiny House","WristBlade"],"picked":"Empty Cage"},{"not_picked":["Busted Crown","Fusion Hammer"],"picked":"SacredBark"}],"items_purged_floors":[2,7,21],"is_endless":false,"potions_floor_spawned":[6,12,18,29],"killed_by":"Giant Head","ascension_level":3}}