{"host":"iphsb0ccnjx0pfn6","time":1611494910,"event":{"mods":["2.2 Compatiblity","AchievementEnabler","BaseMod","Colored Map","DeckTracker","Keyboard Shortcuts","Minty Spire (QoL Compilation)","Permanent Neow","Quick Restart","Relic Stats","StSLib","SuperFastMode","Uncapped","everything is the same but u backflip on backflip"],"gold_per_floor":[110,110,121,121,141,141,7,40,40,65,82,82,82,102,102,178,178,193,193,243,243,33,63,63,80,80,115,115,23,23,33,33,112,112,131,158,175,189,64,64,78,90,90,90,104,136,136,149,149,149,149,149],"floor_reached":51,"language":"KOR","playtime":1529,"items_purged":["Strike_G","Defend_G","Strike_G"],"score":1350,"play_id":"8d25c668-e6a2-48ae-867b-b3886afb2474","local_time":"20210124222830","is_ascension_mode":true,"campfire_choices":[{"data":"Neutralize","floor":6.0,"key":"SMITH"},{"data":"Cloak And Dagger","floor":12.0,"key":"SMITH"},{"data":"Blade Dance","floor":15.0,"key":"SMITH"},{"data":"Ghostly","floor":24.0,"key":"SMITH"},{"floor":28.0,"key":"REST"},{"floor":32.0,"key":"REST"},{"data":"Ghostly","floor":40.0,"key":"SMITH"},{"data":"Ghostly","floor":44,"key":"SMITH"},{"floor":47,"key":"REST"},{"data":"Burst","floor":49,"key":"SMITH"}],"circlet_count":0,"master_deck":["AscendersBane","Strike_G","Defend_G","Defend_G+1","Survivor","Neutralize+1","Envenom+1","Heel Hook","Quick Slash","Blade Dance+1","Cloak And Dagger+1","Malaise","Backflip","Slice","Choke","Ghostly+1","Ghostly+1","Ghostly+1","Accuracy","Leg Sweep","Blade Dance+1","Finesse","Burst+1","Heel Hook","Acrobatics","Reflex","PiercingWail"],"relics":["Ring of the Snake","Shuriken","StrikeDummy","Boot","Black Star","Snake Skull","Bag of Preparation","Pear","Bottled Tornado","Letter Opener","Sozu","Vajra","Lizard Tail","Art of War","Smiling Mask"],"acts_visited":["Exordium","TheCity","TheBeyond"],"potions_floor_usage":[50,50],"damage_taken":[{"damage":0.0,"enemies":"2 Louse","floor":1.0,"turns":4.0},{"damage":3.0,"enemies":"Small Slimes","floor":3.0,"turns":5.0},{"damage":0.0,"enemies":"Cultist","floor":5.0,"turns":4.0},{"damage":9.0,"enemies":"Lagavulin","floor":8.0,"turns":5.0},{"damage":2.0,"enemies":"3 Sentries","floor":10.0,"turns":7.0},{"damage":0.0,"enemies":"2 Fungi Beasts","floor":11.0,"turns":2.0},{"damage":0.0,"enemies":"Blue Slaver","floor":14.0,"turns":3.0},{"damage":9.0,"enemies":"The Guardian","floor":16.0,"turns":11.0},{"damage":12.0,"enemies":"2 Thieves","floor":18.0,"turns":4.0},{"damage":10.0,"enemies":"Book of Stabbing","floor":23.0,"turns":6.0},{"damage":2.0,"enemies":"Spheric Guardian","floor":25.0,"turns":4.0},{"damage":23.0,"enemies":"Slavers","floor":27.0,"turns":6.0},{"damage":0.0,"enemies":"Centurion and Healer","floor":31.0,"turns":3.0},{"damage":10.0,"enemies":"Collector","floor":33.0,"turns":5.0},{"damage":1.0,"enemies":"3 Darklings","floor":35.0,"turns":3.0},{"damage":0.0,"enemies":"Orb Walker","floor":37.0,"turns":3.0},{"damage":16.0,"enemies":"Spire Growth","floor":38.0,"turns":3.0},{"damage":6.0,"enemies":"Writhing Mass","floor":41.0,"turns":5.0},{"damage":2,"enemies":"Jaw Worm Horde","floor":42,"turns":4},{"damage":0,"enemies":"4 Shapes","floor":45,"turns":3},{"damage":2,"enemies":"Nemesis","floor":46,"turns":5},{"damage":0,"enemies":"Writhing Mass","floor":48,"turns":4},{"damage":14,"enemies":"Awakened One","floor":50,"turns":7},{"damage":27,"enemies":"Time Eater","floor":51,"turns":6}],"seed_played":"358752647536208745","potions_obtained":[{"floor":5.0,"key":"Strength Potion"},{"floor":8.0,"key":"ColorlessPotion"},{"floor":11.0,"key":"DistilledChaos"},{"floor":27.0,"key":"SkillPotion"},{"floor":31.0,"key":"SteroidPotion"},{"floor":33.0,"key":"DistilledChaos"}],"is_trial":false,"path_per_floor":["M","?","M","?","M","R","$","E","T","E","M","R","?","M","R","B",null,"M","?","?","?","$","E","R","M","T","E","R","$","?","M","R","B",null,"M","T","M","M","$","R","M","M","T","R","M","E","R","M","R","B","B"],"character_chosen":"THE_SILENT","items_purchased":["Blade Dance","Block Potion","PowerPotion","Finesse"],"campfire_rested":3,"item_purchase_floors":[7,22,22,29],"current_hp_per_floor":[59,41,38,38,38,38,38,29,29,27,27,27,20,20,20,11,48,36,36,36,30,30,20,20,18,28,5,17,17,11,11,23,13,33,32,32,32,16,16,16,10,8,8,8,8,6,18,18,18,4,0,0],"gold":149,"neow_bonus":"THREE_RARE_CARDS","is_daily":false,"chose_seed":false,"campfire_upgraded":7,"win_rate":0.0,"timestamp":1611494910,"path_taken":["M","?","M","?","?","R","$","E","T","E","M","R","?","M","R","BOSS","M","?","?","?","$","E","R","M","T","E","R","?","?","M","R","BOSS","M","?","M","M","$","R","M","M","T","R","?","E","R","M","R","BOSS","BOSS"],"items_purchased_type":["Card","Potion","Potion","Card"],"build_version":"2020-12-22","purchased_purges":3,"victory":false,"max_hp_per_floor":[60,60,60,60,60,60,60,60,60,60,60,60,60,60,60,60,60,60,60,60,30,30,30,30,30,40,40,40,40,40,40,40,40,40,40,40,40,40,40,40,40,40,40,40,40,40,40,40,40,40,40,40],"relic_stats":{"counters":[24,112],"Snake Skull":[238],"Bag of Preparation":[28],"Letter Opener":[182],"Boot":[80],"Smiling Mask":0,"Sozu":4,"Lizard Tail":20,"Shuriken":[93],"Black Star":3,"Art of War":[1],"obtain_stats":[{"Pear":26,"Vajra":36,"Snake Skull":23,"Bag of Preparation":23,"Letter Opener":27,"Bottled Tornado":27,"Boot":10,"Smiling Mask":46,"Sozu":34,"Lizard Tail":43,"Shuriken":8,"Black Star":17,"Art of War":46,"StrikeDummy":9,"Ring of the Snake":0},{"Pear":11,"Vajra":15,"Snake Skull":10,"Bag of Preparation":10,"Letter Opener":12,"Bottled Tornado":12,"Boot":5,"Smiling Mask":21,"Sozu":14,"Lizard Tail":19,"Shuriken":4,"Black Star":8,"Art of War":21,"StrikeDummy":4,"Ring of the Snake":0},{"Pear":55,"Vajra":72,"Snake Skull":51,"Bag of Preparation":51,"Letter Opener":61,"Bottled Tornado":61,"Boot":25,"Smiling Mask":95,"Sozu":69,"Lizard Tail":87,"Shuriken":18,"Black Star":41,"Art of War":95,"StrikeDummy":18,"Ring of the Snake":0}],"Ring of the Snake":[48]},"card_choices":[{"not_picked":["Night Terror","Doppelganger"],"picked":"Envenom","floor":0.0},{"not_picked":["Slice","Distraction","Outmaneuver"],"picked":"SKIP","floor":1.0},{"not_picked":["Slice","Deadly Poison"],"picked":"Heel Hook","floor":3.0},{"not_picked":["Flying Knee","Deflect"],"picked":"Quick Slash","floor":5.0},{"not_picked":["Prepared","Dodge and Roll","Sucker Punch"],"picked":"SKIP","floor":8.0},{"not_picked":["Expertise","Predator","Deflect"],"picked":"SKIP","floor":10.0},{"not_picked":["Flying Knee","Prepared"],"picked":"Cloak And Dagger","floor":11.0},{"not_picked":["Deflect","Phantasmal Killer","Cloak And Dagger"],"picked":"SKIP","floor":14.0},{"not_picked":["Glass Knife","Unload"],"picked":"Malaise","floor":16.0},{"not_picked":["Expertise","Quick Slash"],"picked":"Backflip","floor":18.0},{"not_picked":["Prepared","Sucker Punch+1"],"picked":"Accuracy","floor":23.0},{"not_picked":["Well Laid Plans","Prepared"],"picked":"Leg Sweep","floor":25.0},{"not_picked":["Distraction","Quick Slash"],"picked":"Blade Dance+1","floor":27.0},{"not_picked":["Poisoned Stab","Dagger Throw","Deflect+1"],"picked":"SKIP","floor":31.0},{"not_picked":["A Thousand Cuts","Envenom"],"picked":"Burst","floor":33.0},{"not_picked":["Predator","Quick Slash"],"picked":"Heel Hook","floor":35.0},{"not_picked":["Choke","Well Laid Plans+1","Underhanded Strike"],"picked":"SKIP","floor":37.0},{"not_picked":["Flying Knee","Underhanded Strike+1","Dagger Spray"],"picked":"SKIP","floor":38.0},{"not_picked":["Flying Knee","Underhanded Strike+1"],"picked":"Acrobatics","floor":41.0},{"not_picked":["Acrobatics+1","Dagger Spray","Calculated Gamble"],"picked":"SKIP","floor":42},{"not_picked":["Dodge and Roll+1","Expertise+1"],"picked":"Reflex","floor":45},{"not_picked":["Riddle With Holes","Tools of the Trade","Outmaneuver"],"picked":"SKIP","floor":46},{"not_picked":["Infinite Blades","Leg Sweep"],"picked":"PiercingWail","floor":48}],"player_experience":1275585,"relics_obtained":[{"floor":8.0,"key":"Shuriken"},{"floor":9.0,"key":"StrikeDummy"},{"floor":10.0,"key":"Boot"},{"floor":23.0,"key":"Snake Skull"},{"floor":23.0,"key":"Bag of Preparation"},{"floor":26.0,"key":"Pear"},{"floor":27.0,"key":"Bottled Tornado"},{"floor":27.0,"key":"Letter Opener"},{"floor":36.0,"key":"Vajra"},{"floor":43,"key":"Lizard Tail"},{"floor":46,"key":"Art of War"},{"floor":46,"key":"Smiling Mask"}],"event_choices":[{"damage_healed":0.0,"max_hp_gain":0.0,"max_hp_loss":0.0,"gold_gain":0.0,"event_name":"Shining Light","player_choice":"Entered Light","floor":2.0,"gold_loss":0.0,"damage_taken":18.0,"cards_upgraded":["Envenom","Defend_G"]},{"cards_removed":["Strike_G"],"damage_healed":0.0,"max_hp_gain":0.0,"max_hp_loss":0.0,"gold_gain":0.0,"event_name":"Purifier","player_choice":"Purged","floor":4.0,"gold_loss":0.0,"damage_taken":0.0},{"cards_removed":["Strike_G"],"damage_healed":0.0,"max_hp_gain":0.0,"max_hp_loss":0.0,"gold_gain":0.0,"event_name":"Golden Wing","player_choice":"Card Removal","floor":13.0,"gold_loss":0.0,"damage_taken":7.0},{"damage_healed":0.0,"max_hp_gain":0.0,"max_hp_loss":0.0,"gold_gain":0.0,"cards_transformed":["Defend_G","Defend_G"],"event_name":"Drug Dealer","player_choice":"Became Test Subject","floor":19.0,"gold_loss":0.0,"damage_taken":0.0,"cards_obtained":["Slice","Choke"]},{"damage_healed":0.0,"max_hp_gain":0.0,"max_hp_loss":0.0,"gold_gain":50.0,"event_name":"Nest","player_choice":"Stole From Cult","floor":20.0,"gold_loss":0.0,"damage_taken":0.0},{"damage_healed":0.0,"max_hp_gain":0.0,"max_hp_loss":30.0,"gold_gain":0.0,"event_name":"Ghosts","player_choice":"Became a Ghost","floor":21.0,"gold_loss":0.0,"damage_taken":0.0,"cards_obtained":["Ghostly","Ghostly","Ghostly"]},{"damage_healed":0.0,"max_hp_gain":0.0,"max_hp_loss":0.0,"gold_gain":0.0,"event_name":"Knowing Skull","player_choice":"","floor":30.0,"potions_obtained":[],"gold_loss":0.0,"damage_taken":6.0,"cards_obtained":[]}],"is_beta":false,"boss_relics":[{"not_picked":["Snecko Eye","Ectoplasm"],"picked":"Black Star"},{"not_picked":["SlaversCollar","Coffee Dripper"],"picked":"Sozu"}],"items_purged_floors":[7,22,39],"is_endless":false,"potions_floor_spawned":[5,8,11,27,31,33,38,41,45,48],"killed_by":"Time Eater","ascension_level":20}}