{"host":"7qoz5gmva6til3yp","time":1611484769,"event":{"mods":["AchievementEnabler","BaseMod","Minty Spire (QoL Compilation)","StSLib","SuperFastMode"],"gold_per_floor":[118,118,118,138,138,149,169,169,169,169,180,195,195,213,213,312,312,332,332,349,205,205,237,237,269,316,327,340,440,474,485,485,485,485,505,518,518,333,358,385,385,412,412,444,123,123,123,134,134,134],"floor_reached":51,"language":"KOR","playtime":1623,"items_purged":["Strike_P","Defend_P","Strike_P"],"score":1261,"play_id":"e2914082-02e1-4594-8c5c-a835c6317fce","local_time":"20210124193929","is_ascension_mode":true,"campfire_choices":[{"data":"Adaptation","floor":10.0,"key":"SMITH"},{"data":"Eruption","floor":13.0,"key":"SMITH"},{"floor":15.0,"key":"REST"},{"floor":24.0,"key":"REST"},{"data":"Adaptation","floor":32.0,"key":"SMITH"},{"data":"Vault","floor":41.0,"key":"SMITH"},{"floor":47,"key":"REST"},{"data":"Fasting2","floor":49,"key":"SMITH"}],"circlet_count":0,"master_deck":["Strike_P","Defend_P+1","Defend_P","Eruption+1","Vigilance+1","Tantrum","Adaptation+1","FearNoEvil","Ragnarok","Adaptation+1","InnerPeace","Worship+1","EmptyFist+1","DevaForm","Vault+1","Fasting2+1","TalkToTheHand+1","WheelKick+1"],"relics":["Sozu","Calipers","Matryoshka","Bag of Preparation","Blue Candle","Cursed Key","Nilry\u0027s Codex","Bottled Tornado","Happy Flower","War Paint","Tiny Chest","TungstenRod","Gremlin Horn","Smiling Mask","VioletLotus","Nunchaku","Darkstone Periapt","Vajra","Molten Egg 2","Membership Card","Ancient Tea Set"],"acts_visited":["Exordium","TheCity","TheBeyond"],"potions_floor_usage":[],"damage_taken":[{"damage":3.0,"enemies":"2 Louse","floor":1.0,"turns":2.0},{"damage":0.0,"enemies":"Cultist","floor":4.0,"turns":2.0},{"damage":7.0,"enemies":"Jaw Worm","floor":6.0,"turns":3.0},{"damage":6.0,"enemies":"Red Slaver","floor":7.0,"turns":2.0},{"damage":3.0,"enemies":"Looter","floor":11.0,"turns":2.0},{"damage":3.0,"enemies":"Blue Slaver","floor":12.0,"turns":3.0},{"damage":0.0,"enemies":"Large Slime","floor":14.0,"turns":3.0},{"damage":27.0,"enemies":"Slime Boss","floor":16.0,"turns":6.0},{"damage":7.0,"enemies":"Spheric Guardian","floor":18.0,"turns":3.0},{"damage":25.0,"enemies":"Shell Parasite","floor":20.0,"turns":3.0},{"damage":0.0,"enemies":"Gremlin Leader","floor":23.0,"turns":5.0},{"damage":0.0,"enemies":"Slavers","floor":25.0,"turns":1.0},{"damage":44.0,"enemies":"Shelled Parasite and Fungi","floor":27.0,"turns":4.0},{"damage":18.0,"enemies":"Centurion and Healer","floor":28.0,"turns":2.0},{"damage":14.0,"enemies":"Colosseum Slavers","floor":29.0,"turns":2.0},{"damage":7.0,"enemies":"Colosseum Nobs","floor":29.0,"turns":2.0},{"damage":12.0,"enemies":"Book of Stabbing","floor":30.0,"turns":3.0},{"damage":19.0,"enemies":"Snecko","floor":31.0,"turns":3.0},{"damage":16.0,"enemies":"Collector","floor":33.0,"turns":5.0},{"damage":10.0,"enemies":"Orb Walker","floor":35.0,"turns":2.0},{"damage":30.0,"enemies":"3 Darklings","floor":36.0,"turns":4.0},{"damage":11.0,"enemies":"Nemesis","floor":40.0,"turns":5.0},{"damage":0.0,"enemies":"Reptomancer","floor":42.0,"turns":3.0},{"damage":76,"enemies":"Nemesis","floor":44,"turns":6},{"damage":22,"enemies":"Spire Growth","floor":48,"turns":4},{"damage":23,"enemies":"Time Eater","floor":50,"turns":6}],"seed_played":"8248456868694272890","potions_obtained":[],"is_trial":false,"path_per_floor":["M","?","?","M","?","M","M","T","T","R","M","M","R","M","R","B",null,"M","?","M","$","?","E","R","E","T","M","M","?","E","M","R","B",null,"M","M","?","$","T","E","R","E","T","E","$","?","R","M","R","B",null],"character_chosen":"WATCHER","items_purchased":["InnerPeace","Vault","Membership Card","TalkToTheHand+1","Ancient Tea Set"],"campfire_rested":3,"item_purchase_floors":[21,38,45,45,45],"current_hp_per_floor":[62,67,42,42,42,35,29,29,29,29,26,23,23,23,46,19,63,56,40,15,15,15,15,38,38,38,64,46,25,13,58,58,42,68,58,28,28,28,28,17,17,17,17,1,1,1,24,72,72,49],"gold":134,"neow_bonus":"BOSS_RELIC","is_daily":false,"chose_seed":false,"campfire_upgraded":5,"win_rate":0.0,"timestamp":1611484769,"path_taken":["M","?","?","M","?","?","M","?","T","R","M","M","R","?","R","BOSS","M","?","M","$","?","E","R","E","T","M","?","?","E","M","R","BOSS","M","M","?","$","?","E","R","E","T","E","$","?","R","M","R","BOSS"],"items_purchased_type":["Card","Card","Relic","Card","Relic"],"build_version":"2020-12-22","purchased_purges":3,"victory":true,"max_hp_per_floor":[72,77,77,77,77,77,77,77,77,77,77,77,77,77,77,77,77,77,77,77,77,77,77,77,77,77,77,77,77,77,77,77,77,77,77,77,77,77,77,77,77,77,77,77,77,77,77,77,77,77],"card_choices":[{"not_picked":["Perseverance","Evaluate","Vengeance"],"picked":"SKIP","floor":1.0},{"not_picked":["Evaluate","FlyingSleeves"],"picked":"Tantrum","floor":4.0},{"not_picked":["Pray","Evaluate","Swivel"],"picked":"SKIP","floor":6.0},{"not_picked":["Evaluate","FlurryOfBlows"],"picked":"Adaptation","floor":7.0},{"not_picked":["Crescendo","Consecrate","ForeignInfluence"],"picked":"SKIP","floor":11.0},{"not_picked":["PathToVictory","WindmillStrike","CarveReality"],"picked":"SKIP","floor":12.0},{"not_picked":["Wallop","EmptyBody"],"picked":"FearNoEvil","floor":14.0},{"not_picked":["Omniscience","Devotion"],"picked":"Ragnarok","floor":16.0},{"not_picked":["PathToVictory","SashWhip"],"picked":"Adaptation","floor":18.0},{"not_picked":["Tantrum","Meditate+1","CrushJoints"],"picked":"SKIP","floor":20.0},{"not_picked":["BowlingBash","InnerPeace"],"picked":"Worship+1","floor":23.0},{"not_picked":["Prostrate+1","PathToVictory","SashWhip"],"picked":"SKIP","floor":25.0},{"not_picked":["Nirvana","SandsOfTime+1","FollowUp"],"picked":"SKIP","floor":27.0},{"not_picked":["Prostrate+1","Consecrate","Evaluate+1"],"picked":"SKIP","floor":28.0},{"not_picked":["Crescendo+1","Weave"],"picked":"EmptyFist+1","floor":29.0},{"not_picked":["WheelKick","Collect"],"picked":"DevaForm","floor":30.0},{"not_picked":["ThirdEye+1","Evaluate","SandsOfTime"],"picked":"SKIP","floor":31.0},{"not_picked":["FlurryOfBlows","JustLucky","Prostrate"],"picked":"SKIP","floor":35.0},{"not_picked":["WindmillStrike","BowlingBash+1","EmptyMind"],"picked":"SKIP","floor":36.0},{"not_picked":["Pray+1","EmptyFist","FlyingSleeves+1"],"picked":"SKIP","floor":40.0},{"not_picked":["TalkToTheHand+1","Vengeance+1"],"picked":"Fasting2","floor":42.0},{"not_picked":["DeceiveReality+1","FearNoEvil+1","ClearTheMind+1"],"picked":"SKIP","floor":44},{"not_picked":["Tantrum+1","FlurryOfBlows+1"],"picked":"WheelKick+1","floor":48}],"player_experience":422803,"relics_obtained":[{"floor":8.0,"key":"Matryoshka"},{"floor":9.0,"key":"Bag of Preparation"},{"floor":9.0,"key":"Blue Candle"},{"floor":19.0,"key":"Nilry\u0027s Codex"},{"floor":23.0,"key":"Bottled Tornado"},{"floor":25.0,"key":"Happy Flower"},{"floor":26.0,"key":"War Paint"},{"floor":26.0,"key":"Tiny Chest"},{"floor":29.0,"key":"TungstenRod"},{"floor":29.0,"key":"Gremlin Horn"},{"floor":30.0,"key":"Smiling Mask"},{"floor":39.0,"key":"Nunchaku"},{"floor":40.0,"key":"Darkstone Periapt"},{"floor":42.0,"key":"Vajra"},{"floor":44,"key":"Molten Egg 2"}],"event_choices":[{"damage_healed":0.0,"max_hp_gain":5.0,"max_hp_loss":0.0,"gold_gain":0.0,"event_name":"Big Fish","player_choice":"Donut","floor":2.0,"gold_loss":0.0,"damage_taken":0.0},{"damage_healed":0.0,"max_hp_gain":0.0,"max_hp_loss":0.0,"gold_gain":0.0,"event_name":"Scrap Ooze","player_choice":"Success","floor":3.0,"gold_loss":0.0,"damage_taken":25.0,"relics_obtained":["Calipers"]},{"cards_removed":["Defend_P"],"damage_healed":0.0,"max_hp_gain":0.0,"max_hp_loss":0.0,"gold_gain":0.0,"event_name":"Bonfire Elementals","player_choice":"Offered Basic","floor":5.0,"gold_loss":0.0,"damage_taken":0.0},{"damage_healed":0.0,"max_hp_gain":0.0,"max_hp_loss":0.0,"gold_gain":0.0,"event_name":"Cursed Tome","player_choice":"Obtained Book","floor":19.0,"gold_loss":0.0,"damage_taken":16.0},{"cards_removed":["Strike_P"],"damage_healed":0.0,"max_hp_gain":0.0,"max_hp_loss":0.0,"gold_gain":0.0,"event_name":"Wheel of Change","player_choice":"Card Removal","floor":22.0,"gold_loss":0.0,"damage_taken":0.0},{"damage_healed":0.0,"max_hp_gain":0.0,"max_hp_loss":0.0,"gold_gain":0.0,"event_name":"Colosseum","player_choice":"Fight","floor":29.0,"gold_loss":0.0,"damage_taken":0.0},{"damage_healed":0.0,"max_hp_gain":0.0,"max_hp_loss":0.0,"gold_gain":0.0,"event_name":"Colosseum","player_choice":"Fought Nobs","floor":29.0,"gold_loss":0.0,"damage_taken":0.0},{"damage_healed":0.0,"max_hp_gain":0.0,"max_hp_loss":0.0,"gold_gain":0.0,"event_name":"Tomb of Lord Red Mask","player_choice":"Ignored","floor":37.0,"gold_loss":0.0,"damage_taken":0.0},{"damage_healed":0,"gold_gain":0,"player_choice":"Ignored","damage_taken":0,"max_hp_gain":0,"max_hp_loss":0,"event_name":"SecretPortal","floor":46,"gold_loss":0}],"is_beta":false,"boss_relics":[{"not_picked":["Velvet Choker","Philosopher\u0027s Stone"],"picked":"Cursed Key"},{"not_picked":["Astrolabe","Runic Dome"],"picked":"VioletLotus"}],"items_purged_floors":[21,38,45],"is_endless":false,"potions_floor_spawned":[1,4,11,16,18,28,29,30,31,33,35,40,42,48],"ascension_level":9}}