{"host":"g8ufh7m4frdlkxwv","time":1611521530,"event":{"mods":["AchievementEnabler","BaseMod","Colored Map","Dark Map","Minty Spire (QoL Compilation)","Relic Stats","StSLib","ojb\u0027s Info Mod"],"gold_per_floor":[113,188,199,164,182,182,217,231,254,280,11,46,46,46,46,121,121,138,21,21,36,36,62,62,88,88,107,118,118,153,153,153,229,229,241,241,241,261,261,290,290,290,290,322,339,371,387,432,432,432,432,432,432,59,88,88],"floor_reached":57,"language":"ENG","playtime":4856,"items_purged":["Strike_G","Doubt"],"score":3278,"play_id":"e9c06cfc-d450-451d-86ab-983f241dfc01","local_time":"20210124215210","is_ascension_mode":true,"campfire_choices":[{"data":"Terror","floor":6.0,"key":"SMITH"},{"data":"Phantasmal Killer","floor":13.0,"key":"SMITH"},{"data":"Dash","floor":15.0,"key":"SMITH"},{"data":"Well Laid Plans","floor":24.0,"key":"SMITH"},{"floor":32.0,"key":"REST"},{"data":"Underhanded Strike","floor":42,"key":"SMITH"},{"floor":49,"key":"RECALL"},{"data":"Malaise","floor":53,"key":"SMITH"}],"circlet_count":0,"master_deck":["AscendersBane","Strike_G","Strike_G","Strike_G","Defend_G+1","Defend_G","Defend_G","Defend_G","Survivor","Neutralize+1","CurseOfTheBell","Underhanded Strike+1","Dagger Throw+1","Terror+1","Dagger Throw","Phantasmal Killer+1","Dash+1","Leg Sweep+1","Die Die Die","Well Laid Plans+1","Terror+1","Blur","Calculated Gamble+1","Malaise+1","Underhanded Strike+1","Acrobatics+1","Calculated Gamble+1","Phantasmal Killer+1","Dodge and Roll+1","Madness+1","Madness+1","Backflip+1","Secret Weapon+1","Violence+1","Corpse Explosion+1","Underhanded Strike","PiercingWail+1","Cloak And Dagger+1","PiercingWail+1","Backflip+1","Calculated Gamble+1","Backflip+1","Escape Plan+1"],"relics":["Calling Bell","MealTicket","InkBottle","Tough Bandages","Ancient Tea Set","Anchor","Blood Vial","Oddly Smooth Stone","Pen Nib","Black Star","Potion Belt","Centennial Puzzle","War Paint","Unceasing Top","Happy Flower","Lizard Tail","Enchiridion","Toxic Egg 2","Bottled Flame","HoveringKite","Thread and Needle","Ornamental Fan","Pear","CaptainsWheel","Whetstone","Akabeko","Dead Branch","Bag of Marbles","Art of War","StrikeDummy"],"acts_visited":["Exordium","TheCity","TheBeyond","TheEnding"],"potions_floor_usage":[48,51,56,56,56,56],"damage_taken":[{"damage":4.0,"enemies":"Small Slimes","floor":1.0,"turns":6.0},{"damage":3.0,"enemies":"2 Louse","floor":3.0,"turns":4.0},{"damage":2.0,"enemies":"Cultist","floor":5.0,"turns":5.0},{"damage":33.0,"enemies":"Gremlin Nob","floor":7.0,"turns":4.0},{"damage":7.0,"enemies":"Exordium Thugs","floor":8.0,"turns":4.0},{"damage":9.0,"enemies":"Lagavulin","floor":10.0,"turns":5.0},{"damage":7.0,"enemies":"Gremlin Nob","floor":12.0,"turns":4.0},{"damage":0.0,"enemies":"Slime Boss","floor":16.0,"turns":6.0},{"damage":4.0,"enemies":"Shell Parasite","floor":18.0,"turns":3.0},{"damage":3.0,"enemies":"Spheric Guardian","floor":21.0,"turns":4.0},{"damage":6.0,"enemies":"Gremlin Leader","floor":23.0,"turns":5.0},{"damage":16.0,"enemies":"Slavers","floor":25.0,"turns":5.0},{"damage":12.0,"enemies":"Snecko","floor":27.0,"turns":9.0},{"damage":10.0,"enemies":"Centurion and Healer","floor":28.0,"turns":10.0},{"damage":0.0,"enemies":"Book of Stabbing","floor":30.0,"turns":4.0},{"damage":5.0,"enemies":"Collector","floor":33.0,"turns":6.0},{"damage":0,"enemies":"3 Darklings","floor":35,"turns":3},{"damage":15,"enemies":"Orb Walker","floor":38,"turns":4},{"damage":6,"enemies":"Giant Head","floor":40,"turns":9},{"damage":0,"enemies":"Reptomancer","floor":44,"turns":3},{"damage":0,"enemies":"Jaw Worm Horde","floor":45,"turns":3},{"damage":0,"enemies":"Giant Head","floor":46,"turns":5},{"damage":0,"enemies":"Sphere and 2 Shapes","floor":47,"turns":3},{"damage":29,"enemies":"2 Orb Walkers","floor":48,"turns":3},{"damage":0,"enemies":"Donu and Deca","floor":50,"turns":7},{"damage":19,"enemies":"Time Eater","floor":51,"turns":16},{"damage":0,"enemies":"Shield and Spear","floor":55,"turns":5},{"damage":19,"enemies":"The Heart","floor":56,"turns":9}],"seed_played":"3980876465525592122","potions_obtained":[{"floor":3.0,"key":"Dexterity Potion"},{"floor":7.0,"key":"AttackPotion"},{"floor":8.0,"key":"AttackPotion"},{"floor":16.0,"key":"SteroidPotion"},{"floor":18.0,"key":"PowerPotion"},{"floor":23.0,"key":"Dexterity Potion"},{"floor":28.0,"key":"SkillPotion"},{"floor":33.0,"key":"BlessingOfTheForge"},{"floor":35,"key":"Ancient Potion"},{"floor":44,"key":"Regen Potion"},{"floor":48,"key":"LiquidMemories"}],"is_trial":false,"path_per_floor":["M","?","M","?","M","R","E","M","T","E","$","E","R","?","R","B",null,"M","$","?","M","?","E","R","E","T","M","M","?","E","?","R","B",null,"M","?","?","M","?","E","?","R","T","E","M","E","M","?","R","B","B",null,"R","$","E","B",null],"character_chosen":"THE_SILENT","items_purchased":["Oddly Smooth Stone","Leg Sweep","Fire Potion","Well Laid Plans","Backflip+1","Bag of Marbles","Regen Potion"],"campfire_rested":1,"item_purchase_floors":[11,11,11,19,54,54,54],"current_hp_per_floor":[55,44,41,57,55,55,22,15,15,6,21,16,16,16,16,18,54,52,66,66,63,63,59,59,45,45,35,27,6,8,8,27,24,56,58,46,46,33,23,19,19,19,19,31,33,35,37,15,15,17,38,67,67,76,76,62],"gold":88,"neow_bonus":"BOSS_RELIC","is_daily":false,"chose_seed":false,"campfire_upgraded":6,"win_rate":0.0,"timestamp":1611521530,"path_taken":["M","?","M","?","M","R","E","M","T","E","$","E","R","?","R","BOSS","M","?","?","?","?","E","R","E","T","?","M","?","E","?","R","BOSS","M","?","?","?","?","E","?","R","T","E","M","E","?","?","R","BOSS","BOSS","R","$","E","BOSS"],"items_purchased_type":["Relic","Card","Potion","Card","Card","Relic","Potion"],"build_version":"2020-12-22","purchased_purges":2,"victory":true,"max_hp_per_floor":[66,66,66,66,66,66,66,66,66,66,66,66,66,66,66,66,66,66,66,66,66,66,66,66,66,66,66,66,66,66,66,66,66,66,66,66,66,66,66,66,66,66,66,76,76,76,76,76,76,76,76,76,76,76,76,76],"relic_stats":{"Happy Flower":[33],"counters":[28,154],"Dead Branch":[58],"HoveringKite":[47],"Pen Nib":[25],"Whetstone":["Neutralize","Dagger Throw"],"War Paint":["Leg Sweep","Defend_G"],"Blood Vial":38,"Tough Bandages":[747],"Centennial Puzzle":[27],"Lizard Tail":38,"Ornamental Fan":[116],"MealTicket":38,"Black Star":7,"Art of War":[1],"obtain_stats":[{"Enchiridion":29,"HoveringKite":34,"Whetstone":46,"Ancient Tea Set":7,"Blood Vial":10,"Tough Bandages":0,"Centennial Puzzle":23,"Lizard Tail":26,"MealTicket":0,"Toxic Egg 2":30,"InkBottle":0,"Ring of the Snake":0,"Potion Belt":20,"Pear":44,"Happy Flower":25,"Dead Branch":48,"Oddly Smooth Stone":11,"Thread and Needle":40,"Pen Nib":12,"War Paint":23,"Akabeko":46,"Calling Bell":0,"Anchor":9,"Bottled Flame":30,"CaptainsWheel":44,"Ornamental Fan":40,"Black Star":17,"Bag of Marbles":54,"Art of War":55,"StrikeDummy":55,"Unceasing Top":25},{"Enchiridion":14,"HoveringKite":16,"Whetstone":22,"Ancient Tea Set":4,"Blood Vial":6,"Tough Bandages":0,"Centennial Puzzle":11,"Lizard Tail":12,"MealTicket":0,"Toxic Egg 2":15,"InkBottle":0,"Ring of the Snake":0,"Potion Belt":9,"Pear":20,"Happy Flower":12,"Dead Branch":24,"Oddly Smooth Stone":6,"Thread and Needle":19,"Pen Nib":7,"War Paint":11,"Akabeko":22,"Calling Bell":0,"Anchor":5,"Bottled Flame":15,"CaptainsWheel":20,"Ornamental Fan":19,"Black Star":8,"Bag of Marbles":26,"Art of War":27,"StrikeDummy":27,"Unceasing Top":12},{"Enchiridion":74,"HoveringKite":84,"Whetstone":111,"Ancient Tea Set":19,"Blood Vial":28,"Tough Bandages":0,"Centennial Puzzle":50,"Lizard Tail":55,"MealTicket":0,"Toxic Egg 2":78,"InkBottle":0,"Ring of the Snake":0,"Potion Belt":41,"Pear":103,"Happy Flower":55,"Dead Branch":117,"Oddly Smooth Stone":28,"Thread and Needle":100,"Pen Nib":32,"War Paint":50,"Akabeko":111,"Calling Bell":0,"Anchor":23,"Bottled Flame":78,"CaptainsWheel":103,"Ornamental Fan":100,"Black Star":38,"Bag of Marbles":140,"Art of War":145,"StrikeDummy":145,"Unceasing Top":55}],"InkBottle":[66],"Unceasing Top":[22]},"card_choices":[{"not_picked":["Footwork","Bane"],"picked":"Underhanded Strike","floor":1.0},{"not_picked":["Well Laid Plans","Underhanded Strike"],"picked":"Dagger Throw","floor":3.0},{"not_picked":["Expertise","Dagger Throw"],"picked":"Terror","floor":5.0},{"not_picked":["Prepared","Sucker Punch"],"picked":"Dagger Throw","floor":7.0},{"not_picked":["Outmaneuver","Backstab"],"picked":"Phantasmal Killer","floor":8.0},{"not_picked":["Sucker Punch","Bane"],"picked":"Dash","floor":10.0},{"not_picked":["Acrobatics","Dagger Throw","All Out Attack"],"picked":"SKIP","floor":12.0},{"not_picked":["After Image","Adrenaline"],"picked":"Die Die Die","floor":16.0},{"not_picked":["Deflect","Flechettes","Heel Hook"],"picked":"SKIP","floor":18.0},{"not_picked":["Dagger Spray","Deflect"],"picked":"Terror+1","floor":21.0},{"not_picked":["Deadly Poison","Dodge and Roll"],"picked":"Calculated Gamble+1","floor":23.0},{"not_picked":["Dagger Throw","Poisoned Stab"],"picked":"Malaise","floor":25.0},{"not_picked":["Finisher","Outmaneuver"],"picked":"Underhanded Strike","floor":27.0},{"not_picked":["Concentrate","Flying Knee","Escape Plan"],"picked":"SKIP","floor":28.0},{"not_picked":["Footwork+1","Underhanded Strike+1"],"picked":"Acrobatics+1","floor":30.0},{"not_picked":["Malaise+1","Bullet Time+1"],"picked":"Phantasmal Killer+1","floor":33.0},{"not_picked":["Dagger Throw","Noxious Fumes"],"picked":"Dodge and Roll+1","floor":35},{"not_picked":["Dodge and Roll+1","Prepared+1"],"picked":"Backflip+1","floor":38},{"not_picked":["Chrysalis+1","Mind Blast"],"picked":"Secret Weapon+1","floor":39},{"not_picked":["Madness+1","Purity+1"],"picked":"Violence+1","floor":39},{"not_picked":["Backstab+1","Leg Sweep+1"],"picked":"Corpse Explosion+1","floor":40},{"not_picked":["Deadly Poison+1","Poisoned Stab"],"picked":"PiercingWail+1","floor":44},{"not_picked":["Skewer","Dodge and Roll+1"],"picked":"Cloak And Dagger+1","floor":45},{"not_picked":["Deflect+1","Flying Knee+1"],"picked":"PiercingWail+1","floor":46},{"not_picked":["Deflect+1","Expertise+1"],"picked":"Backflip+1","floor":47},{"not_picked":["Backstab+1","Caltrops"],"picked":"Calculated Gamble+1","floor":48},{"not_picked":["Flying Knee+1","Underhanded Strike"],"picked":"Escape Plan+1","floor":55}],"player_experience":1102478,"relics_obtained":[{"floor":0.0,"key":"MealTicket"},{"floor":0.0,"key":"InkBottle"},{"floor":0.0,"key":"Tough Bandages"},{"floor":7.0,"key":"Ancient Tea Set"},{"floor":9.0,"key":"Anchor"},{"floor":10.0,"key":"Blood Vial"},{"floor":12.0,"key":"Pen Nib"},{"floor":23.0,"key":"Centennial Puzzle"},{"floor":23.0,"key":"War Paint"},{"floor":25.0,"key":"Unceasing Top"},{"floor":25.0,"key":"Happy Flower"},{"floor":26.0,"key":"Lizard Tail"},{"floor":29.0,"key":"Enchiridion"},{"floor":30.0,"key":"Toxic Egg 2"},{"floor":30.0,"key":"Bottled Flame"},{"floor":40,"key":"Thread and Needle"},{"floor":40,"key":"Ornamental Fan"},{"floor":44,"key":"Pear"},{"floor":44,"key":"CaptainsWheel"},{"floor":46,"key":"Whetstone"},{"floor":46,"key":"Akabeko"},{"floor":48,"key":"Dead Branch"},{"floor":55,"key":"Art of War"},{"floor":55,"key":"StrikeDummy"}],"event_choices":[{"damage_healed":0.0,"max_hp_gain":0.0,"max_hp_loss":0.0,"gold_gain":75.0,"event_name":"World of Goop","player_choice":"Gather Gold","floor":2.0,"gold_loss":0.0,"damage_taken":11.0},{"damage_healed":16.0,"max_hp_gain":0.0,"max_hp_loss":0.0,"gold_gain":0.0,"event_name":"The Cleric","player_choice":"Healed","floor":4.0,"gold_loss":35.0,"damage_taken":0.0},{"damage_healed":0.0,"max_hp_gain":0.0,"max_hp_loss":0.0,"gold_gain":0.0,"event_name":"Upgrade Shrine","player_choice":"Upgraded","floor":14.0,"gold_loss":0.0,"damage_taken":0.0,"cards_upgraded":["Underhanded Strike"]},{"damage_healed":0.0,"max_hp_gain":0.0,"max_hp_loss":0.0,"gold_gain":0.0,"event_name":"WeMeetAgain","player_choice":"Gave Potion","floor":20.0,"gold_loss":0.0,"damage_taken":0.0,"relics_obtained":["Potion Belt"]},{"damage_healed":0.0,"max_hp_gain":0.0,"max_hp_loss":0.0,"gold_gain":0.0,"cards_transformed":["Strike_G"],"event_name":"Transmorgrifier","player_choice":"Transformed","floor":22.0,"gold_loss":0.0,"damage_taken":0.0,"cards_obtained":["Blur"]},{"damage_healed":0.0,"max_hp_gain":0.0,"max_hp_loss":0.0,"gold_gain":0.0,"event_name":"Cursed Tome","player_choice":"Obtained Book","floor":29.0,"gold_loss":0.0,"damage_taken":21.0},{"damage_healed":0.0,"max_hp_gain":0.0,"max_hp_loss":0.0,"gold_gain":0.0,"event_name":"The Library","player_choice":"Read","floor":31.0,"gold_loss":0.0,"damage_taken":0.0,"cards_obtained":["Calculated Gamble"]},{"damage_healed":0,"gold_gain":0,"player_choice":"Embrace Madness","damage_taken":12,"max_hp_gain":0,"max_hp_loss":0,"event_name":"Winding Halls","floor":36,"gold_loss":0,"cards_obtained":["Madness","Madness"]},{"damage_healed":0,"gold_gain":0,"player_choice":"1 cards matched","damage_taken":0,"max_hp_gain":0,"max_hp_loss":0,"event_name":"Match and Keep!","floor":37,"gold_loss":0,"cards_obtained":["Doubt"]},{"damage_healed":0,"gold_gain":0,"player_choice":"Memory 3","damage_taken":10,"max_hp_gain":0,"max_hp_loss":0,"event_name":"SensoryStone","floor":39,"gold_loss":0},{"damage_healed":0,"gold_gain":0,"cards_transformed":["Defend_G"],"player_choice":"Transformed","damage_taken":0,"max_hp_gain":0,"max_hp_loss":0,"event_name":"Transmorgrifier","floor":41,"gold_loss":0,"cards_obtained":["Underhanded Strike"]},{"damage_healed":0,"gold_gain":0,"player_choice":"Fight","damage_taken":0,"max_hp_gain":0,"max_hp_loss":0,"event_name":"Mysterious Sphere","floor":48,"gold_loss":0}],"is_beta":false,"boss_relics":[{"not_picked":["Snecko Eye","Ectoplasm"],"picked":"Black Star"},{"not_picked":["Busted Crown","Runic Dome"],"picked":"HoveringKite"}],"items_purged_floors":[19,54],"is_endless":false,"potions_floor_spawned":[3,7,8,16,18,23,28,33,35,44,45,46,48],"ascension_level":20}}