{"host":"p11r1vg7ld7z2n97","time":1611511242,"event":{"mods":["BaseMod","Better Note","Colored Map","Downfall","Minty Spire (QoL Compilation)","Rare Cards Sparkle","StSLib","Waifu the Spire"],"gold_per_floor":[99,113,130,145,145,178,178,14,34,52,52,52,66,51,66,66,66,66],"floor_reached":16,"language":"ENG","playtime":1436,"items_purged":[],"score":129,"play_id":"a6ce08fd-b532-45cb-b9bf-7efe09eccb9b","local_time":"20210124110042","is_ascension_mode":false,"campfire_choices":[{"data":"bronze:Replicate","floor":1,"key":"SMITH"},{"floor":12,"key":"RECALL"}],"circlet_count":0,"master_deck":["bronze:Strike","bronze:Strike","bronze:Defend","bronze:Defend","bronze:Defend","bronze:Defend","bronze:Replicate+1","bronze:Goto","bronze:Optimize","bronze:DigitalCarnage","bronze:DigitalCarnage","bronze:Branch","bronze:FineTuning","bronze:AlphaBuild","bronze:DelayedSlice","bronze:Mutator","bronze:ItsAFeature","bronze:Shield"],"relics":["bronze:BronzeCore","PreservedInsect","Matryoshka"],"acts_visited":["Exordium"],"potions_floor_usage":[6],"damage_taken":[{"damage":5,"enemies":"Small Slimes","floor":2,"turns":4},{"damage":6,"enemies":"Jaw Worm","floor":3,"turns":4},{"damage":0,"enemies":"Cultist","floor":4,"turns":3},{"damage":0,"enemies":"3 Sentries","floor":6,"turns":3},{"damage":5,"enemies":"downfall:FleeingMerchant","floor":8,"turns":4},{"damage":8,"enemies":"3 Louse","floor":9,"turns":3},{"damage":2,"enemies":"Blue Slaver","floor":10,"turns":2},{"damage":5,"enemies":"Lots of Slimes","floor":13,"turns":4},{"damage":7,"enemies":"downfall:FleeingMerchant","floor":14,"turns":4},{"damage":6,"enemies":"Exordium Wildlife","floor":15,"turns":2},{"damage":36,"enemies":"SI_SHIV_ARCHETYPE","floor":16,"turns":7}],"seed_played":"189911631961990694","potions_obtained":[{"floor":2,"key":"Energy Potion"},{"floor":6,"key":"Block Potion"},{"floor":13,"key":"SpeedPotion"},{"floor":15,"key":"bronze:FreeFunctionsPotion"}],"is_trial":false,"path_per_floor":["R","M","M","M","?","E","T","$","M","M","?","R","M","$","M","B"],"character_chosen":"THE_AUTOMATON","items_purchased":["bronze:AlphaBuild"],"campfire_rested":0,"item_purchase_floors":[8],"current_hp_per_floor":[77,72,66,66,66,66,66,61,53,51,51,51,46,39,33,0,0,0],"gold":66,"neow_bonus":"TEN_PERCENT_HP_BONUS","is_daily":false,"chose_seed":false,"campfire_upgraded":1,"win_rate":0.0,"timestamp":1611511242,"path_taken":["R","M","M","M","?","E","T","?","M","M","?","R","M","$","M","BOSS"],"items_purchased_type":["Card"],"build_version":"2020-12-22","purchased_purges":0,"victory":false,"max_hp_per_floor":[77,77,77,77,77,77,77,77,77,77,77,77,77,77,77,77,77,77],"card_choices":[{"not_picked":["bronze:OilSpill","bronze:CutThrough"],"picked":"bronze:Optimize","floor":2},{"not_picked":["bronze:WildBeam","bronze:Invalidate"],"picked":"bronze:DigitalCarnage","floor":3},{"not_picked":["bronze:BugBarrage","bronze:ForceShield"],"picked":"bronze:DigitalCarnage","floor":4},{"not_picked":["bronze:ThunderWave","bronze:BuggyMess"],"picked":"bronze:Branch","floor":6},{"not_picked":["bronze:Overheat","bronze:Frontload"],"picked":"bronze:FineTuning","floor":8},{"not_picked":["bronze:Overload","bronze:WildBeam"],"picked":"bronze:DelayedSlice","floor":9},{"not_picked":["bronze:BronzeOrb","bronze:FollowUp"],"picked":"bronze:Mutator","floor":10},{"not_picked":["bronze:CutThrough","bronze:WhirlingStrike"],"picked":"bronze:ItsAFeature","floor":13},{"not_picked":["bronze:WildBeam","bronze:BitShift"],"picked":"bronze:Shield","floor":14},{"not_picked":["bronze:WhirlingStrike","bronze:Overheat","bronze:BitShift"],"picked":"SKIP","floor":15}],"player_experience":664747,"relics_obtained":[{"floor":6,"key":"PreservedInsect"},{"floor":7,"key":"Matryoshka"}],"event_choices":[{"cards_removed":["bronze:Strike"],"damage_healed":0,"gold_gain":0,"player_choice":"Card Removal","damage_taken":0,"max_hp_gain":0,"max_hp_loss":0,"event_name":"The Cleric","floor":5,"gold_loss":0},{"cards_removed":["bronze:Strike"],"damage_healed":0,"gold_gain":0,"player_choice":"Offered Basic","damage_taken":0,"max_hp_gain":0,"max_hp_loss":0,"event_name":"Bonfire Elementals","floor":11,"gold_loss":0}],"is_beta":false,"boss_relics":[],"items_purged_floors":[],"is_endless":false,"potions_floor_spawned":[2,6,13,15],"killed_by":"SI_SHIV_ARCHETYPE","ascension_level":0}}