{"host":"v3mpq6flurzldi5g","time":1611503968,"event":{"mods":["AchievementEnabler","BaseMod","Colored Powertips","Highlight Path","Minty Spire (QoL Compilation)","StSLib"],"gold_per_floor":[113,126,126,136,146,146,146,178,178,204,204,220,220,235,235,334,334,349,56,73,89,13,13,27,27,98,115,125,125,125],"floor_reached":29,"language":"ENG","playtime":2610,"items_purged":["Strike_B"],"score":370,"play_id":"eeaa4ad2-44cd-4f9f-9069-04da8c529503","local_time":"20210124105928","is_ascension_mode":true,"campfire_choices":[{"floor":7.0,"key":"REST"},{"floor":11.0,"key":"REST"},{"floor":13.0,"key":"REST"},{"data":"Defragment","floor":15.0,"key":"SMITH"},{"floor":23,"key":"REST"},{"floor":25,"key":"REST"}],"circlet_count":0,"master_deck":["AscendersBane","Strike_B","Strike_B","Strike_B","Defend_B","Defend_B","Defend_B","Defend_B","Zap","Dualcast","White Noise","Defragment+1","Rip and Tear","Defragment","BootSequence","Amplify","Electrodynamics","Defragment","Conserve Battery+1","Ball Lightning+1","Glacier","Redo+1","Tempest"],"relics":["Cracked Core","DataDisk","Shuriken","Blue Candle","Akabeko","Nuclear Battery","Runic Capacitor","Frozen Egg 2"],"acts_visited":["Exordium","TheCity"],"potions_floor_usage":[27,29],"damage_taken":[{"damage":6.0,"enemies":"2 Louse","floor":1.0,"turns":3.0},{"damage":0.0,"enemies":"Small Slimes","floor":2.0,"turns":3.0},{"damage":0.0,"enemies":"Cultist","floor":4.0,"turns":3.0},{"damage":11.0,"enemies":"Blue Slaver","floor":5.0,"turns":3.0},{"damage":10.0,"enemies":"Gremlin Nob","floor":8.0,"turns":3.0},{"damage":30.0,"enemies":"3 Sentries","floor":10.0,"turns":6.0},{"damage":10.0,"enemies":"Gremlin Gang","floor":12.0,"turns":4.0},{"damage":0.0,"enemies":"3 Louse","floor":14.0,"turns":3.0},{"damage":53,"enemies":"The Guardian","floor":16,"turns":10},{"damage":41,"enemies":"Shell Parasite","floor":18,"turns":6},{"damage":11,"enemies":"Spheric Guardian","floor":20,"turns":3},{"damage":17,"enemies":"Chosen and Byrds","floor":21,"turns":5},{"damage":12,"enemies":"Centurion and Healer","floor":24,"turns":5},{"damage":40,"enemies":"Shelled Parasite and Fungi","floor":27,"turns":5},{"damage":2,"enemies":"Chosen and Byrds","floor":28,"turns":6},{"damage":31,"enemies":"Slavers","floor":29,"turns":2}],"seed_played":"9053607412714572727","potions_obtained":[{"floor":2.0,"key":"FearPotion"},{"floor":5.0,"key":"PotionOfCapacity"},{"floor":10.0,"key":"Fruit Juice"},{"floor":12.0,"key":"FairyPotion"},{"floor":24,"key":"EssenceOfSteel"},{"floor":27,"key":"Energy Potion"},{"floor":28,"key":"EssenceOfDarkness"}],"is_trial":false,"path_per_floor":["M","M","?","M","M","?","R","E","T","E","R","M","R","M","R","B",null,"M","$","M","M","$","R","M","R","T","M","M","E"],"character_chosen":"DEFECT","items_purchased":["Runic Capacitor","Defragment","Glacier"],"campfire_rested":5,"item_purchase_floors":[19,19,22],"current_hp_per_floor":[69,69,51,51,40,40,64,54,54,24,55,45,71,71,71,18,70,29,29,18,1,1,27,15,41,41,1,26,0,0],"gold":125,"neow_bonus":"TEN_PERCENT_HP_BONUS","is_daily":false,"chose_seed":false,"campfire_upgraded":1,"win_rate":0.0,"timestamp":1611503968,"path_taken":["M","M","?","M","M","?","R","E","T","E","R","M","R","M","R","BOSS","M","$","?","M","$","R","M","R","T","M","M","E"],"items_purchased_type":["Relic","Card","Card"],"build_version":"2020-12-22","purchased_purges":1,"victory":false,"max_hp_per_floor":[82,82,82,82,82,82,82,82,82,82,87,87,87,87,87,87,87,87,87,87,87,87,87,87,87,87,87,87,87,87],"card_choices":[{"not_picked":["Rebound","Turbo"],"picked":"White Noise","floor":1.0},{"not_picked":["Darkness","Hello World"],"picked":"Defragment","floor":2.0},{"not_picked":["Steam","Consume"],"picked":"Rip and Tear","floor":4.0},{"not_picked":["Tempest","Turbo"],"picked":"Defragment","floor":5.0},{"not_picked":["Scrape","Turbo"],"picked":"BootSequence","floor":8.0},{"not_picked":["Storm","Force Field"],"picked":"Amplify","floor":10.0},{"not_picked":["Coolheaded","Beam Cell","Steam"],"picked":"SKIP","floor":12.0},{"not_picked":["Darkness","Recycle","Gash"],"picked":"SKIP","floor":14.0},{"not_picked":["Amplify","Fission"],"picked":"Electrodynamics","floor":16},{"not_picked":["Turbo","Stack","Sweeping Beam"],"picked":"SKIP","floor":18},{"not_picked":["Gash+1","Consume"],"picked":"Conserve Battery+1","floor":20},{"not_picked":["Hello World+1","Self Repair"],"picked":"Ball Lightning+1","floor":21},{"not_picked":["Recycle","Compile Driver","Skim"],"picked":"SKIP","floor":24},{"not_picked":["Turbo","Double Energy"],"picked":"Redo+1","floor":27},{"not_picked":["Darkness+1","Ball Lightning"],"picked":"Tempest","floor":28}],"player_experience":1023860,"relics_obtained":[{"floor":8.0,"key":"Shuriken"},{"floor":9.0,"key":"Blue Candle"},{"floor":10.0,"key":"Akabeko"},{"floor":26,"key":"Frozen Egg 2"}],"event_choices":[{"damage_healed":0.0,"max_hp_gain":0.0,"max_hp_loss":0.0,"gold_gain":0.0,"event_name":"Scrap Ooze","player_choice":"Success","floor":3.0,"gold_loss":0.0,"damage_taken":18.0,"relics_obtained":["DataDisk"]},{"damage_healed":0.0,"max_hp_gain":0.0,"max_hp_loss":0.0,"gold_gain":0.0,"event_name":"FaceTrader","player_choice":"Leave","floor":6.0,"gold_loss":0.0,"damage_taken":0.0}],"is_beta":false,"boss_relics":[{"not_picked":["Empty Cage","Coffee Dripper"],"picked":"Nuclear Battery"}],"items_purged_floors":[19],"is_endless":false,"potions_floor_spawned":[2,5,10,12,24,27,28],"killed_by":"Slavers","ascension_level":11}}