{"host":"ojezjkpqju62j8xy","time":1611474247,"event":{"mods":["ATMod(°¢èªMod)","Act Like it!","Aspiration","BaseMod","Conspire","Minty Spire (QoL Compilation)","Pale of the Ancients","Replay The Spire","Spicy Shops","StSLib","[GremlinLeader]The Maniac","¡¾ÒÅÎï¿¨ÅÆ¡¿REMEMod","²ÐÁôÖ®Îï"],"gold_per_floor":[114,129,146,166,177,177,193,227,252,283,294,394,394],"floor_reached":12,"language":"ZHS","playtime":935,"items_purged":[],"score":179,"play_id":"94138999-6628-4a3e-9090-633e81d2e603","local_time":"20210124154407","is_ascension_mode":true,"campfire_choices":[{"floor":6.0,"key":"RECALL"}],"circlet_count":0,"master_deck":["AscendersBane","PlaceholderMod:BaseStrike","PlaceholderMod:BaseStrike","PlaceholderMod:BaseStrike","PlaceholderMod:BaseStrike","PlaceholderMod:BaseStrike","PlaceholderMod:BaseDefend","PlaceholderMod:BaseDefend","PlaceholderMod:BaseDefend","PlaceholderMod:BaseDefend","PlaceholderMod:BaseDefend","PlaceholderMod:Crystal","PlaceholderMod:PoisonWhip","AT_EmpoweredMortalDraw","Discovery","PlaceholderMod:StressReaction","PlaceholderMod:Break","PlaceholderMod:ComplexForm","PlaceholderMod:StressReaction","PlaceholderMod:AttackAsDefend","PlaceholderMod:Polyp","PlaceholderMod:ReactionCatalyze","PlaceholderMod:Break","PlaceholderMod:Corrosion"],"relics":["PlaceholderMod:Tancle","AT_ATBox","REME_ComplimentaryCards","aspiration:ChemicalBlood","AT_TheCollector"],"acts_visited":["Exordium"],"potions_floor_usage":[8,10,10,12,12],"damage_taken":[{"damage":7.0,"enemies":"Cultist","floor":1.0,"turns":6.0},{"damage":5.0,"enemies":"Jaw Worm","floor":2.0,"turns":3.0},{"damage":8.0,"enemies":"conspire:RoseBush","floor":3.0,"turns":3.0},{"damage":9.0,"enemies":"Red Slaver","floor":4.0,"turns":4.0},{"damage":3.0,"enemies":"Blue Slaver","floor":5.0,"turns":3.0},{"damage":7.0,"enemies":"Lots of Slimes","floor":7.0,"turns":2.0},{"damage":7,"enemies":"Gremlin Nob","floor":8,"turns":3},{"damage":24,"enemies":"Replay:BlueRogue","floor":10,"turns":12},{"damage":8,"enemies":"conspire:2 RoseBushes","floor":11,"turns":5},{"damage":29,"enemies":"3 Sentries","floor":12,"turns":6}],"seed_played":"7029348682694631052","potions_obtained":[{"floor":4.0,"key":"AttackPotion"},{"floor":5.0,"key":"Elixir"},{"floor":11,"key":"EssenceOfSteel"}],"is_trial":false,"path_per_floor":["M","M","M","M","M","R","M","E","T","E","M","E"],"character_chosen":"THE_PLACEHOLDER","items_purchased":[],"campfire_rested":0,"item_purchase_floors":[],"current_hp_per_floor":[70,65,57,48,45,45,38,35,35,11,10,0,0],"gold":394,"neow_bonus":"TEN_PERCENT_HP_BONUS","is_daily":false,"chose_seed":false,"campfire_upgraded":0,"win_rate":0.0,"timestamp":1611474247,"path_taken":["M","M","M","?","M","R","?","E","T","E","?","E"],"items_purchased_type":[],"build_version":"2020-12-22","purchased_purges":0,"victory":false,"max_hp_per_floor":[85,85,85,85,85,85,85,85,85,85,85,85,85],"card_choices":[{"not_picked":["PlaceholderMod:PoisonAbsorb","PlaceholderMod:Internalization"],"picked":"PlaceholderMod:StressReaction","floor":1.0},{"not_picked":["PlaceholderMod:PoisonExcitation","PlaceholderMod:OHStrongAttack"],"picked":"PlaceholderMod:Break","floor":2.0},{"not_picked":["PlaceholderMod:ConsolidateHit","PlaceholderMod:DirectingGroup"],"picked":"PlaceholderMod:ComplexForm","floor":3.0},{"not_picked":["PlaceholderMod:SpinBlade","PlaceholderMod:CorePoison"],"picked":"PlaceholderMod:StressReaction","floor":4.0},{"not_picked":["PlaceholderMod:PoisonExcitation","PlaceholderMod:Sweep"],"picked":"PlaceholderMod:AttackAsDefend","floor":5.0},{"not_picked":["PlaceholderMod:SubstitutionNucleophilic1","PlaceholderMod:StrongAcid"],"picked":"PlaceholderMod:Polyp","floor":7.0},{"not_picked":["PlaceholderMod:HornyBlast","PlaceholderMod:ProliferateStrike"],"picked":"PlaceholderMod:ReactionCatalyze","floor":8},{"not_picked":["PlaceholderMod:ChainPoly","PlaceholderMod:MultipleOxi"],"picked":"PlaceholderMod:Break","floor":10},{"not_picked":["PlaceholderMod:ParasiteChange","PlaceholderMod:OHStrongAttack"],"picked":"PlaceholderMod:Corrosion","floor":11}],"player_experience":1444808,"relics_obtained":[{"floor":8,"key":"aspiration:ChemicalBlood"},{"floor":10,"key":"AT_TheCollector"}],"event_choices":[],"is_beta":false,"boss_relics":[],"items_purged_floors":[],"is_endless":false,"potions_floor_spawned":[4,5,7,11],"killed_by":"3 Sentries","ascension_level":18}}