{"host":"gop1q6bv59twswbp","time":1611483993,"event":{"mods":["AlwaysNeverKeys","BaseMod","Downfall","Hermit","Minty Spire (QoL Compilation)","Permanent Neow","Rare Cards Sparkle","StSLib","The Cursed"],"gold_per_floor":[0,15,29,46,62,62,62,62,74,74,108,8,36,136,147,147,147,147],"floor_reached":16,"language":"ENG","playtime":1250,"items_purged":[],"score":112,"play_id":"64b237c2-f540-4c54-9a7c-34ebdc42f9e1","local_time":"20210124052633","is_ascension_mode":false,"campfire_choices":[{"data":"champ:UltimateStance","floor":1,"key":"SMITH"},{"data":"champ:DefensiveShout","floor":8,"key":"SMITH"},{"data":"champ:Circumvent","floor":10,"key":"SMITH"},{"data":"champ:StanceDance","floor":12,"key":"SMITH"}],"circlet_count":0,"master_deck":["champ:Strike","champ:Strike","champ:Strike","champ:Strike","champ:Defend","champ:Defend","champ:Defend","champ:Defend","champ:Execute","champ:Taunt","champ:UltimateStance+1","champ:FocusedDefense","champ:BringItOn","champ:DefensiveShout+1","champ:Circumvent+1","champ:StanceDance+1","champ:HoldFirm","champ:TornadoPunch","champ:EnGarde"],"relics":["champ:ChampionCrown","Sundial","White Beast Statue","downfall:HeartBlessingBlue","hexamod:CandleOfCauterizing","CloakClasp"],"acts_visited":["Exordium"],"potions_floor_usage":[9,13,14],"damage_taken":[{"damage":10,"enemies":"Jaw Worm","floor":2,"turns":4},{"damage":29,"enemies":"Cultist","floor":3,"turns":3},{"damage":15,"enemies":"Small Slimes","floor":4,"turns":4},{"damage":17,"enemies":"Blue Slaver","floor":5,"turns":4},{"damage":34,"enemies":"Exordium Thugs","floor":9,"turns":6},{"damage":57,"enemies":"Lagavulin","floor":11,"turns":8},{"damage":13,"enemies":"3 Sentries","floor":13,"turns":6},{"damage":43,"enemies":"3 Sentries","floor":14,"turns":13},{"damage":5,"enemies":"Exordium Wildlife","floor":15,"turns":2},{"damage":54,"enemies":"WA_ARCHETYPE_RETAIN","floor":16,"turns":10}],"seed_played":"-7531511894475745452","potions_obtained":[{"floor":3,"key":"Explosive Potion"},{"floor":4,"key":"bronze:BurnAndBuffPotion"},{"floor":5,"key":"GamblersBrew"},{"floor":13,"key":"Energy Potion"},{"floor":14,"key":"FearPotion"},{"floor":15,"key":"GamblersBrew"}],"is_trial":false,"path_per_floor":["R","M","M","M","M","?","T","R","M","R","E","R","E","?","M","B"],"character_chosen":"THE_CHAMP","items_purchased":[],"campfire_rested":0,"item_purchase_floors":[],"current_hp_per_floor":[90,90,81,81,79,90,90,90,76,76,54,64,51,43,43,0,0,0],"gold":147,"neow_bonus":"THREE_RARE_CARDS","is_daily":false,"chose_seed":false,"campfire_upgraded":4,"win_rate":0.0,"timestamp":1611483993,"path_taken":["R","M","M","M","M","?","T","R","?","R","E","R","E","?","M","BOSS"],"items_purchased_type":[],"build_version":"2020-12-22","purchased_purges":0,"victory":false,"max_hp_per_floor":[90,90,90,90,90,90,90,90,90,90,90,100,100,100,100,100,100,100],"card_choices":[{"not_picked":["champ:VampiricStrike","champ:MurderStrike"],"picked":"champ:UltimateStance","floor":0},{"not_picked":["champ:Circumvent","champ:RecklessLeap"],"picked":"champ:FocusedDefense","floor":2},{"not_picked":["champ:CrookedStrike","champ:BladeFlurry","champ:CrownThrow"],"picked":"SKIP","floor":3},{"not_picked":["champ:PreemptiveStrike","champ:BladeFlurry"],"picked":"champ:BringItOn","floor":4},{"not_picked":["champ:BringItOn","champ:FlashCut"],"picked":"champ:DefensiveShout","floor":5},{"not_picked":["champ:SetATrap","champ:FaceSlap"],"picked":"champ:Circumvent","floor":9},{"not_picked":["champ:SetATrap","champ:CalledShot"],"picked":"champ:StanceDance","floor":11},{"not_picked":["champ:PerfectedStrike","champ:PreciseThrust"],"picked":"champ:HoldFirm","floor":13},{"not_picked":["champ:EnGarde","champ:FalseCounter"],"picked":"champ:TornadoPunch","floor":14},{"not_picked":["champ:BladeFlurry","champ:ShieldSlam"],"picked":"champ:EnGarde","floor":15}],"player_experience":841837,"relics_obtained":[{"floor":7,"key":"Sundial"},{"floor":11,"key":"White Beast Statue"},{"floor":13,"key":"hexamod:CandleOfCauterizing"},{"floor":14,"key":"CloakClasp"}],"event_choices":[{"damage_healed":11,"gold_gain":0,"player_choice":"Full Heal","damage_taken":0,"max_hp_gain":0,"max_hp_loss":0,"event_name":"Wheel of Change","floor":6,"gold_loss":0}],"is_beta":false,"boss_relics":[],"items_purged_floors":[],"is_endless":false,"potions_floor_spawned":[3,4,5,13,14,15],"killed_by":"WA_ARCHETYPE_RETAIN","ascension_level":0}}