{"host":"5fpb1gzflhq9886n","time":1611461138,"event":{"mods":["AchievementEnabler","BaseMod","Colored Map","Colored Powertips","Minty Spire (QoL Compilation)","Permanent Neow"],"gold_per_floor":[115,34,34,34,34,34,53,53,80,31,52,52,91,266,266,266,266],"floor_reached":16,"language":"ENG","playtime":557,"items_purged":[],"score":115,"play_id":"6f046230-2b37-4399-89bb-e06089474dea","local_time":"20210123230538","is_ascension_mode":true,"campfire_choices":[{"data":"Noxious Fumes","floor":6,"key":"SMITH"},{"floor":8,"key":"REST"},{"floor":12,"key":"RECALL"},{"floor":15,"key":"REST"}],"circlet_count":0,"master_deck":["Strike_G","Strike_G","Strike_G+1","Strike_G","Strike_G","Defend_G","Defend_G","Defend_G","Defend_G+1","Defend_G","Survivor","Neutralize","Quick Slash","Noxious Fumes+1","Quick Slash+1","Poisoned Stab+1","Outmaneuver","Unload+1","Doubt"],"relics":["Sozu","Golden Idol","Molten Egg 2","Ancient Tea Set","Ice Cream"],"acts_visited":["Exordium"],"potions_floor_usage":[],"damage_taken":[{"damage":0,"enemies":"2 Louse","floor":1,"turns":2},{"damage":3,"enemies":"Small Slimes","floor":7,"turns":4},{"damage":0,"enemies":"Jaw Worm","floor":11,"turns":3},{"damage":27,"enemies":"Gremlin Nob","floor":13,"turns":4},{"damage":56,"enemies":"Slime Boss","floor":16,"turns":8}],"seed_played":"4197393883733181635","potions_obtained":[],"is_trial":false,"path_per_floor":["M","$","?","?","?","R","M","R","T","$","M","R","E","?","R","B"],"character_chosen":"THE_SILENT","items_purchased":["Noxious Fumes","Poisoned Stab+1"],"campfire_rested":2,"item_purchase_floors":[2,10],"current_hp_per_floor":[70,70,65,52,40,40,37,56,56,56,56,56,29,29,48,0,0],"gold":266,"neow_bonus":"BOSS_RELIC","is_daily":false,"chose_seed":false,"campfire_upgraded":1,"win_rate":0.0,"timestamp":1611461138,"path_taken":["M","$","?","?","?","R","M","R","T","$","M","R","E","?","R","BOSS"],"items_purchased_type":["Card","Card"],"build_version":"2020-12-22","purchased_purges":0,"victory":false,"max_hp_per_floor":[70,70,65,65,65,65,65,65,65,65,65,65,65,65,65,65,65],"card_choices":[{"not_picked":["Underhanded Strike","Heel Hook"],"picked":"Quick Slash","floor":1},{"not_picked":["Backflip","Dodge and Roll"],"picked":"Quick Slash+1","floor":7},{"not_picked":["Prepared","PiercingWail"],"picked":"Outmaneuver","floor":11},{"not_picked":["Backflip","Outmaneuver"],"picked":"Unload+1","floor":13}],"player_experience":758561,"relics_obtained":[{"floor":9,"key":"Ancient Tea Set"},{"floor":13,"key":"Ice Cream"}],"event_choices":[{"damage_healed":0,"gold_gain":0,"player_choice":"Lose Max HP","damage_taken":0,"relics_obtained":["Golden Idol"],"max_hp_gain":0,"max_hp_loss":5,"event_name":"Golden Idol","floor":3,"gold_loss":0},{"damage_healed":0,"gold_gain":0,"player_choice":"Entered Light","damage_taken":13,"max_hp_gain":0,"max_hp_loss":0,"event_name":"Shining Light","floor":4,"gold_loss":0,"cards_upgraded":["Strike_G","Defend_G"]},{"damage_healed":0,"gold_gain":0,"player_choice":"Success","damage_taken":12,"relics_obtained":["Molten Egg 2"],"max_hp_gain":0,"max_hp_loss":0,"event_name":"Scrap Ooze","floor":5,"gold_loss":0},{"damage_healed":0,"gold_gain":175,"player_choice":"AGREE","damage_taken":0,"max_hp_gain":0,"max_hp_loss":0,"event_name":"Liars Game","floor":14,"gold_loss":0,"cards_obtained":["Doubt"]}],"is_beta":false,"boss_relics":[],"items_purged_floors":[],"is_endless":false,"potions_floor_spawned":[7,11,13],"killed_by":"Slime Boss","ascension_level":4}}