{"host":"er8s5flrc5z1a07t","time":1611481454,"event":{"mods":["2.2 Compatiblity","Act Like it!","Aspiration","Bard","BaseMod","Better Note","Better Third Choice","Downfall","Duelist Mod","Elementarium","Energized Spire","GifTheSpireLib","Googly Eyes","Hermit","Hubris","Infinite Spire","Minty Spire (QoL Compilation)","Relic Stats","Shop Mod","StSLib","Stuff the Spire","Synergy Search","The Cursed"],"gold_per_floor":[361,377,396,396,55,55,96,109,109,284,36,61,61,95,95,224,287,308,323,342,342,357,357,357,357],"floor_reached":24,"language":"ENG","playtime":894,"items_purged":["Regret","Doubt"],"score":323,"play_id":"7441c0d3-21a3-44a7-b06c-e56117ffac69","local_time":"20210124044414","is_ascension_mode":true,"campfire_choices":[{"data":"Tantrum","floor":6,"key":"SMITH"},{"floor":15,"key":"REST"},{"floor":23,"key":"REST"}],"circlet_count":0,"master_deck":["Strike_P","Strike_P","Strike_P","Strike_P","Defend_P","Defend_P","Defend_P","Defend_P","Eruption","Vigilance+1","ThirdEye","Conclude+1","Tantrum+1","Meditate+1","Indignation","Consecrate","Adaptation","WheelKick","ConjureBlade","EmptyBody","EmptyFist+1","Halt"],"relics":["PureWater","Golden Idol","Oddly Smooth Stone","Eternal Feather","CaptainsWheel","War Paint","StuffTheSpire:SapphireSignet","Tiny House"],"acts_visited":["Exordium","TheCity"],"potions_floor_usage":[7,22,24,24],"damage_taken":[{"damage":7,"enemies":"Cultist","floor":1,"turns":5},{"damage":5,"enemies":"infinitespire:Voidling","floor":2,"turns":3},{"damage":0,"enemies":"2 Louse","floor":3,"turns":3},{"damage":11,"enemies":"Lagavulin","floor":7,"turns":3},{"damage":0,"enemies":"Exordium Thugs","floor":8,"turns":2},{"damage":6,"enemies":"Red Slaver","floor":12,"turns":2},{"damage":20,"enemies":"3 Sentries","floor":14,"turns":3},{"damage":0,"enemies":"Slime Boss","floor":16,"turns":4},{"damage":22,"enemies":"Spheric Guardian","floor":18,"turns":3},{"damage":11,"enemies":"2 Thieves","floor":19,"turns":3},{"damage":6,"enemies":"3 Cultists","floor":20,"turns":3},{"damage":16,"enemies":"Snake Plant","floor":22,"turns":4},{"damage":44,"enemies":"Nightmare","floor":24,"turns":7}],"seed_played":"6434630216533645500","potions_obtained":[{"floor":2,"key":"StancePotion"},{"floor":7,"key":"DuplicationPotion"},{"floor":8,"key":"SkillPotion"},{"floor":12,"key":"Ambrosia"}],"is_trial":false,"path_per_floor":["M","M","M","?","$","R","E","M","T","?","$","M","?","E","R","B",null,"M","M","M","?","M","R","NM"],"character_chosen":"WATCHER","items_purchased":["Oddly Smooth Stone","Meditate","DuplicationPotion","War Paint"],"campfire_rested":2,"item_purchase_floors":[5,5,5,11],"current_hp_per_floor":[65,60,60,60,60,60,49,49,49,49,49,43,48,28,58,58,74,54,43,37,37,23,58,14,14],"gold":357,"neow_bonus":"TWO_FIFTY_GOLD","is_daily":false,"chose_seed":false,"campfire_upgraded":1,"win_rate":0.0,"timestamp":1611481454,"path_taken":["M","?","?","?","?","R","E","M","T","?","$","M","?","E","R","BOSS","M","M","M","?","M","R","NM"],"items_purchased_type":["Relic","Card","Potion","Relic"],"build_version":"2020-12-22","purchased_purges":2,"victory":false,"max_hp_per_floor":[72,72,72,67,67,67,67,67,67,67,67,67,72,72,72,72,77,77,77,77,77,77,77,77,77],"relic_stats":{"counters":[13,45],"Golden Idol":76,"Eternal Feather":21,"War Paint":["Meditate","Vigilance"],"obtain_stats":[{"StuffTheSpire:SapphireSignet":14,"CaptainsWheel":9,"Tiny House":17,"Golden Idol":4,"Oddly Smooth Stone":5,"Eternal Feather":7,"PureWater":0,"War Paint":11},{"StuffTheSpire:SapphireSignet":7,"CaptainsWheel":5,"Tiny House":8,"Golden Idol":3,"Oddly Smooth Stone":3,"Eternal Feather":4,"PureWater":0,"War Paint":5},{"StuffTheSpire:SapphireSignet":21,"CaptainsWheel":16,"Tiny House":25,"Golden Idol":11,"Oddly Smooth Stone":11,"Eternal Feather":14,"PureWater":0,"War Paint":16}]},"card_choices":[{"not_picked":["Indignation","BowlingBash"],"picked":"ThirdEye","floor":1},{"not_picked":["Alpha","FlyingSleeves"],"picked":"Conclude","floor":2},{"not_picked":["Collect","EmptyFist"],"picked":"Tantrum","floor":3},{"not_picked":["WreathOfFlame","Crescendo"],"picked":"Indignation","floor":7},{"not_picked":["InnerPeace","BowlingBash"],"picked":"Consecrate","floor":8},{"not_picked":["LikeWater","Fasting2"],"picked":"Adaptation","floor":12},{"not_picked":["DeusExMachina","Vengeance"],"picked":"WheelKick","floor":14},{"not_picked":["Omniscience","Blasphemy"],"picked":"ConjureBlade","floor":16},{"not_picked":["PathToVictory","CutThroughFate"],"picked":"EmptyBody","floor":17},{"not_picked":["CutThroughFate","Study"],"picked":"EmptyFist+1","floor":18},{"not_picked":["Fasting2+1","PathToVictory"],"picked":"Halt","floor":19},{"not_picked":["PathToVictory","Prostrate+1","CutThroughFate"],"picked":"SKIP","floor":20},{"not_picked":["InnerPeace","CrushJoints","LikeWater"],"picked":"SKIP","floor":22}],"player_experience":1157973,"relics_obtained":[{"floor":7,"key":"Eternal Feather"},{"floor":9,"key":"CaptainsWheel"},{"floor":14,"key":"StuffTheSpire:SapphireSignet"}],"event_choices":[{"damage_healed":0,"gold_gain":0,"player_choice":"Lose Max HP","damage_taken":0,"relics_obtained":["Golden Idol"],"max_hp_gain":0,"max_hp_loss":5,"event_name":"Golden Idol","floor":4,"gold_loss":0},{"damage_healed":0,"gold_gain":175,"player_choice":"AGREE","damage_taken":109,"max_hp_gain":0,"max_hp_loss":0,"event_name":"betterThird:BetterSerpent","floor":10,"gold_loss":0},{"damage_healed":0,"gold_gain":0,"player_choice":"Donut","damage_taken":0,"max_hp_gain":5,"max_hp_loss":0,"event_name":"Big Fish","floor":13,"gold_loss":0}],"is_beta":false,"boss_relics":[{"not_picked":["Runic Dome","hubris:RunicObelisk"],"picked":"Tiny House"}],"items_purged_floors":[5,11],"is_endless":false,"potions_floor_spawned":[2,7,8,12,16,18,19],"killed_by":"Nightmare","ascension_level":5}}