{"host":"zrwwt1jjq0fpdjej","time":1611474026,"event":{"mods":["AchievementEnabler","BaseMod","Colored Map","Minty Spire (QoL Compilation)","StSLib","SuperFastMode"],"gold_per_floor":[118,118,43,62,77,105,105,135,135,135,151,1,1,1,1,1,1],"floor_reached":16,"language":"KOR","playtime":398,"items_purged":["Strike_R"],"score":162,"play_id":"10961f0d-66b3-41ca-8856-e94f12463fb2","local_time":"20210124164026","is_ascension_mode":true,"campfire_choices":[{"floor":7,"key":"REST"},{"floor":10,"key":"RECALL"},{"floor":15,"key":"REST"}],"circlet_count":0,"master_deck":["AscendersBane","Strike_R","Strike_R","Strike_R","Defend_R","Defend_R","Defend_R","Defend_R","Bash","Carnage","Heavy Blade","Rage","Anger","Headbutt","Heavy Blade"],"relics":["Burning Blood","NeowsBlessing","Bronze Scales","Calipers","Lantern","Golden Idol"],"acts_visited":["Exordium"],"potions_floor_usage":[6],"damage_taken":[{"damage":0,"enemies":"Jaw Worm","floor":1,"turns":1},{"damage":0,"enemies":"Cultist","floor":4,"turns":1},{"damage":0,"enemies":"2 Louse","floor":5,"turns":2},{"damage":42,"enemies":"3 Sentries","floor":6,"turns":9},{"damage":32,"enemies":"Gremlin Nob","floor":8,"turns":4},{"damage":12,"enemies":"Looter","floor":11,"turns":3},{"damage":0,"enemies":"The Guardian","floor":16,"turns":1}],"seed_played":"4728748477639875397","potions_obtained":[{"floor":1,"key":"DistilledChaos"},{"floor":11,"key":"Energy Potion"}],"is_trial":false,"path_per_floor":["M","?","$","M","M","E","R","E","T","R","M","$","?","?","R","B"],"character_chosen":"IRONCLAD","items_purchased":["Lantern"],"campfire_rested":2,"item_purchase_floors":[12],"current_hp_per_floor":[78,78,78,80,80,44,68,42,42,42,36,36,16,16,40,40,40],"gold":1,"neow_bonus":"THREE_ENEMY_KILL","is_daily":false,"chose_seed":false,"campfire_upgraded":0,"win_rate":0.0,"timestamp":1611474026,"path_taken":["M","?","$","?","M","E","R","E","T","R","M","?","?","?","R","BOSS"],"items_purchased_type":["Relic"],"build_version":"2020-12-22","purchased_purges":1,"victory":false,"max_hp_per_floor":[80,80,80,80,80,80,80,80,80,80,80,80,80,80,80,80,80],"card_choices":[{"not_picked":["Cleave","Clothesline"],"picked":"Carnage","floor":1},{"not_picked":["Reckless Charge","Twin Strike"],"picked":"Heavy Blade","floor":4},{"not_picked":["Burning Pact","Twin Strike"],"picked":"Rage","floor":5},{"not_picked":["Fire Breathing","Clash"],"picked":"Anger","floor":6},{"not_picked":["Fire Breathing","Combust"],"picked":"Headbutt","floor":8},{"not_picked":["Shrug It Off","Power Through"],"picked":"Heavy Blade","floor":11}],"player_experience":211221,"relics_obtained":[{"floor":6,"key":"Bronze Scales"},{"floor":8,"key":"Calipers"}],"event_choices":[{"cards_removed":["Strike_R"],"damage_healed":0,"gold_gain":0,"player_choice":"Card Removal","damage_taken":0,"max_hp_gain":0,"max_hp_loss":0,"event_name":"Wheel of Change","floor":2,"gold_loss":0},{"damage_healed":0,"gold_gain":0,"player_choice":"Take Damage","damage_taken":20,"relics_obtained":["Golden Idol"],"max_hp_gain":0,"max_hp_loss":0,"event_name":"Golden Idol","floor":13,"gold_loss":0},{"damage_healed":0,"gold_gain":0,"player_choice":"Ignored","damage_taken":0,"max_hp_gain":0,"max_hp_loss":0,"event_name":"Liars Game","floor":14,"gold_loss":0}],"is_beta":false,"boss_relics":[],"items_purged_floors":[3],"is_endless":false,"potions_floor_spawned":[1,11],"killed_by":"The Guardian","ascension_level":10}}