{"host":"2c1pg2m9wpz3w4c0","time":1611527980,"event":{"mods":["AchievementEnabler","Act Like it!","Aspiration","BaseMod","Better Note","BetterRewards","Curses Come First","Disable Question Mark Monsters","Halation","Hubris","Infinite Spire","Lotus Mark","Marisa????????","Minty Spire (QoL Compilation)","Replay The Spire","StSLib","SuperFastMode","The Clintock","The Jungle","The Marked","The Runesmith","Transform Curses"],"gold_per_floor":[118,131,306,306,160,190,190,209,209,209,209,225,179,212,212,316,316,332,302,313,323,323,323,323,323,323,342,342,462,481,293,293,392,392,407,426,426,426,426,426],"floor_reached":39,"language":"ENG","playtime":1426,"items_purged":["Doubt"],"score":637,"play_id":"38bb8985-6db6-4130-a4a8-d2f0c8bf78eb","local_time":"20210124153940","is_ascension_mode":false,"campfire_choices":[{"data":"Runesmith:Fortify","floor":7,"key":"SMITH"},{"floor":15,"key":"REST"},{"data":"Runesmith:MetallurgicalResearch","floor":23,"key":"SMITH"},{"floor":25,"key":"DIG"},{"floor":28,"key":"DIG"},{"floor":32,"key":"REST"}],"circlet_count":0,"master_deck":["Runesmith:Strike_RS","Runesmith:Strike_RS","Runesmith:Strike_RS","Runesmith:Strike_RS","Runesmith:Defend_RS","Runesmith:Defend_RS","Runesmith:Defend_RS+1","Runesmith:Defend_RS","Runesmith:CraftFirestone","Runesmith:Fortify+1","Runesmith:StaticCage+1","Runesmith:RuneHurl","Runesmith:Firestorm","Runesmith:CraftMagma","Runesmith:Prism","Runesmith:PoweredAnvil","Runesmith:Grindstone","Runesmith:HeatedChisel","Runesmith:CreatorForm","Runesmith:Grindstone","Runesmith:CraftProtectio","Runesmith:HammerThrow","Runesmith:NanitesCloud","Runesmith:MetallurgicalResearch+1","Runesmith:EarthShield","Runesmith:CraftProtectio+1","Runesmith:Terraform+1","Runesmith:Fortify+1","Writhe","Runesmith:StaticCage+1","Runesmith:Refine+1","Runesmith:DuctTape","Runesmith:EarthShield","Runesmith:CraftIndustria","Runesmith:HammerThrow+1","Runesmith:Grindstone+1"],"relics":["Runesmith:BrokenRuby","Blood Vial","ReplayTheSpireMod:Lightbulb","hubris:CrystalStatue","halation:PinkSoulGem","Bottled Flame","aspiration:MobileForge","Shovel","halation:KoshaPiece","White Beast Statue","hubris:TenFootPole","aspiration:RunicSpoon","halation:PapillonHeart"],"acts_visited":["Exordium","theJungle:Jungle","TheBeyond"],"potions_floor_usage":[12,14,16,20,21,30,33,33,35,39,39],"damage_taken":[{"damage":0,"enemies":"Jaw Worm","floor":1,"turns":4},{"damage":0,"enemies":"Small Slimes","floor":2,"turns":3},{"damage":10,"enemies":"Replay:BlueRogue","floor":6,"turns":7},{"damage":3,"enemies":"Cultist","floor":8,"turns":5},{"damage":5,"enemies":"2 Fungi Beasts","floor":12,"turns":4},{"damage":25,"enemies":"Gremlin Nob","floor":14,"turns":6},{"damage":0,"enemies":"Slime Boss","floor":16,"turns":7},{"damage":2,"enemies":"theJungle:GiantWrat","floor":18,"turns":7},{"damage":3,"enemies":"theJungle:5_Spyders","floor":20,"turns":13},{"damage":0,"enemies":"theJungle:Lyon","floor":21,"turns":7},{"damage":0,"enemies":"theJungle:SlimyTreeVines","floor":27,"turns":8},{"damage":30,"enemies":"theJungle:2_Flameangoes","floor":30,"turns":8},{"damage":9,"enemies":"theJungle:TotemBoss","floor":33,"turns":10},{"damage":0,"enemies":"3 Shapes","floor":35,"turns":8},{"damage":4,"enemies":"Orb Walker","floor":36,"turns":6},{"damage":18,"enemies":"Writhing Mass","floor":39,"turns":4}],"seed_played":"-3469409174663588563","potions_obtained":[{"floor":1,"key":"Energy Potion"},{"floor":6,"key":"Ancient Potion"},{"floor":8,"key":"PowerPotion"},{"floor":18,"key":"Venom Potion"},{"floor":19,"key":"infinitespire:BlackPotion"},{"floor":19,"key":"FearPotion"},{"floor":27,"key":"DistilledChaos"},{"floor":30,"key":"Flashbang"},{"floor":33,"key":"Fire Potion"},{"floor":35,"key":"SkillPotion"},{"floor":36,"key":"PowerPotion"}],"is_trial":false,"path_per_floor":["M","M","?","?","$","E","R","M","T","?","?","M","$","E","R","B",null,"M","?","M","M","?","R","?","R","T","M","R","?","M","$","R","B",null,"M","M","?","?","M"],"character_chosen":"RUNESMITH_CLASS","items_purchased":["Blood Vial","Runesmith:StaticCage","Runesmith:RuneHurl","Runesmith:Firestorm","Runesmith:PoweredAnvil","Runesmith:Grindstone","Runesmith:HeatedChisel","Runesmith:HammerThrow","Runesmith:DuctTape","Runesmith:EarthShield"],"campfire_rested":2,"item_purchase_floors":[0,0,0,0,5,5,5,13,31,31],"current_hp_per_floor":[63,65,65,65,65,57,57,56,56,42,42,39,39,16,37,39,70,68,68,67,69,69,69,69,69,69,70,70,65,37,37,58,51,70,70,66,66,66,48,48],"gold":426,"neow_bonus":"","is_daily":false,"chose_seed":false,"campfire_upgraded":2,"win_rate":0.0,"timestamp":1611527980,"path_taken":["M","M","?","?","$","E","R","M","T","?","?","?","$","E","R","BOSS","M","?","?","M","?","R","?","R","T","M","R","?","M","?","R","BOSS","M","M","?","?","?"],"items_purchased_type":["Relic","Card","Card","Card","Card","Card","Card","Card","Card","Card"],"build_version":"2020-12-22","purchased_purges":1,"victory":false,"max_hp_per_floor":[70,70,70,70,70,70,70,70,70,70,70,70,70,70,70,70,70,70,70,70,70,70,70,70,70,70,70,70,70,70,70,70,70,70,70,70,66,66,66,66],"card_choices":[{"not_picked":["Runesmith:Superposition","Runesmith:BackupBattery"],"picked":"Runesmith:CraftMagma","floor":1},{"not_picked":["Runesmith:CraftVitae","Runesmith:Repurpose"],"picked":"Runesmith:Prism","floor":2},{"not_picked":["Runesmith:Retool","Runesmith:CraftProtectio"],"picked":"Runesmith:CreatorForm","floor":6},{"not_picked":["Runesmith:CraftMagma","Runesmith:RuneHurl"],"picked":"Runesmith:Grindstone","floor":8},{"not_picked":["Runesmith:EnergizedChisel","Runesmith:FrozenChisel"],"picked":"Runesmith:CraftProtectio","floor":12},{"not_picked":["Runesmith:MakeshiftArmor","Runesmith:StaticCage"],"picked":"Runesmith:NanitesCloud","floor":14},{"not_picked":["Runesmith:LastStand","Runesmith:Supernova"],"picked":"Runesmith:MetallurgicalResearch","floor":16},{"not_picked":["Runesmith:CraftMagma","Runesmith:MakeshiftArmor"],"picked":"Runesmith:EarthShield","floor":18},{"not_picked":["Runesmith:Discharge","Runesmith:Grindstone"],"picked":"Runesmith:CraftProtectio+1","floor":20},{"not_picked":["Runesmith:HammerThrow","Runesmith:Superposition+1"],"picked":"Runesmith:Terraform+1","floor":21},{"not_picked":["Runesmith:Permafrost","Runesmith:RuneHurl"],"picked":"Runesmith:StaticCage+1","floor":27},{"not_picked":["Runesmith:Grindstone","Runesmith:CraftProtectio"],"picked":"Runesmith:Refine+1","floor":30},{"not_picked":["Runesmith:LastStand","Runesmith:CraftMedicinae"],"picked":"Runesmith:CraftIndustria","floor":33},{"not_picked":["Runesmith:Grindstone","Runesmith:RuneHurl+1"],"picked":"Runesmith:HammerThrow+1","floor":35},{"not_picked":["Runesmith:PoweredAnvil","Runesmith:OneForEveryone+1"],"picked":"Runesmith:Grindstone+1","floor":36}],"player_experience":1192304,"relics_obtained":[{"floor":6,"key":"ReplayTheSpireMod:Lightbulb"},{"floor":9,"key":"hubris:CrystalStatue"},{"floor":14,"key":"Bottled Flame"},{"floor":25,"key":"halation:KoshaPiece"},{"floor":26,"key":"White Beast Statue"},{"floor":28,"key":"hubris:TenFootPole"}],"event_choices":[{"damage_healed":0,"gold_gain":175,"player_choice":"AGREE","damage_taken":0,"max_hp_gain":0,"max_hp_loss":0,"event_name":"Liars Game","floor":3,"gold_loss":0,"cards_obtained":["Doubt"]},{"damage_healed":0,"gold_gain":0,"player_choice":"Entered Light","damage_taken":14,"max_hp_gain":0,"max_hp_loss":0,"event_name":"Shining Light","floor":10,"gold_loss":0,"cards_upgraded":["Runesmith:Defend_RS","Runesmith:StaticCage"]},{"damage_healed":0,"gold_gain":0,"player_choice":"Bought 2 Potions","damage_taken":0,"max_hp_gain":0,"max_hp_loss":0,"event_name":"The Woman in Blue","floor":19,"gold_loss":0},{"cards_removed":["Runesmith:Fortify"],"damage_healed":0,"gold_gain":0,"player_choice":"Take \u0026 Give","damage_taken":0,"max_hp_gain":0,"max_hp_loss":0,"event_name":"betterNote:BetterNote","floor":22,"gold_loss":0,"cards_obtained":["Runesmith:Fortify"]}],"is_beta":false,"boss_relics":[{"not_picked":["Black Star","hubris:CrackedHourglass"],"picked":"aspiration:MobileForge"},{"not_picked":["Replay:Fungal Core","Busted Crown"],"picked":"aspiration:RunicSpoon"}],"items_purged_floors":[31],"is_endless":false,"potions_floor_spawned":[1,6,8,18,27,30,33,35,36],"killed_by":"Writhing Mass","ascension_level":0}}