{"host":"agbyy69nq62afhwx","time":1611519368,"event":{"mods":["BaseMod","Colored Map","DeckTracker","Highlight Path","Keyboard Shortcuts","Minty Spire (QoL Compilation)","Quick Restart","StSLib","SuperFastMode","everything is the same but u backflip on backflip"],"gold_per_floor":[111,123,123,123,146,146,170,194,194,218,234,273,273,198,198,291,291,310,266,266,266,282,282,295,220,220,120,120,135,155,195,195,294,294,307,182,195,45,45,45],"floor_reached":41,"language":"KOR","playtime":1350,"items_purged":["Writhe","Injury","Strike_B","Strike_B"],"score":1249,"play_id":"2a08a2fd-ea80-49d5-b19d-e5df3ca42d6b","local_time":"20210125051608","is_ascension_mode":true,"campfire_choices":[{"data":"Go for the Eyes","floor":6.0,"key":"SMITH"},{"data":"Streamline","floor":13.0,"key":"SMITH"},{"data":"Glacier","floor":15.0,"key":"SMITH"},{"data":"Defragment","floor":23.0,"key":"SMITH"},{"data":"White Noise","floor":32.0,"key":"SMITH"}],"circlet_count":0,"master_deck":["AscendersBane","Defend_B","Defend_B","Defend_B","Zap","Dualcast","Go for the Eyes+1","Sweeping Beam","Glacier+1","Ball Lightning","Reinforced Body","Streamline+1","Buffer","Multi-Cast","Electrodynamics","Defragment+1","Capacitor","BootSequence","Sunder","Conserve Battery","White Noise+1","Fission"],"relics":["Nuclear Battery","Golden Idol","Thread and Needle","Meat on the Bone","Coffee Dripper","Mango","Pear","Mercury Hourglass","Sozu"],"acts_visited":["Exordium","TheCity","TheBeyond"],"potions_floor_usage":[40],"damage_taken":[{"damage":9.0,"enemies":"Jaw Worm","floor":1.0,"turns":5.0},{"damage":2.0,"enemies":"Small Slimes","floor":2.0,"turns":4.0},{"damage":0.0,"enemies":"2 Louse","floor":5.0,"turns":4.0},{"damage":14.0,"enemies":"Exordium Wildlife","floor":7.0,"turns":6.0},{"damage":2.0,"enemies":"Lots of Slimes","floor":8.0,"turns":3.0},{"damage":0.0,"enemies":"Blue Slaver","floor":10.0,"turns":3.0},{"damage":0.0,"enemies":"Looter","floor":11.0,"turns":3.0},{"damage":24.0,"enemies":"Lagavulin","floor":12.0,"turns":6.0},{"damage":10.0,"enemies":"Hexaghost","floor":16.0,"turns":11.0},{"damage":12.0,"enemies":"Shell Parasite","floor":18.0,"turns":6.0},{"damage":0.0,"enemies":"2 Thieves","floor":19.0,"turns":5.0},{"damage":22.0,"enemies":"Snake Plant","floor":22.0,"turns":6.0},{"damage":10.0,"enemies":"3 Cultists","floor":24.0,"turns":3.0},{"damage":5.0,"enemies":"Snecko","floor":29.0,"turns":5.0},{"damage":22.0,"enemies":"Centurion and Healer","floor":30.0,"turns":6.0},{"damage":22.0,"enemies":"Gremlin Leader","floor":31.0,"turns":6.0},{"damage":32.0,"enemies":"Automaton","floor":33.0,"turns":8.0},{"damage":0.0,"enemies":"Orb Walker","floor":35.0,"turns":4.0},{"damage":0.0,"enemies":"3 Darklings","floor":37.0,"turns":6.0},{"damage":40,"enemies":"Time Eater","floor":40,"turns":16}],"seed_played":"504687693845508972","potions_obtained":[{"floor":1.0,"key":"Swift Potion"},{"floor":8.0,"key":"SteroidPotion"},{"floor":11.0,"key":"FocusPotion"},{"floor":16.0,"key":"GamblersBrew"},{"floor":31.0,"key":"SpeedPotion"},{"floor":33.0,"key":"SkillPotion"}],"is_trial":false,"path_per_floor":["M","M","?","?","M","R","M","M","T","M","M","E","R","?","R","B",null,"M","M","?","?","M","R","M","$","T","$","?","M","M","E","R","B",null,"M","$","M","$","?","B",null],"character_chosen":"DEFECT","items_purchased":[],"campfire_rested":0,"item_purchase_floors":[],"current_hp_per_floor":[55,53,58,58,58,58,44,42,42,42,42,18,18,18,18,20,62,50,50,50,64,54,54,56,56,66,66,66,61,51,41,41,21,80,80,80,80,80,80,52],"gold":45,"neow_bonus":"BOSS_RELIC","is_daily":false,"chose_seed":false,"campfire_upgraded":5,"win_rate":0.0,"timestamp":1611519368,"path_taken":["M","M","?","?","M","R","M","M","T","?","M","E","R","?","R","BOSS","M","M","?","?","?","R","M","?","T","$","?","M","M","E","R","BOSS","M","$","M","$","?","BOSS"],"items_purchased_type":[],"build_version":"2020-12-22","purchased_purges":4,"victory":true,"max_hp_per_floor":[71,71,76,76,76,76,76,76,76,76,76,76,76,76,76,76,76,76,76,76,90,90,90,90,90,100,100,100,100,100,100,100,100,100,100,100,100,100,100,100],"card_choices":[{"not_picked":["Hello World","Scrape","Go for the Eyes"],"picked":"SKIP","floor":1.0},{"not_picked":["Hello World","Scrape"],"picked":"Go for the Eyes","floor":1.0},{"not_picked":["Ball Lightning","Stack"],"picked":"Sweeping Beam","floor":2.0},{"not_picked":["Compile Driver","Sweeping Beam"],"picked":"Glacier","floor":5.0},{"not_picked":["Rip and Tear","Heatsinks"],"picked":"Ball Lightning","floor":7.0},{"not_picked":["Go for the Eyes","Steam"],"picked":"Reinforced Body","floor":8.0},{"not_picked":["Turbo","Chill"],"picked":"Streamline","floor":10.0},{"not_picked":["BootSequence","Coolheaded"],"picked":"Buffer","floor":11.0},{"not_picked":["Barrage","Streamline"],"picked":"Multi-Cast","floor":12.0},{"not_picked":["All For One","Buffer"],"picked":"Electrodynamics","floor":16.0},{"not_picked":["Ball Lightning","Beam Cell","Redo"],"picked":"SKIP","floor":18.0},{"not_picked":["Leap","Darkness"],"picked":"Defragment","floor":19.0},{"not_picked":["Cold Snap","Static Discharge","Gash"],"picked":"SKIP","floor":22.0},{"not_picked":["Reprogram+1","Rip and Tear","Barrage"],"picked":"SKIP","floor":24.0},{"not_picked":["FTL","Stack"],"picked":"Conserve Battery","floor":29.0},{"not_picked":["Conserve Battery","Static Discharge","Chaos+1"],"picked":"SKIP","floor":30.0},{"not_picked":["Barrage","Steam Power"],"picked":"White Noise","floor":31.0},{"not_picked":["Rainbow","Electrodynamics"],"picked":"Fission","floor":33.0},{"not_picked":["Coolheaded","Reprogram","Beam Cell"],"picked":"SKIP","floor":35.0},{"not_picked":["Rip and Tear","Sweeping Beam+1","Glacier"],"picked":"SKIP","floor":37.0}],"player_experience":465036,"relics_obtained":[{"floor":9.0,"key":"Thread and Needle"},{"floor":12.0,"key":"Meat on the Bone"},{"floor":26.0,"key":"Pear"},{"floor":31.0,"key":"Mercury Hourglass"}],"event_choices":[{"damage_healed":0.0,"max_hp_gain":5.0,"max_hp_loss":0.0,"gold_gain":0.0,"event_name":"Big Fish","player_choice":"Donut","floor":3.0,"gold_loss":0.0,"damage_taken":0.0},{"damage_healed":0.0,"max_hp_gain":0.0,"max_hp_loss":0.0,"gold_gain":0.0,"event_name":"Golden Idol","player_choice":"Take Wound","floor":4.0,"gold_loss":0.0,"damage_taken":0.0,"relics_obtained":["Golden Idol"],"cards_obtained":["Injury"]},{"cards_removed":["Strike_B"],"damage_healed":0.0,"max_hp_gain":0.0,"max_hp_loss":0.0,"gold_gain":0.0,"event_name":"The Cleric","player_choice":"Card Removal","floor":14.0,"gold_loss":75.0,"damage_taken":0.0},{"damage_healed":0.0,"max_hp_gain":0.0,"max_hp_loss":0.0,"gold_gain":0.0,"event_name":"The Library","player_choice":"Read","floor":20.0,"gold_loss":0.0,"damage_taken":0.0,"cards_obtained":["Capacitor"]},{"damage_healed":0.0,"max_hp_gain":0.0,"max_hp_loss":0.0,"gold_gain":0.0,"event_name":"The Mausoleum","player_choice":"Opened","floor":21.0,"gold_loss":0.0,"damage_taken":0.0,"relics_obtained":["Mango"],"cards_obtained":["Writhe"]},{"damage_healed":0.0,"max_hp_gain":0.0,"max_hp_loss":0.0,"gold_gain":0.0,"cards_transformed":["Strike_B","Defend_B"],"event_name":"Drug Dealer","player_choice":"Became Test Subject","floor":28.0,"gold_loss":0.0,"damage_taken":0.0,"cards_obtained":["BootSequence","Sunder"]},{"damage_healed":0.0,"max_hp_gain":0.0,"max_hp_loss":0.0,"gold_gain":0.0,"event_name":"SecretPortal","player_choice":"Took Portal","floor":39.0,"gold_loss":0.0,"damage_taken":0.0}],"is_beta":false,"boss_relics":[{"not_picked":["Pandora\u0027s Box","Ectoplasm"],"picked":"Coffee Dripper"},{"not_picked":["Runic Dome","Black Star"],"picked":"Sozu"}],"items_purged_floors":[25,27,36,38],"is_endless":false,"potions_floor_spawned":[1,8,11,16,24,31,33],"ascension_level":18}}