{"host":"8v536rckjlpi3bq3","time":1611494170,"event":{"mods":["ATMod(阿瑾Mod)","Act Like it!","Aspiration","BaseMod","Colored Powertips","Conspire","Dota2Spire","Gensokyo","Hallownest","HololiveMod","Jedi Mod","KomeijiMod","Lobotomy","LobotomyExtend","Marisa（F雨　魔理沙）","Minty Spire (QoL Compilation)","MostiFishMod","Relic Stats","Replay The Spire","RumiaBox-露米娅的神秘盒子","Spicy Shops","StSLib","TestMod","The Blackbeard","The Hierophant","The Jungle","WarShipGirlsR/战舰少女R mod","Wide Potions","Youmu（魂魄妖梦）","vexMod","【功能Mod】混沌之环修复补丁","【功能Mod】聪明的最终Boss","【角色mod】十八桐人","【遗物卡牌】REMEMod","篝火指南"],"gold_per_floor":[77,77,77,26,26,51,51,51,51,51,51,81,181,23,23,118,118,131,216,216,445,445,445],"floor_reached":22,"language":"ZHS","playtime":3124,"items_purged":[],"score":434,"play_id":"7c3a12af-1c06-4286-aab5-5746fc48f2c6","local_time":"20210124211610","daily_mods":["Vintage","Colorless Cards","Heirloom","Time Dilation","Flight","Elite Swarm"],"is_ascension_mode":false,"campfire_choices":[{"data":"Hololive_CallAmaneKanata","floor":15,"key":"SMITH"}],"circlet_count":0,"master_deck":["Hololive_Strike","Hololive_Strike","Hololive_Defend","Hololive_Defend","Hololive_ILoveYou","Hololive_CallYuzukiChoco","Hololive_CallNatsuiroMatsuri","Hololive_CallAmaneKanata+1","Hololive_CallHoshimachiSuisei","blackbeard:TheDrunkenSailor","AT_FamilyPortrait","ThoughtExtend","MostiFishMod:MusicBox","Hololive_CallMinatoAqua","MostiFishMod:JungleRules","Gensokyo:BlemishedSteel","Searching","Hololive_CocoNews+1","Hololive_CallNakiriAyame","Hololive_CallRosalyn"],"relics":["Hololive_TheStar","jedi:maincommand","replay:Trail_Library","REME_ComplimentaryCards","testmod-TestBox","AT_ATBox","RhineSuit","testmod-Mahjong","BionicSphere","Juzu Bracelet","Baka","SynthV:TestCard","Mummified Hand","Dodecahedron","Ice Cream","Gensokyo:Mercy","Hololive_LightStick","conspire:InfiniteJournal","Transparent","DianDianMeat","Blue Doll","DaveBox","JellyFishMachine","AT_ArchangelStaff","Aincard"],"acts_visited":["Gensokyo:Gensokyo","Gensokyo:Gensokyo"],"potions_floor_usage":[12],"damage_taken":[{"damage":0,"enemies":"Gensokyo:2_Kodama","floor":1,"turns":3},{"damage":0,"enemies":"Gensokyo:Mamizou","floor":6,"turns":4},{"damage":0,"enemies":"Gensokyo:Cirno","floor":12,"turns":4},{"damage":0,"enemies":"Gensokyo:Reimu","floor":16,"turns":5},{"damage":0,"enemies":"theJungle:GiantWrat","floor":18,"turns":2},{"damage":0,"enemies":"conspire:MimicChest","floor":21,"turns":2}],"seed_played":"-3566072869582810627","potions_obtained":[{"floor":6,"key":"FearPotion"},{"floor":18,"key":"Ancient Potion"},{"floor":21,"key":"SpeedPotion"}],"is_trial":true,"path_per_floor":["M","?","?","$","?","E","?","?","T","$","?","E","?","COS","R","B",null,"M","?","?","?","?"],"character_chosen":"Hololive_HololiveCharacter","items_purchased":["Hololive_StrengthChampion"],"campfire_rested":0,"item_purchase_floors":[4],"current_hp_per_floor":[35,35,35,35,35,35,35,35,35,35,35,35,35,35,35,35,35,35,38,38,41,0,0],"gold":445,"neow_bonus":"","is_daily":false,"chose_seed":false,"campfire_upgraded":1,"win_rate":0.0,"timestamp":1611494170,"path_taken":["M","?","?","?","?","E","?","?","T","?","?","E","?","COS","R","BOSS","M","?","?","?","?"],"items_purchased_type":["Card"],"build_version":"2020-12-22","purchased_purges":0,"victory":false,"max_hp_per_floor":[35,35,35,35,35,35,35,35,35,35,35,35,35,35,35,35,35,35,38,38,41,41,41],"relic_stats":{"counters":[6,20],"Mummified Hand":[59],"Juzu Bracelet":4,"obtain_stats":[{"Ice Cream":9,"AT_ATBox":0,"DaveBox":0,"RhineSuit":0,"jedi:command_rare":0,"Blue Doll":19,"Juzu Bracelet":1,"jedi:command_boss":17,"AT_ArchangelStaff":21,"conspire:InfiniteJournal":16,"testmod-Mahjong":0,"Mummified Hand":6,"replay:Trail_Library":0,"DianDianMeat":18,"jedi:command_common":1,"jedi:command_uncommon":6,"testmod-TestBox":0,"Dodecahedron":7,"JellyFishMachine":20,"Aincard":21,"Baka":1,"Hololive_LightStick":12,"SynthV:TestCard":1,"Gensokyo:Mercy":11,"Transparent":17,"BionicSphere":0,"Hololive_TheStar":0,"jedi:maincommand":0,"REME_ComplimentaryCards":0},{"Ice Cream":2,"AT_ATBox":0,"DaveBox":0,"RhineSuit":0,"jedi:command_rare":0,"Blue Doll":5,"Juzu Bracelet":1,"jedi:command_boss":4,"AT_ArchangelStaff":6,"conspire:InfiniteJournal":4,"testmod-Mahjong":0,"Mummified Hand":2,"replay:Trail_Library":0,"DianDianMeat":5,"jedi:command_common":1,"jedi:command_uncommon":2,"testmod-TestBox":0,"Dodecahedron":2,"JellyFishMachine":5,"Aincard":6,"Baka":1,"Hololive_LightStick":3,"SynthV:TestCard":1,"Gensokyo:Mercy":2,"Transparent":4,"BionicSphere":0,"Hololive_TheStar":0,"jedi:maincommand":0,"REME_ComplimentaryCards":0},{"Ice Cream":7,"AT_ATBox":0,"DaveBox":0,"RhineSuit":0,"jedi:command_rare":0,"Blue Doll":18,"Juzu Bracelet":3,"jedi:command_boss":16,"AT_ArchangelStaff":20,"conspire:InfiniteJournal":16,"testmod-Mahjong":0,"Mummified Hand":7,"replay:Trail_Library":0,"DianDianMeat":18,"jedi:command_common":3,"jedi:command_uncommon":7,"testmod-TestBox":0,"Dodecahedron":7,"JellyFishMachine":18,"Aincard":20,"Baka":3,"Hololive_LightStick":11,"SynthV:TestCard":3,"Gensokyo:Mercy":7,"Transparent":16,"BionicSphere":0,"Hololive_TheStar":0,"jedi:maincommand":0,"REME_ComplimentaryCards":0}]},"card_choices":[{"not_picked":[],"picked":"ThoughtExtend","floor":5},{"not_picked":["Poisoned Strike","Hololive_Rebirth","MostiFishMod:JungleRules","testmod-TreasureHunter","REME_Flogging"],"picked":"MostiFishMod:MusicBox","floor":6},{"not_picked":["AT_EmpoweredMortalDraw","ReplayTheSpireMod:Necrogeddon","Midas Touch","MostiFishMod:Kaleido","Thinking Ahead"],"picked":"MostiFishMod:JungleRules","floor":12},{"not_picked":["AT_FalsePromise","testmod-TreasureHunter","Poisoned Strike","SpeedBlade3_Colorless","testmod-ChaoticCore"],"picked":"Searching","floor":16},{"not_picked":["Hololive_LuckPotion+1","Hololive_FlyingPonyTail+1","Hololive_Rebound","testmod-PocketStoneCalender","Replay:Sssssssssstrike"],"picked":"Hololive_CocoNews+1","floor":19},{"not_picked":["Hololive_SoulCatcher+1","Hololive_LuckPotion","Hololive_Rebound","Hololive_CallTokinoSora+1","Hololive_CallOmaruPolka+1"],"picked":"Hololive_CallNakiriAyame","floor":19},{"not_picked":["Hololive_Breathe+1","Hololive_FlyingPonyTail","Hololive_Sequa","Flash of Steel","Hololive_OvertimeWork"],"picked":"Hololive_CallRosalyn","floor":21}],"player_experience":268575,"relics_obtained":[{"floor":1,"key":"jedi:command_common"},{"floor":1,"key":"Baka"},{"floor":1,"key":"SynthV:TestCard"},{"floor":6,"key":"jedi:command_uncommon"},{"floor":9,"key":"jedi:command_rare"},{"floor":12,"key":"jedi:command_common"},{"floor":16,"key":"jedi:command_rare"},{"floor":18,"key":"jedi:command_rare"},{"floor":19,"key":"jedi:command_common"},{"floor":21,"key":"jedi:command_common"}],"event_choices":[{"damage_healed":0,"gold_gain":0,"player_choice":"Swap Relic","damage_taken":0,"relics_obtained":["DaveBox"],"max_hp_gain":0,"max_hp_loss":0,"event_name":"给自己的盒子","floor":7,"relics_lost":["DaveBox"],"gold_loss":0},{"damage_healed":0,"gold_gain":0,"player_choice":"Swap Relic","damage_taken":0,"relics_obtained":["DaveBox"],"max_hp_gain":0,"max_hp_loss":0,"event_name":"给自己的盒子","floor":20,"relics_lost":["DaveBox"],"gold_loss":0}],"is_beta":false,"boss_relics":[{"not_picked":["jedi:command_boss","jedi:command_boss"],"picked":"jedi:command_boss"}],"items_purged_floors":[],"is_endless":true,"potions_floor_spawned":[6,18,21],"ascension_level":0}}