{"host":"0awa854l6bexpjrv","time":1611469864,"event":{"mods":["BaseMod","Block Reminder","Colored Map","Colored Powertips","Downfall","Highlight Path","Minty Spire (QoL Compilation)","Quick Restart","Rare Cards Sparkle","StSLib","SuperFastMode"],"gold_per_floor":[118,118,118,139,139,139,139,163,163,163,176,19,19,19,19,150,150,173,173,2,21,21,21,34,34,106,125,141,141,156,180,180,303,303,318,56,56,56,56,56,79,79,79,28,61,75,100,27,27,27,27],"floor_reached":50,"language":"ENG","playtime":3098,"items_purged":["downfall:Haunted","downfall:Bewildered"],"score":737,"play_id":"0d048872-fcab-4866-a6ef-4d9fd2d07fe3","local_time":"20210123223104","is_ascension_mode":true,"campfire_choices":[{"data":"Dagger Spray","floor":6,"key":"SMITH"},{"data":"Backflip","floor":10,"key":"SMITH"},{"data":"Bullet Time","floor":15,"key":"SMITH"},{"floor":23,"key":"REST"},{"floor":32,"key":"REST"},{"floor":40,"key":"RECALL"},{"floor":42,"key":"REST"},{"floor":49,"key":"REST"}],"circlet_count":0,"master_deck":["Strike_G+1","Strike_G+1","Strike_G+1","Strike_G+1","Strike_G+1","Defend_G+1","Defend_G+1","Defend_G+1","Defend_G+1","Survivor+1","Neutralize+1","Blade Dance","Dagger Spray+1","downfall:Aged","Backflip+1","Decay","Bullet Time+1","Choke","Night Terror","Blur","Leg Sweep+1","Terror+1","Clumsy","Regret","Writhe","Malaise","Concentrate","Leg Sweep+1","Finisher+1","Unload","Noxious Fumes+1","Pain","Shame","Discovery","downfall:Aged","downfall:Bewildered","Blade Dance"],"relics":["Ring of the Snake","Boot","downfall:ExtraCursedKey","Golden Idol","Dead Branch","Ancient Tea Set","Fusion Hammer","sneckomod:BabySnecko","Pantograph","WristBlade","Matryoshka","Pen Nib","Pear","InkBottle","War Paint","Eternal Feather"],"acts_visited":["Exordium","TheCity","TheBeyond"],"potions_floor_usage":[16,33,35,35,47,50],"damage_taken":[{"damage":3,"enemies":"Small Slimes","floor":1,"turns":5},{"damage":0,"enemies":"2 Louse","floor":4,"turns":2},{"damage":0,"enemies":"Jaw Worm","floor":8,"turns":3},{"damage":0,"enemies":"Lots of Slimes","floor":11,"turns":3},{"damage":26,"enemies":"Hexaghost","floor":16,"turns":9},{"damage":12,"enemies":"2 Thieves","floor":18,"turns":4},{"damage":0,"enemies":"3 Byrds","floor":21,"turns":3},{"damage":13,"enemies":"Snecko","floor":24,"turns":6},{"damage":0,"enemies":"Centurion and Healer","floor":27,"turns":5},{"damage":1,"enemies":"Cultist and Chosen","floor":28,"turns":4},{"damage":0,"enemies":"Snecko","floor":30,"turns":3},{"damage":8,"enemies":"Snake Plant","floor":31,"turns":5},{"damage":25,"enemies":"Champ","floor":33,"turns":15},{"damage":3,"enemies":"3 Shapes","floor":35,"turns":4},{"damage":24,"enemies":"3 Darklings","floor":41,"turns":4},{"damage":4,"enemies":"Reptomancer","floor":45,"turns":4},{"damage":5,"enemies":"Writhing Mass","floor":46,"turns":4},{"damage":0,"enemies":"Jaw Worm Horde","floor":47,"turns":2},{"damage":87,"enemies":"Awakened One","floor":50,"turns":5}],"seed_played":"687738326605554068","potions_obtained":[{"floor":8,"key":"Slimebound:ThreeZeroPotion"},{"floor":11,"key":"Guardian:BlockOnCardUsePotion"},{"floor":16,"key":"PowerPotion"},{"floor":18,"key":"FearPotion"},{"floor":29,"key":"GhostInAJar"},{"floor":29,"key":"LiquidBronze"},{"floor":41,"key":"sneckomod:MuddlingPotion"},{"floor":45,"key":"Swift Potion"}],"is_trial":false,"path_per_floor":["M","?","?","M","?","R","T","M","T","R","M","$","?","$","R","B",null,"M","?","$","M","?","R","M","?","T","M","M","?","M","M","R","B",null,"M","$","T","?","?","R","M","R","T","$","E","M","M","$","R","B"],"character_chosen":"THE_SILENT","items_purchased":["Choke","Leg Sweep","Matryoshka","Blade Dance","CunningPotion"],"campfire_rested":4,"item_purchase_floors":[12,20,36,44,48],"current_hp_per_floor":[67,67,65,65,65,65,65,65,65,65,65,65,65,65,65,39,65,53,53,53,53,53,65,52,52,52,52,51,51,51,43,62,40,65,62,62,72,72,72,72,48,70,70,70,66,61,61,61,75,0,0],"gold":27,"neow_bonus":"RANDOM_COMMON_RELIC","is_daily":false,"chose_seed":false,"campfire_upgraded":3,"win_rate":0.0,"timestamp":1611469864,"path_taken":["M","?","?","M","?","R","?","?","T","R","?","$","?","$","R","BOSS","M","?","$","M","?","R","M","?","T","?","M","?","M","M","R","BOSS","M","$","?","?","?","R","M","R","T","?","E","M","?","$","R","BOSS"],"items_purchased_type":["Card","Card","Relic","Card","Potion"],"build_version":"2020-12-22","purchased_purges":2,"victory":false,"max_hp_per_floor":[70,70,65,65,65,65,65,65,65,65,65,65,65,65,65,65,65,65,65,65,65,65,65,65,65,65,65,65,65,65,65,65,65,65,65,65,75,75,75,75,75,75,75,75,75,75,75,75,75,75,75],"card_choices":[{"not_picked":["Dodge and Roll","Prepared"],"picked":"Blade Dance","floor":1},{"not_picked":["Quick Slash","Deflect"],"picked":"Dagger Spray","floor":4},{"not_picked":["Prepared","Deflect"],"picked":"Backflip","floor":8},{"not_picked":["Bouncing Flask","Accuracy"],"picked":"Bullet Time","floor":11},{"not_picked":["Grand Finale","Die Die Die"],"picked":"Night Terror","floor":16},{"not_picked":["Quick Slash","Cloak And Dagger"],"picked":"Blur","floor":18},{"not_picked":["Bouncing Flask","Concentrate","Underhanded Strike"],"picked":"SKIP","floor":21},{"not_picked":["Slice","Dodge and Roll"],"picked":"Terror+1","floor":24},{"not_picked":["Dodge and Roll","Infinite Blades"],"picked":"Malaise","floor":27},{"not_picked":["Quick Slash+1","Deflect"],"picked":"Concentrate","floor":28},{"not_picked":["Dagger Throw","Dash+1"],"picked":"Leg Sweep+1","floor":30},{"not_picked":["Dagger Throw","Flechettes+1"],"picked":"Finisher+1","floor":31},{"not_picked":["Glass Knife","Grand Finale"],"picked":"Unload","floor":33},{"not_picked":["Slice","Poisoned Stab+1"],"picked":"Noxious Fumes+1","floor":35},{"not_picked":["Good Instincts","Blind"],"picked":"Discovery","floor":38},{"not_picked":["Dodge and Roll+1","Crippling Poison","Well Laid Plans+1"],"picked":"SKIP","floor":41},{"not_picked":["Acrobatics+1","All Out Attack+1","Dagger Throw"],"picked":"SKIP","floor":45},{"not_picked":["Bane","Setup","Flechettes"],"picked":"SKIP","floor":46},{"not_picked":["Corpse Explosion","Caltrops","Cloak And Dagger+1"],"picked":"SKIP","floor":47}],"player_experience":623538,"relics_obtained":[{"floor":7,"key":"Dead Branch"},{"floor":9,"key":"Ancient Tea Set"},{"floor":26,"key":"Pantograph"},{"floor":37,"key":"Pen Nib"},{"floor":37,"key":"Pear"},{"floor":43,"key":"InkBottle"},{"floor":43,"key":"War Paint"},{"floor":45,"key":"Eternal Feather"}],"event_choices":[{"damage_healed":0,"gold_gain":0,"player_choice":"Lose Max HP","damage_taken":0,"relics_obtained":["Golden Idol"],"max_hp_gain":0,"max_hp_loss":5,"event_name":"Golden Idol","floor":3,"gold_loss":0},{"damage_healed":0,"gold_gain":0,"player_choice":"Grow","damage_taken":0,"max_hp_gain":0,"max_hp_loss":0,"event_name":"Living Wall","floor":5,"gold_loss":0,"cards_upgraded":["Neutralize"]},{"damage_healed":0,"gold_gain":0,"player_choice":"Ignored","damage_taken":0,"max_hp_gain":0,"max_hp_loss":0,"event_name":"Liars Game","floor":13,"gold_loss":0},{"damage_healed":0,"gold_gain":0,"player_choice":"Simplicity","damage_taken":0,"max_hp_gain":0,"max_hp_loss":0,"event_name":"Back to Basics","floor":22,"gold_loss":0,"cards_upgraded":["Strike_G","Strike_G","Strike_G","Strike_G","Strike_G","Defend_G","Defend_G","Defend_G","Defend_G","Defend_G"]},{"damage_healed":0,"gold_gain":0,"cards_transformed":["downfall:Malfunctioning"],"player_choice":"Transformed","damage_taken":0,"max_hp_gain":0,"max_hp_loss":0,"event_name":"Transmorgrifier","floor":25,"gold_loss":0,"cards_obtained":["Clumsy"]},{"damage_healed":0,"gold_gain":0,"player_choice":"Got Potions","damage_taken":0,"max_hp_gain":0,"max_hp_loss":0,"event_name":"Lab","floor":29,"gold_loss":0},{"damage_healed":0,"gold_gain":0,"player_choice":"Memory 1","damage_taken":0,"max_hp_gain":0,"max_hp_loss":0,"event_name":"SensoryStone","floor":38,"gold_loss":0},{"cards_removed":["Defend_G"],"damage_healed":0,"gold_gain":0,"player_choice":"Removed Skill","damage_taken":0,"max_hp_gain":0,"max_hp_loss":0,"event_name":"Falling","floor":39,"gold_loss":0}],"is_beta":false,"boss_relics":[{"not_picked":["Empty Cage","Tiny House"],"picked":"Fusion Hammer"},{"not_picked":["Velvet Choker","Coffee Dripper"],"picked":"WristBlade"}],"items_purged_floors":[12,20],"is_endless":false,"potions_floor_spawned":[8,11,16,18,21,30,41,45],"killed_by":"Awakened One","ascension_level":3}}