{"host":"28bpuzdckreop5i0","time":1611463619,"event":{"mods":["Aspiration","BaseMod","Challenge The Spire","Defuse TimeMaze Blight","Downfall","Energized Spire","GifTheSpireLib","Googly Eyes","Minty Spire (QoL Compilation)","Relic Stats","Shop Mod","Spicy Shops","StSLib","Stuff the Spire","The Awakened One except there are too many feathers","The IronCluck","Transform Curses","slay the spire mod where everything is the same but ironclad has a cowboy hat"],"gold_per_floor":[99,141,205,247,247,312,339,376,33,33,51,84,84,96,138,239,289,289,289,304,373,384,384,384,412,424,62,62,73,73,73,73,73],"floor_reached":31,"language":"ENG","playtime":1716,"items_purged":["bronze:Strike","bronze:Strike","downfall:Haunted"],"score":286,"play_id":"2b245fc0-76fa-4d93-b5d4-e6c074107649","local_time":"20210123224659","is_ascension_mode":false,"campfire_choices":[{"data":"HandOfGreed","floor":1,"key":"SMITH"},{"floor":13,"key":"REST"},{"data":"bronze:MaxOutput","floor":18,"key":"SMITH"},{"floor":28,"key":"REST"},{"data":"bronze:Terminator","floor":30,"key":"SMITH"}],"circlet_count":0,"master_deck":["bronze:Defend","bronze:Defend","bronze:Defend","bronze:Defend+1","bronze:Replicate","bronze:Goto","HandOfGreed+1","bronze:Terminator+1","bronze:Iterate","bronze:Philosophize","bronze:FineTuning","bronze:Flail","bronze:Constructor","bronze:Return","bronze:DelayedGuard","bronze:FineTuning","bronze:MaxOutput+1","bronze:BronzeOrb","bronze:Constructor","bronze:FineTuning","bronze:Iterate","Bite","Bite","Bite","Bite","Bite","bronze:InfiniteBeams+1"],"relics":["bronze:BronzeCore","StuffTheSpire:Gunfinga","Orrery","Happy Flower","Tiny House","Meat on the Bone","StuffTheSpire:NeowsTribute","Cauldron","Nunchaku"],"acts_visited":["Exordium","TheCity"],"potions_floor_usage":[6,9,16,16,16,22,31,31,31,31,31],"damage_taken":[{"damage":10,"enemies":"Cultist","floor":2,"turns":4},{"damage":0,"enemies":"2 Louse","floor":3,"turns":3},{"damage":7,"enemies":"Small Slimes","floor":4,"turns":2},{"damage":33,"enemies":"Exordium Thugs","floor":6,"turns":7},{"damage":2,"enemies":"3 Louse","floor":8,"turns":3},{"damage":5,"enemies":"downfall:FleeingMerchant","floor":9,"turns":4},{"damage":2,"enemies":"Blue Slaver","floor":11,"turns":3},{"damage":4,"enemies":"3 Sentries","floor":12,"turns":2},{"damage":0,"enemies":"Lots of Slimes","floor":14,"turns":1},{"damage":5,"enemies":"3 Louse","floor":15,"turns":3},{"damage":35,"enemies":"DF_ARCHETYPE_STREAMLINE","floor":16,"turns":8},{"damage":11,"enemies":"3 Byrds","floor":20,"turns":3},{"damage":8,"enemies":"Cultist and Chosen","floor":21,"turns":4},{"damage":14,"enemies":"Snake Plant","floor":22,"turns":3},{"damage":31,"enemies":"Slavers","floor":25,"turns":3},{"damage":13,"enemies":"Snecko","floor":26,"turns":4},{"damage":2,"enemies":"downfall:FleeingMerchant","floor":27,"turns":4},{"damage":27,"enemies":"Cultist and Chosen","floor":29,"turns":5},{"damage":46,"enemies":"Book of Stabbing","floor":31,"turns":5}],"seed_played":"1794126802835806443","potions_obtained":[{"floor":4,"key":"Regen Potion"},{"floor":6,"key":"champ:CounterPotion"},{"floor":8,"key":"Energy Potion"},{"floor":11,"key":"SpeedPotion"},{"floor":12,"key":"AttackPotion"},{"floor":17,"key":"sneckomod:MuddlingPotion"},{"floor":21,"key":"SteroidPotion"},{"floor":25,"key":"Dexterity Potion"},{"floor":26,"key":"Weak Potion"},{"floor":27,"key":"Strength Potion"},{"floor":27,"key":"EntropicBrew"}],"is_trial":false,"path_per_floor":["R","M","M","M","?","M","T","M","$","?","M","E","R","M","M","B",null,"R","?","M","M","M","?","T","E","M","$","R","M","R","E"],"character_chosen":"THE_AUTOMATON","items_purchased":["Orrery","Cauldron","Nunchaku"],"campfire_rested":2,"item_purchase_floors":[9,27,27],"current_hp_per_floor":[70,60,60,53,60,42,42,40,35,35,33,29,50,50,45,10,75,75,75,64,56,42,42,42,31,36,38,52,28,28,0,0,0],"gold":73,"neow_bonus":"RANDOM_COLORLESS_2","is_daily":false,"chose_seed":false,"campfire_upgraded":3,"win_rate":0.0,"timestamp":1611463619,"path_taken":["R","M","M","?","?","M","T","?","?","?","M","E","R","?","M","BOSS","R","?","M","M","M","?","T","E","M","$","R","M","R","E"],"items_purchased_type":["Relic","Relic","Relic"],"build_version":"2020-12-22","purchased_purges":3,"victory":false,"max_hp_per_floor":[70,70,70,70,70,70,70,70,70,70,70,70,70,70,70,70,75,75,75,75,75,75,52,52,52,52,52,52,52,52,52,52,52],"relic_stats":{"Nunchaku":[2],"Happy Flower":[14],"counters":[19,71],"obtain_stats":[{"Cauldron":27,"StuffTheSpire:Gunfinga":7,"Nunchaku":27,"bronze:BronzeCore":0,"Tiny House":17,"Happy Flower":12,"Orrery":9,"StuffTheSpire:NeowsTribute":25,"Meat on the Bone":24},{"Cauldron":17,"StuffTheSpire:Gunfinga":4,"Nunchaku":17,"bronze:BronzeCore":0,"Tiny House":11,"Happy Flower":8,"Orrery":6,"StuffTheSpire:NeowsTribute":15,"Meat on the Bone":14},{"Cauldron":61,"StuffTheSpire:Gunfinga":16,"Nunchaku":61,"bronze:BronzeCore":0,"Tiny House":40,"Happy Flower":28,"Orrery":23,"StuffTheSpire:NeowsTribute":53,"Meat on the Bone":50}],"Meat on the Bone":24},"card_choices":[{"not_picked":["Secret Weapon","Master of Strategy"],"picked":"HandOfGreed","floor":0},{"not_picked":["bronze:Shell","bronze:WildBeam"],"picked":"bronze:Terminator","floor":2},{"not_picked":["bronze:WhirlingStrike","bronze:Shield","bronze:ClassDefault"],"picked":"SKIP","floor":3},{"not_picked":["bronze:BronzeOrb","bronze:CutThrough"],"picked":"bronze:Iterate","floor":4},{"not_picked":["bronze:InfiniteBeams","bronze:WhirlingStrike"],"picked":"bronze:Philosophize","floor":6},{"not_picked":["bronze:Backtrace","bronze:Terminator"],"picked":"bronze:FineTuning","floor":8},{"not_picked":["bronze:SpaghettiCode","bronze:Fortify"],"picked":"bronze:Flail","floor":9},{"not_picked":["bronze:InfiniteBeams","bronze:GetLatest"],"picked":"bronze:Constructor","floor":9},{"not_picked":["bronze:WhirlingStrike","bronze:DelayedSlice"],"picked":"bronze:Return","floor":9},{"not_picked":["bronze:BugBarrage","bronze:Flail"],"picked":"bronze:DelayedGuard","floor":9},{"not_picked":["bronze:Branch","bronze:OilSpill"],"picked":"bronze:FineTuning","floor":11},{"not_picked":["bronze:ForceShield","bronze:OilSpill","bronze:Turbo"],"picked":"SKIP","floor":12},{"not_picked":["bronze:Fortify","bronze:InfiniteBeams"],"picked":"bronze:MaxOutput","floor":14},{"not_picked":["bronze:ThunderWave","bronze:OilSpill"],"picked":"bronze:BronzeOrb","floor":15},{"not_picked":["bronze:Overload","bronze:GetLatest"],"picked":"bronze:Constructor","floor":17},{"not_picked":["bronze:Allocate","bronze:DelayedGuard"],"picked":"bronze:FineTuning","floor":20},{"not_picked":["bronze:Branch+1","bronze:CutThrough","bronze:Terminator+1"],"picked":"SKIP","floor":21},{"not_picked":["bronze:Optimize","bronze:WildBeam"],"picked":"bronze:Iterate","floor":22},{"not_picked":["bronze:Deprecate","bronze:Allocate","bronze:ForLoop"],"picked":"SKIP","floor":25},{"not_picked":["bronze:ClassDefault","bronze:BitShift","bronze:CutThrough+1"],"picked":"SKIP","floor":26},{"not_picked":["bronze:Safeguard","bronze:BronzeArmor"],"picked":"bronze:InfiniteBeams+1","floor":27},{"not_picked":["bronze:Deprecate+1","bronze:ChosenStrike+1","bronze:CutThrough"],"picked":"SKIP","floor":29}],"player_experience":907308,"relics_obtained":[{"floor":7,"key":"StuffTheSpire:Gunfinga"},{"floor":12,"key":"Happy Flower"},{"floor":24,"key":"Meat on the Bone"},{"floor":25,"key":"StuffTheSpire:NeowsTribute"}],"event_choices":[{"cards_removed":["bronze:Strike"],"damage_healed":0,"gold_gain":0,"player_choice":"Offered Basic","damage_taken":0,"max_hp_gain":0,"max_hp_loss":0,"event_name":"Bonfire Elementals","floor":10,"gold_loss":0},{"damage_healed":0,"gold_gain":0,"player_choice":"Became a vampire","damage_taken":0,"max_hp_gain":0,"max_hp_loss":23,"event_name":"Vampires","floor":23,"gold_loss":0,"cards_obtained":["Bite","Bite","Bite","Bite","Bite"]}],"is_beta":false,"boss_relics":[{"not_picked":["aspiration:SecretTechniqueScroll","energizedSpire:EnergizedDie"],"picked":"Tiny House"}],"items_purged_floors":[9,9,27],"is_endless":false,"potions_floor_spawned":[4,6,8,11,12,14,21,25,26],"killed_by":"Book of Stabbing","ascension_level":0}}