{"host":"d9m9v0h6vo0edadb","time":1611503227,"event":{"mods":["BaseMod","Hermit","Keyboard Shortcuts","Minty Spire (QoL Compilation)","StSLib","SuperFastMode","The Cursed"],"gold_per_floor":[109,184,184,198,198,230,230,246,246,246,259,184,211,211,211,211,211],"floor_reached":16,"language":"KOR","playtime":187,"items_purged":["Strike_G"],"score":266,"play_id":"621df98e-d584-42bd-90f6-1179e4e4c096","local_time":"20210125004707","is_ascension_mode":true,"campfire_choices":[{"data":"Acrobatics","floor":7.0,"key":"SMITH"},{"data":"Tactician","floor":10.0,"key":"SMITH"},{"data":"Flechettes","floor":15.0,"key":"SMITH"}],"circlet_count":0,"master_deck":["AscendersBane","Strike_G","Strike_G","Strike_G","Defend_G","Defend_G","Defend_G","Defend_G","Defend_G","Survivor","Neutralize","Acrobatics+1","Tactician+1","Flechettes+1","Poisoned Stab","Dagger Throw","Escape Plan"],"relics":["Ring of the Snake","NeowsBlessing","Eternal Feather","Potion Belt","Tiny Chest"],"acts_visited":["Exordium"],"potions_floor_usage":[16,16],"damage_taken":[{"damage":0.0,"enemies":"Jaw Worm","floor":1.0,"turns":1.0},{"damage":0.0,"enemies":"Small Slimes","floor":4.0,"turns":1.0},{"damage":0.0,"enemies":"3 Sentries","floor":6.0,"turns":1.0},{"damage":0.0,"enemies":"2 Louse","floor":8.0,"turns":3.0},{"damage":2.0,"enemies":"2 Fungi Beasts","floor":11.0,"turns":3.0},{"damage":35.0,"enemies":"Lagavulin","floor":13.0,"turns":4.0},{"damage":63,"enemies":"The Guardian","floor":16,"turns":12}],"seed_played":"-5988236026436114796","potions_obtained":[{"floor":6.0,"key":"Strength Potion"},{"floor":11.0,"key":"Block Potion"},{"floor":13.0,"key":"PowerPotion"}],"is_trial":false,"path_per_floor":["M","?","?","M","?","E","R","M","T","R","M","$","E","?","R","B"],"character_chosen":"THE_SILENT","items_purchased":[],"campfire_rested":0,"item_purchase_floors":[],"current_hp_per_floor":[59,48,48,48,53,53,62,62,62,71,69,69,34,34,43,0,0],"gold":211,"neow_bonus":"THREE_ENEMY_KILL","is_daily":false,"chose_seed":false,"campfire_upgraded":3,"win_rate":0.0,"timestamp":1611503227,"path_taken":["M","?","?","M","?","E","R","M","T","R","M","$","E","?","R","BOSS"],"items_purchased_type":[],"build_version":"2020-12-22","purchased_purges":1,"victory":false,"max_hp_per_floor":[66,66,66,66,71,71,71,71,71,71,71,71,71,71,71,71,71],"card_choices":[{"not_picked":["Dodge and Roll","All Out Attack"],"picked":"Acrobatics","floor":1.0},{"not_picked":["Deflect","Noxious Fumes"],"picked":"Tactician","floor":4.0},{"not_picked":["Blade Dance","Deadly Poison"],"picked":"Flechettes","floor":6.0},{"not_picked":["Envenom","Backflip"],"picked":"Poisoned Stab","floor":8.0},{"not_picked":["Outmaneuver","Acrobatics"],"picked":"Dagger Throw","floor":11.0},{"not_picked":["Unload","Backflip"],"picked":"Escape Plan","floor":13.0}],"player_experience":989577,"relics_obtained":[{"floor":6.0,"key":"Eternal Feather"},{"floor":9.0,"key":"Potion Belt"},{"floor":13.0,"key":"Tiny Chest"}],"event_choices":[{"damage_healed":0.0,"max_hp_gain":0.0,"max_hp_loss":0.0,"gold_gain":75.0,"event_name":"World of Goop","player_choice":"Gather Gold","floor":2.0,"gold_loss":0.0,"damage_taken":11.0},{"damage_healed":0.0,"max_hp_gain":0.0,"max_hp_loss":0.0,"gold_gain":0.0,"event_name":"Liars Game","player_choice":"Ignored","floor":3.0,"gold_loss":0.0,"damage_taken":0.0},{"damage_healed":0.0,"max_hp_gain":5.0,"max_hp_loss":0.0,"gold_gain":0.0,"event_name":"Big Fish","player_choice":"Donut","floor":5.0,"gold_loss":0.0,"damage_taken":0.0},{"cards_removed":["Strike_G"],"damage_healed":0.0,"max_hp_gain":0.0,"max_hp_loss":0.0,"gold_gain":0.0,"event_name":"Living Wall","player_choice":"Forget","floor":14.0,"gold_loss":0.0,"damage_taken":0.0}],"is_beta":false,"boss_relics":[],"items_purged_floors":[12],"is_endless":false,"potions_floor_spawned":[6,11,13],"killed_by":"The Guardian","ascension_level":20}}