{"host":"465m78bh87h7wxsp","time":1611464981,"event":{"mods":["ATMod(阿瑾Mod)","Act Like it!","Alarm Clock","Aspiration","BaseMod","Better Debug","CapriCore","Decade(王小明)","Gensokyo","GungeonMod","Hallownest","Hermit","HololiveMod","HumanHunterMod(怪物杀人mod)","Infinite Spire","Jorbs\u0027s Wanderer Trilogy","KinomotoSakuraMod(木之本樱)","Koishi","KomeijiMod","Lobotomy","LobotomyExtend","Marisa（F雨　魔理沙）","Minty Spire (QoL Compilation)","MostiFishMod","Red Circlet Mod","Reimu（博丽灵梦）","Replay The Spire","RumiaBox-露米娅的神秘盒子","Ryuuou龙王","SOS（斯巴达之子）","Shop Mod","Spicy Shops","StSLib","TestMod","The Administrix","The Animator","The Bug Knight","The Cursed","The Hierophant","The Immortal","The Senshi","The Servant 0.9.4","Uncapped","Waifu the Spire","WarShipGirlsR/战舰少女R mod","Yakumo Yukari mod","Youmu（魂魄妖梦）","Yuyuko","[IsaacMod]以撒尖塔","noobMod","vexMod","【功能Mod】混沌之环修复补丁","【功能Mod】聪明的最终Boss","【遗物卡牌】REMEMod"],"gold_per_floor":[215,234,234,234,264,289,0,0,0,0,0,95,95,95,95,141,4,4,30,45,45,45,45],"floor_reached":47,"language":"ZHS","playtime":738,"items_purged":[],"score":301,"play_id":"2fe59a87-43cd-40c2-a147-b8ed12ea80be","local_time":"20210124130940","is_ascension_mode":false,"campfire_choices":[{"floor":6,"key":"RECALL"},{"data":"stsjorbsmod:Concentrate","floor":15,"key":"SMITH"},{"data":"hermit:HighCaliber","floor":19,"key":"SMITH"}],"circlet_count":0,"master_deck":["stsjorbsmod:CULLCard","stsjorbsmod:Apparition_Cull","stsjorbsmod:Strike_Cull","stsjorbsmod:Strike_Cull","stsjorbsmod:Strike_Cull","stsjorbsmod:Strike_Cull","stsjorbsmod:Paralysis","stsjorbsmod:SpiritShield_Cull","stsjorbsmod:Exhale","stsjorbsmod:Withering","AT_FamilyPortrait","stsjorbsmod:DemonicCoup","stsjorbsmod:RepressedMemory","CutThroughFate","SingingMachine","stsjorbsmod:Concentrate+1","AT_FamilyPortrait+1","hermit:HighCaliber+1","MatsuyoiReflectingSatelliteSlash","stsjorbsmod:ShrapnelBloom","Night Terror","Concentrate","Toxin Wave"],"relics":["stsjorbsmod:BookOfTrialsRelic","DaveBox","ice","HushsDoor","testmod-TestBox","AT_ATBox","REME_ComplimentaryCards","testmod-Brilliant","BFFS","PrismaticShard","CogitoBucket","SynthV:TestCard","LetterFromLob","vexMod:BerryBomb","REME_HandOfSuture","testmod-AssaultLearning","ShadowXiaoBlade","Heaven_r","MagicBullet_r","aspiration:Nostalgia","rmod:firstchargereward","Replay:Rubber Ducky"],"acts_visited":["Hallownest:Greenpath","Gensokyo:Gensokyoer"],"potions_floor_usage":[],"damage_taken":[{"damage":0,"enemies":"Hallownest:2_MossCreeps","floor":1,"turns":1},{"damage":0,"enemies":"Hallownest:2_Tiktiks_and_1_Crawlid","floor":2,"turns":1},{"damage":17,"enemies":"Hallownest:eliteMossKnight","floor":7,"turns":5},{"damage":34,"enemies":"Hallownest:BossFalseKnight","floor":20,"turns":6},{"damage":29,"enemies":"Gensokyo:3_Dogs","floor":27,"turns":2},{"damage":42,"enemies":"Gensokyo:3_Dogs","floor":36,"turns":9},{"damage":0,"enemies":"Gensokyo:Eternal_Rivals","floor":47,"turns":1}],"seed_played":"7336221356897822618","potions_obtained":[{"floor":1,"key":"stsjorbsmod:GhostPoisonPotion"},{"floor":7,"key":"Languid Potion"}],"is_trial":false,"path_per_floor":["M","M","?","R","E","T","?","R","$","?","R","B",null,"M","?","?","COS","R","T","M","R","B"],"character_chosen":"CULL","items_purchased":[],"campfire_rested":0,"item_purchase_floors":[],"current_hp_per_floor":[70,70,61,61,50,50,50,50,50,35,35,1,54,27,27,12,12,18,18,7,11,11,11],"gold":45,"neow_bonus":"","is_daily":false,"chose_seed":false,"campfire_upgraded":2,"win_rate":0.0,"timestamp":1611464980,"path_taken":["M","?","?","R","E","T","?","R","$","?","R","BOSS","M","?","?","COS","R","T","?","R","BOSS"],"items_purchased_type":[],"build_version":"2020-12-22","purchased_purges":0,"victory":false,"max_hp_per_floor":[70,70,70,70,68,68,68,68,68,68,68,54,54,27,27,27,27,28,28,14,14,14,14],"card_choices":[{"not_picked":[],"picked":"Bomb","floor":0},{"not_picked":["HappyTeddy","ShyLook","Bloodbath"],"picked":"Singing Bowl","floor":1},{"not_picked":["QueenOfHatred","Freischutz"],"picked":"OSAHOGD","floor":1},{"not_picked":["EnergyFlow","MilkyWay"],"picked":"CutThroughFate","floor":1},{"not_picked":["SpiderBud","CrumblingArmor"],"picked":"SingingMachine","floor":2},{"not_picked":["ClowCardTheMist","animator:EmiyaShirou","Open The Fan","ClowCardTheDream"],"picked":"stsjorbsmod:Concentrate","floor":2},{"not_picked":["ShyLook","SpiderBud","WallGazer"],"picked":"Singing Bowl","floor":7},{"not_picked":["vexMod:EmailVexCard","Death Dancing","stsjorbsmod:Intervention","stsjorbsmod:TollTheDead"],"picked":"hermit:HighCaliber","floor":7},{"not_picked":["SpiderBud","UniverseFragment","GreedKing"],"picked":"Singing Bowl","floor":20},{"not_picked":["CrumblingArmor","ShyLook"],"picked":"BlackArmy","floor":20},{"not_picked":["testmod-SunMoon","testmod-ChaoticCore","Scrawl","hermit:Reprieve"],"picked":"MatsuyoiReflectingSatelliteSlash","floor":20},{"not_picked":["CrumblingArmor","BigBird","Freischutz"],"picked":"Singing Bowl","floor":36},{"not_picked":["ButterflyHabitatTemple_purple","Gone","AdministrixMod:ImmortalPurity","Steam","stsjorbsmod:Discordance"],"picked":"SKIP","floor":36}],"player_experience":47537,"relics_obtained":[{"floor":1,"key":"SynthV:TestCard"},{"floor":1,"key":"LetterFromLob"},{"floor":7,"key":"vexMod:BerryBomb"},{"floor":35,"key":"Replay:Rubber Ducky"}],"event_choices":[],"is_beta":false,"boss_relics":[{"not_picked":["testmod-EnergyCheck","testmod-IncinerationGenerator"],"picked":"ShadowXiaoBlade"},{"not_picked":[]}],"items_purged_floors":[],"is_endless":false,"potions_floor_spawned":[1,7,27],"killed_by":"Gensokyo:Eternal_Rivals","ascension_level":0}}