{"host":"qbvxbacgnxuisbbe","time":1611499780,"event":{"mods":["Alarm Clock","BaseMod","Minty Spire (QoL Compilation)","Reliquary","StSLib","Wide Potions"],"gold_per_floor":[119,69,21,21,31,64,64,90,114,114,128,4,4,38,38,137,137,137,137],"floor_reached":18,"language":"ENG","playtime":636,"items_purged":["Defend_P"],"score":266,"play_id":"35d1db24-43d2-4321-8d50-100995ef5721","local_time":"20210124144940","is_ascension_mode":true,"campfire_choices":[{"data":"Omniscience","floor":7.0,"key":"SMITH"},{"data":"Eruption","floor":10.0,"key":"SMITH"},{"data":"WheelKick","floor":13.0,"key":"SMITH"},{"data":"DeusExMachina","floor":15.0,"key":"SMITH"}],"circlet_count":0,"master_deck":["Strike_P","Strike_P","Strike_P","Defend_P","Defend_P","Eruption+1","Vigilance","Adaptation","Omniscience+1","WheelKick+1","Swivel","DeusExMachina+1"],"relics":["PureWater","reliquary:IvoryTrinket","Potion Belt","reliquary:PorcupineQuills","Question Card","Velvet Choker"],"acts_visited":["Exordium","TheCity"],"potions_floor_usage":[],"damage_taken":[{"damage":0.0,"enemies":"Small Slimes","floor":1.0,"turns":3.0},{"damage":3.0,"enemies":"Jaw Worm","floor":5.0,"turns":3.0},{"damage":28.0,"enemies":"3 Sentries","floor":6.0,"turns":4.0},{"damage":32.0,"enemies":"Gremlin Nob","floor":8.0,"turns":3.0},{"damage":0.0,"enemies":"Cultist","floor":11.0,"turns":2.0},{"damage":0.0,"enemies":"3 Sentries","floor":14.0,"turns":2.0},{"damage":0.0,"enemies":"Slime Boss","floor":16.0,"turns":6.0},{"damage":24,"enemies":"3 Byrds","floor":18,"turns":4}],"seed_played":"6368080023622328635","potions_obtained":[{"floor":1.0,"key":"AttackPotion"},{"floor":6.0,"key":"Swift Potion"},{"floor":11.0,"key":"Explosive Potion"}],"is_trial":false,"path_per_floor":["M","?","$","?","M","E","R","E","T","R","M","$","R","E","R","B",null,"M"],"character_chosen":"WATCHER","items_purchased":["BottledMiracle","SpeedPotion"],"campfire_rested":0,"item_purchase_floors":[3,12],"current_hp_per_floor":[72,72,72,72,69,41,41,9,9,9,9,9,9,9,9,9,72,48,48],"gold":137,"neow_bonus":"TRANSFORM_CARD","is_daily":false,"chose_seed":false,"campfire_upgraded":4,"win_rate":0.0,"timestamp":1611499780,"path_taken":["M","?","$","?","M","E","R","E","T","R","M","$","R","E","R","BOSS","M"],"items_purchased_type":["Potion","Potion"],"build_version":"2020-12-22","purchased_purges":1,"victory":false,"max_hp_per_floor":[72,72,72,72,72,72,72,72,72,72,72,72,72,72,72,72,72,72,72],"card_choices":[{"not_picked":["Perseverance","ThirdEye","Sanctity"],"picked":"SKIP","floor":1.0},{"not_picked":["FollowUp","Crescendo"],"picked":"WheelKick","floor":5.0},{"not_picked":["BattleHymn","JustLucky","Vengeance"],"picked":"SKIP","floor":6.0},{"not_picked":["Weave","SashWhip"],"picked":"Swivel","floor":8.0},{"not_picked":["Worship","PathToVictory"],"picked":"DeusExMachina","floor":11.0},{"not_picked":["Prostrate","EmptyBody","BowlingBash"],"picked":"SKIP","floor":14.0}],"player_experience":129840,"relics_obtained":[{"floor":6.0,"key":"reliquary:IvoryTrinket"},{"floor":8.0,"key":"Potion Belt"},{"floor":9.0,"key":"reliquary:PorcupineQuills"},{"floor":14.0,"key":"Question Card"}],"event_choices":[{"cards_removed":["Strike_P"],"damage_healed":0.0,"max_hp_gain":0.0,"max_hp_loss":0.0,"gold_gain":0.0,"event_name":"The Cleric","player_choice":"Card Removal","floor":2.0,"gold_loss":50.0,"damage_taken":0.0},{"damage_healed":0.0,"max_hp_gain":0.0,"max_hp_loss":0.0,"gold_gain":0.0,"event_name":"Match and Keep!","player_choice":"1 cards matched","floor":4.0,"gold_loss":0.0,"damage_taken":0.0,"cards_obtained":["Omniscience"]}],"is_beta":false,"boss_relics":[{"not_picked":["VioletLotus","SacredBark"],"picked":"Velvet Choker"}],"items_purged_floors":[12],"is_endless":false,"potions_floor_spawned":[1,6,11,18],"killed_by":"3 Byrds","ascension_level":1}}