{"host":"rn4c402gwd40h2z6","time":1611479584,"event":{"mods":["AchievementEnabler","Act Like it!","Alarm Clock","Arknights The Spire","Aspiration","Bard","BaseMod","CapriCore","Challenge The Spire","Data Control","Decade(王小明)","Good Game Mod","Hallownest","LagranYue(拉格朗・月)","Luminous","Mad Scientist","Marisa（F雨　魔理沙）","Minty Spire (QoL Compilation)","Pale of the Ancients","Quick Restart","Random Character Button","Relic Filter Mod","RumiaBox-露米娅的神秘盒子","StSLib","The Blackbeard","The Bug Knight","The Construct","The Cursed","The Hierophant","The Mystic","The Poker Player","The Runesmith","The Servant 0.9.4","Warlord Emblem","[IsaacMod]以撒尖塔","noobMod","【功能Mod】混沌之环修复补丁"],"gold_per_floor":[9999,9999,9999,9999,9999,9999,9999,9999,9999,9999,9999,9999,9999,9999,9999,9999,9999,9999,9999,9999,9999,9999,9999,9999,9999,9999,9999,9999,9999,9999,9999,9999,9999,9999,9999,9999,9999,9999,9999,9999,9999,9999,9999,9999,9999,9999,9999,9999,9999,9999],"floor_reached":51,"language":"ZHS","playtime":633,"items_purged":["ats:Shadow Assault"],"score":1116,"play_id":"cf2ce45f-be0b-4bfb-96d0-12585babf399","local_time":"20210124171304","is_ascension_mode":false,"campfire_choices":[{"floor":6,"key":"REST"},{"floor":15,"key":"REST"},{"floor":23,"key":"REST"},{"floor":28,"key":"REST"},{"floor":32,"key":"REST"},{"floor":42,"key":"RECALL"},{"floor":45,"key":"REST"},{"floor":49,"key":"REST"}],"circlet_count":0,"master_deck":[],"relics":["Decadriver"],"acts_visited":["Exordium","TheCity","TheBeyond"],"potions_floor_usage":[],"damage_taken":[{"damage":0,"enemies":"Cultist","floor":1,"turns":1},{"damage":0,"enemies":"Small Slimes","floor":2,"turns":1},{"damage":0,"enemies":"Jaw Worm","floor":4,"turns":1},{"damage":0,"enemies":"Gremlin Gang","floor":5,"turns":1},{"damage":0,"enemies":"HollowMod:MossKnight","floor":7,"turns":1},{"damage":0,"enemies":"Exordium Thugs","floor":8,"turns":1},{"damage":0,"enemies":"Lots of Slimes","floor":10,"turns":1},{"damage":0,"enemies":"Looter","floor":11,"turns":1},{"damage":0,"enemies":"Blue Slaver","floor":12,"turns":1},{"damage":0,"enemies":"Slime Boss","floor":16,"turns":1},{"damage":0,"enemies":"3 Byrds","floor":18,"turns":1},{"damage":0,"enemies":"Shell Parasite","floor":19,"turns":1},{"damage":0,"enemies":"Snake Plant","floor":21,"turns":1},{"damage":0,"enemies":"Cultist and Chosen","floor":22,"turns":1},{"damage":0,"enemies":"Snecko","floor":25,"turns":1},{"damage":0,"enemies":"Centurion and Healer","floor":27,"turns":1},{"damage":0,"enemies":"Chosen and Byrds","floor":29,"turns":1},{"damage":0,"enemies":"Snake Plant","floor":30,"turns":1},{"damage":0,"enemies":"Cultist and Chosen","floor":31,"turns":1},{"damage":0,"enemies":"Collector","floor":33,"turns":1},{"damage":0,"enemies":"3 Darklings","floor":35,"turns":1},{"damage":0,"enemies":"3 Shapes","floor":37,"turns":1},{"damage":0,"enemies":"4 Shapes","floor":38,"turns":1},{"damage":0,"enemies":"Transient","floor":40,"turns":1},{"damage":0,"enemies":"Reptomancer","floor":41,"turns":1},{"damage":0,"enemies":"3 Darklings","floor":46,"turns":1},{"damage":0,"enemies":"Writhing Mass","floor":48,"turns":1},{"damage":0,"enemies":"Awakened One","floor":50,"turns":2}],"seed_played":"-1938522715878763355","potions_obtained":[],"is_trial":false,"path_per_floor":["M","M","?","M","M","R","E","M","T","M","M","M","$","?","R","B",null,"M","M","$","M","M","R","T","M","T","M","R","M","M","M","R","B",null,"M","?","M","M","?","M","E","R","T","$","R","M","?","M","R","B",null],"character_chosen":"Decade","items_purchased":["Kiva_Swallow"],"campfire_rested":7,"item_purchase_floors":[44],"current_hp_per_floor":[70,70,70,70,70,70,70,70,70,70,70,70,70,75,75,75,75,75,75,75,75,75,75,75,75,75,75,75,75,75,75,75,75,75,75,75,75,75,75,75,75,75,75,75,75,75,75,75,75,1],"gold":9999,"neow_bonus":"THREE_ENEMY_KILL","is_daily":false,"chose_seed":false,"campfire_upgraded":0,"win_rate":0.0,"timestamp":1611479584,"path_taken":["M","M","?","M","M","R","E","M","T","M","M","M","$","?","R","BOSS","M","M","?","M","M","R","?","M","T","M","R","?","M","M","R","BOSS","M","?","M","M","?","M","E","R","T","$","R","M","?","M","R","BOSS"],"items_purchased_type":["Card"],"build_version":"2020-12-22","purchased_purges":1,"victory":true,"max_hp_per_floor":[70,70,70,70,70,70,70,70,70,70,70,70,70,75,75,75,75,75,75,75,75,75,75,75,75,75,75,75,75,75,75,75,75,75,75,75,75,75,75,75,75,75,75,75,75,75,75,75,75,75],"card_choices":[{"not_picked":["Blade_Slash","DenO_Sword","DragShield"],"picked":"SKIP","floor":1},{"not_picked":["KamenRideRyuki","PrometheusPower","Blade_Beat"],"picked":"SKIP","floor":2},{"not_picked":["Bomb","Decade_Dash2","PhotonAcceleration"],"picked":"SKIP","floor":4},{"not_picked":["KamenRideRyuki","Blade_Metal","RideBooker"],"picked":"SKIP","floor":5},{"not_picked":["PrometheusPower","Kuuga_GouramAttack","Kiva_Eat"],"picked":"SKIP","floor":7},{"not_picked":["KamenRideKuuga","KamenRideBlade","UnarmedAttack6"],"picked":"SKIP","floor":8},{"not_picked":["UnarmedAttack7","FormRidePegasus","Blade_Kick"],"picked":"SKIP","floor":10},{"not_picked":["AttackRide","Decade_Dash1","Kiva_Frozen"],"picked":"SKIP","floor":11},{"not_picked":["UnarmedAttack6","DragShield","KamenRideKuuga"],"picked":"SKIP","floor":12},{"not_picked":["DenO_Sword","UnarmedAttack3","DenO_Ax"],"picked":"SKIP","floor":18},{"not_picked":["UnarmedAttack5","UnarmedAttack4+1","Kiva_Frozen"],"picked":"SKIP","floor":19},{"not_picked":["UnarmedAttack4+1","UnarmedAttack5+1","KamenRideRyuki"],"picked":"SKIP","floor":21},{"not_picked":["Decade_Invisible+1","AutoVajin","DragClaw"],"picked":"SKIP","floor":22},{"not_picked":["FormRideDragon","UnarmedAttack5","Blade_Mach"],"picked":"SKIP","floor":25},{"not_picked":["KamenRideDecade","KamenRideRyuki","NMDAZYYGL"],"picked":"SKIP","floor":27},{"not_picked":["FormRidePegasus","UnarmedAttack7+1","Decade_Dash2"],"picked":"SKIP","floor":29},{"not_picked":["KamenRideDecade","UnarmedAttack1","Decade_Invisible"],"picked":"SKIP","floor":30},{"not_picked":["DenO_Gun","DenO_Ax","Kabuto_ClockUp"],"picked":"SKIP","floor":31},{"not_picked":["DenO_Gun","Kiva_Frozen+1","Blade_Slash"],"picked":"SKIP","floor":35},{"not_picked":["UnarmedAttack1+1","Kiva_Bats","DenO_Gun"],"picked":"SKIP","floor":37},{"not_picked":["UnarmedAttack5","DenO_Ax+1","KamenRideBlade"],"picked":"SKIP","floor":38},{"not_picked":["RideBooker_Skill_1","UnarmedAttack8","KamenRideDenO+1"],"picked":"SKIP","floor":40},{"not_picked":["Hibiki_Attack2+1","AttackRide","Blade_Slash"],"picked":"SKIP","floor":41},{"not_picked":["FormRideDogga+1","PrometheusPower+1","KamenRideDecade+1"],"picked":"SKIP","floor":46},{"not_picked":["RideBooker_Skill_2","Decade_Defend2","RideBooker+1"],"picked":"SKIP","floor":48}],"player_experience":23161,"relics_obtained":[],"event_choices":[{"damage_healed":0,"gold_gain":0,"player_choice":"Ignored","damage_taken":0,"max_hp_gain":0,"max_hp_loss":0,"event_name":"NoteForYourself","floor":3,"gold_loss":0},{"damage_healed":0,"gold_gain":0,"player_choice":"Donut","damage_taken":0,"max_hp_gain":5,"max_hp_loss":0,"event_name":"Big Fish","floor":14,"gold_loss":0},{"cards_removed":["Decade_Defend"],"damage_healed":0,"gold_gain":0,"player_choice":"Removed Skill","damage_taken":0,"max_hp_gain":0,"max_hp_loss":0,"event_name":"Falling","floor":39,"gold_loss":0},{"damage_healed":0,"gold_gain":0,"player_choice":"Ignored","damage_taken":0,"max_hp_gain":0,"max_hp_loss":0,"event_name":"Tomb of Lord Red Mask","floor":47,"gold_loss":0}],"is_beta":false,"boss_relics":[{"not_picked":["Pandora\u0027s Box","MagicMushroom","construct:ClawGrip"]},{"not_picked":["Pandora\u0027s Box","MagicMushroom","construct:ClawGrip"]}],"items_purged_floors":[44],"is_endless":false,"potions_floor_spawned":[4,7,10,11,18,21,27,29,30,31,35,37,40,46,48],"ascension_level":0}}