{"host":"pe7ycb8t2t906so2","time":1611500347,"event":{"mods":["BaseMod","Colored Map","Highlight Path","Minty Spire (QoL Compilation)"],"gold_per_floor":[114,114,114,130,61,102,120,120,120,133,133,174,174,217,217,313,313,328,344,344,149,248,248,75,106,106,145,170,170,170,211,211,302,302,327,348,348,361,162,162,200,200,248,267,280,38,69,87,87,87],"floor_reached":51,"language":"FRA","playtime":3923,"items_purged":["Strike_R","Strike_R","Strike_R","Defend_R+1"],"score":1314,"play_id":"5c9518bb-e27f-4af2-b213-cb17cc268771","local_time":"20210124095907","is_ascension_mode":true,"campfire_choices":[{"data":"Flame Barrier","floor":8,"key":"SMITH"},{"data":"Pommel Strike","floor":11,"key":"SMITH"},{"floor":13,"key":"REST"},{"data":"Fire Breathing","floor":15,"key":"SMITH"},{"data":"Pommel Strike","floor":23,"key":"SMITH"},{"data":"Bash","floor":29,"key":"SMITH"},{"data":"Wild Strike","floor":32,"key":"SMITH"},{"data":"Defend_R","floor":40,"key":"SMITH"},{"data":"Berserk","floor":49,"key":"SMITH"}],"circlet_count":0,"master_deck":["AscendersBane","Defend_R+1","Defend_R+1","Defend_R+1","Bash+1","Pommel Strike+1","Wild Strike+1","Flame Barrier+1","Shrug It Off+1","Flex+1","Pommel Strike+1","Fire Breathing+1","Flame Barrier+1","Double Tap+1","Seeing Red+1","True Grit+1","Battle Trance+1","Shrug It Off+1","Impervious+1","Iron Wave+1","Shrug It Off+1","Berserk+1"],"relics":["Burning Blood","NeowsBlessing","Golden Idol","Toxic Egg 2","StrikeDummy","Boot","Singing Bowl","SlaversCollar","Smiling Mask","Happy Flower","Gremlin Horn","Anchor","Kunai","Self Forming Clay","Empty Cage","MealTicket","Dream Catcher","PreservedInsect","Lee\u0027s Waffle","Meat on the Bone"],"acts_visited":["Exordium","TheCity","TheBeyond"],"potions_floor_usage":[12,12,25,27,33],"damage_taken":[{"damage":0,"enemies":"2 Louse","floor":1,"turns":1},{"damage":0,"enemies":"Jaw Worm","floor":4,"turns":1},{"damage":0,"enemies":"3 Sentries","floor":6,"turns":1},{"damage":0,"enemies":"Cultist","floor":7,"turns":4},{"damage":15,"enemies":"Exordium Thugs","floor":10,"turns":5},{"damage":20,"enemies":"Lagavulin","floor":12,"turns":4},{"damage":14,"enemies":"Gremlin Nob","floor":14,"turns":4},{"damage":16,"enemies":"The Guardian","floor":16,"turns":9},{"damage":2,"enemies":"Chosen","floor":18,"turns":5},{"damage":17,"enemies":"Shell Parasite","floor":19,"turns":6},{"damage":15,"enemies":"Slavers","floor":25,"turns":4},{"damage":16,"enemies":"Book of Stabbing","floor":27,"turns":5},{"damage":14,"enemies":"Shelled Parasite and Fungi","floor":28,"turns":3},{"damage":8,"enemies":"Slavers","floor":31,"turns":4},{"damage":41,"enemies":"Automaton","floor":33,"turns":9},{"damage":1,"enemies":"3 Darklings","floor":35,"turns":5},{"damage":0,"enemies":"3 Shapes","floor":36,"turns":4},{"damage":2,"enemies":"Jaw Worm Horde","floor":38,"turns":5},{"damage":19,"enemies":"Giant Head","floor":41,"turns":8},{"damage":0,"enemies":"4 Shapes","floor":44,"turns":4},{"damage":25,"enemies":"Spire Growth","floor":45,"turns":6},{"damage":0,"enemies":"Nemesis","floor":47,"turns":5},{"damage":18,"enemies":"Maw","floor":48,"turns":9},{"damage":62,"enemies":"Awakened One","floor":50,"turns":15}],"seed_played":"5652452424685499719","potions_obtained":[{"floor":1,"key":"DuplicationPotion"},{"floor":7,"key":"BlessingOfTheForge"},{"floor":10,"key":"AttackPotion"},{"floor":12,"key":"BloodPotion"},{"floor":18,"key":"Strength Potion"},{"floor":28,"key":"Ancient Potion"},{"floor":31,"key":"Energy Potion"},{"floor":33,"key":"BloodPotion"},{"floor":41,"key":"BloodPotion"}],"is_trial":false,"path_per_floor":["M","?","?","M","$","E","M","R","T","M","R","E","R","E","R","B",null,"M","M","?","$","?","R","$","E","T","E","M","R","?","E","R","B",null,"M","M","?","M","$","R","E","?","T","M","M","$","E","M","R","B",null],"character_chosen":"IRONCLAD","items_purchased":["Flame Barrier","Happy Flower","Seeing Red+1","True Grit+1","MealTicket","Lee\u0027s Waffle","Shrug It Off+1"],"campfire_rested":1,"item_purchase_floors":[5,21,24,24,39,46,46],"current_hp_per_floor":[78,62,42,48,48,54,60,60,60,51,51,37,61,53,53,43,71,77,68,68,68,68,68,68,59,59,65,59,59,86,86,86,51,79,86,92,92,92,92,92,79,79,79,87,70,103,103,93,93,49],"gold":87,"neow_bonus":"THREE_ENEMY_KILL","is_daily":false,"chose_seed":false,"campfire_upgraded":8,"win_rate":0.0,"timestamp":1611500347,"path_taken":["M","?","?","M","?","E","M","R","T","?","R","E","R","E","R","BOSS","M","M","?","$","?","R","$","E","T","E","M","R","?","E","R","BOSS","M","M","?","?","$","R","E","?","T","M","M","$","E","M","R","BOSS"],"items_purchased_type":["Card","Relic","Card","Card","Relic","Relic","Card"],"build_version":"2020-12-22","purchased_purges":4,"victory":true,"max_hp_per_floor":[80,80,80,80,80,80,80,80,80,80,80,80,80,80,80,80,80,82,84,84,84,84,84,84,84,84,84,86,86,86,88,88,88,88,90,92,92,92,92,92,92,92,92,94,96,103,103,105,105,105],"card_choices":[{"not_picked":["Seeing Red","Armaments"],"picked":"Pommel Strike","floor":1},{"not_picked":["Perfected Strike","Armaments"],"picked":"Wild Strike","floor":4},{"not_picked":["Sword Boomerang","Wild Strike"],"picked":"Shrug It Off+1","floor":6},{"not_picked":["Blood for Blood","Dark Embrace"],"picked":"Flex+1","floor":7},{"not_picked":["Battle Trance+1","Rampage"],"picked":"Pommel Strike","floor":10},{"not_picked":["Cleave","Infernal Blade+1"],"picked":"Fire Breathing","floor":12},{"not_picked":["Infernal Blade+1","Feel No Pain"],"picked":"Flame Barrier+1","floor":14},{"not_picked":["Impervious+1","Corruption"],"picked":"Double Tap+1","floor":16},{"not_picked":["Wild Strike","Body Slam","Pommel Strike"],"picked":"Singing Bowl","floor":18},{"not_picked":["True Grit+1","Sever Soul","Clash"],"picked":"Singing Bowl","floor":19},{"not_picked":["Thunderclap","Heavy Blade"],"picked":"Battle Trance+1","floor":25},{"not_picked":["Clash","Sever Soul"],"picked":"Shrug It Off+1","floor":27},{"not_picked":["Heavy Blade","Battle Trance+1","Disarm+1"],"picked":"Singing Bowl","floor":28},{"not_picked":["Demon Form","Thunderclap","Infernal Blade+1"],"picked":"Singing Bowl","floor":31},{"not_picked":["Feed","Immolate"],"picked":"Impervious+1","floor":33},{"not_picked":["Anger","Sword Boomerang","Pommel Strike+1"],"picked":"Singing Bowl","floor":35},{"not_picked":["Blood for Blood","Body Slam","Headbutt+1"],"picked":"Singing Bowl","floor":36},{"not_picked":["Clash+1","Clothesline"],"picked":"Iron Wave+1","floor":38},{"not_picked":["Spot Weakness+1","Carnage+1"],"picked":"Intimidate+1","floor":41},{"not_picked":["Warcry+1","Armaments+1","Pummel"],"picked":"Singing Bowl","floor":44},{"not_picked":["Armaments+1","Cleave+1","Hemokinesis"],"picked":"Singing Bowl","floor":45},{"not_picked":["Battle Trance+1","Searing Blow"],"picked":"Berserk","floor":47},{"not_picked":["Flex+1","Heavy Blade","Shrug It Off+1"],"picked":"Singing Bowl","floor":48}],"player_experience":930477,"relics_obtained":[{"floor":6,"key":"Toxic Egg 2"},{"floor":9,"key":"StrikeDummy"},{"floor":12,"key":"Boot"},{"floor":14,"key":"Singing Bowl"},{"floor":25,"key":"Gremlin Horn"},{"floor":26,"key":"Anchor"},{"floor":27,"key":"Kunai"},{"floor":31,"key":"Self Forming Clay"},{"floor":41,"key":"Dream Catcher"},{"floor":43,"key":"PreservedInsect"},{"floor":47,"key":"Meat on the Bone"}],"event_choices":[{"damage_healed":0,"gold_gain":0,"player_choice":"Entered Light","damage_taken":16,"max_hp_gain":0,"max_hp_loss":0,"event_name":"Shining Light","floor":2,"gold_loss":0,"cards_upgraded":["Defend_R","Defend_R"]},{"damage_healed":0,"gold_gain":0,"player_choice":"Take Damage","damage_taken":20,"relics_obtained":["Golden Idol"],"max_hp_gain":0,"max_hp_loss":0,"event_name":"Golden Idol","floor":3,"gold_loss":0},{"damage_healed":0,"gold_gain":0,"player_choice":"Opened","damage_taken":0,"relics_obtained":["Smiling Mask"],"max_hp_gain":0,"max_hp_loss":0,"event_name":"The Mausoleum","floor":20,"gold_loss":0},{"damage_healed":0,"gold_gain":99,"player_choice":"Stole From Cult","damage_taken":0,"max_hp_gain":0,"max_hp_loss":0,"event_name":"Nest","floor":22,"gold_loss":0},{"damage_healed":28,"gold_gain":0,"player_choice":"Heal","damage_taken":0,"max_hp_gain":0,"max_hp_loss":0,"event_name":"The Library","floor":30,"gold_loss":0},{"damage_healed":0,"gold_gain":0,"player_choice":"Upgraded","damage_taken":0,"max_hp_gain":0,"max_hp_loss":0,"event_name":"Upgrade Shrine","floor":37,"gold_loss":0,"cards_upgraded":["Defend_R"]},{"cards_removed":["Intimidate"],"damage_healed":0,"gold_gain":0,"player_choice":"Removed Skill","damage_taken":0,"max_hp_gain":0,"max_hp_loss":0,"event_name":"Falling","floor":42,"gold_loss":0}],"is_beta":false,"boss_relics":[{"not_picked":["Velvet Choker","Tiny House"],"picked":"SlaversCollar"},{"not_picked":["Cursed Key","Philosopher\u0027s Stone"],"picked":"Empty Cage"}],"items_purged_floors":[21,24,39,46],"is_endless":false,"potions_floor_spawned":[1,7,10,12,18,28,31,33,36,38,41,45],"ascension_level":13}}