{"host":"jnjxzd6rarbui4j8","time":1611506432,"event":{"mods":["AchievementEnabler","BaseMod","Colored Map","Highlight Path","Minty Spire (QoL Compilation)","Relic Stats","StSLib"],"gold_per_floor":[109,109,384,9,26,60,60,71,71,36,71,91,91,103,103,179,179,192,192,211,230,230,259,259,229,252,263,280,314,329,355,355,429,429,447,447,467,8,27,54,71,99,99,99,114,114,114,140,140,140,140,140,140,33,66,66],"floor_reached":57,"language":"ENG","playtime":7032,"items_purged":["Defend_G"],"score":2849,"play_id":"41eced0a-9d40-4a70-bf4e-a11ec6a3e656","local_time":"20210124114032","is_ascension_mode":true,"campfire_choices":[{"data":"Catalyst","floor":7.0,"key":"SMITH"},{"data":"Bouncing Flask","floor":13.0,"key":"SMITH"},{"data":"Malaise","floor":15.0,"key":"SMITH"},{"data":"Corpse Explosion","floor":24.0,"key":"SMITH"},{"data":"Night Terror","floor":32.0,"key":"SMITH"},{"floor":49,"key":"RECALL"},{"data":"Neutralize","floor":53,"key":"SMITH"}],"circlet_count":0,"master_deck":["AscendersBane","Defend_G","Defend_G","Defend_G","Defend_G","Survivor","Neutralize+1","Bouncing Flask+1","Dash","Catalyst+1","Poisoned Stab","Bouncing Flask+1","Malaise+1","Dash","Night Terror+1","Corpse Explosion+1","Backflip","Bite+1","Bite","Bite","Bite","PiercingWail","Catalyst+1","Backflip","Cloak And Dagger+1","Cloak And Dagger+1","PiercingWail","Escape Plan"],"relics":["Ring of the Snake","Omamori","Centennial Puzzle","Pear","Gremlin Horn","Busted Crown","Bottled Lightning","Bag of Marbles","Kunai","InkBottle","Sozu","ClockworkSouvenir","Anchor","Whetstone","Torii","Lantern","Orichalcum"],"acts_visited":["Exordium","TheCity","TheBeyond","TheEnding"],"potions_floor_usage":[56,56],"damage_taken":[{"damage":2.0,"enemies":"Jaw Worm","floor":1.0,"turns":7.0},{"damage":0.0,"enemies":"Small Slimes","floor":5.0,"turns":3.0},{"damage":20.0,"enemies":"Gremlin Nob","floor":6.0,"turns":4.0},{"damage":0.0,"enemies":"Cultist","floor":8.0,"turns":3.0},{"damage":2.0,"enemies":"Lagavulin","floor":11.0,"turns":6.0},{"damage":0.0,"enemies":"2 Fungi Beasts","floor":12.0,"turns":4.0},{"damage":3.0,"enemies":"3 Louse","floor":14.0,"turns":4.0},{"damage":9.0,"enemies":"The Guardian","floor":16.0,"turns":6.0},{"damage":6.0,"enemies":"Shell Parasite","floor":18.0,"turns":3.0},{"damage":1.0,"enemies":"3 Byrds","floor":20.0,"turns":3.0},{"damage":0.0,"enemies":"Snecko","floor":21.0,"turns":4.0},{"damage":17.0,"enemies":"Gremlin Leader","floor":23.0,"turns":5.0},{"damage":7.0,"enemies":"Chosen and Byrds","floor":27.0,"turns":4.0},{"damage":0.0,"enemies":"3 Cultists","floor":28.0,"turns":2.0},{"damage":5.0,"enemies":"Slavers","floor":29.0,"turns":2.0},{"damage":6.0,"enemies":"Shelled Parasite and Fungi","floor":30.0,"turns":3.0},{"damage":14.0,"enemies":"Book of Stabbing","floor":31.0,"turns":4.0},{"damage":36.0,"enemies":"Champ","floor":33.0,"turns":6.0},{"damage":0.0,"enemies":"3 Darklings","floor":35.0,"turns":2.0},{"damage":3.0,"enemies":"Orb Walker","floor":37.0,"turns":3.0},{"damage":0.0,"enemies":"Sphere and 2 Shapes","floor":39.0,"turns":3.0},{"damage":2.0,"enemies":"Nemesis","floor":40.0,"turns":3.0},{"damage":3.0,"enemies":"Writhing Mass","floor":41.0,"turns":3.0},{"damage":0.0,"enemies":"Giant Head","floor":42.0,"turns":4.0},{"damage":0.0,"enemies":"Transient","floor":45.0,"turns":4.0},{"damage":40,"enemies":"Reptomancer","floor":48,"turns":5},{"damage":1,"enemies":"Time Eater","floor":50,"turns":5},{"damage":26,"enemies":"Awakened One","floor":51,"turns":23},{"damage":19,"enemies":"Shield and Spear","floor":55,"turns":5},{"damage":64,"enemies":"The Heart","floor":56,"turns":9}],"seed_played":"-5394491394343419229","potions_obtained":[{"floor":11.0,"key":"Strength Potion"},{"floor":14.0,"key":"DistilledChaos"},{"floor":25.0,"key":"SkillPotion"},{"floor":27.0,"key":"CunningPotion"},{"floor":29.0,"key":"Block Potion"},{"floor":30.0,"key":"DistilledChaos"}],"is_trial":false,"path_per_floor":["M","?","?","$","M","E","R","M","T","?","E","M","R","M","R","B",null,"M","?","M","M","?","E","R","?","T","M","M","E","M","E","R","B",null,"M","?","M","$","M","E","M","E","T","?","M","?","$","E","R","B","B",null,"R","$","E","B",null],"character_chosen":"THE_SILENT","items_purchased":["Catalyst","Poisoned Stab","Centennial Puzzle","CunningPotion","ClockworkSouvenir","Anchor","Backflip","PiercingWail","Escape Plan"],"campfire_rested":0,"item_purchase_floors":[4,4,4,4,38,38,38,54,54],"current_hp_per_floor":[57,57,57,57,57,47,47,47,47,66,66,68,68,67,67,60,72,68,68,69,71,71,60,60,60,60,61,67,68,68,60,60,32,65,67,67,70,70,76,76,76,76,76,76,76,76,76,40,40,46,73,75,75,75,64,17],"gold":66,"neow_bonus":"RANDOM_COMMON_RELIC","is_daily":false,"chose_seed":false,"campfire_upgraded":6,"win_rate":0.0,"timestamp":1611506432,"path_taken":["M","?","?","$","M","E","R","?","T","?","E","M","R","M","R","BOSS","M","?","M","M","?","E","R","?","T","?","M","E","M","E","R","BOSS","M","?","M","$","M","E","?","E","T","?","M","?","?","E","R","BOSS","BOSS","R","$","E","BOSS"],"items_purchased_type":["Card","Card","Relic","Potion","Relic","Relic","Card","Card","Card"],"build_version":"2020-12-22","purchased_purges":1,"victory":true,"max_hp_per_floor":[66,66,66,66,66,76,76,76,76,76,76,76,76,76,76,76,76,76,76,76,76,76,76,76,76,76,76,76,76,76,76,76,76,76,76,76,76,76,76,76,76,76,76,76,76,76,76,76,76,76,76,76,76,76,76,76],"relic_stats":{"Sozu":0,"Centennial Puzzle":[60],"Busted Crown":40,"Gremlin Horn":[21,21],"Torii":40,"counters":[30,142],"Kunai":[33],"Whetstone":["Bite","Bite"],"Orichalcum":[12],"obtain_stats":[{"Lantern":48,"Pear":6,"Gremlin Horn":11,"Torii":42,"Omamori":0,"Whetstone":40,"Orichalcum":55,"ClockworkSouvenir":38,"Blood Vial":9,"Sozu":34,"Centennial Puzzle":4,"Anchor":38,"Busted Crown":17,"Bag of Marbles":26,"Bottled Lightning":23,"Kunai":29,"InkBottle":31,"Ring of the Snake":0},{"Lantern":26,"Pear":3,"Gremlin Horn":5,"Torii":24,"Omamori":0,"Whetstone":22,"Orichalcum":29,"ClockworkSouvenir":20,"Blood Vial":4,"Sozu":18,"Centennial Puzzle":1,"Anchor":20,"Busted Crown":8,"Bag of Marbles":12,"Bottled Lightning":12,"Kunai":15,"InkBottle":17,"Ring of the Snake":0},{"Lantern":100,"Pear":14,"Gremlin Horn":23,"Torii":91,"Omamori":0,"Whetstone":84,"Orichalcum":133,"ClockworkSouvenir":78,"Blood Vial":17,"Sozu":73,"Centennial Puzzle":7,"Anchor":78,"Busted Crown":37,"Bag of Marbles":52,"Bottled Lightning":52,"Kunai":60,"InkBottle":67,"Ring of the Snake":0}],"InkBottle":[34],"Ring of the Snake":[60]},"card_choices":[{"not_picked":["Dodge and Roll","Leg Sweep"],"picked":"Bouncing Flask","floor":1.0},{"not_picked":["Predator","Concentrate"],"picked":"Bouncing Flask","floor":5.0},{"not_picked":["Blur","PiercingWail"],"picked":"Malaise","floor":6.0},{"not_picked":["Concentrate","Masterful Stab"],"picked":"Dash","floor":8.0},{"not_picked":["Dodge and Roll","Underhanded Strike","Outmaneuver"],"picked":"SKIP","floor":11.0},{"not_picked":["Blade Dance","Deflect"],"picked":"Night Terror","floor":12.0},{"not_picked":["Infinite Blades","Endless Agony","Flechettes"],"picked":"SKIP","floor":14.0},{"not_picked":["Die Die Die","Grand Finale"],"picked":"Corpse Explosion","floor":16.0},{"not_picked":[],"picked":"Backflip","floor":18.0},{"not_picked":["Dodge and Roll"],"picked":"SKIP","floor":20.0},{"not_picked":["Quick Slash"],"picked":"SKIP","floor":21.0},{"not_picked":[],"picked":"PiercingWail","floor":23.0},{"not_picked":["Dodge and Roll"],"picked":"SKIP","floor":27.0},{"not_picked":["Poisoned Stab"],"picked":"SKIP","floor":28.0},{"not_picked":["Outmaneuver"],"picked":"SKIP","floor":29.0},{"not_picked":[],"picked":"Catalyst+1","floor":30.0},{"not_picked":["Deflect"],"picked":"SKIP","floor":31.0},{"not_picked":["Dodge and Roll"],"picked":"SKIP","floor":35.0},{"not_picked":["Outmaneuver+1"],"picked":"SKIP","floor":37.0},{"not_picked":["Deadly Poison"],"picked":"SKIP","floor":39.0},{"not_picked":[],"picked":"Cloak And Dagger+1","floor":40.0},{"not_picked":["Concentrate"],"picked":"SKIP","floor":41.0},{"not_picked":["Concentrate"],"picked":"SKIP","floor":41.0},{"not_picked":["A Thousand Cuts"],"picked":"SKIP","floor":42.0},{"not_picked":[],"picked":"Cloak And Dagger+1","floor":45.0},{"not_picked":["Caltrops"],"picked":"SKIP","floor":48},{"not_picked":["Outmaneuver"],"picked":"SKIP","floor":55}],"player_experience":2512983,"relics_obtained":[{"floor":6.0,"key":"Pear"},{"floor":9.0,"key":"Blood Vial"},{"floor":11.0,"key":"Gremlin Horn"},{"floor":23.0,"key":"Bottled Lightning"},{"floor":26.0,"key":"Bag of Marbles"},{"floor":29.0,"key":"Kunai"},{"floor":31.0,"key":"InkBottle"},{"floor":40.0,"key":"Whetstone"},{"floor":42.0,"key":"Torii"},{"floor":48,"key":"Lantern"},{"floor":55,"key":"Orichalcum"}],"event_choices":[{"damage_healed":0.0,"max_hp_gain":0.0,"max_hp_loss":0.0,"gold_gain":0.0,"cards_transformed":["Strike_G"],"event_name":"Living Wall","player_choice":"Change","floor":2.0,"gold_loss":0.0,"damage_taken":0.0,"cards_obtained":["Dash"]},{"damage_healed":0.0,"max_hp_gain":0.0,"max_hp_loss":0.0,"gold_gain":275.0,"event_name":"Golden Shrine","player_choice":"Desecrate","floor":3.0,"gold_loss":0.0,"damage_taken":0.0,"cards_obtained":["Regret"]},{"damage_healed":19.0,"max_hp_gain":0.0,"max_hp_loss":0.0,"gold_gain":0.0,"event_name":"The Cleric","player_choice":"Healed","floor":10.0,"gold_loss":35.0,"damage_taken":0.0},{"damage_healed":0.0,"max_hp_gain":0.0,"max_hp_loss":0.0,"gold_gain":0.0,"event_name":"Forgotten Altar","player_choice":"Smashed Altar","floor":19.0,"gold_loss":0.0,"damage_taken":0.0,"cards_obtained":["Decay"]},{"damage_healed":0.0,"max_hp_gain":0.0,"max_hp_loss":0.0,"gold_gain":0.0,"event_name":"Vampires","player_choice":"Became a vampire (Vial)","floor":22.0,"relics_lost":["Blood Vial"],"gold_loss":0.0,"damage_taken":0.0,"cards_obtained":["Bite","Bite","Bite","Bite","Bite"]},{"damage_healed":0.0,"max_hp_gain":0.0,"max_hp_loss":0.0,"gold_gain":0.0,"event_name":"The Woman in Blue","player_choice":"Bought 2 Potions","floor":25.0,"gold_loss":0.0,"damage_taken":0.0},{"damage_healed":0.0,"max_hp_gain":0.0,"max_hp_loss":0.0,"gold_gain":0.0,"event_name":"Upgrade Shrine","player_choice":"Upgraded","floor":36.0,"gold_loss":0.0,"damage_taken":0.0,"cards_upgraded":["Bouncing Flask"]},{"cards_removed":["Bite"],"damage_healed":0.0,"max_hp_gain":0.0,"max_hp_loss":0.0,"gold_gain":0.0,"event_name":"Falling","player_choice":"Removed Attack","floor":44.0,"gold_loss":0.0,"damage_taken":0.0},{"damage_healed":0.0,"max_hp_gain":0.0,"max_hp_loss":0.0,"gold_gain":0.0,"event_name":"SensoryStone","player_choice":"Memory 1","floor":46.0,"gold_loss":0.0,"damage_taken":0.0}],"is_beta":false,"boss_relics":[{"not_picked":["Astrolabe","Empty Cage"],"picked":"Busted Crown"},{"not_picked":["Calling Bell","Philosopher\u0027s Stone"],"picked":"Sozu"}],"items_purged_floors":[38],"is_endless":false,"potions_floor_spawned":[11,14,16,20,21,27,29,30,35,40,41,45,55],"ascension_level":20}}