{"host":"0ukt4blzh5g8drbw","time":1611497070,"event":{"mods":["100% Spire Juice","ATMod(∞¢Ë™Mod)","AchievementEnabler","Act Like it!","Arknights The Spire","Aspiration","BaseMod","ChefMod","Dota2Spire","Downfall","Energized Spire","Gensokyo","GungeonMod","KinomotoSakuraMod(ƒæ÷Æ±æ”£)","Koishi","Luminous","Mari Mod (Legacy)","Mari\u0027s V1 Patch","Marisa£®ÏF”Í°°ƒß¿Ì…≥£©","Minty Spire (QoL Compilation)","Quick Restart","Reimu£®≤©¿ˆ¡È√Œ£©","Remilia£®¿Ÿ√◊¿Ú—«£©","Replay The Spire","Robot Space Explorer","StSLib","The Alterego","The Bug Knight","The Construct","The Marked","The Runesmith","The Servant 0.9.4","WarShipGirlsR/’ΩΩ¢…Ÿ≈ÆR mod","Yakumo Yukari mod","Youmu£®ªÍ∆«—˝√Œ£©","Yuyuko","[IsaacMod]“‘»ˆº‚À˛","vexMod","°æ“≈ŒÔø®≈∆°øREMEMod"],"gold_per_floor":[119,138,138,152,168,202,202,214,214,245,264,292,392,165,165,262,262,280,298,41,41,41,73,73,83,128,138,138,138],"floor_reached":28,"language":"ZHS","playtime":2168,"items_purged":["rmod:strick","rmod:strick","rmod:strick"],"score":335,"play_id":"45a4d454-d594-46f9-a7c1-a151200ef1cd","local_time":"20210124220430","is_ascension_mode":false,"campfire_choices":[{"data":"rmod:salvage","floor":7.0,"key":"SMITH"},{"data":"rmod:ammunitionsupply","floor":15.0,"key":"SMITH"},{"data":"rmod:fletcher","floor":24.0,"key":"SMITH"}],"circlet_count":0,"master_deck":["rmod:strick","rmod:defend","rmod:defend","rmod:defend","rmod:defend","rmod:basicallowance","rmod:maingunfire","EpicFetus","chefmod:Mince","rmod:diaomin","rmod:ammunitionsupply+1","rmod:salvage+1","rmod:firesupport","rmod:diaomin","rmod:ring","rmod:fletcher","rmod:aggressivemary","rmod:desperatesituation","rmod:fletcherpendant","rmod:ammunitionsupply+1","rmod:fletcher+1","rmod:luckystar","rmod:mineteam+1"],"relics":["rmod:firstchargereward","AT_ATBox","HushsDoor","REME_ComplimentaryCards","GuppysPaw","NeowsBlessing","Dota2Spire:PhaseBoots","Replay:Bottled Steam","Dota2Spire:MantaStyle","REME_LimitBreaker","BookOfRevelations","TentaclePot:ReiMu","Black Star","Succubus","Membership Card","AT_SpeedBoots","Bottled Lightning","DemoMod:GlassGuonStoneRelic"],"acts_visited":["Exordium","TheCity"],"potions_floor_usage":[],"damage_taken":[{"damage":0.0,"enemies":"Cultist","floor":1.0,"turns":1.0},{"damage":0.0,"enemies":"Jaw Worm","floor":2.0,"turns":2.0},{"damage":0.0,"enemies":"2 Louse","floor":4.0,"turns":1.0},{"damage":18.0,"enemies":"Exordium Wildlife","floor":5.0,"turns":4.0},{"damage":0.0,"enemies":"Lagavulin","floor":6.0,"turns":4.0},{"damage":11.0,"enemies":"Blue Slaver","floor":8.0,"turns":3.0},{"damage":12.0,"enemies":"Gremlin Nob","floor":10.0,"turns":3.0},{"damage":3.0,"enemies":"Looter","floor":11.0,"turns":2.0},{"damage":19.0,"enemies":"3 Sentries","floor":12.0,"turns":8.0},{"damage":0.0,"enemies":"Slime Boss","floor":16.0,"turns":3.0},{"damage":14.0,"enemies":"Shell Parasite","floor":18.0,"turns":3.0},{"damage":14.0,"enemies":"3 Byrds","floor":19.0,"turns":3.0},{"damage":14.0,"enemies":"Replay:Snechameleon","floor":23.0,"turns":3.0},{"damage":8.0,"enemies":"Centurion and Healer","floor":25.0,"turns":2.0},{"damage":0.0,"enemies":"3 Cultists","floor":27.0,"turns":3.0},{"damage":20,"enemies":"Book of Stabbing","floor":28,"turns":1}],"seed_played":"-6322770058085054990","potions_obtained":[{"floor":4.0,"key":"EssenceOfSteel"},{"floor":6.0,"key":"construct:ShiftPotion"},{"floor":10.0,"key":"FearPotion"},{"floor":11.0,"key":"Toxic Potion"},{"floor":23.0,"key":"Regen Potion"}],"is_trial":false,"path_per_floor":["M","M","T","M","M","E","R","M","T","E","M","E","?","$","R","B",null,"M","M","$","?","?","E","R","M","T","M","E"],"character_chosen":"PRAEFECT","items_purchased":["TentaclePot:ReiMu","Succubus","Membership Card"],"campfire_rested":0,"item_purchase_floors":[14,17,20],"current_hp_per_floor":[75,75,75,75,57,57,57,46,46,34,31,12,12,12,12,12,55,41,27,27,27,27,13,13,5,5,5,0,0],"gold":138,"neow_bonus":"THREE_ENEMY_KILL","is_daily":false,"chose_seed":false,"campfire_upgraded":3,"win_rate":0.0,"timestamp":1611497070,"path_taken":["M","M","?","M","M","E","R","M","T","E","M","E","?","?","R","BOSS","M","M","$","?","?","E","R","M","T","M","E"],"items_purchased_type":["Relic","Relic","Relic"],"build_version":"2020-12-22","purchased_purges":3,"victory":false,"max_hp_per_floor":[75,75,75,75,75,75,75,75,75,75,75,75,75,75,75,75,55,55,55,55,55,55,55,55,55,55,55,55,55],"card_choices":[{"not_picked":[],"picked":"EpicFetus","floor":0.0},{"not_picked":["rmod:tearstotiara","rmod:fletcherpendant"],"picked":"rmod:diaomin","floor":1.0},{"not_picked":["rmod:supportescort","rmod:guardianhero","rmod:secretscript"],"picked":"SKIP","floor":2.0},{"not_picked":["rmod:aviationdawn","rmod:fletcherpendant"],"picked":"rmod:ammunitionsupply","floor":4.0},{"not_picked":["rmod:intelligenceanalysis","rmod:gendarmerie"],"picked":"rmod:salvage","floor":5.0},{"not_picked":["rmod:unsinkable","rmod:intelligenceanalysis"],"picked":"Bomb","floor":6.0},{"not_picked":["rmod:timeschanged","rmod:ammunitionsupply"],"picked":"rmod:firesupport","floor":8.0},{"not_picked":["rmod:firesupport","rmod:ammunitionsupply"],"picked":"rmod:diaomin","floor":10.0},{"not_picked":["rmod:slowdown","rmod:ammunitionsupply"],"picked":"rmod:ring","floor":11.0},{"not_picked":["rmod:slowdown","rmod:rockthrower","rmod:victimresponsibility"],"picked":"SKIP","floor":12.0},{"not_picked":["rmod:circuitoustactics","rmod:steelsupply"],"picked":"rmod:aggressivemary","floor":13.0},{"not_picked":["rmod:stealaluminum","rmod:windflower"],"picked":"rmod:desperatesituation","floor":16.0},{"not_picked":["rmod:supportescort","rmod:expedition"],"picked":"rmod:ammunitionsupply+1","floor":18.0},{"not_picked":["rmod:diaomin+1","rmod:fuelsupply","rmod:ammunitionsupply"],"picked":"SKIP","floor":19.0},{"not_picked":["rmod:unsinkable","rmod:lonelyqueen"],"picked":"rmod:luckystar","floor":23.0},{"not_picked":["rmod:unsinkable","rmod:fuelsupply"],"picked":"rmod:mineteam+1","floor":25.0},{"not_picked":["rmod:firesupport+1","rmod:luckystar","rmod:robin"],"picked":"SKIP","floor":27.0}],"player_experience":124212,"relics_obtained":[{"floor":3.0,"key":"Dota2Spire:PhaseBoots"},{"floor":6.0,"key":"Replay:Bottled Steam"},{"floor":9.0,"key":"Dota2Spire:MantaStyle"},{"floor":10.0,"key":"REME_LimitBreaker"},{"floor":12.0,"key":"BookOfRevelations"},{"floor":23.0,"key":"AT_SpeedBoots"},{"floor":23.0,"key":"Bottled Lightning"}],"event_choices":[{"damage_healed":0.0,"max_hp_gain":0.0,"max_hp_loss":0.0,"gold_gain":0.0,"event_name":"Lab","player_choice":"Got Potions","floor":21.0,"gold_loss":0.0,"damage_taken":0.0},{"damage_healed":0.0,"max_hp_gain":0.0,"max_hp_loss":0.0,"gold_gain":0.0,"event_name":"Ghosts","player_choice":"Ignored","floor":22.0,"gold_loss":0.0,"damage_taken":0.0}],"is_beta":false,"boss_relics":[{"not_picked":["RedLine:ReiMu","Tiny House"],"picked":"Black Star"},{"not_picked":[]}],"items_purged_floors":[14,17,20],"is_endless":false,"potions_floor_spawned":[4,6,10,11,23,25,27],"killed_by":"Book of Stabbing","ascension_level":0}}