{"host":"bq4pt811tk9yrmjl","time":1611495210,"event":{"mods":["AchievementEnabler","BaseMod","Colored Map","Colored Powertips","Defuse TimeMaze Blight","Hermit","Minty Spire (QoL Compilation)","StSLib","SuperFastMode"],"gold_per_floor":[118,393,102,102,102,130,140,101,152,183,195,208,208,232,244,354,366,398,445,470,116,131,131,157,157,157,174,174,18,18,49,49,146,146,165,387,411,101,120,120,120,120,170,170,170,170,220,231,231,231,231,231,81,114,114,114],"floor_reached":55,"language":"ENG","playtime":1231,"items_purged":["Regret","Regret"],"score":843,"play_id":"7f49a1c4-847c-4f33-b51f-0ebe5f82456c","local_time":"20210124113330","is_ascension_mode":true,"campfire_choices":[{"data":"hermit:Maintenance","floor":15.0,"key":"SMITH"},{"floor":23.0,"key":"RECALL"},{"data":"hermit:Covet","floor":28.0,"key":"SMITH"},{"data":"hermit:Brawl","floor":30.0,"key":"SMITH"},{"floor":32.0,"key":"REST"},{"data":"hermit:Shortfuse","floor":40.0,"key":"SMITH"},{"data":"hermit:Snapshot","floor":41.0,"key":"SMITH"},{"data":"hermit:Deadeye","floor":46.0,"key":"SMITH"},{"data":"hermit:GhostlyPresence","floor":49.0,"key":"SMITH"},{"data":"hermit:GoldenBullet","floor":52.0,"key":"SMITH"}],"circlet_count":0,"master_deck":["hermit:Strike_Hermit","hermit:Strike_Hermit","hermit:Strike_Hermit","hermit:Strike_Hermit","hermit:Defend_Hermit","hermit:Defend_Hermit","hermit:Defend_Hermit","hermit:Defend_Hermit","hermit:Snapshot+1","hermit:Covet+1","hermit:GoldenBullet+1","hermit:Brawl+1","hermit:Shortfuse+1","hermit:GhostlyPresence+1","hermit:Maintenance+1","hermit:Deadeye+1","CurseOfTheBell","hermit:GhostlyPresence+1","hermit:CalledShot+1"],"relics":["hermit:Momento","NeowsBlessing","Tiny Chest","Ornamental Fan","CultistMask","Singing Bowl","Bronze Scales","MawBank","Busted Crown","Red Mask","Orichalcum","Smiling Mask","Nloth\u0027s Gift","StrikeDummy","hermit:PetGhost","Bag of Marbles","Calling Bell","Dream Catcher","Pear","WingedGreaves","MealTicket","FossilizedHelix","Nunchaku","Du-Vu Doll","Gremlin Horn"],"acts_visited":["Exordium","TheCity","TheBeyond","TheEnding"],"potions_floor_usage":[54,54,54],"damage_taken":[{"damage":0.0,"enemies":"2 Louse","floor":1.0,"turns":1.0},{"damage":0.0,"enemies":"Gremlin Nob","floor":6.0,"turns":1.0},{"damage":0.0,"enemies":"Cultist","floor":7.0,"turns":1.0},{"damage":25.0,"enemies":"Lagavulin","floor":10.0,"turns":10.0},{"damage":0.0,"enemies":"Small Slimes","floor":11.0,"turns":2.0},{"damage":0.0,"enemies":"3 Louse","floor":12.0,"turns":4.0},{"damage":4.0,"enemies":"Gremlin Gang","floor":14.0,"turns":4.0},{"damage":15.0,"enemies":"The Guardian","floor":16.0,"turns":11.0},{"damage":10.0,"enemies":"Spheric Guardian","floor":18.0,"turns":4.0},{"damage":20.0,"enemies":"Masked Bandits","floor":19.0,"turns":4.0},{"damage":0.0,"enemies":"3 Byrds","floor":20.0,"turns":3.0},{"damage":2.0,"enemies":"3 Cultists","floor":22.0,"turns":5.0},{"damage":7.0,"enemies":"Book of Stabbing","floor":24.0,"turns":6.0},{"damage":15.0,"enemies":"Snake Plant","floor":27.0,"turns":4.0},{"damage":16.0,"enemies":"Slavers","floor":31.0,"turns":6.0},{"damage":28.0,"enemies":"Champ","floor":33.0,"turns":11.0},{"damage":3.0,"enemies":"3 Shapes","floor":35.0,"turns":7.0},{"damage":4.0,"enemies":"3 Darklings","floor":39.0,"turns":9.0},{"damage":0.0,"enemies":"Mind Bloom Boss Battle","floor":47.0,"turns":6.0},{"damage":14.0,"enemies":"Writhing Mass","floor":48.0,"turns":7.0},{"damage":56.0,"enemies":"Time Eater","floor":50.0,"turns":16.0},{"damage":66,"enemies":"Shield and Spear","floor":54,"turns":8},{"damage":35,"enemies":"The Heart","floor":55,"turns":3}],"seed_played":"2765348640790882908","potions_obtained":[{"floor":1.0,"key":"Block Potion"},{"floor":6.0,"key":"GamblersBrew"},{"floor":7.0,"key":"AttackPotion"},{"floor":10.0,"key":"Block Potion"},{"floor":19.0,"key":"hermit:Tonic"},{"floor":22.0,"key":"Block Potion"},{"floor":33.0,"key":"Weak Potion"},{"floor":39.0,"key":"GamblersBrew"}],"is_trial":false,"path_per_floor":["M","?","$","?","?","E","M","$","T","E","M","M","T","M","R","B",null,"M","?","M","$","M","R","E","?","T","M","R","$","R","E","R","B",null,"M","?","T","$","M","R","R","$","T","?","$","R","?","M","R","B",null,"R","$","E","B"],"character_chosen":"HERMIT","items_purchased":["Tiny Chest","hermit:Brawl","hermit:GhostlyPresence","Lee\u0027s Waffle","Orichalcum","hermit:Deadeye","hermit:PetGhost","FossilizedHelix","Dexterity Potion","Energy Potion"],"campfire_rested":1,"item_purchase_floors":[3,3,8,21,21,21,29,38,53,53],"current_hp_per_floor":[75,75,75,75,75,75,77,77,77,54,56,56,56,54,54,41,85,77,59,59,96,96,96,91,91,91,78,78,78,78,64,95,69,116,113,113,113,116,114,114,114,118,118,118,118,118,120,108,108,52,122,122,122,56,21,21],"gold":114,"neow_bonus":"THREE_ENEMY_KILL","is_daily":false,"chose_seed":false,"campfire_upgraded":8,"win_rate":0.0,"timestamp":1611495210,"path_taken":["M","?","?","?","?","E","M","$","T","E","M","?","?","M","R","BOSS","M","?","M","$","M","R","E","?","T","M","R","$","R","E","R","BOSS","M","?","?","$","M","R","R","?","T","?","$","R","?","M","R","BOSS","R","$","E","BOSS"],"items_purchased_type":["Relic","Card","Card","Relic","Relic","Card","Relic","Relic","Potion","Potion"],"build_version":"2020-12-22","purchased_purges":2,"victory":false,"max_hp_per_floor":[75,75,75,75,75,75,77,77,77,79,81,81,81,83,83,85,85,87,89,89,96,98,98,100,100,100,102,102,102,102,104,104,106,116,116,116,116,116,118,118,118,118,118,118,118,118,120,122,122,122,122,122,122,122,122,122],"card_choices":[{"not_picked":["hermit:PistolWhip","hermit:Vantage"],"picked":"hermit:GoldenBullet","floor":1.0},{"not_picked":["hermit:ShadowCloak","hermit:Misfire"],"picked":"hermit:Shortfuse","floor":6.0},{"not_picked":["hermit:BodyArmor","hermit:Misfire","hermit:Horror"],"picked":"Singing Bowl","floor":7.0},{"not_picked":["hermit:HighNoon","hermit:ItchyTrigger","hermit:Virtue"],"picked":"Singing Bowl","floor":10.0},{"not_picked":["hermit:Virtue","hermit:TakeCover","hermit:Feint"],"picked":"Singing Bowl","floor":11.0},{"not_picked":["hermit:Snipe","hermit:Ricochet"],"picked":"hermit:Maintenance","floor":12.0},{"not_picked":["hermit:WideOpen","hermit:ShadowCloak","hermit:Showdown"],"picked":"Singing Bowl","floor":14.0},{"not_picked":["hermit:HeroicBravado","hermit:Magnum","hermit:DeadOrAlive"],"picked":"Singing Bowl","floor":16.0},{"not_picked":["hermit:Ricochet"],"picked":"Singing Bowl","floor":18.0},{"not_picked":["hermit:Desperado"],"picked":"Singing Bowl","floor":19.0},{"not_picked":[],"picked":"hermit:BodyArmor+1","floor":20.0},{"not_picked":["hermit:Snipe+1"],"picked":"Singing Bowl","floor":22.0},{"not_picked":["hermit:Adapt"],"picked":"Singing Bowl","floor":24.0},{"not_picked":["hermit:TrackingShot"],"picked":"Singing Bowl","floor":27.0},{"not_picked":["hermit:Vantage"],"picked":"Singing Bowl","floor":31.0},{"not_picked":["hermit:Gambit"],"picked":"Singing Bowl","floor":33.0},{"not_picked":[],"picked":"hermit:GhostlyPresence+1","floor":35.0},{"not_picked":["hermit:Combo+1"],"picked":"Singing Bowl","floor":39.0},{"not_picked":["hermit:Coalescence"],"picked":"Singing Bowl","floor":47.0},{"not_picked":["hermit:Dive"],"picked":"Singing Bowl","floor":48.0},{"not_picked":[],"picked":"hermit:CalledShot+1","floor":54}],"player_experience":225156,"relics_obtained":[{"floor":6.0,"key":"Singing Bowl"},{"floor":10.0,"key":"Bronze Scales"},{"floor":13.0,"key":"MawBank"},{"floor":19.0,"key":"Red Mask"},{"floor":24.0,"key":"Smiling Mask"},{"floor":26.0,"key":"StrikeDummy"},{"floor":31.0,"key":"Bag of Marbles"},{"floor":34.0,"key":"Dream Catcher"},{"floor":34.0,"key":"Pear"},{"floor":34.0,"key":"WingedGreaves"},{"floor":37.0,"key":"MealTicket"},{"floor":43.0,"key":"Nunchaku"},{"floor":47.0,"key":"Du-Vu Doll"},{"floor":54,"key":"Gremlin Horn"}],"event_choices":[{"damage_healed":0.0,"max_hp_gain":0.0,"max_hp_loss":0.0,"gold_gain":275.0,"event_name":"Golden Shrine","player_choice":"Desecrate","floor":2.0,"gold_loss":0.0,"damage_taken":0.0,"cards_obtained":["Regret"]},{"damage_healed":0.0,"max_hp_gain":0.0,"max_hp_loss":0.0,"gold_gain":0.0,"event_name":"Big Fish","player_choice":"Box","floor":4.0,"gold_loss":0.0,"damage_taken":0.0,"relics_obtained":["Ornamental Fan"],"cards_obtained":["Regret"]},{"damage_healed":0.0,"max_hp_gain":0.0,"max_hp_loss":0.0,"gold_gain":0.0,"event_name":"FaceTrader","player_choice":"Trade","floor":5.0,"gold_loss":0.0,"damage_taken":0.0,"relics_obtained":["CultistMask"]},{"damage_healed":0.0,"max_hp_gain":0.0,"max_hp_loss":0.0,"gold_gain":0.0,"event_name":"Masked Bandits","player_choice":"Fought Bandits","floor":19.0,"gold_loss":0.0,"damage_taken":0.0},{"damage_healed":0.0,"max_hp_gain":0.0,"max_hp_loss":0.0,"gold_gain":0.0,"event_name":"N\u0027loth","player_choice":"Traded Relic","floor":25.0,"relics_lost":["Lee\u0027s Waffle"],"gold_loss":0.0,"damage_taken":0.0,"relics_obtained":["Nloth\u0027s Gift"]},{"damage_healed":0.0,"max_hp_gain":0.0,"max_hp_loss":0.0,"gold_gain":222.0,"event_name":"Tomb of Lord Red Mask","player_choice":"Wore Mask","floor":36.0,"gold_loss":0.0,"damage_taken":0.0},{"cards_removed":["hermit:BodyArmor"],"damage_healed":0.0,"max_hp_gain":0.0,"max_hp_loss":0.0,"gold_gain":0.0,"event_name":"Falling","player_choice":"Removed Skill","floor":44.0,"gold_loss":0.0,"damage_taken":0.0},{"damage_healed":0.0,"max_hp_gain":0.0,"max_hp_loss":0.0,"gold_gain":0.0,"event_name":"MindBloom","player_choice":"Fight","floor":47.0,"gold_loss":0.0,"damage_taken":0.0}],"is_beta":false,"boss_relics":[{"not_picked":["Runic Pyramid","Runic Dome"],"picked":"Busted Crown"},{"not_picked":["Snecko Eye","Pandora\u0027s Box"],"picked":"Calling Bell"}],"items_purged_floors":[3,53],"is_endless":false,"potions_floor_spawned":[1,6,7,10,19,22,33,39],"killed_by":"The Heart","ascension_level":1}}