{"host":"njo8qgvy2a57fcny","time":1611465463,"event":{"mods":["Ascension Unlocker","Aspiration","BaseMod","BetterRewards","CCEM","Colored Map","Colored Powertips","Conspire","Custom Start","Downfall","Energized Spire","GifTheSpireLib","Halation","Hermit","Hubris","Infinite Spire","Jedi Mod","Jorbs\u0027s Wanderer Trilogy","Mimic Mod","Minty Spire (QoL Compilation)","Quick Restart","Random Character Button","Random Character Mod","Rare Cards Sparkle","Relic Sorter","Replay The Spire","Shop Mod","StSLib","Stuff the Spire","The Animator","The Jungle","The Runesmith","The Servant 0.9.4","Unceasing Turn Reminder","thorton","vexMod"],"gold_per_floor":[113,113,113,113,132,149,159,193,193,193,232,232,232,247,53,72,72,72,72],"floor_reached":18,"language":"ENG","playtime":830,"items_purged":[],"score":224,"play_id":"06aff8bd-7f40-4f1a-a90b-6600ed815106","local_time":"20210124161743","is_ascension_mode":true,"campfire_choices":[{"floor":10,"key":"REST"},{"floor":17,"key":"REST"}],"circlet_count":0,"master_deck":["AscendersBane","Strike_S","Strike_S","Strike_S","Strike_S","Defend_S","Defend_S","Defend_S","Defend_S","KidneyShot","Exchange","Potential","MurderousAura","ShiftingGears","SurpressingFire","Moonlight","FastForward","Regret","Hightail","Luminosity","Ricochet","ShatteredReality","Rearm"],"relics":["Uniform","jedi:arcanewood","NeowsBlessing","WarpedTongs","aspiration:HiddenCompartment","Dream Catcher","StuffTheSpire:RedRose","halation:LostSnail"],"acts_visited":["Exordium"],"potions_floor_usage":[7,18],"damage_taken":[{"damage":0,"enemies":"2 Louse","floor":1,"turns":2},{"damage":0,"enemies":"Cultist","floor":5,"turns":1},{"damage":1,"enemies":"Small Slimes","floor":6,"turns":2},{"damage":17,"enemies":"3 Louse","floor":7,"turns":5},{"damage":26,"enemies":"Gremlin Nob","floor":8,"turns":4},{"damage":1,"enemies":"2 Fungi Beasts","floor":11,"turns":8},{"damage":3,"enemies":"2 Fungi Beasts","floor":14,"turns":4},{"damage":3,"enemies":"Looter","floor":16,"turns":3},{"damage":33,"enemies":"The Guardian","floor":18,"turns":2}],"seed_played":"7011872961599144762","potions_obtained":[{"floor":1,"key":"Weak Potion"},{"floor":16,"key":"PowerPotion"}],"is_trial":false,"path_per_floor":["M","?","PTL","PTL","M","M","M","E","?","R","MIM","?","?","M","$","M","R","B"],"character_chosen":"THE_SERVANT","items_purchased":["Luminosity","Ricochet","halation:LostSnail"],"campfire_rested":2,"item_purchase_floors":[15,15,15],"current_hp_per_floor":[54,54,54,54,54,53,36,10,10,28,27,9,9,6,6,3,21,0,0],"gold":72,"neow_bonus":"THREE_ENEMY_KILL","is_daily":false,"chose_seed":false,"campfire_upgraded":0,"win_rate":0.0,"timestamp":1611465463,"path_taken":["M","?","PTL","PTL","M","?","?","E","?","R","MIM","?","?","M","?","?","R","BOSS"],"items_purchased_type":["Card","Card","Relic"],"build_version":"2020-12-22","purchased_purges":0,"victory":false,"max_hp_per_floor":[60,60,60,60,60,60,60,60,60,60,60,60,60,60,60,60,60,60,60],"card_choices":[{"not_picked":["Rewind","TimeWarp"],"picked":"Potential","floor":1},{"not_picked":["Starlight","Reset"],"picked":"MurderousAura","floor":5},{"not_picked":["Desolation","DualDimension"],"picked":"ShiftingGears","floor":6},{"not_picked":["Revamp","Rewind"],"picked":"SurpressingFire","floor":7},{"not_picked":["DualDimension","MoonPhase"],"picked":"Moonlight","floor":8},{"not_picked":["Advance","Foresight"],"picked":"FastForward","floor":11},{"not_picked":["Revamp","Potential"],"picked":"Hightail","floor":14},{"not_picked":["Alleviate","Unruled"],"picked":"ShatteredReality","floor":16},{"not_picked":["Starlight","Spin"],"picked":"Rearm","floor":17}],"player_experience":680452,"relics_obtained":[{"floor":8,"key":"aspiration:HiddenCompartment"},{"floor":11,"key":"jedi:arcanewood"}],"event_choices":[{"damage_healed":0,"gold_gain":0,"player_choice":"Rummage","damage_taken":0,"relics_obtained":["WarpedTongs"],"max_hp_gain":0,"max_hp_loss":0,"event_name":"Accursed Blacksmith","floor":2,"gold_loss":0,"cards_obtained":["Pain"]},{"cards_removed":["Pain"],"damage_healed":0,"gold_gain":0,"player_choice":"Removed Curses","damage_taken":0,"max_hp_gain":0,"max_hp_loss":0,"event_name":"Fountain of Cleansing","floor":9,"gold_loss":0},{"damage_healed":0,"gold_gain":0,"player_choice":"Success","damage_taken":18,"relics_obtained":["Dream Catcher"],"max_hp_gain":0,"max_hp_loss":0,"event_name":"Scrap Ooze","floor":12,"gold_loss":0}],"is_beta":false,"boss_relics":[],"items_purged_floors":[],"is_endless":false,"potions_floor_spawned":[1,16],"killed_by":"The Guardian","ascension_level":20}}