{"host":"yqa5il53nhlo2jdd","time":1611491920,"event":{"mods":["AchievementEnabler","Arknights The Spire","BaseMod","BetterRewards","Minty Spire (QoL Compilation)","StSLib","[IsaacMod]ÒÔÈö¼âËþ"],"gold_per_floor":[110,169,169,181,131,163,163,181,181,181,213,139,215,231,231,252,252],"floor_reached":16,"language":"ZHS","playtime":711,"items_purged":[],"score":165,"play_id":"c12ca019-3030-4331-ab37-4652b08d7613","local_time":"20210124203840","is_ascension_mode":true,"campfire_choices":[{"data":"ats:Emotion Absorption","floor":7.0,"key":"SMITH"},{"floor":15,"key":"REST"}],"circlet_count":0,"master_deck":["ats:Strike C","ats:Strike G","ats:Strike S","ats:Armor Crushing Shot","ats:Defend","ats:Defend+1","ats:Defend","ats:Defend","ats:Emotion Absorption+1","ats:Hook Shot","ats:Thorns"],"relics":["ats:Sanity","HushsDoor","SalivaCoin","NeowsBlessing","ats:Originium","Ornamental Fan","Omamori"],"acts_visited":["Exordium"],"potions_floor_usage":[13],"damage_taken":[{"damage":0.0,"enemies":"Small Slimes","floor":1.0,"turns":1.0},{"damage":0.0,"enemies":"Cultist","floor":4.0,"turns":1.0},{"damage":0.0,"enemies":"Gremlin Nob","floor":6.0,"turns":1.0},{"damage":6.0,"enemies":"Jaw Worm","floor":8.0,"turns":4.0},{"damage":4,"enemies":"2 Fungi Beasts","floor":11,"turns":7},{"damage":30,"enemies":"Gremlin Gang","floor":13,"turns":8},{"damage":0,"enemies":"3 Louse","floor":14,"turns":6},{"damage":51,"enemies":"Slime Boss","floor":16,"turns":10}],"seed_played":"-7158364921402539112","potions_obtained":[{"floor":1.0,"key":"ats:Emergency Sanity Potion"},{"floor":4.0,"key":"DistilledChaos"},{"floor":8.0,"key":"Swift Potion"}],"is_trial":false,"path_per_floor":["M","?","?","M","?","E","R","M","T","?","M","$","M","M","R","B"],"character_chosen":"DOCTOR_CLASS","items_purchased":["ats:Hook Shot"],"campfire_rested":1,"item_purchase_floors":[12],"current_hp_per_floor":[65,50,55,55,55,55,55,49,49,49,45,45,15,15,38,0,0],"gold":252,"neow_bonus":"THREE_ENEMY_KILL","is_daily":false,"chose_seed":false,"campfire_upgraded":1,"win_rate":0.0,"timestamp":1611491920,"path_taken":["M","?","?","M","?","E","R","?","T","?","M","$","M","M","R","BOSS"],"items_purchased_type":["Card"],"build_version":"2020-12-22","purchased_purges":0,"victory":false,"max_hp_per_floor":[72,72,77,77,77,77,77,77,77,77,77,77,77,77,77,77,77],"card_choices":[{"not_picked":["ats:Hook Shot","ats:Serious Mode","ats:Directed Diagnosis"],"picked":"SKIP","floor":1.0},{"not_picked":["ats:Encircling Forest","ats:Overload","ats:Assault Order"],"picked":"SKIP","floor":4.0},{"not_picked":["ats:Cat Scratch","ats:Ignite","ats:Hook Shot"],"picked":"SKIP","floor":6.0},{"not_picked":["ats:Assault Order","ats:Hammer On","ats:Consecutive Shot Auto"],"picked":"SKIP","floor":8.0},{"not_picked":["ats:Absolute Focus","ats:Guard Mode","ats:Charging Defense"],"picked":"SKIP","floor":11},{"not_picked":["ats:Steam Pump","ats:Explosion Area Strengthen"],"picked":"ats:Thorns","floor":13},{"not_picked":["ats:Assault Order","ats:Flexible Camouflage","ats:Curse Doll"],"picked":"SKIP","floor":14}],"player_experience":682662,"relics_obtained":[{"floor":6.0,"key":"ats:Originium"},{"floor":6.0,"key":"Ornamental Fan"},{"floor":9.0,"key":"Omamori"}],"event_choices":[{"damage_healed":0.0,"max_hp_gain":5.0,"max_hp_loss":0.0,"gold_gain":0.0,"event_name":"Big Fish","player_choice":"Donut","floor":3.0,"gold_loss":0.0,"damage_taken":0.0},{"cards_removed":["ats:Strike V"],"damage_healed":0.0,"max_hp_gain":0.0,"max_hp_loss":0.0,"gold_gain":0.0,"event_name":"The Cleric","player_choice":"Card Removal","floor":5.0,"gold_loss":50.0,"damage_taken":0.0},{"damage_healed":0,"gold_gain":0,"player_choice":"Forge","damage_taken":0,"max_hp_gain":0,"max_hp_loss":0,"event_name":"Accursed Blacksmith","floor":10,"gold_loss":0,"cards_upgraded":["ats:Defend"]}],"is_beta":false,"boss_relics":[],"items_purged_floors":[],"is_endless":false,"potions_floor_spawned":[1,4,8],"killed_by":"Slime Boss","ascension_level":6}}