{"host":"t3nmszc7fx0d6552","time":1611495993,"event":{"mods":["AchievementEnabler","BaseMod","Colored Map","Downfall","Minty Spire (QoL Compilation)","Permanent Neow","StSLib","SuperFastMode"],"gold_per_floor":[99,115,115,64,81,231,231,406,421,432,432,442,474,40,59,156,156,156,169,189,208,158,57,81,94,127,127,145,158,158,158,177,277,277,277,287,302,45,56,6,6,6,40,40,40,40,40,40,59,59,59,59],"floor_reached":50,"language":"ENG","playtime":5474,"items_purged":["hexamod:Strike","hexamod:Strike","downfall:Icky"],"score":595,"play_id":"baa7ba24-0376-4bdd-b0ee-538734e2f231","local_time":"20210124224633","is_ascension_mode":true,"campfire_choices":[{"data":"hexamod:TimeOfNeed","floor":1,"key":"SMITH"},{"data":"hexamod:ApocalypticArmor","floor":18,"key":"SMITH"},{"data":"hexamod:ForkedFlame","floor":30,"key":"SMITH"},{"data":"hexamod:RainOfEmbers","floor":35,"key":"SMITH"},{"data":"hexamod:PhantomCloak","floor":42,"key":"SMITH"},{"data":"hexamod:SoulSteal","floor":44,"key":"SMITH"},{"floor":47,"key":"REST"}],"circlet_count":0,"master_deck":["hexamod:Defend","hexamod:Defend","hexamod:Defend","hexamod:Defend","hexamod:Sear","hexamod:Float","hexamod:ForkedFlame+1","hexamod:TimeOfNeed+1","hexamod:Incineration+1","hexamod:SoulSteal+1","hexamod:SpectralSpark+1","hexamod:ThermalTransfer","hexamod:FastForward+1","hexamod:RadiantFlame","hexamod:Hexaguard+1","hexamod:PhantomCloak+1","hexamod:FastForward+1","hexamod:InspiringFlames+1","hexamod:VolcanoVisage","hexamod:ApocalypticArmor+1","CurseOfTheBell","hexamod:BacktrackSmack+1","hexamod:RainOfEmbers+1","hexamod:BurningTouch+1","hexamod:ShieldOfDarkness+1","hexamod:Haunt+1","hexamod:ChargedBarrage+1","hexamod:FlameSwitch+1","hexamod:NightmareGuise+1","hexamod:FlamesFromBeyond+1","hexamod:NightmareStrike+1","hexamod:SwordOfDarkness+1","hexamod:RecurringNightmare+1","hexamod:CatchUp+1","hexamod:Hexaguard+1","Parasite","hexamod:GhostOfSpireFuture+1","expansioncontent:Chronoboost","hexamod:GhostShield+1"],"relics":["hexamod:SpiritBrand","Blood Vial","Toxic Egg 2","Smiling Mask","Meat on the Bone","Calling Bell","Oddly Smooth Stone","InkBottle","Turnip","Orichalcum","Anchor","Slimebound:PreparedRelic","Cursed Key","Guardian:BottledAnomaly","Bird Faced Urn","Whetstone","Bottled Lightning","hexamod:TheBrokenSeal"],"acts_visited":["Exordium","TheCity","TheBeyond"],"potions_floor_usage":[13,14,16,16,16,16,19,21,23,26,29,33,39,43,50,50],"damage_taken":[{"damage":0,"enemies":"2 Louse","floor":2,"turns":3},{"damage":5,"enemies":"downfall:FleeingMerchant","floor":4,"turns":4},{"damage":1,"enemies":"Jaw Worm","floor":5,"turns":3},{"damage":5,"enemies":"Small Slimes","floor":9,"turns":3},{"damage":10,"enemies":"Exordium Wildlife","floor":10,"turns":4},{"damage":20,"enemies":"Gremlin Gang","floor":12,"turns":3},{"damage":13,"enemies":"Gremlin Nob","floor":13,"turns":3},{"damage":10,"enemies":"downfall:FleeingMerchant","floor":14,"turns":4},{"damage":0,"enemies":"Large Slime","floor":15,"turns":5},{"damage":17,"enemies":"DF_ARCHETYPE_STREAMLINE","floor":16,"turns":9},{"damage":15,"enemies":"Spheric Guardian","floor":19,"turns":5},{"damage":13,"enemies":"Sentry and Sphere","floor":20,"turns":7},{"damage":15,"enemies":"Centurion and Healer","floor":21,"turns":11},{"damage":10,"enemies":"downfall:FleeingMerchant","floor":23,"turns":4},{"damage":25,"enemies":"Shelled Parasite and Fungi","floor":25,"turns":6},{"damage":39,"enemies":"Slavers","floor":26,"turns":4},{"damage":1,"enemies":"Sentry and Sphere","floor":28,"turns":4},{"damage":10,"enemies":"Snake Plant","floor":29,"turns":6},{"damage":0,"enemies":"Cultist and Chosen","floor":32,"turns":3},{"damage":38,"enemies":"SI_MIRROR_ARCHETYPE","floor":33,"turns":13},{"damage":3,"enemies":"Orb Walker","floor":36,"turns":4},{"damage":0,"enemies":"3 Shapes","floor":37,"turns":3},{"damage":1,"enemies":"downfall:FleeingMerchant","floor":38,"turns":4},{"damage":32,"enemies":"Spire Growth","floor":39,"turns":6},{"damage":41,"enemies":"Giant Head","floor":43,"turns":9},{"damage":14,"enemies":"Writhing Mass","floor":49,"turns":6},{"damage":118,"enemies":"IC_BLOCK_ARCHETYPE","floor":50,"turns":4}],"seed_played":"7847258805001184720","potions_obtained":[{"floor":2,"key":"bronze:BurnAndBuffPotion"},{"floor":5,"key":"Swift Potion"},{"floor":10,"key":"Slimebound:ThreeZeroPotion"},{"floor":13,"key":"champ:CounterPotion"},{"floor":15,"key":"EntropicBrew"},{"floor":16,"key":"FairyPotion"},{"floor":19,"key":"AttackPotion"},{"floor":20,"key":"Guardian:BlockOnCardUsePotion"},{"floor":23,"key":"hexamod:DoubleChargePotion"},{"floor":25,"key":"SteroidPotion"},{"floor":25,"key":"Swift Potion"},{"floor":26,"key":"Ancient Potion"},{"floor":29,"key":"Explosive Potion"},{"floor":29,"key":"Ancient Potion"},{"floor":32,"key":"Swift Potion"},{"floor":36,"key":"Guardian:BlockOnCardUsePotion"},{"floor":37,"key":"DuplicationPotion"},{"floor":39,"key":"Energy Potion"},{"floor":43,"key":"DuplicationPotion"}],"is_trial":false,"path_per_floor":["R","M","?","$","M","?","T","?","M","M","?","M","E","$","M","B",null,"R","M","M","M","?","$","T","M","E","?","M","M","R","T","M","B",null,"R","M","M","$","M","$","T","R","E","R","$","?","R","?","M","B"],"character_chosen":"THE_SPIRIT","items_purchased":["hexamod:SpectralSpark","Meat on the Bone","hexamod:InspiringFlames+1","hexamod:FourthSeal","hexamod:Haunt+1","Guardian:BottledAnomaly","hexamod:ThirdSeal","Bird Faced Urn","hexamod:RecurringNightmare+1"],"campfire_rested":1,"item_purchase_floors":[4,14,14,14,23,38,38,38,38],"current_hp_per_floor":[63,63,56,53,54,54,54,54,51,43,43,25,14,6,20,17,63,63,48,37,36,62,53,53,42,17,17,30,34,34,34,36,30,63,63,60,63,62,58,58,58,58,47,47,47,47,63,63,73,0,0,0],"gold":59,"neow_bonus":"TRANSFORM_TWO_CARDS","is_daily":false,"chose_seed":false,"campfire_upgraded":6,"win_rate":0.0,"timestamp":1611495993,"path_taken":["R","M","?","$","M","?","T","?","M","?","?","M","E","?","M","BOSS","R","M","M","?","?","$","T","M","E","?","M","?","R","?","M","BOSS","R","M","M","$","M","$","T","R","E","R","?","?","R","?","M","BOSS"],"items_purchased_type":["Card","Relic","Card","Card","Card","Relic","Card","Relic","Card"],"build_version":"2020-12-22","purchased_purges":3,"victory":false,"max_hp_per_floor":[63,63,63,63,63,63,63,63,63,63,63,63,63,63,63,63,63,63,63,63,63,63,63,63,63,63,63,63,63,63,63,63,63,63,63,63,63,63,63,63,63,63,63,63,63,63,63,63,73,73,73,73],"card_choices":[{"not_picked":["hexamod:HeatMetal","hexamod:PhantomFireball"],"picked":"hexamod:Incineration","floor":2},{"not_picked":["hexamod:GhostLash","hexamod:UnlimitedPower"],"picked":"hexamod:SoulSteal","floor":4},{"not_picked":["hexamod:ShieldOfDarkness","hexamod:Incineration"],"picked":"hexamod:ThermalTransfer","floor":5},{"not_picked":["hexamod:HeatMetal","hexamod:ThermalTransfer"],"picked":"hexamod:FastForward+1","floor":9},{"not_picked":["hexamod:ThermalTransfer","hexamod:PhantomFireball"],"picked":"hexamod:RadiantFlame","floor":10},{"not_picked":["hexamod:Again+1","hexamod:FirstSeal"],"picked":"hexamod:Hexaguard+1","floor":12},{"not_picked":["hexamod:ThermalTransfer","hexamod:SuperheatedStrike"],"picked":"hexamod:PhantomCloak","floor":13},{"not_picked":["hexamod:SwordOfDarkness","hexamod:Hexaguard+1"],"picked":"hexamod:FastForward+1","floor":14},{"not_picked":["hexamod:ThermalTransfer","hexamod:NightmareStrike"],"picked":"hexamod:VolcanoVisage","floor":15},{"not_picked":["hexamod:ParanormalForm","hexamod:TimeWarp"],"picked":"hexamod:ApocalypticArmor","floor":16},{"not_picked":["hexamod:Hexaguard+1","hexamod:SuperheatedStrike"],"picked":"hexamod:BacktrackSmack","floor":19},{"not_picked":["hexamod:BurningTouch+1","hexamod:NightmareStrike"],"picked":"hexamod:RainOfEmbers","floor":20},{"not_picked":["hexamod:FastForward+1","hexamod:SuperheatedStrike"],"picked":"hexamod:BurningTouch+1","floor":21},{"not_picked":["hexamod:Incineration","hexamod:NightmareStrike"],"picked":"hexamod:ShieldOfDarkness+1","floor":23},{"not_picked":["hexamod:ExtraCrispy+1","hexamod:GhostLash"],"picked":"hexamod:ChargedBarrage+1","floor":25},{"not_picked":["hexamod:BurningTouch+1","hexamod:RadiantFlame"],"picked":"hexamod:FlameSwitch+1","floor":26},{"not_picked":["hexamod:BurningTouch+1","hexamod:HeatCrush"],"picked":"hexamod:NightmareGuise+1","floor":28},{"not_picked":["hexamod:ExtraCrispy","hexamod:GhostOfSpirePast"],"picked":"hexamod:FlamesFromBeyond+1","floor":29},{"not_picked":["hexamod:BacktrackSmack","hexamod:FlamesFromBeyond+1"],"picked":"hexamod:NightmareStrike+1","floor":32},{"not_picked":["hexamod:GhostflameInferno+1","hexamod:TimeOfNeed+1"],"picked":"hexamod:FifthSeal","floor":33},{"not_picked":["hexamod:FourthSeal","hexamod:SecondSeal"],"picked":"hexamod:FirstSeal","floor":36},{"not_picked":["hexamod:Haunt+1","hexamod:FlamesFromBeyond+1","hexamod:FastForward+1"],"picked":"SKIP","floor":36},{"not_picked":["hexamod:Hexaguard+1","hexamod:VolcanoVisage"],"picked":"hexamod:SwordOfDarkness+1","floor":37},{"not_picked":["hexamod:BurningTouch+1","hexamod:DynamicBlow","hexamod:GhostLash"],"picked":"SKIP","floor":38},{"not_picked":["hexamod:FirstSeal","hexamod:FourthSeal"],"picked":"hexamod:SixthSeal","floor":39},{"not_picked":["hexamod:StepThrough+1","hexamod:InspiringFlames+1"],"picked":"hexamod:CatchUp+1","floor":39},{"not_picked":["hexamod:SuperheatedStrike","hexamod:GhostLash"],"picked":"hexamod:Hexaguard+1","floor":39},{"not_picked":["hexamod:FlamesFromBeyond+1","hexamod:EtherealExpedition+1"],"picked":"hexamod:GhostOfSpireFuture+1","floor":43},{"not_picked":["hexamod:FourthSeal","hexamod:SixthSeal"],"picked":"hexamod:SecondSeal","floor":43},{"not_picked":["expansioncontent:GuardianWhirl","expansioncontent:YouAreMine+1"],"picked":"expansioncontent:Chronoboost","floor":48},{"not_picked":["hexamod:SpectersWail+1","hexamod:Hexaguard+1"],"picked":"hexamod:GhostShield+1","floor":49},{"not_picked":["hexamod:NightmareStrike","hexamod:NecessarySacrifice+1","hexamod:ShieldOfDarkness+1"],"picked":"SKIP","floor":49}],"player_experience":1531124,"relics_obtained":[{"floor":7,"key":"Toxic Egg 2"},{"floor":13,"key":"Smiling Mask"},{"floor":17,"key":"Oddly Smooth Stone"},{"floor":17,"key":"InkBottle"},{"floor":17,"key":"Turnip"},{"floor":24,"key":"Orichalcum"},{"floor":26,"key":"Anchor"},{"floor":31,"key":"Slimebound:PreparedRelic"},{"floor":41,"key":"Whetstone"},{"floor":43,"key":"Bottled Lightning"}],"event_choices":[{"damage_healed":0,"gold_gain":0,"player_choice":"Success","damage_taken":7,"relics_obtained":["Blood Vial"],"max_hp_gain":0,"max_hp_loss":0,"event_name":"Scrap Ooze","floor":3,"gold_loss":0},{"cards_removed":["Doubt"],"damage_healed":0,"gold_gain":0,"player_choice":"Forget","damage_taken":0,"max_hp_gain":0,"max_hp_loss":0,"event_name":"Living Wall","floor":11,"gold_loss":0}],"is_beta":false,"boss_relics":[{"not_picked":["Sozu","Black Star"],"picked":"Calling Bell"},{"not_picked":["Pandora\u0027s Box","Philosopher\u0027s Stone"],"picked":"Cursed Key"}],"items_purged_floors":[14,23,40],"is_endless":false,"potions_floor_spawned":[2,5,10,13,16,20,25,26,29,32,43],"killed_by":"IC_BLOCK_ARCHETYPE","ascension_level":1}}