{"host":"2se5dq1do2gp0x9k","time":1611461173,"event":{"mods":["AchievementEnabler","BaseMod","Block Reminder","Colored Map","Colored Powertips","Minty Spire (QoL Compilation)","Relic Stats","StSLib","SuperFastMode"],"gold_per_floor":[119,194,194,209,209,252,265,265,265,230,264,264,5,20,20,20,20],"floor_reached":16,"language":"ENG","playtime":485,"items_purged":[],"score":266,"play_id":"e1167e4b-8723-4ee0-bbf9-41bc45fee879","local_time":"20210123200613","is_ascension_mode":true,"campfire_choices":[{"data":"Crippling Poison","floor":8,"key":"SMITH"},{"data":"Sucker Punch","floor":12,"key":"SMITH"},{"data":"Apotheosis","floor":15,"key":"SMITH"}],"circlet_count":0,"master_deck":["AscendersBane","Strike_G","Strike_G","Strike_G+1","Strike_G","Strike_G","Defend_G","Defend_G","Defend_G","Defend_G","Defend_G+1","Survivor","Neutralize","Blade Dance","Dagger Throw","Crippling Poison+1","Acrobatics","Sucker Punch+1","Apotheosis+1","Cloak And Dagger","Cloak And Dagger"],"relics":["Ring of the Snake","NeowsBlessing","Golden Idol","Peace Pipe","Singing Bowl","Art of War"],"acts_visited":["Exordium"],"potions_floor_usage":[11,16,16],"damage_taken":[{"damage":0,"enemies":"2 Louse","floor":1,"turns":1},{"damage":0,"enemies":"Small Slimes","floor":4,"turns":1},{"damage":0,"enemies":"Gremlin Nob","floor":6,"turns":1},{"damage":4,"enemies":"Jaw Worm","floor":7,"turns":5},{"damage":21,"enemies":"3 Sentries","floor":11,"turns":9},{"damage":0,"enemies":"2 Fungi Beasts","floor":14,"turns":4},{"damage":20,"enemies":"Hexaghost","floor":16,"turns":11}],"seed_played":"652900523810548805","potions_obtained":[{"floor":6,"key":"AttackPotion"},{"floor":11,"key":"ColorlessPotion"},{"floor":14,"key":"Poison Potion"}],"is_trial":false,"path_per_floor":["M","?","?","M","?","E","M","R","T","?","E","R","$","M","R","B"],"character_chosen":"THE_SILENT","items_purchased":["Apotheosis","Cloak And Dagger"],"campfire_rested":0,"item_purchase_floors":[13,13],"current_hp_per_floor":[59,48,48,48,30,30,26,26,26,41,20,20,20,20,20,0,0],"gold":20,"neow_bonus":"THREE_ENEMY_KILL","is_daily":false,"chose_seed":false,"campfire_upgraded":3,"win_rate":0.0,"timestamp":1611461173,"path_taken":["M","?","?","M","?","E","?","R","T","?","E","R","$","M","R","BOSS"],"items_purchased_type":["Card","Card"],"build_version":"2020-12-22","purchased_purges":0,"victory":false,"max_hp_per_floor":[66,66,60,60,60,60,60,60,60,60,60,60,60,60,60,60,60],"relic_stats":{"Peace Pipe":0,"Singing Bowl":0,"counters":[7,32],"Golden Idol":25,"Art of War":[0],"obtain_stats":[{"Peace Pipe":6,"NeowsBlessing":0,"Singing Bowl":9,"Golden Idol":3,"Art of War":11,"Ring of the Snake":0},{"Peace Pipe":3,"NeowsBlessing":0,"Singing Bowl":4,"Golden Idol":1,"Art of War":5,"Ring of the Snake":0},{"Peace Pipe":3,"NeowsBlessing":0,"Singing Bowl":8,"Golden Idol":1,"Art of War":17,"Ring of the Snake":0}],"Ring of the Snake":[14]},"card_choices":[{"not_picked":["Dodge and Roll","Terror"],"picked":"Blade Dance","floor":1},{"not_picked":["Quick Slash","Acrobatics"],"picked":"Dagger Throw","floor":4},{"not_picked":["Endless Agony","Dagger Throw"],"picked":"Crippling Poison","floor":6},{"not_picked":["Choke","Cloak And Dagger"],"picked":"Acrobatics","floor":7},{"not_picked":["Slice","Storm of Steel"],"picked":"Sucker Punch","floor":11},{"not_picked":["Deadly Poison","Skewer"],"picked":"Cloak And Dagger","floor":14}],"player_experience":3943916,"relics_obtained":[{"floor":6,"key":"Peace Pipe"},{"floor":9,"key":"Singing Bowl"},{"floor":11,"key":"Art of War"}],"event_choices":[{"damage_healed":0,"gold_gain":75,"player_choice":"Gather Gold","damage_taken":11,"max_hp_gain":0,"max_hp_loss":0,"event_name":"World of Goop","floor":2,"gold_loss":0},{"damage_healed":0,"gold_gain":0,"player_choice":"Lose Max HP","damage_taken":0,"relics_obtained":["Golden Idol"],"max_hp_gain":0,"max_hp_loss":6,"event_name":"Golden Idol","floor":3,"gold_loss":0},{"damage_healed":0,"gold_gain":0,"player_choice":"Entered Light","damage_taken":18,"max_hp_gain":0,"max_hp_loss":0,"event_name":"Shining Light","floor":5,"gold_loss":0,"cards_upgraded":["Defend_G","Strike_G"]},{"damage_healed":15,"gold_gain":0,"player_choice":"Healed","damage_taken":0,"max_hp_gain":0,"max_hp_loss":0,"event_name":"The Cleric","floor":10,"gold_loss":35}],"is_beta":false,"boss_relics":[],"items_purged_floors":[],"is_endless":false,"potions_floor_spawned":[6,11,14],"killed_by":"Hexaghost","ascension_level":20}}