{"host":"94aus4jnk6thj94q","time":1611525690,"event":{"mods":["BaseMod","Minty Spire (QoL Compilation)","Quick Restart","StSLib"],"gold_per_floor":[112,112,112,26,37,37,54,70,70,95,107,39,39,53,53,53,53],"floor_reached":16,"language":"ENG","playtime":37188,"items_purged":[],"score":100,"play_id":"1f7aaeb4-49e1-4e68-83c0-dc46a3a8ea52","local_time":"20210125000130","is_ascension_mode":false,"campfire_choices":[{"data":"Zap","floor":6,"key":"SMITH"},{"data":"Buffer","floor":11,"key":"SMITH"},{"floor":15,"key":"RECALL"}],"circlet_count":0,"master_deck":["Strike_B","Strike_B","Strike_B+1","Strike_B","Defend_B","Defend_B","Defend_B","Defend_B","Zap+1","Dualcast","Coolheaded+1","Blizzard","Leap","BootSequence","Buffer+1","Fusion","Self Repair","Cold Snap"],"relics":["Cracked Core","NeowsBlessing","Bottled Tornado","MawBank"],"acts_visited":["Exordium"],"potions_floor_usage":[8,16],"damage_taken":[{"damage":0,"enemies":"Jaw Worm","floor":1,"turns":1},{"damage":0,"enemies":"2 Louse","floor":5,"turns":1},{"damage":0,"enemies":"Small Slimes","floor":7,"turns":1},{"damage":1,"enemies":"Gremlin Gang","floor":8,"turns":4},{"damage":4,"enemies":"3 Sentries","floor":10,"turns":9},{"damage":0,"enemies":"Looter","floor":14,"turns":3},{"damage":19,"enemies":"Slime Boss","floor":16,"turns":11}],"seed_played":"-8323927892305534615","potions_obtained":[{"floor":7,"key":"Fire Potion"},{"floor":10,"key":"Explosive Potion"}],"is_trial":false,"path_per_floor":["M","?","?","$","M","R","M","M","T","E","R","$","?","M","R","B"],"character_chosen":"DEFECT","items_purchased":["Blizzard","Leap","Self Repair"],"campfire_rested":0,"item_purchase_floors":[4,4,12],"current_hp_per_floor":[75,60,75,75,75,75,75,74,74,70,70,70,70,75,75,56,56],"gold":53,"neow_bonus":"THREE_ENEMY_KILL","is_daily":false,"chose_seed":false,"campfire_upgraded":2,"win_rate":0.0,"timestamp":1611525690,"path_taken":["M","?","?","$","M","R","M","M","T","E","R","?","?","?","R","BOSS"],"items_purchased_type":["Card","Card","Card"],"build_version":"2020-12-22","purchased_purges":0,"victory":false,"max_hp_per_floor":[75,75,75,75,75,75,75,75,75,75,75,75,75,75,75,75,75],"card_choices":[{"not_picked":["Force Field","Beam Cell"],"picked":"Coolheaded","floor":1},{"not_picked":["Steam Power","Go for the Eyes"],"picked":"BootSequence","floor":5},{"not_picked":["Sweeping Beam","Rebound","Compile Driver"],"picked":"SKIP","floor":7},{"not_picked":["Steam","FTL"],"picked":"Buffer","floor":8},{"not_picked":["Leap","Skim"],"picked":"Fusion","floor":10},{"not_picked":["Coolheaded","Gash"],"picked":"Cold Snap","floor":14}],"player_experience":5908509,"relics_obtained":[{"floor":9,"key":"Bottled Tornado"},{"floor":10,"key":"MawBank"}],"event_choices":[{"damage_healed":0,"gold_gain":0,"player_choice":"Entered Light","damage_taken":15,"max_hp_gain":0,"max_hp_loss":0,"event_name":"Shining Light","floor":2,"gold_loss":0,"cards_upgraded":["Coolheaded","Strike_B"]},{"damage_healed":25,"gold_gain":0,"player_choice":"Banana","damage_taken":0,"max_hp_gain":0,"max_hp_loss":0,"event_name":"Big Fish","floor":3,"gold_loss":0},{"damage_healed":0,"gold_gain":0,"player_choice":"Leave","damage_taken":0,"max_hp_gain":0,"max_hp_loss":0,"event_name":"FaceTrader","floor":13,"gold_loss":0}],"is_beta":false,"boss_relics":[],"items_purged_floors":[],"is_endless":false,"potions_floor_spawned":[7,10],"killed_by":"Slime Boss","ascension_level":0}}