{"host":"srk2drlvga69hbot","time":1611510079,"event":{"mods":["BaseMod","Bestiary","Block Reminder","Colored Map","Colored Powertips","Dark Map","DeckTracker","Highlight Path","Minty Spire (QoL Compilation)","Quick Restart","Rare Cards Sparkle","Relic Stats","SuperFastMode","Unceasing Turn Reminder"],"gold_per_floor":[114,289,300,82,82,82,93,111,111,186,215,235,252,262,262,367,367,379,379,391,391,402,402,402,402],"floor_reached":24,"language":"ZHS","playtime":1167,"items_purged":["Doubt"],"score":260,"play_id":"1bffac31-d73e-495a-8285-aa2823ca81d2","local_time":"20210125014119","is_ascension_mode":true,"campfire_choices":[{"data":"Neutralize","floor":6.0,"key":"SMITH"},{"floor":15.0,"key":"REST"},{"data":"Prepared","floor":23,"key":"SMITH"}],"circlet_count":0,"master_deck":["Defend_G","Defend_G","Defend_G","Defend_G","Defend_G","Survivor","Neutralize+1","Prepared","Bouncing Flask","Escape Plan","Underhanded Strike","Burst","Grand Finale","Endless Agony+1","All Out Attack+1","Leg Sweep+1","Prepared+1"],"relics":["Ring of the Snake","Lantern","The Courier","Omamori","Astrolabe"],"acts_visited":["Exordium","TheCity"],"potions_floor_usage":[],"damage_taken":[{"damage":0.0,"enemies":"2 Louse","floor":1.0,"turns":4.0},{"damage":4.0,"enemies":"Small Slimes","floor":3.0,"turns":6.0},{"damage":0.0,"enemies":"Cultist","floor":7.0,"turns":3.0},{"damage":5.0,"enemies":"Exordium Thugs","floor":8.0,"turns":5.0},{"damage":21.0,"enemies":"Gremlin Nob","floor":11.0,"turns":4.0},{"damage":0.0,"enemies":"Blue Slaver","floor":12.0,"turns":3.0},{"damage":0.0,"enemies":"Large Slime","floor":13.0,"turns":6.0},{"damage":4.0,"enemies":"Lots of Slimes","floor":14.0,"turns":5.0},{"damage":24.0,"enemies":"Hexaghost","floor":16.0,"turns":8.0},{"damage":12.0,"enemies":"3 Byrds","floor":18.0,"turns":4.0},{"damage":0,"enemies":"Chosen","floor":20,"turns":5},{"damage":3,"enemies":"Centurion and Healer","floor":22,"turns":11},{"damage":46,"enemies":"3 Cultists","floor":24,"turns":5}],"seed_played":"3378646718965824548","potions_obtained":[{"floor":7.0,"key":"SpeedPotion"},{"floor":8.0,"key":"Block Potion"},{"floor":11.0,"key":"AttackPotion"},{"floor":13.0,"key":"CunningPotion"},{"floor":20,"key":"LiquidMemories"}],"is_trial":false,"path_per_floor":["M","?","M","$","?","R","M","M","T","?","E","M","M","M","R","B",null,"M","?","M","?","M","R","M"],"character_chosen":"THE_SILENT","items_purchased":["Lantern"],"campfire_rested":1,"item_purchase_floors":[4],"current_hp_per_floor":[45,45,41,41,41,41,41,36,36,29,8,8,8,4,25,1,53,41,41,41,41,38,38,0,0],"gold":402,"neow_bonus":"REMOVE_TWO","is_daily":false,"chose_seed":false,"campfire_upgraded":2,"win_rate":0.0,"timestamp":1611510079,"path_taken":["M","?","M","$","?","R","M","M","T","?","E","M","?","M","R","BOSS","M","?","M","?","M","R","M"],"items_purchased_type":["Relic"],"build_version":"2020-12-22","purchased_purges":1,"victory":false,"max_hp_per_floor":[70,70,70,70,70,70,70,70,70,70,70,70,70,70,70,70,70,70,70,70,70,70,70,70,70],"relic_stats":{"counters":[13,69],"Astrolabe":["Endless Agony","All Out Attack","Leg Sweep"],"obtain_stats":[{"Lantern":4,"Astrolabe":17,"The Courier":9,"Omamori":11,"Ring of the Snake":0},{"Lantern":2,"Astrolabe":9,"The Courier":4,"Omamori":5,"Ring of the Snake":0},{"Lantern":10,"Astrolabe":44,"The Courier":18,"Omamori":22,"Ring of the Snake":0}],"Ring of the Snake":[26]},"card_choices":[{"not_picked":["Blade Dance","Backflip"],"picked":"Prepared","floor":1.0},{"not_picked":["Underhanded Strike","Prepared"],"picked":"Bouncing Flask","floor":3.0},{"not_picked":["Predator","Choke","Bane"],"picked":"SKIP","floor":7.0},{"not_picked":["Deflect","Infinite Blades","Slice"],"picked":"SKIP","floor":8.0},{"not_picked":["Bouncing Flask","Caltrops","Infinite Blades"],"picked":"SKIP","floor":11.0},{"not_picked":["Dagger Throw","Dodge and Roll"],"picked":"Escape Plan","floor":12.0},{"not_picked":["Flechettes","Flying Knee"],"picked":"Underhanded Strike","floor":13.0},{"not_picked":["Cloak And Dagger","Deflect"],"picked":"Burst","floor":14.0},{"not_picked":["Adrenaline","Malaise"],"picked":"Grand Finale","floor":16.0},{"not_picked":["Deflect+1","Heel Hook"],"picked":"Prepared","floor":18.0},{"not_picked":["Sucker Punch","Backflip","Underhanded Strike"],"picked":"SKIP","floor":20},{"not_picked":["Dagger Spray+1","Dash","Leg Sweep"],"picked":"SKIP","floor":22}],"player_experience":224282,"relics_obtained":[{"floor":9.0,"key":"The Courier"},{"floor":11.0,"key":"Omamori"}],"event_choices":[{"damage_healed":0.0,"max_hp_gain":0.0,"max_hp_loss":0.0,"gold_gain":175.0,"event_name":"Liars Game","player_choice":"AGREE","floor":2.0,"gold_loss":0.0,"damage_taken":0.0,"cards_obtained":["Doubt"]},{"damage_healed":0.0,"max_hp_gain":0.0,"max_hp_loss":0.0,"gold_gain":0.0,"event_name":"Shining Light","player_choice":"Ignored","floor":5.0,"gold_loss":0.0,"damage_taken":0.0},{"damage_healed":0.0,"max_hp_gain":0.0,"max_hp_loss":0.0,"gold_gain":75.0,"event_name":"FaceTrader","player_choice":"Touch","floor":10.0,"gold_loss":0.0,"damage_taken":7.0},{"damage_healed":0,"gold_gain":0,"player_choice":"Ignored","damage_taken":0,"max_hp_gain":0,"max_hp_loss":0,"event_name":"Cursed Tome","floor":19,"gold_loss":0},{"damage_healed":0,"gold_gain":0,"player_choice":"Ignored","damage_taken":0,"max_hp_gain":0,"max_hp_loss":0,"event_name":"Vampires","floor":21,"gold_loss":0}],"is_beta":false,"boss_relics":[{"not_picked":["SacredBark","Black Star"],"picked":"Astrolabe"}],"items_purged_floors":[4],"is_endless":false,"potions_floor_spawned":[7,8,11,13,20],"killed_by":"3 Cultists","ascension_level":6}}