{"host":"9l4mw5jqza9qz9hr","time":1611491219,"event":{"mods":["AchievementEnabler","Always Whale","BaseMod","Colored Map","Minty Spire (QoL Compilation)","StSLib","SuperFastMode"],"gold_per_floor":[116,116,116,132,57,57,75,75,75,88,88,139,139,169,169,243,243,261,46,59,59,59,84,84,101,152,180,191,209,16,26,26,101,101,113,113,133,133,146,146,175,175,175,205,205,224,244,264,264,264],"floor_reached":51,"language":"KOR","playtime":2952,"items_purged":["Strike_B","Strike_B","Strike_B+1"],"score":1277,"play_id":"7390dc19-7ed9-45b7-a973-2765ae225d67","local_time":"20210124212659","is_ascension_mode":true,"campfire_choices":[{"data":"Zap","floor":6,"key":"SMITH"},{"data":"Ball Lightning","floor":8,"key":"SMITH"},{"data":"Go for the Eyes","floor":13,"key":"SMITH"},{"data":"Conserve Battery","floor":15,"key":"SMITH"},{"data":"Defragment","floor":24,"key":"SMITH"},{"data":"Defragment","floor":32,"key":"SMITH"},{"data":"Creative AI","floor":40,"key":"SMITH"},{"data":"Capacitor","floor":45,"key":"SMITH"},{"data":"Echo Form","floor":49,"key":"SMITH"}],"circlet_count":0,"master_deck":["AscendersBane","Defend_B","Zap+1","Dualcast+1","Ball Lightning+1","Blizzard","Go for the Eyes+1","Creative AI+1","Compile Driver","Capacitor+1","Tempest","Sweeping Beam","Ghostly","Ghostly","Ghostly","Ghostly","Ghostly","Defragment+1","Coolheaded","Glacier","Capacitor","Barrage+1","Defragment+1","Echo Form+1","Loop+1"],"relics":["FrozenCore","NeowsBlessing","Matryoshka","Bag of Marbles","Bag of Preparation","Omamori","Bronze Scales","Regal Pillow","Vajra","Orichalcum","Singing Bowl","Empty Cage","Potion Belt","Pantograph","PreservedInsect"],"acts_visited":["Exordium","TheCity","TheBeyond"],"potions_floor_usage":[14,33,39,46],"damage_taken":[{"damage":0,"enemies":"2 Louse","floor":1,"turns":1},{"damage":0,"enemies":"Cultist","floor":4,"turns":1},{"damage":0,"enemies":"Jaw Worm","floor":7,"turns":1},{"damage":6,"enemies":"Looter","floor":10,"turns":3},{"damage":20,"enemies":"3 Sentries","floor":14,"turns":5},{"damage":16,"enemies":"The Guardian","floor":16,"turns":9},{"damage":15,"enemies":"Shell Parasite","floor":18,"turns":6},{"damage":18,"enemies":"3 Byrds","floor":20,"turns":3},{"damage":5,"enemies":"Book of Stabbing","floor":23,"turns":7},{"damage":1,"enemies":"Snake Plant","floor":25,"turns":6},{"damage":0,"enemies":"Slavers","floor":27,"turns":8},{"damage":0,"enemies":"Shelled Parasite and Fungi","floor":28,"turns":6},{"damage":1,"enemies":"Chosen and Byrds","floor":29,"turns":7},{"damage":0,"enemies":"Snecko","floor":31,"turns":7},{"damage":15,"enemies":"Champ","floor":33,"turns":15},{"damage":0,"enemies":"3 Darklings","floor":35,"turns":7},{"damage":0,"enemies":"Orb Walker","floor":37,"turns":4},{"damage":1,"enemies":"Jaw Worm Horde","floor":39,"turns":5},{"damage":5,"enemies":"Giant Head","floor":41,"turns":8},{"damage":12,"enemies":"Nemesis","floor":44,"turns":13},{"damage":0,"enemies":"Spire Growth","floor":46,"turns":9},{"damage":0,"enemies":"3 Darklings","floor":47,"turns":5},{"damage":0,"enemies":"Writhing Mass","floor":48,"turns":9},{"damage":52,"enemies":"Awakened One","floor":50,"turns":12}],"seed_played":"-2627538649807932182","potions_obtained":[{"floor":4,"key":"DistilledChaos"},{"floor":7,"key":"Block Potion"},{"floor":14,"key":"Ancient Potion"},{"floor":31,"key":"Regen Potion"},{"floor":33,"key":"Ancient Potion"},{"floor":46,"key":"FairyPotion"}],"is_trial":false,"path_per_floor":["M","?","?","M","$","R","M","R","T","M","?","T","R","E","R","B",null,"M","$","M","?","?","E","R","M","T","E","M","M","$","M","R","B",null,"M","?","M","?","M","R","E","?","T","E","R","M","M","M","R","B",null],"character_chosen":"DEFECT","items_purchased":["Capacitor","Tempest","Defragment"],"campfire_rested":0,"item_purchase_floors":[19,19,30],"current_hp_per_floor":[64,50,50,50,50,50,50,50,50,44,44,44,44,24,24,8,55,40,40,22,22,22,17,17,16,16,16,16,17,17,19,19,4,30,32,32,34,30,40,40,37,37,37,25,25,27,29,31,31,4],"gold":264,"neow_bonus":"THREE_ENEMY_KILL","is_daily":false,"chose_seed":false,"campfire_upgraded":9,"win_rate":0.0,"timestamp":1611491219,"path_taken":["M","?","?","?","?","R","?","R","T","M","?","?","R","E","R","BOSS","M","$","M","?","?","E","R","?","T","E","M","M","$","M","R","BOSS","M","?","M","?","M","R","E","?","T","E","R","M","M","M","R","BOSS"],"items_purchased_type":["Card","Card","Card"],"build_version":"2020-12-22","purchased_purges":3,"victory":true,"max_hp_per_floor":[71,71,71,71,71,71,71,71,71,71,71,71,71,71,71,71,71,71,71,71,35,35,35,35,35,35,35,35,37,37,39,39,39,39,41,41,43,49,51,51,53,53,53,53,53,55,57,59,59,59],"card_choices":[{"not_picked":["Sweeping Beam","Redo"],"picked":"Ball Lightning","floor":1},{"not_picked":["Conserve Battery","Rebound"],"picked":"Blizzard","floor":4},{"not_picked":["Redo","Aggregate"],"picked":"Go for the Eyes","floor":7},{"not_picked":["Stack","Aggregate","Streamline"],"picked":"SKIP","floor":10},{"not_picked":["Fission","Cold Snap"],"picked":"Conserve Battery","floor":14},{"not_picked":["Fission","Buffer"],"picked":"Creative AI","floor":16},{"not_picked":["Hello World+1","Conserve Battery"],"picked":"Compile Driver","floor":18},{"not_picked":["Reprogram","Storm"],"picked":"Sweeping Beam","floor":20},{"not_picked":["Beam Cell","Heatsinks"],"picked":"Coolheaded","floor":23},{"not_picked":["Melter","Biased Cognition"],"picked":"Glacier","floor":25},{"not_picked":["Cold Snap","Gash"],"picked":"Capacitor","floor":27},{"not_picked":["Recycle","Cold Snap"],"picked":"Barrage+1","floor":28},{"not_picked":["Coolheaded","Sunder","Stack"],"picked":"Singing Bowl","floor":29},{"not_picked":["Genetic Algorithm","Coolheaded","Rip and Tear+1"],"picked":"Singing Bowl","floor":31},{"not_picked":["Rainbow","Reboot"],"picked":"Echo Form","floor":33},{"not_picked":["Reprogram","Steam+1","Barrage+1"],"picked":"Singing Bowl","floor":35},{"not_picked":["Redo","Hologram","Cold Snap"],"picked":"Singing Bowl","floor":37},{"not_picked":["Good Instincts","Chrysalis","Flash of Steel"],"picked":"Singing Bowl","floor":38},{"not_picked":["Flash of Steel","Bandage Up","Discovery"],"picked":"Singing Bowl","floor":38},{"not_picked":["Forethought","Impatience","Good Instincts"],"picked":"Singing Bowl","floor":38},{"not_picked":["Redo","Cold Snap","Leap"],"picked":"Singing Bowl","floor":39},{"not_picked":["BootSequence","Reprogram","Auto Shields"],"picked":"Singing Bowl","floor":41},{"not_picked":["Steam+1","Storm"],"picked":"Loop+1","floor":44},{"not_picked":["Streamline","Gash+1","Sweeping Beam"],"picked":"Singing Bowl","floor":46},{"not_picked":["Compile Driver","Go for the Eyes","Streamline"],"picked":"Singing Bowl","floor":47},{"not_picked":["Static Discharge","Gash","Double Energy"],"picked":"Singing Bowl","floor":48}],"player_experience":239017,"relics_obtained":[{"floor":9,"key":"Matryoshka"},{"floor":12,"key":"Bag of Preparation"},{"floor":12,"key":"Omamori"},{"floor":14,"key":"Bronze Scales"},{"floor":23,"key":"Regal Pillow"},{"floor":26,"key":"Vajra"},{"floor":26,"key":"Orichalcum"},{"floor":27,"key":"Singing Bowl"},{"floor":41,"key":"Potion Belt"},{"floor":43,"key":"Pantograph"},{"floor":44,"key":"PreservedInsect"}],"event_choices":[{"damage_healed":0,"gold_gain":0,"player_choice":"Entered Light","damage_taken":14,"max_hp_gain":0,"max_hp_loss":0,"event_name":"Shining Light","floor":2,"gold_loss":0,"cards_upgraded":["Dualcast","Strike_B"]},{"cards_removed":["Strike_B"],"damage_healed":0,"gold_gain":0,"player_choice":"Offered Basic","damage_taken":0,"max_hp_gain":0,"max_hp_loss":0,"event_name":"Bonfire Elementals","floor":3,"gold_loss":0},{"damage_healed":0,"gold_gain":0,"player_choice":"Searched \u00272\u0027 times","damage_taken":0,"relics_obtained":["Bag of Marbles"],"max_hp_gain":0,"max_hp_loss":0,"event_name":"Dead Adventurer","floor":11,"gold_loss":0},{"damage_healed":0,"gold_gain":0,"player_choice":"Became a Ghost","damage_taken":0,"max_hp_gain":0,"max_hp_loss":36,"event_name":"Ghosts","floor":21,"gold_loss":0,"cards_obtained":["Ghostly","Ghostly","Ghostly","Ghostly","Ghostly"]},{"damage_healed":0,"gold_gain":0,"player_choice":"Read","damage_taken":0,"max_hp_gain":0,"max_hp_loss":0,"event_name":"The Library","floor":22,"gold_loss":0,"cards_obtained":["Defragment"]},{"cards_removed":["Conserve Battery"],"damage_healed":0,"gold_gain":0,"player_choice":"Removed Skill","damage_taken":0,"max_hp_gain":0,"max_hp_loss":0,"event_name":"Falling","floor":36,"gold_loss":0},{"damage_healed":0,"gold_gain":0,"player_choice":"Memory 3","damage_taken":10,"max_hp_gain":0,"max_hp_loss":0,"event_name":"SensoryStone","floor":38,"gold_loss":0},{"cards_removed":["Defend_B"],"damage_healed":0,"gold_gain":0,"player_choice":"Purged","damage_taken":0,"max_hp_gain":0,"max_hp_loss":0,"event_name":"Purifier","floor":42,"gold_loss":0}],"is_beta":false,"boss_relics":[{"not_picked":["Nuclear Battery","Coffee Dripper"],"picked":"FrozenCore"},{"not_picked":["SlaversCollar","Runic Pyramid"],"picked":"Empty Cage"}],"items_purged_floors":[5,19,30],"is_endless":false,"potions_floor_spawned":[4,7,14,20,23,31,33,35,37,46],"ascension_level":14}}