{"host":"grooae7peokc63vv","time":1611509243,"event":{"mods":["ATMod(°¢èªMod)","BaseMod","Minty Spire (QoL Compilation)","MostiFishMod","Replay The Spire","StSLib","TestMod","¡¾ÒÅÎï¿¨ÅÆ¡¿REMEMod"],"gold_per_floor":[118,128,128,144,154,188,188,215,215,233,261,280,295,321,321,400,400,418,431,431,431,441,467,467,500,500,525,537,574,586,616,628,714,726,757,779,876,903,931,974,986,1024,1109,1137,1161,1205,1231,1278,1290,1302],"floor_reached":51,"language":"ZHS","playtime":3141,"items_purged":[],"score":1711,"play_id":"bd7cf4e5-66a9-4eba-90f0-817c1d15a739","local_time":"20210125012723","is_ascension_mode":true,"campfire_choices":[{"data":"Reaper","floor":15,"key":"SMITH"},{"data":"Limit Break","floor":24,"key":"SMITH"},{"data":"RitualDagger","floor":32,"key":"SMITH"},{"data":"Exhume","floor":49,"key":"SMITH"}],"circlet_count":0,"master_deck":["AscendersBane","Strike_R","Strike_R","Strike_R","Strike_R","Strike_R","Defend_R+1","Defend_R","Defend_R","Defend_R","Apotheosis+1","AT_WindFlip","Iron Wave","Limit Break+1","AT_DrawKnifeCut","Reaper+1","Limit Break+1","Spot Weakness","RitualDagger+1","Exhume+1","Anger","Anger","Anger"],"relics":["Burning Blood","DaveBox","REME_ComplimentaryCards","testmod-TestBox","AT_ATBox","BirthdayGift-Tetrahedron","testmod-Fanaticism","SynthV:TestCard","Matryoshka","War Paint","Lantern","Happy Flower","Nunchaku","AT_SunfireAegis","Runic Pyramid","Ring of Panic","testmod-ThousandKnives","Gambling Chip","AT_ImmortalShieldbow","Juzu Bracelet","MawBank","testmod-Antiphasic","MutagenicStrength","HereWithMe","AT_EbonyIvory","Eternal Feather","testmod-Fortitude","Divine Protection","Self Forming Clay","AT_RedTearstoneRing"],"acts_visited":["Exordium","TheCity","TheBeyond"],"potions_floor_usage":[27,27,50],"damage_taken":[{"damage":20,"enemies":"Small Slimes","floor":1,"turns":2},{"damage":4,"enemies":"2 Louse","floor":2,"turns":2},{"damage":15,"enemies":"Jaw Worm","floor":4,"turns":2},{"damage":10,"enemies":"Blue Slaver","floor":5,"turns":2},{"damage":12,"enemies":"3 Sentries","floor":6,"turns":2},{"damage":2,"enemies":"Gremlin Nob","floor":8,"turns":2},{"damage":1,"enemies":"2 Fungi Beasts","floor":10,"turns":1},{"damage":18,"enemies":"Replay:BlueRogue","floor":11,"turns":2},{"damage":19,"enemies":"Red Slaver","floor":12,"turns":2},{"damage":2,"enemies":"Exordium Wildlife","floor":13,"turns":2},{"damage":2,"enemies":"Lagavulin","floor":14,"turns":2},{"damage":2,"enemies":"Slime Boss","floor":16,"turns":2},{"damage":2,"enemies":"3 Byrds","floor":18,"turns":2},{"damage":11,"enemies":"Shell Parasite","floor":19,"turns":2},{"damage":13,"enemies":"Shelled Parasite and Fungi","floor":22,"turns":2},{"damage":29,"enemies":"Replay:Snechameleon","floor":23,"turns":2},{"damage":12,"enemies":"Book of Stabbing","floor":25,"turns":2},{"damage":39,"enemies":"Gremlin Leader","floor":27,"turns":3},{"damage":52,"enemies":"Slavers","floor":29,"turns":2},{"damage":2,"enemies":"Snake Plant","floor":31,"turns":2},{"damage":2,"enemies":"Automaton","floor":33,"turns":2},{"damage":100,"enemies":"3 Darklings","floor":35,"turns":6},{"damage":0,"enemies":"Orb Walker","floor":36,"turns":1},{"damage":20,"enemies":"Jaw Worm Horde","floor":38,"turns":2},{"damage":25,"enemies":"3 Darklings","floor":39,"turns":3},{"damage":4,"enemies":"R_Hoarder","floor":40,"turns":3},{"damage":14,"enemies":"Reptomancer","floor":42,"turns":3},{"damage":0,"enemies":"Sphere and 2 Shapes","floor":44,"turns":1},{"damage":0,"enemies":"Jaw Worm Horde","floor":45,"turns":1},{"damage":15,"enemies":"Giant Head","floor":46,"turns":2},{"damage":0,"enemies":"Spire Growth","floor":47,"turns":2},{"damage":20,"enemies":"R_Hoarder","floor":48,"turns":3},{"damage":70,"enemies":"Replay:Hell Engine","floor":50,"turns":4}],"seed_played":"-4285319048208754400","potions_obtained":[{"floor":2,"key":"PowerPotion"},{"floor":5,"key":"Toxic Potion"},{"floor":6,"key":"CultistPotion"},{"floor":29,"key":"Adrenaline Potion"},{"floor":35,"key":"LiquidBronze"},{"floor":40,"key":"Energy Potion"}],"is_trial":false,"path_per_floor":["M","M","$","M","M","E","?","E","T","M","E","M","M","E","R","B",null,"M","M","?","?","M","E","R","E","T","E","?","E","?","M","R","B",null,"M","M","?","M","M","E","?","E","T","M","M","E","M","E","R","B",null],"character_chosen":"IRONCLAD","items_purchased":[],"campfire_rested":0,"item_purchase_floors":[],"current_hp_per_floor":[54,56,56,48,49,50,50,55,55,60,59,70,75,75,75,75,75,75,75,75,54,62,80,80,80,80,80,74,80,80,80,80,80,80,85,85,51,67,85,85,85,85,85,85,85,85,85,85,85,95],"gold":1314,"neow_bonus":"REMOVE_CARD","is_daily":false,"chose_seed":false,"campfire_upgraded":4,"win_rate":0.0,"timestamp":1611509243,"path_taken":["M","M","$","M","M","E","?","E","T","M","E","M","M","E","R","BOSS","M","M","?","?","M","E","R","E","T","E","?","E","?","M","R","BOSS","M","M","?","M","M","E","?","E","T","M","M","E","M","E","R","BOSS"],"items_purchased_type":[],"build_version":"2020-12-22","purchased_purges":0,"victory":true,"max_hp_per_floor":[75,75,75,75,75,75,75,75,75,75,75,75,75,75,75,75,75,75,75,75,80,80,80,80,80,80,80,80,80,80,80,80,80,80,85,85,85,85,85,85,85,85,85,85,85,85,85,85,85,95],"card_choices":[{"not_picked":["ReplayTheSpireMod:Strike From Hell","Body Slam"],"picked":"Iron Wave","floor":1},{"not_picked":["Body Slam","Iron Wave","Anger","Replay:Undeath\u0027s Touch"],"picked":"Limit Break","floor":2},{"not_picked":["Replay:Undeath\u0027s Touch","Thunderclap","ReplayTheSpireMod:Strike From Hell","Havoc","Body Slam"],"picked":"SKIP","floor":4},{"not_picked":["Carnage","Burning Pact","Armaments","Corruption","Wild Strike"],"picked":"SKIP","floor":5},{"not_picked":["Reckless Charge","AT_IchimonjiDouble","Anger","Rampage"],"picked":"REME_Cut","floor":6},{"not_picked":["Twin Strike","ReplayTheSpireMod:Muscle Training","Battle Trance","Iron Wave"],"picked":"AT_DrawKnifeCut","floor":8},{"not_picked":["AT_ManFootWork","Twin Strike","AT_BodySlamDance","Cleave","Perfected Strike"],"picked":"SKIP","floor":10},{"not_picked":["Flex","Perfected Strike","Reckless Charge","Second Wind"],"picked":"Reaper","floor":11},{"not_picked":["Replay:Undeath\u0027s Touch","Metallicize","AT_BodySlamDance","Clothesline","Uppercut"],"picked":"SKIP","floor":12},{"not_picked":["Twin Strike","Replay:Undeath\u0027s Touch","Sentinel","REME_SingleHolding","Clothesline"],"picked":"SKIP","floor":13},{"not_picked":["Iron Wave","Flex","Shrug It Off","REME_SingleHolding","MostiFishMod:Chiaki"],"picked":"SKIP","floor":14},{"not_picked":["Juggernaut","MostiFishMod:RainCloud","Offering","Fiend Fire"],"picked":"Limit Break","floor":16},{"not_picked":["MostiFishMod:BrandingRite","Iron Wave","Anger","Sword Boomerang"],"picked":"Spot Weakness","floor":18},{"not_picked":["Armaments","Flame Barrier","Cleave","Headbutt","Evolve"],"picked":"SKIP","floor":19},{"not_picked":["Power Through","Abandon","MostiFishMod:BrandingRite","Body Slam","Carnage+1"],"picked":"SKIP","floor":22},{"not_picked":["MostiFishMod:DarkDeal","Clothesline","Dual Wield","Havoc","Fire Breathing"],"picked":"SKIP","floor":23},{"not_picked":["AT_IchimonjiDouble","ReplayTheSpireMod:Strike From Hell","Life Link","Heavy Blade","AT_DiedThrough"],"picked":"SKIP","floor":25},{"not_picked":["Flex","ReplayTheSpireMod:LeadingStrike","Wild Strike","Havoc","REME_FearOfPain+1"],"picked":"SKIP","floor":27},{"not_picked":["Twin Strike","Flex+1","Shrug It Off","MostiFishMod:BrandingRite","Disarm"],"picked":"SKIP","floor":29},{"not_picked":["Flame Barrier+1","Headbutt","Thunderclap","Clothesline","Run Through"],"picked":"SKIP","floor":31},{"not_picked":["Impervious","MostiFishMod:Chiaki","MostiFishMod:404NotFound","Reaper"],"picked":"Exhume","floor":33},{"not_picked":["ReplayTheSpireMod:Limb From Limb","Flex","ReplayReversal+1","Twin Strike","ReplayTheSpireMod:Corrosion Curse"],"picked":"SKIP","floor":35},{"not_picked":["Heavy Blade+1","Metallicize","Clash","Spot Weakness+1"],"picked":"Anger","floor":36},{"not_picked":["Cleave+1","Shockwave","Hemokinesis","AT_CaressingTears"],"picked":"Anger","floor":37},{"not_picked":["ReplayTheSpireMod:LeadingStrike","Warcry","Havoc","REME_FearOfPain+1","Replay:Undeath\u0027s Touch+1"],"picked":"SKIP","floor":38},{"not_picked":["Replay:Undeath\u0027s Touch","Massacre","Eclipse","ReplayTheSpireMod:Strike From Hell+1","Wild Strike"],"picked":"SKIP","floor":39},{"not_picked":["Pommel Strike+1","Clash","Shrug It Off+1","Life Link","Abandon"],"picked":"SKIP","floor":40},{"not_picked":["MostiFishMod:PerfectStrikeMKII","Run Through","AT_ManFootWork+1","Shockwave","Feel No Pain+1"],"picked":"SKIP","floor":42},{"not_picked":["AT_BodySlamDance","Twin Strike","Havoc","AT_IchimonjiDouble","ReplayTheSpireMod:Stacked+1"],"picked":"SKIP","floor":44},{"not_picked":["Pommel Strike","Havoc","Heavy Blade+1","REME_SingleHolding+1","ReplayTheSpireMod:LeadingStrike"],"picked":"SKIP","floor":45},{"not_picked":["Clash+1","Thunderclap+1","Second Wind+1","Heavy Blade","Carnage+1"],"picked":"SKIP","floor":46},{"not_picked":["Clash","Perfected Strike+1","ReplayReversal","Thunderclap+1","True Grit"],"picked":"SKIP","floor":47},{"not_picked":["Evolve","Eclipse","Sword Boomerang+1","Clash"],"picked":"Anger","floor":48}],"player_experience":201884,"relics_obtained":[{"floor":1,"key":"SynthV:TestCard"},{"floor":6,"key":"Matryoshka"},{"floor":8,"key":"War Paint"},{"floor":9,"key":"Lantern"},{"floor":9,"key":"Happy Flower"},{"floor":11,"key":"Nunchaku"},{"floor":14,"key":"AT_SunfireAegis"},{"floor":20,"key":"Ring of Panic"},{"floor":23,"key":"testmod-ThousandKnives"},{"floor":25,"key":"Gambling Chip"},{"floor":26,"key":"AT_ImmortalShieldbow"},{"floor":26,"key":"Juzu Bracelet"},{"floor":27,"key":"MawBank"},{"floor":29,"key":"testmod-Antiphasic"},{"floor":37,"key":"AT_EbonyIvory"},{"floor":40,"key":"Eternal Feather"},{"floor":42,"key":"testmod-Fortitude"},{"floor":43,"key":"Divine Protection"},{"floor":46,"key":"Self Forming Clay"},{"floor":48,"key":"AT_RedTearstoneRing"}],"event_choices":[{"damage_healed":0,"gold_gain":0,"player_choice":"Shed Blood","damage_taken":26,"max_hp_gain":5,"max_hp_loss":0,"event_name":"Forgotten Altar","floor":21,"gold_loss":0},{"damage_healed":0,"gold_gain":0,"player_choice":"Joined the Cult","damage_taken":6,"max_hp_gain":0,"max_hp_loss":0,"event_name":"Nest","floor":28,"gold_loss":0,"cards_obtained":["RitualDagger"]},{"damage_healed":0,"gold_gain":0,"player_choice":"Inject Mutagens","damage_taken":0,"relics_obtained":["MutagenicStrength"],"max_hp_gain":0,"max_hp_loss":0,"event_name":"Drug Dealer","floor":30,"gold_loss":0},{"cards_removed":["REME_Cut"],"damage_healed":0,"gold_gain":0,"player_choice":"Removed Power","damage_taken":0,"max_hp_gain":0,"max_hp_loss":0,"event_name":"Falling","floor":41,"gold_loss":0}],"is_beta":false,"boss_relics":[{"not_picked":["testmod-Recursion","testmod-PortableAltar"],"picked":"Runic Pyramid"},{"not_picked":["Velvet Choker","RhineFirstAidKit"],"picked":"HereWithMe"}],"items_purged_floors":[],"is_endless":false,"potions_floor_spawned":[2,5,6,10,11,22,29,35,36,40,42,46,48],"ascension_level":16}}