{"host":"kcbs4jemksave2x4","time":1611495489,"event":{"mods":["Arknights The Spire","BaseMod","Minty Spire (QoL Compilation)","StSLib"],"gold_per_floor":[116,127,143,158,171,201,201,233,259,271,291,308,383,401,401,501,501,518,518,528,540,315,341,341,341],"floor_reached":24,"language":"ZHS","playtime":1798,"items_purged":["ats:Strike S"],"score":234,"play_id":"ff7acae0-aed3-4f91-bb07-af1fc83a8c60","local_time":"20210124213809","is_ascension_mode":false,"campfire_choices":[{"data":"ats:Overload","floor":7,"key":"SMITH"},{"data":"ats:Neurotoxin","floor":15,"key":"SMITH"}],"circlet_count":0,"master_deck":["ats:Strike C","ats:Strike G","ats:Strike V","ats:Armor Crushing Shot","ats:Defend","ats:Defend","ats:Defend","ats:Defend","ats:Emotion Absorption","ats:Revitalization","ats:Hook Shot","ats:Overload+1","ats:Leaping Hammer","ats:Calcification","ats:Blood Oath","ats:Powerful Strike+1","ats:Sunburst+1","ats:Explosion Area Strengthen+1","ats:Demon Strength","ats:Neurotoxin+1","ats:Dogmatic Field","ats:Apocalypse","ats:Poison Spread+1","ats:LN2 Cannon+1","ats:Healing Drone","ats:Apocalypse"],"relics":["ats:Sanity","NeowsBlessing","ats:Originium","White Beast Statue","Molten Egg 2","Happy Flower","Runic Pyramid","ats:Ability Aura","Bronze Scales"],"acts_visited":["Exordium","TheCity"],"potions_floor_usage":[8,8,11,16,16,16,23,23],"damage_taken":[{"damage":0,"enemies":"Cultist","floor":1,"turns":1},{"damage":0,"enemies":"Jaw Worm","floor":2,"turns":1},{"damage":0,"enemies":"Small Slimes","floor":3,"turns":1},{"damage":10,"enemies":"3 Louse","floor":4,"turns":3},{"damage":16,"enemies":"Large Slime","floor":5,"turns":6},{"damage":28,"enemies":"3 Sentries","floor":6,"turns":12},{"damage":38,"enemies":"Lagavulin","floor":8,"turns":9},{"damage":20,"enemies":"Lots of Slimes","floor":10,"turns":5},{"damage":7,"enemies":"Exordium Thugs","floor":11,"turns":2},{"damage":0,"enemies":"Blue Slaver","floor":12,"turns":2},{"damage":1,"enemies":"Large Slime","floor":14,"turns":3},{"damage":4,"enemies":"Hexaghost","floor":16,"turns":6},{"damage":20,"enemies":"Spheric Guardian","floor":18,"turns":4},{"damage":20,"enemies":"Chosen","floor":20,"turns":5},{"damage":35,"enemies":"Snake Plant","floor":21,"turns":4},{"damage":35,"enemies":"Gremlin Leader","floor":23,"turns":6},{"damage":12,"enemies":"Centurion and Healer","floor":24,"turns":2}],"seed_played":"-5945238476635922284","potions_obtained":[{"floor":5,"key":"Block Potion"},{"floor":6,"key":"ColorlessPotion"},{"floor":8,"key":"Explosive Potion"},{"floor":10,"key":"BlessingOfTheForge"},{"floor":11,"key":"DistilledChaos"},{"floor":12,"key":"Ancient Potion"},{"floor":16,"key":"ats:Top Emergency Sanity Potion"},{"floor":18,"key":"Block Potion"},{"floor":20,"key":"LiquidBronze"},{"floor":21,"key":"SneckoOil"},{"floor":23,"key":"BlessingOfTheForge"}],"is_trial":false,"path_per_floor":["M","M","M","M","M","E","R","E","T","M","M","M","?","M","R","B",null,"M","?","M","M","$","E","M"],"character_chosen":"DOCTOR_CLASS","items_purchased":["ats:Healing Drone","Regen Potion"],"campfire_rested":0,"item_purchase_floors":[22,22],"current_hp_per_floor":[72,72,72,62,52,37,37,23,23,18,12,13,2,5,5,13,72,52,52,46,20,20,7,0,0],"gold":341,"neow_bonus":"THREE_ENEMY_KILL","is_daily":false,"chose_seed":false,"campfire_upgraded":2,"win_rate":0.0,"timestamp":1611495489,"path_taken":["M","?","M","M","M","E","R","E","T","M","M","M","?","M","R","BOSS","M","?","M","M","$","E","M"],"items_purchased_type":["Card","Potion"],"build_version":"2020-12-22","purchased_purges":1,"victory":false,"max_hp_per_floor":[72,72,72,72,72,72,72,72,72,72,72,72,72,72,72,72,72,72,72,72,72,72,72,72,72],"card_choices":[{"not_picked":["ats:Absolute Focus","ats:Explosion Area Strengthen"],"picked":"ats:Revitalization","floor":1},{"not_picked":["ats:Automatic Cover","ats:Blood Oath"],"picked":"ats:Hook Shot","floor":2},{"not_picked":["ats:Thermite Blade","ats:Shell Defense"],"picked":"ats:Overload","floor":3},{"not_picked":["ats:Flexible Camouflage","ats:Guard Mode"],"picked":"ats:Leaping Hammer","floor":4},{"not_picked":["ats:Thermite Blade","ats:Guardian Obelisk"],"picked":"ats:Calcification","floor":5},{"not_picked":["ats:Cat Scratch","ats:Assault Order"],"picked":"ats:Blood Oath","floor":6},{"not_picked":["ats:Mental Burst+1","ats:Red Shift+1"],"picked":"ats:Powerful Strike+1","floor":8},{"not_picked":["ats:Assault Order","ats:Burning Ground"],"picked":"ats:Sunburst+1","floor":10},{"not_picked":["ats:Leaping Hammer+1","ats:Poison Spread+1"],"picked":"ats:Explosion Area Strengthen+1","floor":11},{"not_picked":["ats:Poison Spread+1","ats:Directed Diagnosis"],"picked":"ats:Demon Strength","floor":12},{"not_picked":["ats:Thorns","ats:Literary Storm"],"picked":"ats:Neurotoxin","floor":14},{"not_picked":["ats:Calcification","ats:Echo Reverb"],"picked":"ats:Dogmatic Field","floor":16},{"not_picked":["ats:Beaten Up","ats:Cat Scratch+1"],"picked":"ats:Apocalypse","floor":18},{"not_picked":["ats:Directed Diagnosis","ats:Blood Oath+1"],"picked":"ats:Poison Spread+1","floor":20},{"not_picked":["ats:Burning Ground","ats:Soul Rend"],"picked":"ats:LN2 Cannon+1","floor":21},{"not_picked":["ats:Thermite Blade+1","ats:Powerful Strike+1"],"picked":"ats:Apocalypse","floor":23}],"player_experience":678867,"relics_obtained":[{"floor":6,"key":"ats:Originium"},{"floor":6,"key":"White Beast Statue"},{"floor":8,"key":"ats:Originium"},{"floor":8,"key":"Molten Egg 2"},{"floor":9,"key":"Happy Flower"},{"floor":23,"key":"ats:Originium"},{"floor":23,"key":"Bronze Scales"}],"event_choices":[{"damage_healed":0,"gold_gain":75,"player_choice":"Gather Gold","damage_taken":11,"max_hp_gain":0,"max_hp_loss":0,"event_name":"World of Goop","floor":13,"gold_loss":0},{"damage_healed":0,"gold_gain":0,"player_choice":"Gave Potion","damage_taken":0,"relics_obtained":["ats:Ability Aura"],"max_hp_gain":0,"max_hp_loss":0,"event_name":"WeMeetAgain","floor":19,"gold_loss":0}],"is_beta":false,"boss_relics":[{"not_picked":["Velvet Choker","Calling Bell"],"picked":"Runic Pyramid"}],"items_purged_floors":[22],"is_endless":false,"potions_floor_spawned":[5,6,8,10,11,12,14,16,18,20,21,23],"killed_by":"Centurion and Healer","ascension_level":0}}