{"host":"z9grmtg2w0nmz8n1","time":1611450442,"event":{"mods":["Aspiration","BaseMod","Better Altar","Better Match","Better Note","Better Sensory Stone","Better Skull","Better Third Choice","BetterRewards","Clawfect","Colored Map","Conspire","GifTheSpireLib","Halation","Highlight Path","Hubris","Hunter ??","Jedi Mod","Minty Spire (QoL Compilation)","Permanent Neow","Replay The Spire","Shop Mod","Spicy Shops","StSLib","Stuff the Spire","The Runesmith"],"gold_per_floor":[116,129,141,141,158,184,184,200,225,240,272,272,97,112,112,112,112],"floor_reached":16,"language":"ENG","playtime":560,"items_purged":["Strike_R","Strike_R"],"score":125,"play_id":"f6ed8c69-a518-406c-9f9c-295ee8580754","local_time":"20210123230722","is_ascension_mode":true,"campfire_choices":[{"floor":12,"key":"RECALL"},{"data":"Combust","floor":15,"key":"SMITH"}],"circlet_count":0,"master_deck":["Strike_R","Strike_R","Strike_R","Defend_R","Defend_R","Defend_R","Defend_R","Bash","Combust+1","Cleave","Iron Wave","hubris:Compulsion","jedi:collectorstrike"],"relics":["Burning Blood","Vajra","ReplayTheSpireMod:Ring of Collecting","Ring of Fury","Bottled Tornado","jedi:shrinkray"],"acts_visited":["Exordium"],"potions_floor_usage":[8,16,16],"damage_taken":[{"damage":10,"enemies":"2 Louse","floor":1,"turns":4},{"damage":12,"enemies":"Small Slimes","floor":2,"turns":4},{"damage":2,"enemies":"Jaw Worm","floor":3,"turns":3},{"damage":7,"enemies":"2 Fungi Beasts","floor":5,"turns":3},{"damage":26,"enemies":"Gremlin Nob","floor":6,"turns":4},{"damage":10,"enemies":"Exordium Wildlife","floor":8,"turns":3},{"damage":2,"enemies":"Large Slime","floor":10,"turns":3},{"damage":24,"enemies":"3 Sentries","floor":11,"turns":5},{"damage":13,"enemies":"Lots of Slimes","floor":14,"turns":2},{"damage":61,"enemies":"The Guardian","floor":16,"turns":9}],"seed_played":"6916400282189002903","potions_obtained":[{"floor":2,"key":"Swift Potion"},{"floor":5,"key":"BloodPotion"},{"floor":6,"key":"BloodPotion"},{"floor":10,"key":"Ancient Potion"},{"floor":14,"key":"Weak Potion"}],"is_trial":false,"path_per_floor":["M","M","M","?","M","E","?","M","T","M","E","R","$","M","R","B"],"character_chosen":"IRONCLAD","items_purchased":[],"campfire_rested":0,"item_purchase_floors":[],"current_hp_per_floor":[76,70,74,74,73,53,53,65,65,69,51,51,51,44,44,0,0],"gold":112,"neow_bonus":"RANDOM_COMMON_RELIC","is_daily":false,"chose_seed":false,"campfire_upgraded":1,"win_rate":0.0,"timestamp":1611450442,"path_taken":["M","M","M","?","M","E","?","M","T","M","E","R","$","M","R","BOSS"],"items_purchased_type":[],"build_version":"2020-12-22","purchased_purges":2,"victory":false,"max_hp_per_floor":[80,80,80,80,80,80,80,80,80,80,80,80,80,80,80,80,80],"card_choices":[{"not_picked":["StuffTheSpire:Slingshot","Headbutt"],"picked":"Combust","floor":1},{"not_picked":["ReplayTheSpireMod:Muscle Training","ReplayTheSpireMod:Stacked"],"picked":"Cleave","floor":2},{"not_picked":["ReplayTheSpireMod:Muscle Training","StuffTheSpire:RagingBull"],"picked":"Iron Wave","floor":3},{"not_picked":["Body Slam","Feed","Run Through"],"picked":"SKIP","floor":5},{"not_picked":["Clothesline","Defy Death"],"picked":"jedi:collectorstrike","floor":6},{"not_picked":["True Grit","Cleave"],"picked":"jedi:collectorstrike","floor":8},{"not_picked":["Clash","jedi:MakeshiftSword"],"picked":"jedi:collectorstrike","floor":10},{"not_picked":["Perfected Strike","Clothesline","Searing Blow"],"picked":"SKIP","floor":11},{"not_picked":["Blood for Blood","jedi:fear"],"picked":"jedi:collectorstrike","floor":14}],"player_experience":835132,"relics_obtained":[{"floor":4,"key":"ReplayTheSpireMod:Ring of Collecting"},{"floor":4,"key":"Ring of Fury"},{"floor":6,"key":"Bottled Tornado"},{"floor":11,"key":"jedi:shrinkray"}],"event_choices":[{"damage_healed":0,"gold_gain":0,"player_choice":"Ignored","damage_taken":184,"max_hp_gain":0,"max_hp_loss":0,"event_name":"betterThird:BetterSerpent","floor":7,"gold_loss":0}],"is_beta":false,"boss_relics":[],"items_purged_floors":[13,13],"is_endless":false,"potions_floor_spawned":[2,5,6,10,14],"killed_by":"The Guardian","ascension_level":2}}