{"host":"q6ff4ns2kep02ti6","time":1611513343,"event":{"mods":["AchievementEnabler","BaseMod","Minty Spire (QoL Compilation)","Relic Stats","StSLib","Unceasing Turn Reminder"],"gold_per_floor":[111,121,121,133,192,192,219,219,269,279,322,322,322,322],"floor_reached":13,"language":"ENG","playtime":479,"items_purged":[],"score":186,"play_id":"3e3c3c8c-0d72-47d4-965e-52fa8308f802","local_time":"20210124193543","is_ascension_mode":true,"campfire_choices":[{"data":"Armaments","floor":6,"key":"SMITH"},{"floor":12,"key":"REST"}],"circlet_count":0,"master_deck":["AscendersBane","Strike_R","Strike_R","Strike_R","Strike_R","Defend_R","Defend_R","Defend_R","Defend_R","Bash","Anger","Searing Blow","Armaments+1","Corruption","Shame","Sentinel","Shrug It Off"],"relics":["Cursed Key","Orichalcum","CeramicFish"],"acts_visited":["Exordium"],"potions_floor_usage":[7,11,13],"damage_taken":[{"damage":9,"enemies":"Small Slimes","floor":1,"turns":4},{"damage":1,"enemies":"Cultist","floor":2,"turns":3},{"damage":0,"enemies":"2 Louse","floor":4,"turns":2},{"damage":6,"enemies":"Gremlin Nob","floor":7,"turns":3},{"damage":11,"enemies":"Exordium Thugs","floor":10,"turns":4},{"damage":28,"enemies":"Lagavulin","floor":11,"turns":5},{"damage":55,"enemies":"Gremlin Nob","floor":13,"turns":4}],"seed_played":"-4845840322793253252","potions_obtained":[{"floor":4,"key":"ColorlessPotion"},{"floor":7,"key":"Energy Potion"},{"floor":10,"key":"FearPotion"},{"floor":11,"key":"SkillPotion"}],"is_trial":false,"path_per_floor":["M","M","?","M","?","R","E","?","T","M","E","R","E"],"character_chosen":"IRONCLAD","items_purchased":[],"campfire_rested":1,"item_purchase_floors":[],"current_hp_per_floor":[59,58,58,58,58,58,52,52,52,41,13,35,0,0],"gold":322,"neow_bonus":"BOSS_RELIC","is_daily":false,"chose_seed":false,"campfire_upgraded":1,"win_rate":0.0,"timestamp":1611513343,"path_taken":["M","M","?","M","?","R","E","?","T","M","E","R","E"],"items_purchased_type":[],"build_version":"2020-12-22","purchased_purges":0,"victory":false,"max_hp_per_floor":[75,75,75,75,75,75,75,75,75,75,75,75,75,75],"relic_stats":{"counters":[7,25],"CeramicFish":9,"Orichalcum":[42],"Cursed Key":1,"obtain_stats":[{"CeramicFish":11,"Orichalcum":7,"Cursed Key":0,"Burning Blood":0},{"CeramicFish":6,"Orichalcum":4,"Cursed Key":0,"Burning Blood":0},{"CeramicFish":21,"Orichalcum":12,"Cursed Key":0,"Burning Blood":0}]},"card_choices":[{"not_picked":["Second Wind","Heavy Blade"],"picked":"Anger","floor":1},{"not_picked":["Warcry","Second Wind"],"picked":"Searing Blow","floor":2},{"not_picked":["Carnage","Seeing Red"],"picked":"Armaments","floor":4},{"not_picked":["Battle Trance","Sword Boomerang"],"picked":"Corruption","floor":7},{"not_picked":["Pummel","Intimidate"],"picked":"Sentinel","floor":10},{"not_picked":["True Grit","Anger"],"picked":"Shrug It Off","floor":11}],"player_experience":1021804,"relics_obtained":[{"floor":7,"key":"Orichalcum"},{"floor":11,"key":"CeramicFish"}],"event_choices":[{"damage_healed":0,"gold_gain":0,"player_choice":"Ignored","damage_taken":0,"max_hp_gain":0,"max_hp_loss":0,"event_name":"Liars Game","floor":3,"gold_loss":0},{"damage_healed":0,"gold_gain":59,"player_choice":"Gained Gold","damage_taken":0,"max_hp_gain":0,"max_hp_loss":0,"event_name":"Golden Wing","floor":5,"gold_loss":0},{"cards_removed":["Strike_R"],"damage_healed":0,"gold_gain":0,"player_choice":"Purged","damage_taken":0,"max_hp_gain":0,"max_hp_loss":0,"event_name":"Purifier","floor":8,"gold_loss":0}],"is_beta":false,"boss_relics":[],"items_purged_floors":[],"is_endless":false,"potions_floor_spawned":[4,7,10,11],"killed_by":"Gremlin Nob","ascension_level":20}}