{"host":"uzp1tn8qxn9571p9","time":1611464244,"event":{"mods":["BaseMod","Colored Map","Colored Powertips","Hermit","Minty Spire (QoL Compilation)","StSLib","The Hierophant","óô»ðÖ¸ÄÏ"],"gold_per_floor":[116,191,218,244,266,266,293,305,305,324,361,392,467,5,5,0,0],"floor_reached":16,"language":"ZHS","playtime":817,"items_purged":["hierophant:Strike_Hierophant"],"score":131,"play_id":"e58f990b-a929-4ea0-a80b-f0b340a13127","local_time":"20210124125724","is_ascension_mode":false,"campfire_choices":[{"data":"hierophant:ChurchCoffers","floor":6,"key":"SMITH"},{"data":"hierophant:Blessing","floor":15,"key":"SMITH"}],"circlet_count":0,"master_deck":["hierophant:Strike_Hierophant","hierophant:Strike_Hierophant","hierophant:Punish","hierophant:Defend_Hierophant","hierophant:Defend_Hierophant","hierophant:Defend_Hierophant","hierophant:ChurchCoffers+1","hierophant:Doubloon","hierophant:Remorse","hierophant:Doubloon","hierophant:Remorse","hierophant:Doubloon","hierophant:CoinFling","hierophant:Blessing+1","hierophant:Empathy","hierophant:CursedGold","hierophant:Doubloon"],"relics":["hierophant:PropheticMaskRelic","Pear","Omamori","Orichalcum","Potion Belt"],"acts_visited":["Exordium"],"potions_floor_usage":[11,16],"damage_taken":[{"damage":4.0,"enemies":"Jaw Worm","floor":1.0,"turns":6.0},{"damage":1,"enemies":"Cultist","floor":3,"turns":4},{"damage":0,"enemies":"2 Louse","floor":4,"turns":1},{"damage":16,"enemies":"Exordium Thugs","floor":5,"turns":5},{"damage":0,"enemies":"Large Slime","floor":7,"turns":4},{"damage":5,"enemies":"Looter","floor":8,"turns":3},{"damage":0,"enemies":"2 Fungi Beasts","floor":10,"turns":2},{"damage":1,"enemies":"Large Slime","floor":11,"turns":5},{"damage":31,"enemies":"Lagavulin","floor":12,"turns":6},{"damage":28,"enemies":"Slime Boss","floor":16,"turns":7}],"seed_played":"7751942618658617211","potions_obtained":[{"floor":1.0,"key":"Regen Potion"},{"floor":3,"key":"SkillPotion"},{"floor":7,"key":"DuplicationPotion"},{"floor":12,"key":"DistilledChaos"}],"is_trial":false,"path_per_floor":["M","?","M","M","M","R","M","M","T","M","M","E","?","$","R","B"],"character_chosen":"HIEROPHANT","items_purchased":["hierophant:CursedGold","Orichalcum","Potion Belt"],"campfire_rested":0,"item_purchase_floors":[14,14,14],"current_hp_per_floor":[50,43,42,42,26,26,26,28,38,38,44,20,9,9,9,0,0],"gold":0,"neow_bonus":"REMOVE_TWO","is_daily":false,"chose_seed":false,"campfire_upgraded":2,"win_rate":0.0,"timestamp":1611464244,"path_taken":["M","?","M","M","M","R","M","M","T","?","M","E","?","?","R","BOSS"],"items_purchased_type":["Card","Relic","Relic"],"build_version":"2020-12-22","purchased_purges":1,"victory":false,"max_hp_per_floor":[75,75,75,75,75,75,75,75,85,85,85,85,85,85,85,85,85],"card_choices":[{"not_picked":["hierophant:Mercenaries","hierophant:Chorus"],"picked":"hierophant:Remorse","floor":1.0},{"not_picked":["hierophant:Doomsaying","hierophant:HammerAndAnvil","hierophant:Glossolalia"],"picked":"SKIP","floor":3},{"not_picked":["hierophant:Cornucopia","hierophant:OrnateBuckler"],"picked":"hierophant:Remorse","floor":4},{"not_picked":["hierophant:Rebuild","hierophant:SecretStash"],"picked":"hierophant:CoinFling","floor":5},{"not_picked":["hierophant:Flagellation","hierophant:Rebuild"],"picked":"hierophant:Blessing","floor":7},{"not_picked":["hierophant:Remorse","hierophant:DisplayOfPower","hierophant:Doomsaying"],"picked":"SKIP","floor":8},{"not_picked":["hierophant:Bribe","hierophant:AuricBeam","hierophant:SolarFlare"],"picked":"SKIP","floor":10},{"not_picked":["hierophant:DisplayOfPower","hierophant:Charity","hierophant:RepressedViolence"],"picked":"SKIP","floor":11},{"not_picked":["hierophant:WrathOfGod","hierophant:OrnateBuckler"],"picked":"hierophant:Empathy","floor":12}],"player_experience":379382,"relics_obtained":[{"floor":9,"key":"Pear"},{"floor":12,"key":"Omamori"}],"event_choices":[{"damage_healed":0,"gold_gain":75,"player_choice":"Touch","damage_taken":7,"max_hp_gain":0,"max_hp_loss":0,"event_name":"FaceTrader","floor":2,"gold_loss":0},{"damage_healed":0,"gold_gain":75,"player_choice":"Gather Gold","damage_taken":11,"max_hp_gain":0,"max_hp_loss":0,"event_name":"World of Goop","floor":13,"gold_loss":0}],"is_beta":false,"boss_relics":[],"items_purged_floors":[14],"is_endless":false,"potions_floor_spawned":[1,3,7,12],"killed_by":"Slime Boss","ascension_level":0}}