{"host":"clf2hd4adhiiw0zf","time":1611481625,"event":{"mods":["AchievementEnabler","BaseMod","Beaked The Cultist","Bestiary","Dark Map","Downfall","Gremlin Mod","Hermit","Jorbs\u0027s Wanderer Trilogy","Marisa????????","Minty Spire (QoL Compilation)","Shop Mod","StSLib","The Cursed","The Servant 0.9.4","UnlockEverythingMod"],"gold_per_floor":[99,99,99,24,299,299,299,199,232,60,60,93,126,143,160,259,259,159,176,196,196,196,231,278,278,309,49,49,65,65,91,111,214,214,214,228,239,250,437,489,516,549,549,449,549,115,135,152,171,171,171,203,19,19,19,19,19,19],"floor_reached":56,"language":"ENG","playtime":2889,"items_purged":["downfall:Malfunctioning"],"score":956,"play_id":"0c82a491-a307-4c87-81f5-90a966172317","local_time":"20210124024705","is_ascension_mode":true,"campfire_choices":[{"floor":1,"key":"RECALL"},{"data":"Regret","floor":8,"key":"PURGE"},{"data":"champ:Improvising","floor":18,"key":"SMITH"},{"data":"Pride","floor":28,"key":"PURGE"},{"data":"champ:UltimateStance","floor":30,"key":"SMITH"},{"data":"champ:HeavySlash","floor":35,"key":"SMITH"},{"data":"champ:ShieldThrow","floor":44,"key":"SMITH"},{"data":"expansioncontent:YouAreMine","floor":54,"key":"SMITH"}],"circlet_count":0,"master_deck":["champ:Strike","champ:Strike","champ:Strike+1","champ:Strike+1","champ:Defend+1","champ:Defend","champ:Defend","champ:Defend","champ:Execute","champ:Taunt","champ:PreciseThrust","champ:BladeFlurry","champ:DefensiveStyle","champ:StanceDance","expansioncontent:YouAreMine+1","champ:CrookedStrike","champ:HeavySlash+1","champ:HoldFirm","champ:TornadoPunch","champ:GutPunch","champ:Improvising+1","champ:FlashCut","champ:ShieldThrow+1","champ:PreemptiveStrike","champ:UltimateStance+1","champ:PerfectedStrike+1","champ:FanOfKnives","champ:BringItOn+1","champ:CheapShot","champ:PerfectedStrike","champ:BladeFlurry","champ:Duel+1","champ:EndlessRage","champ:HoldFirm"],"relics":["champ:ChampionCrownUpgraded","downfall:HeartsMalice","Peace Pipe","downfall:HeartBlessingRed","Bag of Preparation","WingedGreaves","Anchor","downfall:HeartBlessingGreen","Gambling Chip","PreservedInsect","Blood Vial","Sundial","Mummified Hand","champ:FightingForDummies","Snecko Eye","Toy Ornithopter","Bird Faced Urn","Singing Bowl","Shuriken","downfall:HeartBlessingBlue","White Beast Statue","Potion Belt","Thread and Needle","champ:DefensiveTrainingManual"],"acts_visited":["Exordium","TheCity","TheBeyond","TheEnding"],"potions_floor_usage":[16,16,27,33,33,45,50,52,55,56,56,56],"damage_taken":[{"damage":0,"enemies":"2 Louse","floor":2,"turns":1},{"damage":0,"enemies":"downfall:FleeingMerchant","floor":4,"turns":1},{"damage":0,"enemies":"Cultist","floor":6,"turns":1},{"damage":50,"enemies":"3 Sentries","floor":9,"turns":8},{"damage":30,"enemies":"downfall:FleeingMerchant","floor":10,"turns":4},{"damage":35,"enemies":"Lagavulin","floor":12,"turns":5},{"damage":10,"enemies":"Gremlin Nob","floor":13,"turns":3},{"damage":10,"enemies":"Small Slimes","floor":14,"turns":2},{"damage":0,"enemies":"3 Louse","floor":15,"turns":2},{"damage":21,"enemies":"IC_STATUS_ARCHETYPE","floor":16,"turns":6},{"damage":22,"enemies":"Shell Parasite","floor":19,"turns":7},{"damage":5,"enemies":"Chosen","floor":20,"turns":4},{"damage":5,"enemies":"Slavers","floor":23,"turns":4},{"damage":10,"enemies":"Book of Stabbing","floor":26,"turns":3},{"damage":30,"enemies":"downfall:FleeingMerchant","floor":27,"turns":4},{"damage":15,"enemies":"Sentry and Sphere","floor":29,"turns":2},{"damage":16,"enemies":"Slavers","floor":31,"turns":2},{"damage":35,"enemies":"Snecko","floor":32,"turns":4},{"damage":74,"enemies":"SI_MIRROR_ARCHETYPE","floor":33,"turns":9},{"damage":15,"enemies":"3 Darklings","floor":36,"turns":3},{"damage":5,"enemies":"Orb Walker","floor":37,"turns":1},{"damage":17,"enemies":"4 Shapes","floor":38,"turns":3},{"damage":10,"enemies":"downfall:FleeingMerchant","floor":39,"turns":3},{"damage":20,"enemies":"2 Orb Walkers","floor":40,"turns":3},{"damage":20,"enemies":"Reptomancer","floor":42,"turns":3},{"damage":15,"enemies":"downfall:LadyInBlue","floor":45,"turns":3},{"damage":40,"enemies":"Writhing Mass","floor":47,"turns":3},{"damage":43,"enemies":"Maw","floor":48,"turns":5},{"damage":10,"enemies":"3 Darklings","floor":49,"turns":2},{"damage":88,"enemies":"DF_ARCHETYPE_ORBS","floor":50,"turns":9},{"damage":54,"enemies":"downfall:CharBossMerchant","floor":52,"turns":5},{"damage":118,"enemies":"downfall:NeowBoss","floor":55,"turns":12},{"damage":131,"enemies":"downfall:NeowBossFinal","floor":56,"turns":9}],"seed_played":"-910993847355350848","potions_obtained":[{"floor":9,"key":"GamblersBrew"},{"floor":12,"key":"Dexterity Potion"},{"floor":13,"key":"SneckoOil"},{"floor":15,"key":"bronze:BurnAndBuffPotion"},{"floor":16,"key":"FearPotion"},{"floor":20,"key":"Guardian:BlockOnCardUsePotion"},{"floor":29,"key":"AttackPotion"},{"floor":33,"key":"Energy Potion"},{"floor":40,"key":"Dexterity Potion"},{"floor":45,"key":"champ:CounterPotion"},{"floor":47,"key":"FairyPotion"},{"floor":48,"key":"BlessingOfTheForge"},{"floor":52,"key":"sneckomod:MuddlingPotion"}],"is_trial":false,"path_per_floor":["R","M","?","$","?","M","T","R","E","$","?","E","E","M","M","B",null,"R","M","M","?","?","E","T","?","E","$","R","M","R","E","M","B",null,"R","M","M","M","$","?","T","E","T","R","?","$","M","M","M","B",null,"E","$","R","B","B"],"character_chosen":"THE_CHAMP","items_purchased":["expansioncontent:YouAreMine","champ:CrookedStrike","Mummified Hand","Toy Ornithopter","Potion Belt","Thread and Needle","Energy Potion","champ:HoldFirm"],"campfire_rested":0,"item_purchase_floors":[10,10,27,39,46,46,53,53],"current_hp_per_floor":[90,90,90,90,90,90,90,90,75,65,90,65,65,65,65,64,90,90,78,78,60,60,60,60,60,62,64,64,66,66,62,64,22,95,95,95,95,93,95,95,95,97,97,107,109,109,111,109,115,46,115,105,105,105,60,0,0,0],"gold":19,"neow_bonus":"THREE_ENEMY_KILL","is_daily":false,"chose_seed":false,"campfire_upgraded":5,"win_rate":0.0,"timestamp":1611481625,"path_taken":["R","M","?","$","?","?","T","R","E","$","?","E","E","M","M","BOSS","R","M","M","?","?","E","T","?","E","?","R","?","R","E","M","BOSS","R","M","M","M","$","?","T","E","?","R","?","$","?","M","M","BOSS","E","$","R","BOSS","BOSS"],"items_purchased_type":["Card","Card","Relic","Relic","Relic","Relic","Potion","Card"],"build_version":"2020-12-22","purchased_purges":1,"victory":false,"max_hp_per_floor":[90,90,90,90,90,90,90,90,90,90,90,90,90,90,90,90,90,90,90,90,95,95,95,95,95,95,95,95,95,95,95,95,95,95,95,95,95,95,95,95,95,97,97,107,109,109,111,113,115,115,115,117,117,117,117,117,117,117],"card_choices":[{"not_picked":["champ:EnGarde","champ:FlashCut"],"picked":"champ:Lariat","floor":2},{"not_picked":["champ:FocusedDefense","champ:CrownThrow"],"picked":"champ:PreciseThrust","floor":4},{"not_picked":["champ:BerserkerStyle","champ:RapidStrikes"],"picked":"champ:BladeFlurry","floor":6},{"not_picked":["champ:EnGarde","champ:Shatter"],"picked":"champ:DefensiveStyle","floor":9},{"not_picked":["champ:Backstep","champ:Lariat"],"picked":"champ:StanceDance","floor":10},{"not_picked":["champ:AdrenalArmor","champ:EndlessRage"],"picked":"champ:HeavySlash","floor":12},{"not_picked":["champ:PreemptiveStrike","champ:ShieldSigil"],"picked":"champ:HoldFirm","floor":13},{"not_picked":["champ:FlashCut","champ:ShieldSigil"],"picked":"champ:TornadoPunch","floor":14},{"not_picked":["champ:Circumvent","champ:PerfectedStrike"],"picked":"champ:GutPunch","floor":15},{"not_picked":["champ:EnchantShield","champ:ShieldThrow"],"picked":"champ:Improvising","floor":16},{"not_picked":["champ:Shatter","champ:TornadoPunch"],"picked":"champ:FlashCut","floor":19},{"not_picked":["champ:DefensiveShout","champ:Haymaker"],"picked":"champ:ShieldThrow","floor":20},{"not_picked":["champ:DefensiveStyle","champ:StanceDance+1"],"picked":"champ:PreemptiveStrike","floor":23},{"not_picked":["champ:DefensiveShout","champ:Backstep"],"picked":"champ:UltimateStance","floor":26},{"not_picked":["champ:SetATrap","champ:FaceSlap"],"picked":"champ:PerfectedStrike+1","floor":27},{"not_picked":["champ:TornadoPunch+1","champ:GutPunch+1"],"picked":"champ:FanOfKnives","floor":29},{"not_picked":["champ:PreciseThrust","champ:AdrenalArmor"],"picked":"champ:BringItOn+1","floor":31},{"not_picked":["champ:EnGarde","champ:TornadoPunch","champ:CrownThrow"],"picked":"SKIP","floor":32},{"not_picked":["champ:Devastate","champ:HeavySlash"],"picked":"champ:CheapShot","floor":33},{"not_picked":["champ:SwordSigil+1","champ:DefensiveShout+1"],"picked":"champ:PerfectedStrike","floor":36},{"not_picked":["champ:BerserkersShout+1","champ:GutPunch+1"],"picked":"champ:BladeFlurry","floor":37},{"not_picked":["champ:IronFortress+1","champ:TornadoPunch+1"],"picked":"champ:Duel+1","floor":38},{"not_picked":["champ:Endure+1","champ:BladeFlurry+1","champ:ShieldSigil"],"picked":"SKIP","floor":39},{"not_picked":["champ:BerserkersShout","champ:CrownThrow"],"picked":"champ:EndlessRage","floor":40},{"not_picked":["champ:HeavySlash","champ:FocusedBerserking+1","champ:RageSigil"],"picked":"Singing Bowl","floor":42},{"not_picked":["champ:ShieldSigil+1","champ:Encircle+1","champ:Shatter+1"],"picked":"Singing Bowl","floor":45},{"not_picked":["champ:PreemptiveStrike","champ:Circumvent","champ:EnGarde"],"picked":"Singing Bowl","floor":47},{"not_picked":["champ:ArenaPreparation+1","champ:IronFortress+1","champ:GutPunch+1"],"picked":"Singing Bowl","floor":48},{"not_picked":["champ:HeartStrike+1","champ:Circumvent+1","champ:PreemptiveStrike+1"],"picked":"Singing Bowl","floor":49},{"not_picked":["champ:FalseCounter","champ:BladeFlurry+1","champ:ArenaPreparation+1"],"picked":"Singing Bowl","floor":52}],"player_experience":101542,"relics_obtained":[{"floor":7,"key":"Peace Pipe"},{"floor":9,"key":"Bag of Preparation"},{"floor":12,"key":"WingedGreaves"},{"floor":13,"key":"Anchor"},{"floor":23,"key":"Gambling Chip"},{"floor":24,"key":"PreservedInsect"},{"floor":26,"key":"Sundial"},{"floor":31,"key":"champ:FightingForDummies"},{"floor":40,"key":"Bird Faced Urn"},{"floor":42,"key":"Singing Bowl"},{"floor":43,"key":"Shuriken"},{"floor":45,"key":"White Beast Statue"},{"floor":52,"key":"champ:DefensiveTrainingManual"}],"event_choices":[{"cards_removed":["champ:Lariat"],"damage_healed":25,"gold_gain":0,"player_choice":"Offered Uncommon","damage_taken":0,"max_hp_gain":0,"max_hp_loss":0,"event_name":"Bonfire Elementals","floor":11,"gold_loss":0},{"damage_healed":0,"gold_gain":0,"player_choice":"Stole Relic","damage_taken":0,"relics_obtained":["Blood Vial"],"max_hp_gain":0,"max_hp_loss":0,"event_name":"Addict","floor":25,"gold_loss":0,"cards_obtained":["Pride"]},{"damage_healed":0,"gold_gain":0,"player_choice":"Fight","damage_taken":0,"max_hp_gain":0,"max_hp_loss":0,"event_name":"Mysterious Sphere","floor":40,"gold_loss":0}],"is_beta":false,"boss_relics":[{"not_picked":["beaked:SacredDeck","Philosopher\u0027s Stone"],"picked":"champ:ChampionCrownUpgraded"},{"not_picked":["Black Star","bronze:MakeshiftBattery"],"picked":"Snecko Eye"}],"items_purged_floors":[4],"is_endless":false,"potions_floor_spawned":[9,12,13,15,16,20,26,29,33,40,47,48,49,52],"killed_by":"downfall:NeowBossFinal","ascension_level":2}}