{"host":"y24pqu7jih1n8m3t","time":1611455506,"event":{"mods":["AchievementEnabler","BaseMod","Bestiary","Block Reminder","Colored Map","Colored Powertips","DeckTracker","Highlight Path","Minty Spire (QoL Compilation)","Permanent Neow","Quick Restart","Rare Cards Sparkle","Relic Stats"],"gold_per_floor":[117,132,148,168,188,188,208,237,237,237,237],"floor_reached":10,"language":"ENG","playtime":566,"items_purged":[],"score":72,"play_id":"5428ecba-999c-4ed5-9cb4-727307dd467b","local_time":"20210123213146","is_ascension_mode":false,"campfire_choices":[{"data":"DevaForm","floor":6,"key":"SMITH"}],"circlet_count":0,"master_deck":["Strike_P","Strike_P","Strike_P","Strike_P","Defend_P","Defend_P","Defend_P","Defend_P","Eruption","Vigilance","Crescendo","Halt","SashWhip","TalkToTheHand","DevaForm+1","Evaluate","DevaForm"],"relics":["Sozu","Pen Nib","Bottled Tornado"],"acts_visited":["Exordium"],"potions_floor_usage":[],"damage_taken":[{"damage":0,"enemies":"Small Slimes","floor":1,"turns":2},{"damage":2,"enemies":"Jaw Worm","floor":2,"turns":3},{"damage":0,"enemies":"Cultist","floor":3,"turns":3},{"damage":2,"enemies":"2 Fungi Beasts","floor":4,"turns":2},{"damage":6,"enemies":"Blue Slaver","floor":5,"turns":2},{"damage":0,"enemies":"Large Slime","floor":7,"turns":3},{"damage":18,"enemies":"Gremlin Nob","floor":8,"turns":4},{"damage":33,"enemies":"3 Sentries","floor":10,"turns":8}],"seed_played":"-7061226622242703321","potions_obtained":[],"is_trial":false,"path_per_floor":["M","M","M","M","M","R","M","E","T","E"],"character_chosen":"WATCHER","items_purchased":[],"campfire_rested":0,"item_purchase_floors":[],"current_hp_per_floor":[72,70,70,68,62,62,62,44,44,11,11],"gold":237,"neow_bonus":"BOSS_RELIC","is_daily":false,"chose_seed":false,"campfire_upgraded":1,"win_rate":0.0,"timestamp":1611455506,"path_taken":["M","M","M","M","M","R","M","E","T","E"],"items_purchased_type":[],"build_version":"2020-12-22","purchased_purges":0,"victory":false,"max_hp_per_floor":[72,72,72,72,72,72,72,72,72,72,72],"relic_stats":{"Sozu":3,"counters":[8,27],"Pen Nib":[1],"obtain_stats":[{"Sozu":0,"Pen Nib":8,"PureWater":0,"Bottled Tornado":9},{"Sozu":0,"Pen Nib":7,"PureWater":0,"Bottled Tornado":7},{"Sozu":0,"Pen Nib":19,"PureWater":0,"Bottled Tornado":19}]},"card_choices":[{"not_picked":["Fasting2","Evaluate"],"picked":"Crescendo","floor":1},{"not_picked":["FlyingSleeves","Worship"],"picked":"Halt","floor":2},{"not_picked":["EmptyBody","Nirvana"],"picked":"SashWhip","floor":3},{"not_picked":["CutThroughFate","CrushJoints"],"picked":"TalkToTheHand","floor":4},{"not_picked":["EmptyBody","WindmillStrike"],"picked":"DevaForm","floor":5},{"not_picked":["SashWhip","BattleHymn"],"picked":"Evaluate","floor":7},{"not_picked":["Consecrate","CrushJoints"],"picked":"DevaForm","floor":8}],"player_experience":150246,"relics_obtained":[{"floor":8,"key":"Pen Nib"},{"floor":9,"key":"Bottled Tornado"}],"event_choices":[],"is_beta":false,"boss_relics":[],"items_purged_floors":[],"is_endless":false,"potions_floor_spawned":[1,4,8],"killed_by":"3 Sentries","ascension_level":0}}