{"host":"q0qnzbgdx8oqogg9","time":1611454593,"event":{"mods":["BaseMod","Minty Spire (QoL Compilation)","StSLib"],"gold_per_floor":[111,123,136,136,146,179,179,197,244,244,267,267,295,88,88,185,185,205,224,240,254,254,289,18,33,56,56,56],"floor_reached":27,"language":"ENG","playtime":1143,"items_purged":["Strike_B","Writhe"],"score":355,"play_id":"9df46f1c-9cf2-45ef-9542-d7527a046a4f","local_time":"20210123211633","is_ascension_mode":true,"campfire_choices":[{"floor":7,"key":"REST"},{"data":"Defragment","floor":10,"key":"SMITH"},{"data":"Beam Cell","floor":15,"key":"SMITH"}],"circlet_count":0,"master_deck":["Strike_B","Strike_B","Defend_B","Defend_B","Defend_B","Defend_B","Zap","Dualcast","Ball Lightning","Sweeping Beam","Capacitor","Undo","Coolheaded","Defragment+1","Beam Cell+1","Leap","Self Repair","Rip and Tear","Gash","Fission","Coolheaded","Cold Snap+1","Conserve Battery","Turbo","Electrodynamics","Darkness"],"relics":["Cracked Core","NeowsBlessing","MealTicket","Pear","Bag of Preparation","Odd Mushroom","Smiling Mask","Inserter","Kunai","Thread and Needle","OrangePellets","PreservedInsect"],"acts_visited":["Exordium","TheCity"],"potions_floor_usage":[11,13,19,23,23],"damage_taken":[{"damage":0,"enemies":"Cultist","floor":1,"turns":1},{"damage":0,"enemies":"2 Louse","floor":2,"turns":1},{"damage":0,"enemies":"Small Slimes","floor":3,"turns":1},{"damage":13,"enemies":"Blue Slaver","floor":5,"turns":3},{"damage":40,"enemies":"3 Sentries","floor":6,"turns":6},{"damage":8,"enemies":"Looter","floor":8,"turns":4},{"damage":15,"enemies":"The Mushroom Lair","floor":11,"turns":5},{"damage":11,"enemies":"Gremlin Nob","floor":13,"turns":3},{"damage":8,"enemies":"The Guardian","floor":16,"turns":12},{"damage":6,"enemies":"Chosen","floor":18,"turns":6},{"damage":26,"enemies":"2 Thieves","floor":19,"turns":4},{"damage":3,"enemies":"Centurion and Healer","floor":20,"turns":9},{"damage":0,"enemies":"Snecko","floor":21,"turns":5},{"damage":44,"enemies":"Gremlin Leader","floor":23,"turns":10},{"damage":38,"enemies":"Snake Plant","floor":25,"turns":6},{"damage":11,"enemies":"Book of Stabbing","floor":27,"turns":4}],"seed_played":"1996603455155354632","potions_obtained":[{"floor":1,"key":"FearPotion"},{"floor":3,"key":"ColorlessPotion"},{"floor":8,"key":"SpeedPotion"},{"floor":13,"key":"DistilledChaos"},{"floor":19,"key":"SteroidPotion"},{"floor":20,"key":"DistilledChaos"},{"floor":23,"key":"BlessingOfTheForge"},{"floor":25,"key":"Strength Potion"}],"is_trial":false,"path_per_floor":["M","M","M","?","M","E","R","M","T","R","?","?","E","$","R","B",null,"M","M","M","M","?","E","$","M","T","E"],"character_chosen":"DEFECT","items_purchased":["Self Repair","Rip and Tear","Gash","OrangePellets","Darkness"],"campfire_rested":1,"item_purchase_floors":[14,14,14,24,24],"current_hp_per_floor":[68,68,68,68,55,25,50,42,42,42,27,27,16,31,31,30,71,72,53,57,64,64,27,42,11,11,0,0],"gold":56,"neow_bonus":"THREE_ENEMY_KILL","is_daily":false,"chose_seed":false,"campfire_upgraded":2,"win_rate":0.0,"timestamp":1611454593,"path_taken":["M","M","M","?","?","E","R","M","T","R","?","?","E","$","R","BOSS","M","M","M","M","?","E","$","M","T","E"],"items_purchased_type":["Card","Card","Card","Relic","Card"],"build_version":"2020-12-22","purchased_purges":2,"victory":false,"max_hp_per_floor":[75,75,75,75,75,85,85,85,85,85,85,85,85,85,85,85,85,85,85,85,85,85,85,85,85,85,85,85],"card_choices":[{"not_picked":["Glacier","Steam"],"picked":"Ball Lightning","floor":1},{"not_picked":["Hologram","Chill"],"picked":"Sweeping Beam","floor":2},{"not_picked":["Compile Driver","Conserve Battery"],"picked":"Capacitor","floor":3},{"not_picked":["Streamline","Ball Lightning"],"picked":"Undo","floor":5},{"not_picked":["Redo","Hologram"],"picked":"Coolheaded","floor":6},{"not_picked":["Stack","FTL"],"picked":"Defragment","floor":8},{"not_picked":["Rip and Tear","Go for the Eyes"],"picked":"Beam Cell","floor":11},{"not_picked":["Conserve Battery","Creative AI"],"picked":"Leap","floor":13},{"not_picked":["Creative AI","Meteor Strike"],"picked":"Fission","floor":16},{"not_picked":["Go for the Eyes","Storm"],"picked":"Coolheaded","floor":18},{"not_picked":["Tempest+1","Capacitor"],"picked":"Cold Snap+1","floor":19},{"not_picked":["Gash","Hologram"],"picked":"Conserve Battery","floor":20},{"not_picked":["Chaos","Rebound"],"picked":"Turbo","floor":21},{"not_picked":["Rebound+1","Skim"],"picked":"Electrodynamics","floor":23},{"not_picked":["Compile Driver","Redo","Melter"],"picked":"SKIP","floor":25}],"player_experience":288024,"relics_obtained":[{"floor":6,"key":"Pear"},{"floor":9,"key":"Bag of Preparation"},{"floor":11,"key":"Odd Mushroom"},{"floor":13,"key":"Smiling Mask"},{"floor":23,"key":"Thread and Needle"},{"floor":26,"key":"PreservedInsect"}],"event_choices":[{"damage_healed":0,"gold_gain":0,"player_choice":"Gave Potion","damage_taken":0,"relics_obtained":["MealTicket"],"max_hp_gain":0,"max_hp_loss":0,"event_name":"WeMeetAgain","floor":4,"gold_loss":0},{"damage_healed":0,"gold_gain":0,"player_choice":"Fought Mushrooms","damage_taken":0,"max_hp_gain":0,"max_hp_loss":0,"event_name":"Mushrooms","floor":11,"gold_loss":0},{"cards_removed":["Strike_B"],"damage_healed":0,"gold_gain":0,"player_choice":"Forget","damage_taken":0,"max_hp_gain":0,"max_hp_loss":0,"event_name":"Living Wall","floor":12,"gold_loss":0},{"damage_healed":0,"gold_gain":0,"player_choice":"Opened","damage_taken":0,"relics_obtained":["Kunai"],"max_hp_gain":0,"max_hp_loss":0,"event_name":"The Mausoleum","floor":22,"gold_loss":0,"cards_obtained":["Writhe"]}],"is_beta":false,"boss_relics":[{"not_picked":["Busted Crown","SacredBark"],"picked":"Inserter"}],"items_purged_floors":[14,24],"is_endless":false,"potions_floor_spawned":[1,3,8,13,19,20,23,25],"killed_by":"Book of Stabbing","ascension_level":9}}