{"host":"qxeepl7ydvsgmfdb","time":1611495092,"event":{"mods":["AchievementEnabler","BaseMod","Colored Powertips","Minty Spire (QoL Compilation)","Quick Restart","slay the spire mod where everything is the same but ironclad has a cowboy hat"],"gold_per_floor":[115,115,115,17,17,46,46,71,98,132,151,164,164,164,164,294,294,319,234,4,4,29,29,69,69,69,69,82,7,106,125,125,223,223,241,241,241],"floor_reached":36,"language":"ENG","playtime":1312,"items_purged":["Parasite"],"score":669,"play_id":"83f01091-87d6-41a1-a9b4-18cd5e891019","local_time":"20210124083132","is_ascension_mode":true,"campfire_choices":[{"data":"Dagger Spray","floor":7,"key":"SMITH"},{"floor":15,"key":"REST"},{"floor":23,"key":"REST"},{"floor":27,"key":"REST"},{"floor":32,"key":"REST"}],"circlet_count":0,"master_deck":["AscendersBane","Strike_G","Strike_G","Strike_G+1","Defend_G","Defend_G","Defend_G","Defend_G","Defend_G+1","Survivor","Neutralize+1","Blade Dance","Cloak And Dagger","Dagger Spray+1","Backstab","Deadly Poison","Envenom","Poisoned Stab","Cloak And Dagger+1","Slice+1","Noxious Fumes+1","Backstab","Blade Dance+1"],"relics":["Ring of the Snake","NeowsBlessing","Dream Catcher","Question Card","Bag of Preparation","Bronze Scales","Bloody Idol","Regal Pillow","Pen Nib","Enchiridion","Singing Bowl","Lantern","Empty Cage"],"acts_visited":["Exordium","TheCity","TheBeyond"],"potions_floor_usage":[10,16,24,33,33,33,36],"damage_taken":[{"damage":0,"enemies":"2 Louse","floor":1,"turns":1},{"damage":0,"enemies":"Lagavulin","floor":6,"turns":1},{"damage":0,"enemies":"Gremlin Nob","floor":8,"turns":1},{"damage":27,"enemies":"3 Sentries","floor":10,"turns":7},{"damage":5,"enemies":"Jaw Worm","floor":11,"turns":3},{"damage":0,"enemies":"Small Slimes","floor":12,"turns":1},{"damage":18,"enemies":"The Guardian","floor":16,"turns":13},{"damage":12,"enemies":"3 Byrds","floor":18,"turns":4},{"damage":3,"enemies":"Chosen","floor":22,"turns":4},{"damage":31,"enemies":"Slavers","floor":24,"turns":5},{"damage":30,"enemies":"Sentry and Sphere","floor":28,"turns":5},{"damage":18,"enemies":"3 Cultists","floor":31,"turns":5},{"damage":82,"enemies":"Collector","floor":33,"turns":7},{"damage":0,"enemies":"Orb Walker","floor":35,"turns":2},{"damage":83,"enemies":"2 Orb Walkers","floor":36,"turns":5}],"seed_played":"-7605885644109526435","potions_obtained":[{"floor":6,"key":"ColorlessPotion"},{"floor":10,"key":"Block Potion"},{"floor":11,"key":"SpeedPotion"},{"floor":22,"key":"Energy Potion"},{"floor":31,"key":"Strength Potion"},{"floor":35,"key":"Regen Potion"}],"is_trial":false,"path_per_floor":["M","?","?","$","?","E","R","E","T","E","M","M","?","?","R","B",null,"M","?","$","?","M","R","E","?","T","R","M","$","?","M","R","B",null,"M","?"],"character_chosen":"THE_SILENT","items_purchased":["Blade Dance","Cloak And Dagger","Pen Nib","Regen Potion"],"campfire_rested":4,"item_purchase_floors":[4,4,20,20],"current_hp_per_floor":[63,63,56,56,42,42,42,42,42,15,10,10,10,27,48,30,60,48,48,48,32,29,65,36,36,36,74,49,49,54,41,71,11,58,65,0,0],"gold":241,"neow_bonus":"THREE_ENEMY_KILL","is_daily":false,"chose_seed":false,"campfire_upgraded":1,"win_rate":0.0,"timestamp":1611495092,"path_taken":["M","?","?","$","?","E","R","E","T","E","?","M","?","?","R","BOSS","M","?","$","?","M","R","E","?","T","R","M","$","?","M","R","BOSS","M","?"],"items_purchased_type":["Card","Card","Relic","Potion"],"build_version":"2020-12-22","purchased_purges":1,"victory":false,"max_hp_per_floor":[70,70,70,70,70,70,70,70,70,70,70,70,70,70,70,70,70,70,70,70,70,70,70,72,72,72,74,74,71,71,71,71,73,73,75,75,75],"card_choices":[{"not_picked":["Dagger Throw","Dagger Spray","Setup"],"picked":"SKIP","floor":1},{"not_picked":["Grand Finale","Phantasmal Killer"],"picked":"Dagger Spray","floor":6},{"not_picked":["Flying Knee","Sucker Punch","Backflip"],"picked":"SKIP","floor":8},{"not_picked":["Bullet Time","Masterful Stab","Flying Knee","Well Laid Plans"],"picked":"SKIP","floor":10},{"not_picked":["Dagger Throw","Bane","Dodge and Roll"],"picked":"Backstab","floor":11},{"not_picked":["Backflip","Slice","Dodge and Roll"],"picked":"Deadly Poison","floor":12},{"not_picked":["Bullet Time","Night Terror","Tools of the Trade"],"picked":"Envenom","floor":16},{"not_picked":["Concentrate","Outmaneuver+1","Quick Slash"],"picked":"Poisoned Stab","floor":18},{"not_picked":["Eviscerate","Escape Plan","Bane"],"picked":"Cloak And Dagger+1","floor":22},{"not_picked":["Flechettes","Caltrops","Bane"],"picked":"Slice+1","floor":23},{"not_picked":["Setup+1","Backflip","Well Laid Plans+1","Terror"],"picked":"Singing Bowl","floor":24},{"not_picked":["Dagger Spray","Tactician","Dash+1","Acrobatics+1"],"picked":"Singing Bowl","floor":27},{"not_picked":["Choke+1","Backflip","Quick Slash+1"],"picked":"Noxious Fumes+1","floor":28},{"not_picked":["Catalyst","Quick Slash","All Out Attack"],"picked":"Backstab","floor":31},{"not_picked":["Deflect","Doppelganger","Dagger Throw"],"picked":"Blade Dance+1","floor":32},{"not_picked":["Night Terror","Storm of Steel","Burst","Grand Finale"],"picked":"Singing Bowl","floor":33},{"not_picked":["Reflex+1","Prepared","Underhanded Strike","Dagger Spray+1"],"picked":"Singing Bowl","floor":35}],"player_experience":211344,"relics_obtained":[{"floor":6,"key":"Dream Catcher"},{"floor":8,"key":"Question Card"},{"floor":9,"key":"Bag of Preparation"},{"floor":10,"key":"Bronze Scales"},{"floor":21,"key":"Enchiridion"},{"floor":24,"key":"Singing Bowl"},{"floor":26,"key":"Lantern"}],"event_choices":[{"damage_healed":0,"gold_gain":0,"player_choice":"Grow","damage_taken":0,"max_hp_gain":0,"max_hp_loss":0,"event_name":"Living Wall","floor":2,"gold_loss":0,"cards_upgraded":["Neutralize"]},{"cards_removed":["Strike_G"],"damage_healed":0,"gold_gain":0,"player_choice":"Card Removal","damage_taken":7,"max_hp_gain":0,"max_hp_loss":0,"event_name":"Golden Wing","floor":3,"gold_loss":0},{"damage_healed":0,"gold_gain":0,"player_choice":"Entered Light","damage_taken":14,"max_hp_gain":0,"max_hp_loss":0,"event_name":"Shining Light","floor":5,"gold_loss":0,"cards_upgraded":["Strike_G","Defend_G"]},{"damage_healed":0,"gold_gain":0,"player_choice":"Take Wound","damage_taken":0,"relics_obtained":["Golden Idol"],"max_hp_gain":0,"max_hp_loss":0,"event_name":"Golden Idol","floor":13,"gold_loss":0,"cards_obtained":["Injury"]},{"damage_healed":17,"gold_gain":0,"player_choice":"Healed and dodged fight","damage_taken":0,"max_hp_gain":0,"max_hp_loss":0,"event_name":"Mushrooms","floor":14,"gold_loss":0,"cards_obtained":["Parasite"]},{"damage_healed":0,"gold_gain":0,"player_choice":"Obtained Relic","damage_taken":0,"relics_obtained":["Regal Pillow"],"max_hp_gain":0,"max_hp_loss":0,"event_name":"Addict","floor":19,"gold_loss":85},{"damage_healed":0,"gold_gain":0,"player_choice":"Obtained Book","damage_taken":16,"max_hp_gain":0,"max_hp_loss":0,"event_name":"Cursed Tome","floor":21,"gold_loss":0},{"damage_healed":0,"gold_gain":0,"player_choice":"Gave Idol","damage_taken":0,"relics_obtained":["Bloody Idol"],"max_hp_gain":0,"max_hp_loss":0,"event_name":"Forgotten Altar","floor":25,"relics_lost":["Golden Idol"],"gold_loss":0},{"damage_healed":0,"gold_gain":99,"player_choice":"Stole From Cult","damage_taken":0,"max_hp_gain":0,"max_hp_loss":0,"event_name":"Nest","floor":30,"gold_loss":0},{"damage_healed":0,"gold_gain":0,"player_choice":"Fight","damage_taken":0,"max_hp_gain":0,"max_hp_loss":0,"event_name":"Mysterious Sphere","floor":36,"gold_loss":0}],"is_beta":false,"boss_relics":[{"not_picked":["Ring of the Serpent","Pandora\u0027s Box","Velvet Choker"]},{"not_picked":["Tiny House","Sozu"],"picked":"Empty Cage"}],"items_purged_floors":[29],"is_endless":false,"potions_floor_spawned":[6,10,11,22,31,35],"killed_by":"2 Orb Walkers","ascension_level":10}}