{"host":"8dcew1qsr5slulj9","time":1611523347,"event":{"mods":["BaseMod","Koishi","Marisa????????","Minty Spire (QoL Compilation)","Prisma Mod","StSLib","The Hierophant","The Jungle","The Necromancer","The Servant 0.9.4"],"gold_per_floor":[111,111,125,138,151,186,202,202,270,285,303,303,323,67,67,186,186,206,121,121,87,87,130,130,130,130],"floor_reached":25,"language":"ENG","playtime":1140,"items_purged":["PrismaMod:ChloeCommonAttack"],"score":357,"play_id":"d795f5b9-cac0-4f11-b5ed-2bc1b90395fc","local_time":"20210124152227","is_ascension_mode":true,"campfire_choices":[{"floor":8,"key":"REST"},{"floor":12,"key":"REST"},{"data":"PrismaMod:ChloeBetterTracePools","floor":15,"key":"SMITH"},{"data":"PrismaMod:ChloeEyeOfTheEuryale","floor":24,"key":"SMITH"}],"circlet_count":0,"master_deck":["AscendersBane","PrismaMod:ChloeCommonAttack","PrismaMod:ChloeCommonAttack","PrismaMod:ChloeCommonAttack","PrismaMod:ChloeCommonAttack","PrismaMod:ChloeCommonDefend","PrismaMod:ChloeCommonDefend","PrismaMod:ChloeCommonDefend","PrismaMod:ChloeCommonDefend","PrismaMod:ChloeCommonDefend","PrismaMod:ChloeCheapAttack","PrismaMod:ChloeCheapDefend","PrismaMod:ChloeCaladbolg","PrismaMod:ChloeCheapAttackTwo","PrismaMod:ChloeDevil","PrismaMod:ChloeCarnivalAttack","PrismaMod:ChloeGaeBolg","PrismaMod:ChloeEyeOfTheEuryale","PrismaMod:ChloeBetterTracePools+1","PrismaMod:ChloeCarnivalDefend","PrismaMod:ChloeEyeOfTheEuryale+1","Writhe"],"relics":["PrismaMod:PrismaTraceOn","Oddly Smooth Stone","Golden Idol","White Beast Statue","Letter Opener","Lee\u0027s Waffle","Sozu","Peace Pipe","MutagenicStrength","MealTicket","TungstenRod"],"acts_visited":["Exordium","TheCity"],"potions_floor_usage":[6,8,11,16,23,23],"damage_taken":[{"damage":5,"enemies":"Small Slimes","floor":1,"turns":5},{"damage":0,"enemies":"Jaw Worm","floor":3,"turns":3},{"damage":0,"enemies":"Cultist","floor":4,"turns":4},{"damage":1,"enemies":"3 Louse","floor":5,"turns":4},{"damage":33,"enemies":"3 Sentries","floor":6,"turns":10},{"damage":12,"enemies":"Lots of Slimes","floor":7,"turns":4},{"damage":5,"enemies":"Blue Slaver","floor":10,"turns":3},{"damage":5,"enemies":"Exordium Wildlife","floor":11,"turns":5},{"damage":7,"enemies":"Red Slaver","floor":13,"turns":4},{"damage":39,"enemies":"Hexaghost","floor":16,"turns":10},{"damage":0,"enemies":"Spheric Guardian","floor":18,"turns":4},{"damage":29,"enemies":"Slavers","floor":23,"turns":6},{"damage":20,"enemies":"Gremlin Leader","floor":25,"turns":5}],"seed_played":"9044564720359752453","potions_obtained":[{"floor":3,"key":"Block Potion"},{"floor":7,"key":"EntropicBrew"},{"floor":11,"key":"Swift Potion"},{"floor":16,"key":"PowerPotion"}],"is_trial":false,"path_per_floor":["M","?","M","M","M","E","M","R","T","M","M","R","M","$","R","B",null,"M","?","?","$","?","E","R","E"],"character_chosen":"CHLOE","items_purchased":["Lee\u0027s Waffle","PrismaMod:ChloeBetterTracePools","PrismaMod:ChloeEyeOfTheEuryale"],"campfire_rested":2,"item_purchase_floors":[14,14,21],"current_hp_per_floor":[63,45,45,45,44,13,3,25,25,22,22,44,37,82,82,43,72,74,74,74,74,74,47,47,29,29],"gold":130,"neow_bonus":"RANDOM_COMMON_RELIC","is_daily":false,"chose_seed":false,"campfire_upgraded":2,"win_rate":0.0,"timestamp":1611523347,"path_taken":["M","?","M","M","M","E","M","R","T","M","M","R","M","$","R","BOSS","M","?","?","?","?","E","R","E"],"items_purchased_type":["Relic","Card","Card"],"build_version":"2020-12-22","purchased_purges":1,"victory":false,"max_hp_per_floor":[75,75,75,75,75,75,75,75,75,75,75,75,75,82,82,82,82,82,82,82,82,82,82,82,82,82],"card_choices":[{"not_picked":["PrismaMod:ChloeDiscardRecovery","PrismaMod:ChloeCheapAttack"],"picked":"PrismaMod:ChloeCaladbolg","floor":1},{"not_picked":["PrismaMod:ChloeCheapDefendTwo","PrismaMod:ChloeCheapDefend","PrismaMod:ChloeUncommonAttack"],"picked":"SKIP","floor":3},{"not_picked":["PrismaMod:ChloeCheapAttack","PrismaMod:ChloeExcalibur"],"picked":"PrismaMod:ChloeCheapAttackTwo","floor":4},{"not_picked":["PrismaMod:ChloeCheapDefend","PrismaMod:ChloeExhaustOne"],"picked":"PrismaMod:ChloeDevil","floor":5},{"not_picked":["PrismaMod:ChloeUncommonAOEAttack","PrismaMod:ChloeCaladbolg"],"picked":"PrismaMod:ChloeCarnivalAttack","floor":6},{"not_picked":["PrismaMod:ChloeDiscardRecovery","PrismaMod:ChloeCheapDefendTwo","PrismaMod:ChloeCheapDefend"],"picked":"SKIP","floor":7},{"not_picked":["PrismaMod:ChloeCheapAttack","PrismaMod:ChloeCommonAOEAttack","PrismaMod:ChloeRhongomyniad"],"picked":"SKIP","floor":10},{"not_picked":["PrismaMod:ChloeBetterTracePools","PrismaMod:ChloeExhaustOne"],"picked":"PrismaMod:ChloeGaeBolg","floor":11},{"not_picked":["PrismaMod:ChloeCommonAOEAttack","PrismaMod:ChloeDiscardRecovery"],"picked":"PrismaMod:ChloeEyeOfTheEuryale","floor":13},{"not_picked":["PrismaMod:ChloeDevil","PrismaMod:ChloeUnlimitedBladeWorks"],"picked":"PrismaMod:ChloeCarnivalDefend","floor":16},{"not_picked":["PrismaMod:ChloeUncommonDefend","PrismaMod:ChloeRuleBreaker","PrismaMod:ChloeDiscardRecovery"],"picked":"SKIP","floor":18},{"not_picked":["PrismaMod:ChloeCheapDefend","PrismaMod:ChloeCheapDefendTwo","PrismaMod:ChloeRuleBreaker"],"picked":"SKIP","floor":23}],"player_experience":833401,"relics_obtained":[{"floor":6,"key":"White Beast Statue"},{"floor":9,"key":"Letter Opener"},{"floor":23,"key":"TungstenRod"}],"event_choices":[{"damage_healed":0,"gold_gain":0,"player_choice":"Take Damage","damage_taken":18,"relics_obtained":["Golden Idol"],"max_hp_gain":0,"max_hp_loss":0,"event_name":"Golden Idol","floor":2,"gold_loss":0},{"damage_healed":0,"gold_gain":0,"player_choice":"Obtained Relic","damage_taken":0,"relics_obtained":["Peace Pipe"],"max_hp_gain":0,"max_hp_loss":0,"event_name":"Addict","floor":19,"gold_loss":85},{"damage_healed":0,"gold_gain":0,"player_choice":"Inject Mutagens","damage_taken":0,"relics_obtained":["MutagenicStrength"],"max_hp_gain":0,"max_hp_loss":0,"event_name":"Drug Dealer","floor":20,"gold_loss":0},{"damage_healed":0,"gold_gain":0,"player_choice":"Opened","damage_taken":0,"relics_obtained":["MealTicket"],"max_hp_gain":0,"max_hp_loss":0,"event_name":"The Mausoleum","floor":22,"gold_loss":0,"cards_obtained":["Writhe"]}],"is_beta":false,"boss_relics":[{"not_picked":["Black Star","Philosopher\u0027s Stone"],"picked":"Sozu"}],"items_purged_floors":[14],"is_endless":false,"potions_floor_spawned":[3,7,10,11,13,16,18,23],"killed_by":"Gremlin Leader","ascension_level":12}}