{"host":"armnliea5o2aqs4b","time":1611464368,"event":{"mods":["BaseMod","Hermit","Hubris","Infinite Spire","Minty Spire (QoL Compilation)","Quick Restart","StSLib","The Construct","The Disciple","The Forsaken"],"gold_per_floor":[112,112,112,112,123,123,156,171,171,171,171,184,184,194,194,298,348,368,442,442,454,454,454,479,490,570,570,582,607,620,630,680,779,779,791,688,702,340,359,389,418,430,442,454,485,497,509,537,549,561],"floor_reached":51,"language":"ENG","playtime":1431,"items_purged":["Strike_R","Strike_R"],"score":858,"play_id":"a9b4a219-37bf-4332-b0f2-223b3ae2697f","local_time":"20210124155928","is_ascension_mode":true,"campfire_choices":[{"data":"infinitespire:DeathsTouch","floor":6.0,"key":"SMITH"},{"data":"Searing Blow+1","floor":11.0,"key":"SMITH"},{"data":"Searing Blow+2","floor":13.0,"key":"SMITH"},{"data":"Searing Blow+3","floor":15.0,"key":"SMITH"},{"data":"Searing Blow+4","floor":23.0,"key":"SMITH"},{"data":"Searing Blow+5","floor":32.0,"key":"SMITH"},{"data":"Searing Blow+6","floor":44.0,"key":"SMITH"},{"data":"Searing Blow+7","floor":46.0,"key":"SMITH"},{"data":"Searing Blow+8","floor":49,"key":"SMITH"}],"circlet_count":0,"master_deck":["Strike_R","Strike_R","Strike_R","Defend_R","Defend_R","Defend_R","Defend_R+1","Bash","Spot Weakness","infinitespire:DeathsTouch+1","Searing Blow+9","Infernal Blade+1","Impervious+1","Heavy Blade+1","Battle Trance+1","Inflame","Seeing Red+1","Flex+1","Doubt"],"relics":["Burning Blood","NeowsBlessing","Tiny Chest","Pantograph","Molten Egg 2","Toxic Egg 2","Anchor","Tiny House","Eternal Feather","hubris:CrystalStatue","Black Blood","MutagenicStrength","Ancient Tea Set","hubris:MobiusCoin","Red Skull","Runic Cube","Ice Cream","MawBank","Shuriken","hubris:Icosahedron"],"acts_visited":["Exordium","TheCity","TheBeyond"],"potions_floor_usage":[50,50],"damage_taken":[{"damage":0.0,"enemies":"Cultist","floor":1.0,"turns":1.0},{"damage":0.0,"enemies":"Small Slimes","floor":5.0,"turns":1.0},{"damage":0.0,"enemies":"Lagavulin","floor":7.0,"turns":1.0},{"damage":11.0,"enemies":"Jaw Worm","floor":8.0,"turns":2.0},{"damage":15.0,"enemies":"Exordium Thugs","floor":12.0,"turns":4.0},{"damage":4.0,"enemies":"Gremlin Gang","floor":14.0,"turns":3.0},{"damage":34.0,"enemies":"The Guardian","floor":16.0,"turns":6.0},{"damage":10.0,"enemies":"Chosen","floor":18.0,"turns":4.0},{"damage":10.0,"enemies":"2 Thieves","floor":21.0,"turns":3.0},{"damage":2.0,"enemies":"Centurion and Healer","floor":25.0,"turns":3.0},{"damage":14.0,"enemies":"3 Cultists","floor":28.0,"turns":4.0},{"damage":30.0,"enemies":"Gremlin Leader","floor":29.0,"turns":3.0},{"damage":6.0,"enemies":"Cultist and Chosen","floor":30.0,"turns":3.0},{"damage":1.0,"enemies":"Snake Plant","floor":31.0,"turns":2.0},{"damage":81.0,"enemies":"hubris:MusketHawk","floor":33.0,"turns":7.0},{"damage":36.0,"enemies":"3 Darklings","floor":35.0,"turns":3.0},{"damage":5.0,"enemies":"3 Shapes","floor":37.0,"turns":3.0},{"damage":0.0,"enemies":"Transient","floor":39.0,"turns":5.0},{"damage":87.0,"enemies":"Nemesis","floor":40.0,"turns":7.0},{"damage":14.0,"enemies":"Jaw Worm Horde","floor":41.0,"turns":2.0},{"damage":14.0,"enemies":"4 Shapes","floor":45.0,"turns":5.0},{"damage":1,"enemies":"Spire Growth","floor":48,"turns":2},{"damage":43,"enemies":"hubris:GrandSnecko","floor":50,"turns":6}],"seed_played":"-86634166890687260","potions_obtained":[{"floor":1.0,"key":"AttackPotion"},{"floor":12.0,"key":"DistilledChaos"},{"floor":14.0,"key":"construct:ShiftPotion"},{"floor":17.0,"key":"Fruit Juice"},{"floor":18.0,"key":"EssenceOfSteel"},{"floor":25.0,"key":"AttackPotion"},{"floor":31.0,"key":"GamblersBrew"},{"floor":33.0,"key":"Fire Potion"},{"floor":45.0,"key":"SkillPotion"}],"is_trial":false,"path_per_floor":["M","T","?","T","M","R","E","M","T","T","R","M","R","M","R","B",null,"M","T","AVR","M","?","R","T","M","T","?","M","E","M","M","R","B",null,"M","$","M","$","M","E","M","?","T","R","M","R","?","M","R","B",null],"character_chosen":"IRONCLAD","items_purchased":["Inflame","Seeing Red+1","Ice Cream"],"campfire_rested":0,"item_purchase_floors":[36,36,38],"current_hp_per_floor":[80,80,61,61,67,67,73,68,68,68,68,59,59,61,61,52,90,86,86,86,90,90,90,90,90,90,90,90,78,90,90,90,27,90,72,72,85,85,90,21,25,90,90,90,90,90,90,90,90,65],"gold":573,"neow_bonus":"THREE_ENEMY_KILL","is_daily":false,"chose_seed":false,"campfire_upgraded":9,"win_rate":0.0,"timestamp":1611464368,"path_taken":["M","?","?","?","M","R","E","?","T","?","R","?","R","M","R","BOSS","M","?","AVR","M","?","R","?","M","T","?","M","E","M","M","R","BOSS","M","$","M","$","M","E","M","?","T","R","M","R","?","M","R","BOSS"],"items_purchased_type":["Card","Card","Relic"],"build_version":"2020-12-22","purchased_purges":2,"victory":true,"max_hp_per_floor":[80,80,80,80,80,80,80,80,80,80,80,80,80,80,80,80,90,90,90,90,90,90,90,90,90,90,90,90,90,90,90,90,90,90,90,90,90,90,90,90,90,90,90,90,90,90,90,90,90,90],"card_choices":[{"not_picked":["Clothesline","Pommel Strike"],"picked":"Spot Weakness","floor":1.0},{"not_picked":["infinitespire:Punishment","infinitespire:Collect"],"picked":"infinitespire:DeathsTouch","floor":3.0},{"not_picked":["Entrench","True Grit","Headbutt"],"picked":"SKIP","floor":5.0},{"not_picked":["Sword Boomerang+1","Evolve"],"picked":"Searing Blow+1","floor":7.0},{"not_picked":["Havoc","Armaments","Clash+1"],"picked":"SKIP","floor":8.0},{"not_picked":["Twin Strike+1","Iron Wave+1"],"picked":"Infernal Blade+1","floor":12.0},{"not_picked":["True Grit+1","Pommel Strike+1","Carnage+1"],"picked":"SKIP","floor":14.0},{"not_picked":["Brutality","hubris:StunningStrike+1"],"picked":"Impervious+1","floor":16.0},{"not_picked":["Havoc+1","Combust"],"picked":"Heavy Blade+1","floor":17.0},{"not_picked":["Armaments+1","Thunderclap+1","Burning Pact+1"],"picked":"SKIP","floor":18.0},{"not_picked":["Metallicize","Dark Embrace","Thunderclap+1"],"picked":"SKIP","floor":21.0},{"not_picked":["Perfected Strike+1","Sword Boomerang+1","Metallicize+1"],"picked":"SKIP","floor":25.0},{"not_picked":["Power Through+1","Bloodletting+1","Fire Breathing"],"picked":"SKIP","floor":28.0},{"not_picked":["Bludgeon+1","Headbutt+1"],"picked":"Battle Trance+1","floor":29.0},{"not_picked":["Wild Strike+1","Combust+1","Dropkick+1"],"picked":"SKIP","floor":30.0},{"not_picked":["Headbutt+1","Havoc+1","Flame Barrier+1"],"picked":"SKIP","floor":31.0},{"not_picked":["Infernal Blade+1","Second Wind+1","Iron Wave+1"],"picked":"SKIP","floor":35.0},{"not_picked":["Dropkick+1","Perfected Strike+1","True Grit+1"],"picked":"SKIP","floor":37.0},{"not_picked":["Clothesline+1","Warcry+1","True Grit+1"],"picked":"SKIP","floor":39.0},{"not_picked":["Twin Strike+1","Second Wind+1","Heavy Blade+1"],"picked":"SKIP","floor":40.0},{"not_picked":["Havoc+1","hubris:CleavingFinish+1"],"picked":"Flex+1","floor":41.0},{"not_picked":["True Grit+1","Anger+1","Wild Strike+1"],"picked":"SKIP","floor":45.0},{"not_picked":["Immolate+1","Dropkick+1","Clash+1"],"picked":"SKIP","floor":48}],"player_experience":193515,"relics_obtained":[{"floor":2.0,"key":"Tiny Chest"},{"floor":4.0,"key":"Pantograph"},{"floor":7.0,"key":"Molten Egg 2"},{"floor":9.0,"key":"Toxic Egg 2"},{"floor":10.0,"key":"Anchor"},{"floor":19.0,"key":"Eternal Feather"},{"floor":24.0,"key":"Ancient Tea Set"},{"floor":26.0,"key":"hubris:MobiusCoin"},{"floor":29.0,"key":"Red Skull"},{"floor":40.0,"key":"MawBank"},{"floor":43.0,"key":"Shuriken"}],"event_choices":[{"damage_healed":0.0,"max_hp_gain":0.0,"max_hp_loss":0.0,"gold_gain":0.0,"event_name":"Drug Dealer","player_choice":"Inject Mutagens","floor":22.0,"gold_loss":0.0,"damage_taken":0.0,"relics_obtained":["MutagenicStrength"]},{"damage_healed":0.0,"max_hp_gain":0.0,"max_hp_loss":0.0,"gold_gain":0.0,"event_name":"Vampires","player_choice":"Ignored","floor":27.0,"gold_loss":0.0,"damage_taken":0.0},{"damage_healed":65.0,"max_hp_gain":0.0,"max_hp_loss":0.0,"gold_gain":0.0,"event_name":"MindBloom","player_choice":"Heal","floor":42.0,"gold_loss":0.0,"damage_taken":0.0,"cards_obtained":["Doubt"]}],"is_beta":false,"boss_relics":[{"not_picked":["Velvet Choker","hubris:CrackedHourglass"],"picked":"Tiny House"},{"not_picked":["Runic Dome","Snecko Eye"],"picked":"Runic Cube"}],"items_purged_floors":[20,38],"is_endless":false,"potions_floor_spawned":[1,12,14,18,25,31,33,37,45,48],"ascension_level":1}}