{"host":"shb6fs4xkmgx64v4","time":1611448289,"event":{"mods":["AchievementEnabler","BaseMod","Colored Map","Downfall","Minty Spire (QoL Compilation)","StSLib"],"gold_per_floor":[99,117,117,117,137,150,150,6,22,22,38,38,138,138,138,138],"floor_reached":14,"language":"ENG","playtime":1057,"items_purged":[],"score":80,"play_id":"ba82e4cb-99d0-44b0-a920-a3679485140b","local_time":"20210123193129","is_ascension_mode":false,"campfire_choices":[{"floor":1,"key":"RECALL"},{"data":"Guardian:GemFinder","floor":12,"key":"SMITH"}],"circlet_count":0,"master_deck":["Guardian:Strike_Guardian","Guardian:Strike_Guardian","Guardian:Defend_Guardian+1","Guardian:Defend_Guardian+1","Guardian:Defend_Guardian","Guardian:Defend_Guardian","Guardian:CurlUp","Guardian:TwinSlam","Guardian:PrimingBeam","Guardian:WalkerClaw","Guardian:GemFinder+1","Guardian:PrismaticBeam","Guardian:Incinerate","Guardian:Planning"],"relics":["Guardian:ModeShifter","War Paint","downfall:CloakOfManyFaces","CultistMask","FaceOfCleric","NlothsMask","GremlinMask","SsserpentHead"],"acts_visited":["Exordium"],"potions_floor_usage":[13,13],"damage_taken":[{"damage":0,"enemies":"Cultist","floor":2,"turns":4},{"damage":0,"enemies":"2 Louse","floor":5,"turns":3},{"damage":7,"enemies":"Jaw Worm","floor":6,"turns":3},{"damage":2,"enemies":"downfall:FleeingMerchant","floor":8,"turns":4},{"damage":17,"enemies":"Lots of Slimes","floor":9,"turns":5},{"damage":13,"enemies":"Exordium Thugs","floor":11,"turns":5},{"damage":17,"enemies":"downfall:FaceTrader","floor":13,"turns":12},{"damage":25,"enemies":"3 Sentries","floor":14,"turns":6}],"seed_played":"2755630513621290960","potions_obtained":[{"floor":2,"key":"champ:CounterPotion"},{"floor":4,"key":"Guardian:AcceleratePotion"},{"floor":4,"key":"ColorlessPotion"},{"floor":4,"key":"Dexterity Potion"},{"floor":11,"key":"Guardian:DefensiveModePotion"}],"is_trial":false,"path_per_floor":["R","M","?","?","M","M","T","$","M","?","M","R","?","E"],"character_chosen":"GUARDIAN","items_purchased":["Guardian:Gem_Red","Guardian:PrismaticBeam"],"campfire_rested":0,"item_purchase_floors":[8,8],"current_hp_per_floor":[80,80,80,80,80,73,73,71,54,54,41,41,24,0,0,0],"gold":138,"neow_bonus":"RANDOM_COMMON_RELIC","is_daily":false,"chose_seed":false,"campfire_upgraded":1,"win_rate":0.0,"timestamp":1611448289,"path_taken":["R","M","?","?","?","M","T","$","M","?","M","R","?","E"],"items_purchased_type":["Card","Card"],"build_version":"2020-12-22","purchased_purges":0,"victory":false,"max_hp_per_floor":[80,80,80,80,80,80,80,80,80,80,80,80,80,80,80,80],"card_choices":[{"not_picked":["Guardian:ShieldCharger","Guardian:TemporalStrike"],"picked":"Guardian:PrimingBeam","floor":2},{"not_picked":["Guardian:Gem_Red","Guardian:Gem_Green"],"picked":"Guardian:WalkerClaw","floor":5},{"not_picked":["Guardian:TemporalStrike","Guardian:PrismaticBarrier"],"picked":"Guardian:Gem_Purple","floor":6},{"not_picked":["Guardian:GuardianWhirl","Guardian:CrystalBeam"],"picked":"Guardian:GemFinder","floor":8},{"not_picked":["Guardian:Gem_Green","Guardian:Gem_Lightblue"],"picked":"Guardian:Gem_Cyan","floor":9},{"not_picked":["Guardian:TimeBomb","Guardian:CrystalBeam"],"picked":"Guardian:Gem_Yellow","floor":9},{"not_picked":["Guardian:Gem_Cyan","Guardian:Gem_Green"],"picked":"Guardian:Gem_Red","floor":11},{"not_picked":["Guardian:Harden","Guardian:Gem_Cyan"],"picked":"Guardian:Incinerate","floor":11},{"not_picked":["Guardian:RefractedBeam","Guardian:Harden"],"picked":"Guardian:Planning","floor":13}],"player_experience":256064,"relics_obtained":[{"floor":13,"key":"downfall:CloakOfManyFaces"}],"event_choices":[{"damage_healed":0,"gold_gain":0,"player_choice":"Got Potions","damage_taken":0,"max_hp_gain":0,"max_hp_loss":0,"event_name":"Lab","floor":4,"gold_loss":0},{"cards_removed":["Guardian:Strike_Guardian"],"damage_healed":0,"gold_gain":0,"player_choice":"Card Removal","damage_taken":0,"max_hp_gain":0,"max_hp_loss":0,"event_name":"The Cleric","floor":10,"gold_loss":0}],"is_beta":false,"boss_relics":[],"items_purged_floors":[],"is_endless":false,"potions_floor_spawned":[2,9,11],"killed_by":"3 Sentries","ascension_level":0}}