{"host":"3zb3nk4wvq0dtbuh","time":1611478100,"event":{"mods":["AchievementEnabler","BaseMod","Lobotomy","Minty Spire (QoL Compilation)","StSLib","The Blackbeard"],"gold_per_floor":[116,191,266,284,299,318,83,83,83,103,103,103,118,132,132,232,232,232,232],"floor_reached":18,"language":"ZHS","playtime":468,"items_purged":["Strike_R"],"score":154,"play_id":"525dfc18-b2cb-4891-8310-9cb186fe15c6","local_time":"20210124164820","is_ascension_mode":false,"campfire_choices":[{"data":"Feed","floor":8.0,"key":"SMITH"},{"data":"Armaments","floor":11.0,"key":"SMITH"},{"data":"True Grit","floor":15,"key":"SMITH"}],"circlet_count":0,"master_deck":["Strike_R","Strike_R","Strike_R","Strike_R","Defend_R","Defend_R","Defend_R","Defend_R","Bash","Demon Form","Armaments+1","Feed+1","Offering","True Grit+1","Brutality"],"relics":["Black Blood"],"acts_visited":["Exordium","TheCity"],"potions_floor_usage":[],"damage_taken":[{"damage":5.0,"enemies":"Small Slimes","floor":1.0,"turns":3.0},{"damage":1.0,"enemies":"Cultist","floor":4.0,"turns":3.0},{"damage":2.0,"enemies":"2 Louse","floor":5.0,"turns":3.0},{"damage":10.0,"enemies":"Looter","floor":6.0,"turns":4.0},{"damage":4.0,"enemies":"3 Louse","floor":10.0,"turns":4.0},{"damage":7.0,"enemies":"Exordium Wildlife","floor":13.0,"turns":4.0},{"damage":6.0,"enemies":"Red Slaver","floor":14.0,"turns":2.0},{"damage":66,"enemies":"Hexaghost","floor":16,"turns":14},{"damage":67,"enemies":"Chosen","floor":18,"turns":10}],"seed_played":"1565603018985133673","potions_obtained":[{"floor":4.0,"key":"Regen Potion"},{"floor":6.0,"key":"Regen Potion"},{"floor":13.0,"key":"DistilledChaos"}],"is_trial":false,"path_per_floor":["M","?","?","M","M","M","$","R","T","M","R","?","M","M","R","B",null,"M"],"character_chosen":"IRONCLAD","items_purchased":["Feed"],"campfire_rested":0,"item_purchase_floors":[7],"current_hp_per_floor":[80,69,61,66,70,66,66,66,66,72,72,72,75,75,75,15,88,33,33],"gold":232,"neow_bonus":"ONE_RANDOM_RARE_CARD","is_daily":false,"chose_seed":false,"campfire_upgraded":3,"win_rate":0.0,"timestamp":1611478100,"path_taken":["M","?","?","M","?","M","?","R","T","M","R","?","M","?","R","BOSS","M"],"items_purchased_type":["Card"],"build_version":"2020-12-22","purchased_purges":1,"victory":false,"max_hp_per_floor":[80,80,80,80,80,80,80,80,80,84,84,84,88,88,88,88,88,88,88],"card_choices":[{"not_picked":["Warcry","Twin Strike","Pommel Strike"],"picked":"SKIP","floor":1.0},{"not_picked":["Iron Wave","Evolve"],"picked":"Armaments","floor":4.0},{"not_picked":["Heavy Blade","Bloodletting","Wild Strike"],"picked":"SKIP","floor":5.0},{"not_picked":["Twin Strike","Anger","Headbutt"],"picked":"SKIP","floor":6.0},{"not_picked":["Flex","Whirlwind","Sword Boomerang"],"picked":"SKIP","floor":10.0},{"not_picked":["Rage","Clash"],"picked":"Offering","floor":13.0},{"not_picked":["Heavy Blade","Second Wind"],"picked":"True Grit","floor":14},{"not_picked":["Juggernaut","Bludgeon"],"picked":"Brutality","floor":16}],"player_experience":11281,"relics_obtained":[],"event_choices":[{"damage_healed":0.0,"max_hp_gain":0.0,"max_hp_loss":0.0,"gold_gain":75.0,"event_name":"World of Goop","player_choice":"Gather Gold","floor":2.0,"gold_loss":0.0,"damage_taken":11.0},{"damage_healed":0.0,"max_hp_gain":0.0,"max_hp_loss":0.0,"gold_gain":75.0,"event_name":"FaceTrader","player_choice":"Touch","floor":3.0,"gold_loss":0.0,"damage_taken":8.0},{"damage_healed":0.0,"max_hp_gain":0.0,"max_hp_loss":0.0,"gold_gain":0.0,"event_name":"WeMeetAgain","player_choice":"Ignored","floor":12.0,"gold_loss":0.0,"damage_taken":0.0}],"is_beta":false,"boss_relics":[{"not_picked":["SacredBark","Runic Pyramid"],"picked":"Black Blood"}],"items_purged_floors":[7],"is_endless":false,"potions_floor_spawned":[4,6,13],"killed_by":"Chosen","ascension_level":0}}