{"host":"otf1z5955ddlv5pq","time":1611467564,"event":{"mods":["BaseMod","Better Altar","Better Match","Better Note","Better Sensory Stone","Better Skull","Better Third Choice","Colored Map","Colored Powertips","Downfall","Minty Spire (QoL Compilation)","Rare Cards Sparkle","StSLib","Synergy Search"],"gold_per_floor":[115,130,130,145,145,145,70,87,110,10,23,23,38,38,38,159,159,182,198,108,108,122,122,122,122,122,54,74,113,113,131,131,256,319,342,442,467,491,504,504,504],"floor_reached":40,"language":"ENG","playtime":7314,"items_purged":["Strike_B","Defend_B"],"score":420,"play_id":"ac1af7db-fd47-43ea-9fe2-e821c1a91694","local_time":"20210123215244","is_ascension_mode":true,"campfire_choices":[{"data":"Sunder","floor":6.0,"key":"SMITH"},{"data":"Zap","floor":12.0,"key":"SMITH"},{"data":"Dualcast","floor":15.0,"key":"SMITH"},{"floor":23.0,"key":"REST"},{"data":"Steam","floor":25.0,"key":"SMITH"},{"floor":32.0,"key":"REST"}],"circlet_count":0,"master_deck":["Strike_B","Defend_B+1","Defend_B+1","Zap+1","Dualcast+1","Sunder+1","Steam+1","Beam Cell","Conserve Battery","Ball Lightning","Sweeping Beam","Seek","BootSequence+1","Ball Lightning","Leap","Capacitor+1","Auto Shields","RitualDagger","Redo","Gash+1","Self Repair+1","Steam+1"],"relics":["Cracked Core","Strawberry","Golden Idol","Black Star","HornCleat","Centennial Puzzle","Meat on the Bone","Tiny House"],"acts_visited":["Exordium","TheCity","TheBeyond"],"potions_floor_usage":[39,39,39,40],"damage_taken":[{"damage":0.0,"enemies":"2 Louse","floor":1.0,"turns":2.0},{"damage":5.0,"enemies":"Small Slimes","floor":2.0,"turns":2.0},{"damage":0.0,"enemies":"Cultist","floor":4.0,"turns":2.0},{"damage":8.0,"enemies":"Large Slime","floor":8.0,"turns":2.0},{"damage":0.0,"enemies":"Blue Slaver","floor":11.0,"turns":2.0},{"damage":0.0,"enemies":"Exordium Thugs","floor":13.0,"turns":4.0},{"damage":1.0,"enemies":"Slime Boss","floor":16.0,"turns":6.0},{"damage":4.0,"enemies":"Shell Parasite","floor":18.0,"turns":4.0},{"damage":20.0,"enemies":"3 Byrds","floor":19.0,"turns":3.0},{"damage":8.0,"enemies":"Centurion and Healer","floor":22.0,"turns":3.0},{"damage":0.0,"enemies":"Snecko","floor":28.0,"turns":4.0},{"damage":7.0,"enemies":"Slavers","floor":29.0,"turns":4.0},{"damage":13.0,"enemies":"Shelled Parasite and Fungi","floor":31.0,"turns":6.0},{"damage":42.0,"enemies":"Collector","floor":33.0,"turns":12.0},{"damage":0.0,"enemies":"3 Shapes","floor":35.0,"turns":5.0},{"damage":2.0,"enemies":"3 Darklings","floor":37.0,"turns":6.0},{"damage":7,"enemies":"4 Shapes","floor":38,"turns":5},{"damage":28,"enemies":"Writhing Mass","floor":39,"turns":8},{"damage":97,"enemies":"Nemesis","floor":40,"turns":6}],"seed_played":"2870137214558772285","potions_obtained":[{"floor":11.0,"key":"FocusPotion"},{"floor":13.0,"key":"Dexterity Potion"},{"floor":16.0,"key":"AttackPotion"},{"floor":18.0,"key":"PowerPotion"},{"floor":33.0,"key":"Dexterity Potion"},{"floor":34.0,"key":"DuplicationPotion"},{"floor":38,"key":"PowerPotion"},{"floor":39,"key":"LiquidMemories"}],"is_trial":false,"path_per_floor":["M","M","?","M","?","R","$","M","T","$","M","R","M","?","R","B",null,"M","M","?","$","M","R","?","R","T","$","M","E","?","M","R","B",null,"M","?","M","M","M","E"],"character_chosen":"DEFECT","items_purchased":["Capacitor"],"campfire_rested":2,"item_purchase_floors":[27],"current_hp_per_floor":[68,63,49,49,49,49,49,41,48,48,48,48,48,48,48,47,69,65,45,45,45,37,57,57,57,57,57,57,50,44,43,63,33,74,74,74,72,65,59,0,0],"gold":504,"neow_bonus":"REMOVE_TWO","is_daily":false,"chose_seed":false,"campfire_upgraded":4,"win_rate":0.0,"timestamp":1611467564,"path_taken":["M","M","?","M","?","R","$","M","T","$","M","R","M","?","R","BOSS","M","M","?","$","M","R","?","R","T","$","M","E","?","?","R","BOSS","M","?","?","M","M","E"],"items_purchased_type":["Card"],"build_version":"2020-12-22","purchased_purges":2,"victory":false,"max_hp_per_floor":[68,68,68,68,68,68,68,68,75,75,75,75,75,69,69,69,69,69,69,69,69,69,69,69,69,69,69,69,69,69,69,69,69,74,74,74,74,74,74,74,74],"card_choices":[{"not_picked":["Go for the Eyes","Hologram"],"picked":"Sunder","floor":1.0},{"not_picked":["Barrage","Hologram"],"picked":"Steam","floor":2.0},{"not_picked":["Hologram","Rebound"],"picked":"Beam Cell","floor":4.0},{"not_picked":["Streamline","Tempest"],"picked":"Conserve Battery","floor":8.0},{"not_picked":["Steam Power","Leap"],"picked":"Ball Lightning","floor":11.0},{"not_picked":["Stack","Blizzard"],"picked":"Sweeping Beam","floor":13.0},{"not_picked":["Fission","Thunder Strike"],"picked":"Seek","floor":16.0},{"not_picked":["Turbo+1","Heatsinks"],"picked":"BootSequence","floor":18.0},{"not_picked":["Conserve Battery","Sweeping Beam+1"],"picked":"Ball Lightning","floor":19.0},{"not_picked":["Sunder+1","Consume+1"],"picked":"Leap","floor":22.0},{"not_picked":["Reprogram","Blizzard","Steam Power"],"picked":"SKIP","floor":28.0},{"not_picked":["Storm","Streamline"],"picked":"Auto Shields","floor":29.0},{"not_picked":["Sweeping Beam","Storm+1"],"picked":"Redo","floor":31.0},{"not_picked":["Aggregate+1","Beam Cell+1","Cold Snap+1"],"picked":"SKIP","floor":35.0},{"not_picked":["Conserve Battery","Steam"],"picked":"Gash+1","floor":37.0},{"not_picked":["Ball Lightning","Coolheaded+1"],"picked":"Self Repair+1","floor":38},{"not_picked":["Conserve Battery","Turbo"],"picked":"Steam+1","floor":39}],"player_experience":1185111,"relics_obtained":[{"floor":9.0,"key":"Strawberry"},{"floor":26.0,"key":"HornCleat"},{"floor":29.0,"key":"Centennial Puzzle"},{"floor":29.0,"key":"Meat on the Bone"}],"event_choices":[{"damage_healed":63.0,"max_hp_gain":0.0,"max_hp_loss":68.0,"gold_gain":0.0,"event_name":"betterThird:BetterShining","player_choice":"Upgrade","floor":3.0,"gold_loss":0.0,"damage_taken":14.0,"cards_upgraded":["Defend_B","Defend_B"]},{"damage_healed":0.0,"max_hp_gain":0.0,"max_hp_loss":0.0,"gold_gain":0.0,"event_name":"betterThird:BetterSerpent","player_choice":"Ignored","floor":5.0,"gold_loss":0.0,"damage_taken":145.0},{"damage_healed":0.0,"max_hp_gain":0.0,"max_hp_loss":6.0,"gold_gain":0.0,"event_name":"Golden Idol","player_choice":"Lose Max HP","floor":14.0,"gold_loss":0.0,"damage_taken":0.0,"relics_obtained":["Golden Idol"]},{"cards_removed":["Strike_B"],"damage_healed":0.0,"max_hp_gain":0.0,"max_hp_loss":0.0,"gold_gain":0.0,"event_name":"Designer","player_choice":"Upgrade and Remove","floor":20.0,"gold_loss":90.0,"damage_taken":0.0,"cards_upgraded":["BootSequence"]},{"cards_removed":["Seek"],"damage_healed":0.0,"max_hp_gain":0.0,"max_hp_loss":0.0,"gold_gain":0.0,"event_name":"betterNote:BetterNote","player_choice":"Give","floor":24.0,"gold_loss":0.0,"damage_taken":0.0,"cards_obtained":["None"]},{"damage_healed":0.0,"max_hp_gain":0.0,"max_hp_loss":0.0,"gold_gain":0.0,"event_name":"betterThird:BetterNest","player_choice":"Dagger","floor":30.0,"gold_loss":0.0,"damage_taken":6.0,"cards_obtained":["RitualDagger"]},{"damage_healed":0.0,"max_hp_gain":0.0,"max_hp_loss":0.0,"gold_gain":100.0,"event_name":"Golden Shrine","player_choice":"Pray","floor":36.0,"gold_loss":0.0,"damage_taken":0.0}],"is_beta":false,"boss_relics":[{"not_picked":["SlaversCollar","Coffee Dripper"],"picked":"Black Star"},{"not_picked":["Velvet Choker","Nuclear Battery"],"picked":"Tiny House"}],"items_purged_floors":[7,10],"is_endless":false,"potions_floor_spawned":[11,13,16,18,28,33,38,39],"killed_by":"Nemesis","ascension_level":1}}