{"host":"8rqsnaeml9gxb0kp","time":1611449772,"event":{"mods":["AchievementEnabler","BaseMod","Dark Map","Minty Spire (QoL Compilation)","StSLib"],"gold_per_floor":[113,33,33,47,62,87,97,97,97,128,128,140,140,140],"floor_reached":13,"language":"ENG","playtime":486,"items_purged":[],"score":138,"play_id":"6b5999c3-3ea2-4948-bf03-cd08ddb8f94f","local_time":"20210123165612","is_ascension_mode":true,"campfire_choices":[{"floor":8,"key":"REST"}],"circlet_count":0,"master_deck":["Strike_R","Strike_R","Strike_R","Strike_R","Strike_R","Defend_R","Defend_R","Defend_R","Bash","Pommel Strike","Combust","Headbutt","Cleave","Headbutt","Cleave","Twin Strike"],"relics":["Mark of Pain","Bottled Flame","Champion Belt","StoneCalendar"],"acts_visited":["Exordium"],"potions_floor_usage":[6,12,13],"damage_taken":[{"damage":0,"enemies":"Cultist","floor":1,"turns":4},{"damage":0,"enemies":"Small Slimes","floor":4,"turns":3},{"damage":4,"enemies":"2 Louse","floor":5,"turns":3},{"damage":13,"enemies":"Gremlin Nob","floor":6,"turns":4},{"damage":18,"enemies":"Exordium Thugs","floor":7,"turns":3},{"damage":24,"enemies":"3 Sentries","floor":10,"turns":6},{"damage":30,"enemies":"Large Slime","floor":12,"turns":4},{"damage":11,"enemies":"Lagavulin","floor":13,"turns":2}],"seed_played":"4512943669365383510","potions_obtained":[{"floor":4,"key":"Block Potion"},{"floor":5,"key":"Swift Potion"},{"floor":7,"key":"EssenceOfSteel"}],"is_trial":false,"path_per_floor":["M","$","?","M","M","E","M","R","T","E","?","M","E"],"character_chosen":"IRONCLAD","items_purchased":["Combust"],"campfire_rested":1,"item_purchase_floors":[2],"current_hp_per_floor":[72,72,65,65,61,48,30,54,54,30,35,5,0,0],"gold":140,"neow_bonus":"BOSS_RELIC","is_daily":false,"chose_seed":false,"campfire_upgraded":0,"win_rate":0.0,"timestamp":1611449772,"path_taken":["M","$","?","M","M","E","M","R","T","E","?","M","E"],"items_purchased_type":["Card"],"build_version":"2020-12-22","purchased_purges":0,"victory":false,"max_hp_per_floor":[80,80,80,80,80,80,80,80,80,80,85,85,85,85],"card_choices":[{"not_picked":["Warcry","Headbutt"],"picked":"Pommel Strike","floor":1},{"not_picked":["Havoc","Body Slam"],"picked":"Headbutt","floor":4},{"not_picked":["Shrug It Off","Dark Embrace"],"picked":"Cleave","floor":5},{"not_picked":["Perfected Strike","True Grit"],"picked":"Headbutt","floor":6},{"not_picked":["Body Slam","Havoc","Corruption"],"picked":"SKIP","floor":7},{"not_picked":["Twin Strike","Reckless Charge"],"picked":"Cleave","floor":10},{"not_picked":["Anger","Flex"],"picked":"Twin Strike","floor":12}],"player_experience":124655,"relics_obtained":[{"floor":6,"key":"Bottled Flame"},{"floor":9,"key":"Champion Belt"},{"floor":10,"key":"StoneCalendar"}],"event_choices":[{"cards_removed":["Defend_R"],"damage_healed":0,"gold_gain":0,"player_choice":"Card Removal","damage_taken":7,"max_hp_gain":0,"max_hp_loss":0,"event_name":"Golden Wing","floor":3,"gold_loss":0},{"damage_healed":0,"gold_gain":0,"player_choice":"Donut","damage_taken":0,"max_hp_gain":5,"max_hp_loss":0,"event_name":"Big Fish","floor":11,"gold_loss":0}],"is_beta":false,"boss_relics":[],"items_purged_floors":[],"is_endless":false,"potions_floor_spawned":[4,5,7],"killed_by":"Lagavulin","ascension_level":9}}