{"host":"hszimsrtxxc2k25w","time":1611532469,"event":{"mods":["AchievementEnabler","BaseMod","Colored Map","DeckTracker","Minty Spire (QoL Compilation)","Rare Cards Sparkle","SuperFastMode"],"gold_per_floor":[115,115,164,164,64,107,107,147,171,196,32,53,73,16,16,110,110,110,110,110,55,55,55,55,55,55,5,5,5,5,5,5],"floor_reached":31,"language":"KOR","playtime":648,"items_purged":["Strike_G"],"score":553,"play_id":"dd279f15-dcf2-4d0f-979b-ec3e38672895","local_time":"20210125085429","is_ascension_mode":true,"campfire_choices":[{"data":"Neutralize","floor":7,"key":"SMITH"},{"data":"Deadly Poison","floor":15,"key":"SMITH"},{"floor":23,"key":"REST"}],"circlet_count":0,"master_deck":["AscendersBane","Strike_G","Strike_G","Strike_G","Defend_G","Defend_G","Defend_G","Defend_G","Defend_G+1","Survivor","Neutralize+1","Dagger Throw","Expertise","Poisoned Stab","Tactician","Well Laid Plans","Reflex","Predator","Escape Plan","Deadly Poison+1","Prepared","Reflex"],"relics":["Ring of the Snake","NeowsBlessing","Bronze Scales","Golden Idol","Bag of Preparation","Dream Catcher","Tiny Chest","Orrery","Ectoplasm","Blood Vial","Art of War","Molten Egg 2"],"acts_visited":["Exordium","TheCity"],"potions_floor_usage":[13,16,31],"damage_taken":[{"damage":0,"enemies":"Cultist","floor":1,"turns":1},{"damage":0,"enemies":"3 Sentries","floor":6,"turns":2},{"damage":0,"enemies":"Gremlin Nob","floor":8,"turns":1},{"damage":1,"enemies":"Jaw Worm","floor":10,"turns":3},{"damage":0,"enemies":"2 Louse","floor":12,"turns":2},{"damage":11,"enemies":"Exordium Thugs","floor":13,"turns":3},{"damage":18,"enemies":"The Guardian","floor":16,"turns":9},{"damage":0,"enemies":"3 Byrds","floor":18,"turns":3},{"damage":23,"enemies":"Shell Parasite","floor":22,"turns":5},{"damage":15,"enemies":"Snecko","floor":29,"turns":5},{"damage":27,"enemies":"3 Cultists","floor":30,"turns":5},{"damage":14,"enemies":"Centurion and Healer","floor":31,"turns":5}],"seed_played":"-1192917727273017567","potions_obtained":[{"floor":1,"key":"Energy Potion"},{"floor":8,"key":"BlessingOfTheForge"},{"floor":12,"key":"CunningPotion"},{"floor":13,"key":"Fire Potion"},{"floor":30,"key":"Block Potion"}],"is_trial":false,"path_per_floor":["M","?","T","?","$","E","R","E","T","M","$","M","M","$","R","B",null,"M","?","T","$","M","R","$","?","T","?","T","M","M","M"],"character_chosen":"THE_SILENT","items_purchased":["Dagger Throw","Orrery","Deadly Poison","Prepared"],"campfire_rested":1,"item_purchase_floors":[5,11,14,21],"current_hp_per_floor":[59,39,39,39,39,39,39,39,39,38,38,38,27,27,27,9,47,47,47,47,47,26,44,44,44,44,44,44,31,6,0,0],"gold":5,"neow_bonus":"THREE_ENEMY_KILL","is_daily":false,"chose_seed":false,"campfire_upgraded":2,"win_rate":0.0,"timestamp":1611532469,"path_taken":["M","?","?","?","$","E","R","E","T","M","$","M","?","?","R","BOSS","M","?","?","$","?","R","$","?","T","?","?","M","M","M"],"items_purchased_type":["Card","Relic","Card","Card"],"build_version":"2020-12-22","purchased_purges":1,"victory":false,"max_hp_per_floor":[66,66,66,60,60,60,60,60,60,60,60,60,60,60,60,60,60,60,60,60,60,60,60,60,60,60,60,60,60,60,60,60],"card_choices":[{"not_picked":["Concentrate","Flechettes","Blur"],"picked":"SKIP","floor":1},{"not_picked":["Malaise","Riddle With Holes"],"picked":"Expertise","floor":6},{"not_picked":["Deflect","Caltrops"],"picked":"Poisoned Stab","floor":8},{"not_picked":["Flying Knee","Riddle With Holes","Expertise"],"picked":"SKIP","floor":10},{"not_picked":["Underhanded Strike","Heel Hook"],"picked":"Tactician","floor":11},{"not_picked":["Endless Agony","Infinite Blades"],"picked":"Well Laid Plans","floor":11},{"not_picked":["Backflip","Bane"],"picked":"Reflex","floor":11},{"not_picked":["Expertise","Well Laid Plans"],"picked":"Predator","floor":12},{"not_picked":["Cloak And Dagger","Dodge and Roll"],"picked":"Escape Plan","floor":13},{"not_picked":["Expertise","Sucker Punch","PiercingWail"],"picked":"SKIP","floor":18},{"not_picked":["Flying Knee+1","Outmaneuver","Underhanded Strike"],"picked":"SKIP","floor":22},{"not_picked":["Prepared","Flying Knee"],"picked":"Reflex","floor":23},{"not_picked":["Poisoned Stab+1","Predator+1","Caltrops+1"],"picked":"SKIP","floor":29},{"not_picked":["Poisoned Stab+1","Escape Plan","Riddle With Holes+1"],"picked":"SKIP","floor":30}],"player_experience":642076,"relics_obtained":[{"floor":3,"key":"Bronze Scales"},{"floor":6,"key":"Bag of Preparation"},{"floor":8,"key":"Dream Catcher"},{"floor":9,"key":"Tiny Chest"},{"floor":20,"key":"Blood Vial"},{"floor":26,"key":"Art of War"},{"floor":28,"key":"Molten Egg 2"}],"event_choices":[{"damage_healed":0,"gold_gain":0,"player_choice":"Entered Light","damage_taken":20,"max_hp_gain":0,"max_hp_loss":0,"event_name":"Shining Light","floor":2,"gold_loss":0,"cards_upgraded":["Defend_G","Strike_G"]},{"damage_healed":0,"gold_gain":0,"player_choice":"Lose Max HP","damage_taken":0,"relics_obtained":["Golden Idol"],"max_hp_gain":0,"max_hp_loss":6,"event_name":"Golden Idol","floor":4,"gold_loss":0},{"cards_removed":["Strike_G"],"damage_healed":0,"gold_gain":0,"player_choice":"Offered Basic","damage_taken":0,"max_hp_gain":0,"max_hp_loss":0,"event_name":"Bonfire Elementals","floor":19,"gold_loss":0},{"damage_healed":0,"gold_gain":50,"player_choice":"Stole From Cult","damage_taken":0,"max_hp_gain":0,"max_hp_loss":0,"event_name":"Nest","floor":25,"gold_loss":0},{"damage_healed":0,"gold_gain":0,"player_choice":"Bet on Murderer","damage_taken":0,"max_hp_gain":0,"max_hp_loss":0,"event_name":"The Joust","floor":27,"gold_loss":50}],"is_beta":false,"boss_relics":[{"not_picked":["Runic Dome","SacredBark"],"picked":"Ectoplasm"}],"items_purged_floors":[5],"is_endless":false,"potions_floor_spawned":[1,8,12,13,30],"killed_by":"Centurion and Healer","ascension_level":18}}