{"host":"17xjy7b7ubl548g2","time":1611463077,"event":{"mods":["2.2 Compatiblity","Act Like it!","Aspiration","Astrologer","Bard","BaseMod","Challenge The Spire","ChefMod","Colored Map","Colored Powertips","Conspire","Downfall","Elementarium","Energized Spire","Gensokyo","GifTheSpireLib","Halation","Hallownest","Hubris","Infinite Spire","Jedi Mod","Jorbs\u0027s Wanderer Trilogy","Marisa（霧雨　魔理沙）","Marked Mod","Menagerie","Minty Spire (QoL Compilation)","Permanent Neow","Replay The Spire","Robot Space Explorer","Spicy Shops","StSLib","Stuff the Spire","The Blue Laboratory","The Bug Knight","The Construct","The Disciple","The Hayseed","The Hierophant","The Marked","The Runesmith","The Sage","TheFirefly"],"gold_per_floor":[0,10,10,20,39,39,65,92,92,108,39,58,58,77,93,190,190,190,190,190,224,224,237,310,320,320,346,346,346,51,70,90,189,189,89,95,111,127,127,138,138,138,169,182,34,34,60,78,98,98],"floor_reached":51,"language":"ENG","playtime":4220,"items_purged":["champ:Strike","Pain","champ:Strike","champ:Strike"],"score":1004,"play_id":"efe82504-8ef4-4422-b78c-b18e0624dab1","local_time":"20210123233757","is_ascension_mode":false,"campfire_choices":[{"data":"champ:Taunt","floor":1.0,"key":"SMITH"},{"data":"champ:FlashCut","floor":6.0,"key":"SMITH"},{"data":"champ:PerfectedStrike","floor":13.0,"key":"SMITH"},{"data":"champ:TripleStrike","floor":18.0,"key":"SMITH"},{"data":"infinitespire:SevenWalls","floor":26.0,"key":"SMITH"},{"data":"StuffTheSpire:Innocence","floor":35.0,"key":"SMITH"},{"data":"champ:Duel","floor":46,"key":"SMITH"}],"circlet_count":0,"master_deck":["champ:Defend+1","champ:Defend","champ:Defend","champ:Defend+1","champ:Execute","champ:Taunt+1","champ:GladiatorStyle","champ:FlashCut+1","champ:EnGarde","champ:Circumvent","Iron Wave","champ:FlashCut","champ:PerfectedStrike+1","champ:StanceDance","champ:FlashCut","champ:Duel+1","champ:TornadoPunch","champ:TripleStrike+1","infinitespire:SevenWalls+1","champ:FaceSlap+1","champ:Haymaker","champ:FlashCut+1","champ:Backstep","StuffTheSpire:Innocence+1","NonDirectionalLaser","expansioncontent:HyperBeam","SporeBomb","champ:VampiricStrike","Master of Strategy","champ:FlashCut","WitchLeyline+1","champ:Backstep+1","champ:CrownThrow+1","champ:PreciseThrust+1","champ:SteelEdge"],"relics":["champ:ChampionCrown","hubris:ToyBattleship","halation:LettersToHer","aspiration:MarisaSkillbook","Coffee Dripper","Bottled Flame","Singing Bowl","Replay:Mystery Machine","hubris:TinFlute","Membership Card","energizedSpire:DeadBattery","downfall:HeartBlessingGreen","HollowMod:JonisBlessing","Happy Flower","War Paint","hubris:Towel","Bag of Preparation","Garlic","aspiration:StickyExplosives_weak"],"acts_visited":["Exordium","TheCity","TheBeyond"],"potions_floor_usage":[43,50,50],"damage_taken":[{"damage":20.0,"enemies":"Small Slimes","floor":2.0,"turns":4.0},{"damage":10.0,"enemies":"2 Louse","floor":4.0,"turns":3.0},{"damage":1.0,"enemies":"Cultist","floor":5.0,"turns":4.0},{"damage":38.0,"enemies":"Gremlin Nob","floor":8.0,"turns":4.0},{"damage":10.0,"enemies":"3 Louse","floor":10.0,"turns":3.0},{"damage":30.0,"enemies":"downfall:FleeingMerchant","floor":11.0,"turns":4.0},{"damage":13.0,"enemies":"Large Slime","floor":12.0,"turns":5.0},{"damage":0.0,"enemies":"3 Louse","floor":14.0,"turns":2.0},{"damage":14.0,"enemies":"Blue Slaver","floor":15.0,"turns":3.0},{"damage":31.0,"enemies":"DF_ARCHETYPE_STREAMLINE","floor":16.0,"turns":10.0},{"damage":0.0,"enemies":"conspire:MimicChest","floor":21.0,"turns":3.0},{"damage":7.0,"enemies":"Spheric Guardian","floor":23.0,"turns":2.0},{"damage":0.0,"enemies":"Shell Parasite","floor":25.0,"turns":2.0},{"damage":0.0,"enemies":"Book of Stabbing","floor":27.0,"turns":2.0},{"damage":4.0,"enemies":"downfall:FleeingMerchant","floor":30.0,"turns":4.0},{"damage":0.0,"enemies":"Snake Plant","floor":31.0,"turns":2.0},{"damage":0.0,"enemies":"Sentry and Sphere","floor":32.0,"turns":3.0},{"damage":0.0,"enemies":"IC_MUSHROOM_ARCHETYPE","floor":33.0,"turns":4.0},{"damage":0.0,"enemies":"downfall:FleeingMerchant","floor":36.0,"turns":2.0},{"damage":0,"enemies":"3 Darklings","floor":37,"turns":4},{"damage":0,"enemies":"Orb Walker","floor":38,"turns":2},{"damage":0,"enemies":"Sphere and 2 Shapes","floor":40,"turns":2},{"damage":0,"enemies":"Nightmare","floor":43,"turns":5},{"damage":0,"enemies":"Jaw Worm Horde","floor":44,"turns":3},{"damage":0,"enemies":"Giant Head","floor":47,"turns":5},{"damage":0,"enemies":"3 Darklings","floor":48,"turns":2},{"damage":0,"enemies":"Maw","floor":49,"turns":4},{"damage":0,"enemies":"WA_ARCHETYPE_DIVINITY","floor":50,"turns":6}],"seed_played":"-5486484764457105326","potions_obtained":[{"floor":4.0,"key":"Strength Potion"},{"floor":8.0,"key":"champ:OpenerPotion"},{"floor":12.0,"key":"blueLaboratory:HorrorPotion"},{"floor":14.0,"key":"PowerPotion"},{"floor":21.0,"key":"blueLaboratory:FruitPunch"},{"floor":23.0,"key":"blueLaboratory:HummingbirdPotion"},{"floor":31.0,"key":"blueLaboratory:FrostheartPotion"},{"floor":33.0,"key":"blueLaboratory:StoneskinPotion"},{"floor":38,"key":"AttackPotion"},{"floor":40,"key":"PowerPotion"},{"floor":47,"key":"Fire Potion"},{"floor":49,"key":"Strength Potion"}],"is_trial":false,"path_per_floor":["R","M","?","M","M","R","T","E","?","M","$","M","R","M","M","B",null,"R","?","AVR","?","?","M","T","M","R","E","?","T","$","M","M","B",null,"R","$","M","M","?","M","T","?","NM","M","$","R","E","M","M","B",null],"character_chosen":"THE_CHAMP","items_purchased":["champ:StanceDance","Membership Card","expansioncontent:HyperBeam","HollowMod:JonisBlessing","Happy Flower","Master of Strategy","champ:FlashCut","Garlic","champ:PreciseThrust+1"],"campfire_rested":0,"item_purchase_floors":[11,30,30,36,36,36,36,45,45],"current_hp_per_floor":[108,108,108,108,107,107,107,79,79,79,79,76,76,76,72,56,108,108,108,108,108,108,108,108,108,108,111,111,111,111,111,113,113,113,113,113,115,115,115,117,117,117,117,117,117,117,117,119,121,121],"gold":98,"neow_bonus":"TWENTY_PERCENT_HP_BONUS","is_daily":false,"chose_seed":false,"campfire_upgraded":7,"win_rate":0.0,"timestamp":1611463077,"path_taken":["R","M","?","M","M","R","T","E","?","M","$","M","R","M","M","BOSS","R","?","AVR","?","?","M","T","?","R","E","?","?","$","M","M","BOSS","R","$","M","M","?","M","T","?","NM","M","?","R","E","M","M","BOSS"],"items_purchased_type":["Card","Relic","Card","Relic","Relic","Card","Card","Relic","Card"],"build_version":"2020-12-22","purchased_purges":4,"victory":true,"max_hp_per_floor":[108,108,108,108,108,108,108,108,108,108,108,108,108,108,108,108,108,108,108,108,108,108,108,108,108,108,111,111,111,111,111,113,113,113,113,113,115,115,115,117,117,117,117,117,117,117,117,119,121,121],"card_choices":[{"not_picked":["champ:BringItOn","champ:StanceDance"],"picked":"champ:GladiatorStyle","floor":2.0},{"not_picked":["champ:GladiatorStyle","champ:Backstep"],"picked":"champ:FlashCut","floor":4.0},{"not_picked":["champ:IronFortress","champ:DefensiveShout"],"picked":"champ:EnGarde","floor":5.0},{"not_picked":["champ:GladiatorForm","champ:BerserkersShout"],"picked":"champ:Circumvent","floor":8.0},{"not_picked":["champ:AdrenalArmor","champ:BerserkersShout"],"picked":"champ:FlashCut","floor":10.0},{"not_picked":["champ:Shatter","champ:FocusedDefense"],"picked":"champ:PerfectedStrike","floor":11.0},{"not_picked":["champ:PerfectedStrike","champ:FocusedBerserking"],"picked":"champ:FlashCut","floor":12.0},{"not_picked":["champ:StanceDance","champ:Backstep"],"picked":"champ:Duel","floor":14.0},{"not_picked":["champ:SetATrap","champ:PerfectedStrike"],"picked":"champ:TornadoPunch","floor":15.0},{"not_picked":["champ:Improvising","champ:StrikeOfGenius"],"picked":"champ:TripleStrike","floor":16.0},{"not_picked":["champ:Backstep+1","champ:StanceDance+1","ShootingEcho"],"picked":"champ:FaceSlap+1","floor":21.0},{"not_picked":["champ:FocusedBerserking","champ:TornadoPunch","champ:FanOfKnives+1"],"picked":"champ:Haymaker","floor":23.0},{"not_picked":["OpenUniverse","GravityBeat+1","GrandCross"],"picked":"champ:FlashCut+1","floor":25.0},{"not_picked":["champ:TornadoPunch","TreasureHunter","champ:BringItOn"],"picked":"champ:Backstep","floor":27.0},{"not_picked":["WitchLeyline","champ:PerfectedStrike","champ:SteelEdge"],"picked":"NonDirectionalLaser","floor":30.0},{"not_picked":["AsteroidBelt","champ:Circumvent","champ:FanOfKnives+1"],"picked":"SporeBomb","floor":31.0},{"not_picked":["champ:Haymaker","EventHorizon+1","PulseMagic+1","champ:HeartStrike"],"picked":"Singing Bowl","floor":32.0},{"not_picked":["SuperNova","StarDustReverie","BigCrunch"],"picked":"champ:VampiricStrike","floor":33.0},{"not_picked":["champ:IronFortress","champ:TornadoPunch","champ:FanOfKnives","ChargingUp"],"picked":"Singing Bowl","floor":37},{"not_picked":["champ:GladiatorStyle+1","DC","SprinkleStarSeal"],"picked":"WitchLeyline+1","floor":38},{"not_picked":["champ:Haymaker","champ:BerserkersShout","Occultation+1","WitchOfGreed"],"picked":"Singing Bowl","floor":40},{"not_picked":["WitchLeyline+1","SuperPerseids+1","AsteroidBelt"],"picked":"champ:Backstep+1","floor":43},{"not_picked":["DarkSpark+1","champ:PreciseThrust","champ:BringItOn"],"picked":"champ:CrownThrow+1","floor":44},{"not_picked":["champ:ShieldSlam","SporeBomb+1","champ:Shatter"],"picked":"champ:SteelEdge","floor":47},{"not_picked":["ShootingEcho","champ:FocusedBerserking","NonDirectionalLaser","ManaConvection+1"],"picked":"Singing Bowl","floor":48},{"not_picked":["champ:BerserkersShout+1","champ:CrownThrow","ShootingEcho","champ:BladeFlurry"],"picked":"Singing Bowl","floor":49}],"player_experience":1964911,"relics_obtained":[{"floor":7.0,"key":"hubris:ToyBattleship"},{"floor":8.0,"key":"halation:LettersToHer"},{"floor":21.0,"key":"Bottled Flame"},{"floor":24.0,"key":"halation:LettersToHer"},{"floor":24.0,"key":"Singing Bowl"},{"floor":27.0,"key":"Replay:Mystery Machine"},{"floor":29.0,"key":"halation:LettersToHer"},{"floor":29.0,"key":"hubris:TinFlute"},{"floor":41,"key":"halation:LettersToHer"},{"floor":41,"key":"War Paint"},{"floor":43,"key":"Bag of Preparation"},{"floor":47,"key":"aspiration:StickyExplosives_weak"}],"event_choices":[{"cards_removed":["champ:Strike"],"damage_healed":0.0,"max_hp_gain":0.0,"max_hp_loss":0.0,"gold_gain":0.0,"event_name":"NoteForYourself","player_choice":"Took Card","floor":9.0,"gold_loss":0.0,"damage_taken":0.0,"cards_obtained":["Iron Wave"]},{"damage_healed":0.0,"max_hp_gain":0.0,"max_hp_loss":0.0,"gold_gain":0.0,"event_name":"conspire:Investor","player_choice":"Leave","floor":22.0,"gold_loss":0.0,"damage_taken":0.0}],"is_beta":false,"boss_relics":[{"not_picked":["Replay:Wanted Poster","halation:HeavySnake"],"picked":"aspiration:MarisaSkillbook"},{"not_picked":["aspiration:PoetsPen_weak","Sozu"],"picked":"energizedSpire:DeadBattery"}],"items_purged_floors":[20,30,30,36],"is_endless":false,"potions_floor_spawned":[4,8,12,14,21,23,31,33,38,40,47,49],"ascension_level":0}}