{"host":"m5bsg12zcyqnofur","time":1611462833,"event":{"mods":["AchievementEnabler","BaseMod","BetterRewards","Colored Powertips","Hermit","Highlight Path","Minty Spire (QoL Compilation)","Quick Restart","Replay The Spire","Shop Mod","StSLib","The Bug Knight"],"gold_per_floor":[112,123,123,139,139,139,164,182,205,205,224,237,262,62,62,165,165,176,192,192,206,218,253,271,303,327,405,448,145,187,257,269,440,452,504,172,215,269,19,19,19,19,19,87,125,125,194,194,194,292,292,292,17,98,242],"floor_reached":56,"language":"ENG","playtime":3857,"items_purged":["Strike_G","Strike_G","Strike_G","Strike_G","Strike_G","Defend_G","Defend_G","Defend_G","Dagger Throw"],"score":2839,"play_id":"cccb5f83-f1d1-4b8e-87ac-4d1f3df6d1c2","local_time":"20210123223353","is_ascension_mode":true,"campfire_choices":[{"data":"ReplayTheSpireMod:Scrap Shanks","floor":6.0,"key":"SMITH"},{"data":"Defend_G","floor":15.0,"key":"PURGE"},{"floor":32,"key":"DIG"},{"data":"Acrobatics","floor":40,"key":"SMITH"},{"data":"Survivor","floor":46,"key":"PURGE"},{"floor":49,"key":"RECALL"},{"data":"Neutralize","floor":52,"key":"PURGE"}],"circlet_count":0,"master_deck":["AscendersBane","ReplayTheSpireMod:Scrap Shanks+1","Tactician+1","Underhanded Strike","Underhanded Strike","Quick Slash+1","Acrobatics+1","Reflex","Accuracy","Prepared","Prepared+1"],"relics":["Ring of the Snake","Replay:Baseball","TungstenRod","DollysMirror","Ancient Tea Set","Anchor","ReplayFunnel","Coffee Dripper","Paper Crane","Replay:Bandana","Gambling Chip","MawBank","Snack Pack","Ring of Chaos","Peace Pipe","Blood Vial","Replay:Ringing Soul","Bag of Marbles","Du-Vu Doll"],"acts_visited":["TheCity","TheBeyond","TheEnding"],"potions_floor_usage":[33,55],"damage_taken":[{"damage":0.0,"enemies":"2 Louse","floor":1.0,"turns":2.0},{"damage":0.0,"enemies":"Small Slimes","floor":2.0,"turns":2.0},{"damage":0.0,"enemies":"Cultist","floor":4.0,"turns":2.0},{"damage":2.0,"enemies":"HollowMod:MossKnight","floor":7.0,"turns":7.0},{"damage":0.0,"enemies":"Lots of Slimes","floor":8.0,"turns":3.0},{"damage":0.0,"enemies":"Blue Slaver","floor":11.0,"turns":2.0},{"damage":0.0,"enemies":"3 Louse","floor":12.0,"turns":3.0},{"damage":6.0,"enemies":"Gremlin Nob","floor":13.0,"turns":3.0},{"damage":0.0,"enemies":"The Guardian","floor":16.0,"turns":6.0},{"damage":0.0,"enemies":"Spheric Guardian","floor":18.0,"turns":2.0},{"damage":0.0,"enemies":"3 Byrds","floor":19.0,"turns":3.0},{"damage":0,"enemies":"Snake Plant","floor":21,"turns":4},{"damage":0,"enemies":"Shelled Parasite and Fungi","floor":22,"turns":2},{"damage":0,"enemies":"Replay:Snechameleon","floor":23,"turns":2},{"damage":0,"enemies":"3 Cultists","floor":24,"turns":3},{"damage":0,"enemies":"Book of Stabbing","floor":25,"turns":3},{"damage":0,"enemies":"Gremlin Leader","floor":27,"turns":3},{"damage":0,"enemies":"Cultist and Chosen","floor":28,"turns":1},{"damage":0,"enemies":"Shelled Parasite and Fungi","floor":30,"turns":1},{"damage":0,"enemies":"HollowMod:Nosk","floor":31,"turns":2},{"damage":0,"enemies":"Automaton","floor":33,"turns":3},{"damage":0,"enemies":"Orb Walker","floor":35,"turns":1},{"damage":0,"enemies":"3 Darklings","floor":37,"turns":2},{"damage":5,"enemies":"Spire Growth","floor":38,"turns":3},{"damage":0,"enemies":"Reptomancer","floor":44,"turns":1},{"damage":6,"enemies":"Sphere and 2 Shapes","floor":45,"turns":2},{"damage":0,"enemies":"Maw","floor":47,"turns":2},{"damage":0,"enemies":"Donu and Deca","floor":50,"turns":1},{"damage":0,"enemies":"Shield and Spear","floor":54,"turns":1},{"damage":0,"enemies":"The Heart","floor":55,"turns":5}],"seed_played":"6234925545832833720","potions_obtained":[{"floor":4.0,"key":"Milkshake"},{"floor":11.0,"key":"Languid Potion"},{"floor":13.0,"key":"CultistPotion"},{"floor":22,"key":"PowerPotion"},{"floor":23,"key":"SneckoOil"},{"floor":25,"key":"Swift Potion"},{"floor":28,"key":"FairyPotion"},{"floor":37,"key":"Strength Potion"},{"floor":44,"key":"Explosive Potion"},{"floor":54,"key":"Weak Potion"}],"is_trial":false,"path_per_floor":["M","M","?","M","$","R","E","M","T","?","M","M","E","$","R","B",null,"M","M","$","M","M","E","M","E","T","E","M","$","M","E","R","B",null,"M","$","M","M","$","R","?","?","T","E","M","R","M","?","R","B",null,"R","$","E","B",null],"character_chosen":"THE_SILENT","items_purchased":["ReplayTheSpireMod:Scrap Shanks","Tactician+1","Underhanded Strike","Replay:Baseball","TungstenRod","DollysMirror","Quick Slash+1","Accuracy","Peace Pipe","Prepared"],"campfire_rested":0,"item_purchase_floors":[0,0,0,0,0,0,0,29,36,36],"current_hp_per_floor":[21,21,21,21,21,21,19,19,19,19,19,19,13,13,13,13,56,56,56,56,56,56,56,56,56,56,56,56,56,56,56,56,70,70,70,70,70,67,67,67,67,67,67,70,66,66,73,73,73,73,73,73,73,73,73],"gold":242,"neow_bonus":"","is_daily":false,"chose_seed":false,"campfire_upgraded":2,"win_rate":0.0,"timestamp":1611462833,"path_taken":["M","M","?","M","$","R","E","M","T","?","M","M","E","$","R","BOSS","M","M","?","M","M","E","?","E","T","E","M","$","M","E","R","BOSS","M","?","M","M","$","R","?","?","T","E","M","R","?","?","R","BOSS","R","$","E","BOSS"],"items_purchased_type":["Card","Card","Card","Relic","Relic","Relic","Card","Card","Relic","Card"],"build_version":"2020-12-22","purchased_purges":9,"victory":true,"max_hp_per_floor":[70,70,70,70,70,70,70,70,70,70,70,70,70,70,70,70,70,70,70,70,70,70,70,70,70,70,70,70,70,70,70,70,70,70,70,70,70,70,70,70,70,70,70,70,70,70,73,73,73,73,73,73,73,73,73],"card_choices":[{"not_picked":["Bane","Sucker Punch"],"picked":"Dagger Throw","floor":1.0},{"not_picked":["Flying Knee","Bane","Underhanded Strike"],"picked":"SKIP","floor":2.0},{"not_picked":["ReplayTheSpireMod:Scrap Shanks","Eviscerate","Outmaneuver"],"picked":"SKIP","floor":4.0},{"not_picked":["Dash","Heel Hook","Choke"],"picked":"SKIP","floor":7.0},{"not_picked":["Cloak And Dagger","Blur"],"picked":"Acrobatics","floor":8.0},{"not_picked":["Poisoned Stab","Dagger Throw","ReplayTheSpireMod:Scrap Shanks"],"picked":"SKIP","floor":11.0},{"not_picked":["Slice","Setup","Heel Hook"],"picked":"SKIP","floor":12.0},{"not_picked":["Blade Dance","Finisher","Cloak And Dagger"],"picked":"SKIP","floor":13.0},{"not_picked":["Dagger Spray","Deadly Poison+1","Slice"],"picked":"SKIP","floor":18.0},{"not_picked":["Backflip","Blur","Cloak And Dagger"],"picked":"SKIP","floor":19.0},{"not_picked":["ReplayTheSpireMod:Exploit Weakness+1","Dagger Spray+1"],"picked":"Reflex","floor":21},{"not_picked":["Bane","Draining Mist","Deadly Poison"],"picked":"SKIP","floor":22},{"not_picked":["Flying Knee","Blur","Dash"],"picked":"SKIP","floor":23},{"not_picked":["Acrobatics","Sneak Up","Blade Dance"],"picked":"SKIP","floor":24},{"not_picked":["Heel Hook","Dagger Spray","Quick Slash"],"picked":"SKIP","floor":25},{"not_picked":["Deadly Poison","Blur","Backflip"],"picked":"SKIP","floor":27},{"not_picked":["Dagger Throw","Concentrate","Well Laid Plans"],"picked":"SKIP","floor":28},{"not_picked":["Dagger Throw","Concentrate","Well Laid Plans"],"picked":"SKIP","floor":28},{"not_picked":["ReplayTheSpireMod:Scrap Shanks","Blade Dance","Fluid Movement"],"picked":"SKIP","floor":30},{"not_picked":["Catalyst","Poisoned Stab","Sucker Punch"],"picked":"SKIP","floor":31},{"not_picked":["Grand Finale","Corpse Explosion"],"picked":"Envenom","floor":33},{"not_picked":["Dodge and Roll","Slice","Predator"],"picked":"SKIP","floor":35},{"not_picked":["Bane","Dodge and Roll","Sucker Punch+1"],"picked":"SKIP","floor":37},{"not_picked":["ReplayTheSpireMod:Speed Training","Poisoned Stab","PiercingWail+1"],"picked":"SKIP","floor":38},{"not_picked":["Infinite Blades+1","Leg Sweep","Corpse Explosion"],"picked":"SKIP","floor":44},{"not_picked":["Setup+1","Well Laid Plans+1","Quick Slash"],"picked":"SKIP","floor":45},{"not_picked":["Setup+1","Well Laid Plans+1","Quick Slash"],"picked":"SKIP","floor":45},{"not_picked":["Masterful Stab+1","Dagger Spray"],"picked":"Prepared+1","floor":47},{"not_picked":["Sucker Punch+1","Dodge and Roll","Slice+1"],"picked":"SKIP","floor":54}],"player_experience":273422,"relics_obtained":[{"floor":7.0,"key":"Ancient Tea Set"},{"floor":9.0,"key":"Anchor"},{"floor":13.0,"key":"ReplayFunnel"},{"floor":23,"key":"Paper Crane"},{"floor":25,"key":"Replay:Bandana"},{"floor":27,"key":"Gambling Chip"},{"floor":31,"key":"MawBank"},{"floor":32,"key":"Snack Pack"},{"floor":43,"key":"Replay:Ringing Soul"},{"floor":44,"key":"Bag of Marbles"},{"floor":54,"key":"Du-Vu Doll"}],"event_choices":[{"cards_removed":["Defend_G"],"damage_healed":0.0,"max_hp_gain":0.0,"max_hp_loss":0.0,"gold_gain":0.0,"event_name":"Living Wall","player_choice":"Forget","floor":3.0,"gold_loss":0.0,"damage_taken":0.0},{"damage_healed":0.0,"max_hp_gain":0.0,"max_hp_loss":0.0,"gold_gain":0.0,"event_name":"The Woman in Blue","player_choice":"Bought 0 Potions","floor":10.0,"gold_loss":0.0,"damage_taken":0.0},{"cards_removed":["Envenom"],"damage_healed":0,"gold_gain":0,"player_choice":"Removed Power","damage_taken":0,"max_hp_gain":0,"max_hp_loss":0,"event_name":"Falling","floor":41,"gold_loss":0},{"damage_healed":0,"gold_gain":0,"player_choice":"Gave Potion","damage_taken":0,"relics_obtained":["Blood Vial"],"max_hp_gain":0,"max_hp_loss":0,"event_name":"WeMeetAgain","floor":42,"gold_loss":0},{"damage_healed":0,"gold_gain":0,"player_choice":"Memory 1","damage_taken":0,"max_hp_gain":0,"max_hp_loss":0,"event_name":"SensoryStone","floor":48,"gold_loss":0}],"is_beta":false,"boss_relics":[{"not_picked":["Replay:Grab Bag","Runic Pyramid"],"picked":"Coffee Dripper"},{"not_picked":["ReplayTheSpireMod:DimensionalGlitch","Philosopher\u0027s Stone"],"picked":"Ring of Chaos"}],"items_purged_floors":[0,0,0,0,0,14,29,39,53],"is_endless":false,"potions_floor_spawned":[4,11,13,22,23,25,27,28,30,37,44,45,47,54],"ascension_level":12}}