{"host":"rzjc4nrqz5d54r3r","time":1611476663,"event":{"mods":["BaseMod","Colored Map","Keyboard Shortcuts","Minty Spire (QoL Compilation)","Quick Restart","StSLib","SuperFastMode","everything is the same but u backflip on backflip"],"gold_per_floor":[116,66,66,66,80,114,128,142,142,174,190,215,140,152,152,253,253,270,270,286,46,62,95,41,41,41,76,91,120,138,238,238,336,386,404,229,249,269,286,315,328,345,345,357,392,392,19,30,30,30],"floor_reached":51,"language":"KOR","playtime":1851,"items_purged":["Strike_R","Strike_R","Strike_R"],"score":818,"play_id":"b0fa7d2d-eb18-4551-841d-e71ae3f43d9b","local_time":"20210124172423","is_ascension_mode":false,"campfire_choices":[{"data":"Rampage","floor":15.0,"key":"SMITH"},{"data":"Armaments","floor":25.0,"key":"SMITH"},{"data":"Demon Form","floor":32.0,"key":"SMITH"},{"data":"Disarm","floor":46.0,"key":"SMITH"},{"data":"Disarm","floor":49.0,"key":"SMITH"}],"circlet_count":0,"master_deck":["Defend_R","Defend_R","Defend_R+1","Defend_R","Bash+1","Thunderclap","Flame Barrier","Shrug It Off","Reaper","Rampage+1","Disarm+1","Demon Form+1","Burning Pact","Sword Boomerang+1","Second Wind","Armaments+1","Feel No Pain","Double Tap","Uppercut","Whirlwind+1","Disarm+1","Disarm+1","Disarm+1"],"relics":["Burning Blood","Toy Ornithopter","Torii","White Beast Statue","Cursed Key","Mummified Hand","MealTicket","Bird Faced Urn","Vajra","Tiny House","Anchor","Happy Flower","Paper Frog"],"acts_visited":["Exordium","TheCity","TheBeyond"],"potions_floor_usage":[50,50],"damage_taken":[{"damage":0.0,"enemies":"Small Slimes","floor":1.0,"turns":5.0},{"damage":6.0,"enemies":"Jaw Worm","floor":5.0,"turns":3.0},{"damage":34.0,"enemies":"3 Sentries","floor":6.0,"turns":10.0},{"damage":1.0,"enemies":"Cultist","floor":7.0,"turns":3.0},{"damage":6.0,"enemies":"Large Slime","floor":8.0,"turns":8.0},{"damage":34.0,"enemies":"Gremlin Nob","floor":10.0,"turns":5.0},{"damage":10.0,"enemies":"Exordium Thugs","floor":11.0,"turns":4.0},{"damage":26.0,"enemies":"Lagavulin","floor":12.0,"turns":9.0},{"damage":1.0,"enemies":"2 Fungi Beasts","floor":14.0,"turns":4.0},{"damage":9.0,"enemies":"The Guardian","floor":16.0,"turns":14.0},{"damage":9.0,"enemies":"Spheric Guardian","floor":18.0,"turns":6.0},{"damage":1.0,"enemies":"Shell Parasite","floor":20.0,"turns":6.0},{"damage":4.0,"enemies":"Snake Plant","floor":22.0,"turns":5.0},{"damage":13.0,"enemies":"Book of Stabbing","floor":23.0,"turns":6.0},{"damage":41.0,"enemies":"Gremlin Leader","floor":27.0,"turns":7.0},{"damage":8.0,"enemies":"Shelled Parasite and Fungi","floor":28.0,"turns":6.0},{"damage":6.0,"enemies":"Book of Stabbing","floor":29.0,"turns":8.0},{"damage":21.0,"enemies":"3 Cultists","floor":30.0,"turns":5.0},{"damage":29.0,"enemies":"Champ","floor":33.0,"turns":9.0},{"damage":39.0,"enemies":"Orb Walker","floor":35.0,"turns":6.0},{"damage":33.0,"enemies":"3 Darklings","floor":37.0,"turns":9.0},{"damage":53.0,"enemies":"Sphere and 2 Shapes","floor":38.0,"turns":8.0},{"damage":34.0,"enemies":"4 Shapes","floor":39.0,"turns":10.0},{"damage":59.0,"enemies":"Reptomancer","floor":40.0,"turns":8.0},{"damage":6.0,"enemies":"Transient","floor":41.0,"turns":5.0},{"damage":13.0,"enemies":"Jaw Worm Horde","floor":42.0,"turns":7.0},{"damage":14.0,"enemies":"4 Shapes","floor":44.0,"turns":1.0},{"damage":68.0,"enemies":"Giant Head","floor":45.0,"turns":9.0},{"damage":1.0,"enemies":"Writhing Mass","floor":48.0,"turns":6.0},{"damage":34,"enemies":"Awakened One","floor":50,"turns":9}],"seed_played":"-3045649488066189210","potions_obtained":[{"floor":1.0,"key":"Fire Potion"},{"floor":6.0,"key":"HeartOfIron"},{"floor":10.0,"key":"Strength Potion"},{"floor":11.0,"key":"AttackPotion"},{"floor":12.0,"key":"SkillPotion"},{"floor":16.0,"key":"Dexterity Potion"},{"floor":18.0,"key":"EssenceOfSteel"},{"floor":23.0,"key":"PowerPotion"},{"floor":27.0,"key":"Regen Potion"},{"floor":30.0,"key":"PowerPotion"},{"floor":33.0,"key":"PowerPotion"},{"floor":35.0,"key":"Fire Potion"},{"floor":37.0,"key":"Swift Potion"},{"floor":38.0,"key":"Block Potion"},{"floor":39.0,"key":"Energy Potion"},{"floor":40.0,"key":"LiquidBronze"},{"floor":41.0,"key":"SteroidPotion"},{"floor":42.0,"key":"SteroidPotion"},{"floor":44.0,"key":"Ancient Potion"},{"floor":45.0,"key":"SkillPotion"},{"floor":48.0,"key":"DistilledChaos"}],"is_trial":false,"path_per_floor":["M","?","?","?","M","E","M","M","T","E","M","E","$","M","R","B",null,"M","?","M","$","M","E","$","R","T","E","M","E","M","?","R","B",null,"M","$","M","M","M","E","M","M","T","M","E","R","$","M","R","B",null],"character_chosen":"IRONCLAD","items_purchased":["Mummified Hand","Armaments","Uppercut","Paper Frog"],"campfire_rested":0,"item_purchase_floors":[21,24,36,47],"current_hp_per_floor":[80,80,85,85,85,57,62,62,62,40,47,38,38,43,43,51,85,82,82,85,85,85,85,85,85,85,85,85,85,80,80,80,85,90,67,82,90,72,53,58,62,90,90,82,71,71,86,90,90,86],"gold":30,"neow_bonus":"","is_daily":false,"chose_seed":false,"campfire_upgraded":5,"win_rate":0.0,"timestamp":1611476663,"path_taken":["M","?","?","?","M","E","M","?","T","E","M","E","$","M","R","BOSS","M","?","M","$","M","E","$","R","T","E","M","E","M","?","R","BOSS","M","$","M","M","M","E","M","M","T","M","E","R","$","M","R","BOSS"],"items_purchased_type":["Relic","Card","Card","Relic"],"build_version":"2020-12-22","purchased_purges":3,"victory":true,"max_hp_per_floor":[80,80,85,85,85,85,85,85,85,85,85,85,85,85,85,85,85,85,85,85,85,85,85,85,85,85,85,85,85,85,85,85,85,90,90,90,90,90,90,90,90,90,90,90,90,90,90,90,90,90],"card_choices":[{"not_picked":["Reckless Charge","Clash"],"picked":"Thunderclap","floor":1.0},{"not_picked":["Clash","Body Slam"],"picked":"Flame Barrier","floor":5.0},{"not_picked":["Clothesline","Flame Barrier","Perfected Strike"],"picked":"SKIP","floor":6.0},{"not_picked":["Headbutt","Twin Strike"],"picked":"Shrug It Off","floor":7.0},{"not_picked":["Searing Blow","Flame Barrier"],"picked":"Reaper","floor":8.0},{"not_picked":["Barricade","Thunderclap"],"picked":"Rampage","floor":10.0},{"not_picked":["Headbutt","Intimidate","Cleave"],"picked":"SKIP","floor":11.0},{"not_picked":["Thunderclap","Anger"],"picked":"Disarm","floor":12.0},{"not_picked":["Clothesline","Perfected Strike","Flex"],"picked":"SKIP","floor":14.0},{"not_picked":["Corruption","Brutality"],"picked":"Demon Form","floor":16.0},{"not_picked":["Headbutt","Second Wind"],"picked":"Burning Pact","floor":18.0},{"not_picked":["Clothesline","Rage"],"picked":"Sword Boomerang+1","floor":20.0},{"not_picked":["Dark Embrace","Infernal Blade+1"],"picked":"Second Wind","floor":22.0},{"not_picked":["Headbutt+1","Reckless Charge","Sever Soul"],"picked":"SKIP","floor":23.0},{"not_picked":["Anger","Flex","Twin Strike"],"picked":"SKIP","floor":27.0},{"not_picked":["Inflame","Flex+1"],"picked":"Feel No Pain","floor":28.0},{"not_picked":["Entrench+1","Juggernaut","Body Slam"],"picked":"SKIP","floor":29.0},{"not_picked":["Intimidate","Blood for Blood","Headbutt+1"],"picked":"SKIP","floor":30.0},{"not_picked":["Brutality","Barricade"],"picked":"Double Tap","floor":33.0},{"not_picked":["Inflame+1","Armaments+1","Sword Boomerang"],"picked":"SKIP","floor":35.0},{"not_picked":["Cleave+1","Clash+1"],"picked":"Whirlwind+1","floor":37.0},{"not_picked":["Anger+1","Uppercut+1","Dark Embrace+1"],"picked":"SKIP","floor":38.0},{"not_picked":["Shrug It Off","Body Slam","Perfected Strike"],"picked":"SKIP","floor":39.0},{"not_picked":["Hemokinesis+1","Warcry+1","Sever Soul"],"picked":"SKIP","floor":40.0},{"not_picked":["Reaper","Pommel Strike"],"picked":"Disarm","floor":41.0},{"not_picked":["Inflame","Combust","Pommel Strike+1"],"picked":"SKIP","floor":42.0},{"not_picked":["Warcry+1","Thunderclap+1"],"picked":"Disarm+1","floor":44.0},{"not_picked":["Ghostly Armor+1","Twin Strike+1"],"picked":"Disarm+1","floor":45.0},{"not_picked":["Sword Boomerang","Rampage","Entrench+1"],"picked":"SKIP","floor":48.0}],"player_experience":0,"relics_obtained":[{"floor":6.0,"key":"Toy Ornithopter"},{"floor":10.0,"key":"Torii"},{"floor":12.0,"key":"White Beast Statue"},{"floor":23.0,"key":"MealTicket"},{"floor":27.0,"key":"Bird Faced Urn"},{"floor":29.0,"key":"Vajra"},{"floor":40.0,"key":"Anchor"},{"floor":45.0,"key":"Happy Flower"}],"event_choices":[{"cards_removed":["Strike_R"],"damage_healed":0.0,"max_hp_gain":0.0,"max_hp_loss":0.0,"gold_gain":0.0,"event_name":"The Cleric","player_choice":"Card Removal","floor":2.0,"gold_loss":50.0,"damage_taken":0.0},{"damage_healed":0.0,"max_hp_gain":5.0,"max_hp_loss":0.0,"gold_gain":0.0,"event_name":"Big Fish","player_choice":"Donut","floor":3.0,"gold_loss":0.0,"damage_taken":0.0},{"damage_healed":0.0,"max_hp_gain":0.0,"max_hp_loss":0.0,"gold_gain":0.0,"event_name":"Upgrade Shrine","player_choice":"Upgraded","floor":4.0,"gold_loss":0.0,"damage_taken":0.0,"cards_upgraded":["Bash"]},{"cards_removed":["Strike_R"],"damage_healed":0.0,"max_hp_gain":0.0,"max_hp_loss":0.0,"gold_gain":0.0,"event_name":"Back to Basics","player_choice":"Elegance","floor":19.0,"gold_loss":0.0,"damage_taken":0.0},{"damage_healed":0.0,"max_hp_gain":0.0,"max_hp_loss":0.0,"gold_gain":100.0,"event_name":"Golden Shrine","player_choice":"Pray","floor":31.0,"gold_loss":0.0,"damage_taken":0.0}],"is_beta":false,"boss_relics":[{"not_picked":["Black Blood","Ectoplasm"],"picked":"Cursed Key"},{"not_picked":["Mark of Pain","Runic Cube"],"picked":"Tiny House"}],"items_purged_floors":[13,36,47],"is_endless":false,"potions_floor_spawned":[1,6,10,11,12,14,16,18,20,22,23,27,28,29,30,33,35,37,38,39,40,41,42,44,45,48],"ascension_level":0}}