{"host":"d4km6p8r92tm3vpl","time":1611525515,"event":{"mods":["AchievementEnabler","BaseMod","Colored Map","Colored Powertips","DeckTracker","Minty Spire (QoL Compilation)","Relic Stats","StSLib"],"gold_per_floor":[99,64,64,64,64,64,64,64,64,64,64,64,64,64,64,64,64,64,64,64,64,0,0,0,0,0,0,0,0,0,0,0,0,0],"floor_reached":33,"language":"ENG","playtime":1012,"items_purged":[],"score":465,"play_id":"731086fd-ee52-442a-ab24-a25f64217289","local_time":"20210124165835","is_ascension_mode":true,"campfire_choices":[{"data":"Infinite Blades","floor":6,"key":"SMITH"},{"data":"Calculated Gamble","floor":8,"key":"SMITH"},{"floor":15,"key":"REST"},{"floor":23,"key":"REST"},{"floor":27,"key":"REST"},{"floor":32,"key":"REST"}],"circlet_count":0,"master_deck":["AscendersBane","Survivor","Neutralize","Infinite Blades+1","Cloak And Dagger","Blade Dance","Calculated Gamble+1","Dodge and Roll","Masterful Stab","PiercingWail","Bouncing Flask","After Image","Choke","Unload","Backstab","Backflip","Terror","Prepared","Wraith Form v2","Accuracy","Malaise","Acrobatics","Adrenaline","Escape Plan","Ghostly","Ghostly","Ghostly","Ghostly","Ghostly","Bouncing Flask+1"],"relics":["Ectoplasm","Golden Idol","The Specimen","MealTicket","Pandora\u0027s Box","MawBank","Darkstone Periapt"],"acts_visited":["Exordium","TheCity"],"potions_floor_usage":[7,13,13,16,30,30,33],"damage_taken":[{"damage":8,"enemies":"2 Louse","floor":1,"turns":4},{"damage":13,"enemies":"Small Slimes","floor":3,"turns":5},{"damage":6,"enemies":"Cultist","floor":4,"turns":4},{"damage":20,"enemies":"Gremlin Nob","floor":7,"turns":4},{"damage":0,"enemies":"2 Fungi Beasts","floor":11,"turns":4},{"damage":14,"enemies":"Large Slime","floor":12,"turns":6},{"damage":10,"enemies":"Lagavulin","floor":13,"turns":7},{"damage":0,"enemies":"3 Louse","floor":14,"turns":3},{"damage":23,"enemies":"Hexaghost","floor":16,"turns":11},{"damage":0,"enemies":"Shell Parasite","floor":18,"turns":3},{"damage":27,"enemies":"2 Thieves","floor":22,"turns":5},{"damage":40,"enemies":"Slavers","floor":25,"turns":6},{"damage":17,"enemies":"Centurion and Healer","floor":29,"turns":5},{"damage":9,"enemies":"Colosseum Slavers","floor":30,"turns":5},{"damage":0,"enemies":"Snake Plant","floor":31,"turns":4},{"damage":24,"enemies":"Collector","floor":33,"turns":2}],"seed_played":"-6215392209786860037","potions_obtained":[{"floor":1,"key":"CunningPotion"},{"floor":3,"key":"EntropicBrew"},{"floor":13,"key":"ColorlessPotion"},{"floor":14,"key":"Energy Potion"},{"floor":16,"key":"FearPotion"},{"floor":31,"key":"SteroidPotion"}],"is_trial":false,"path_per_floor":["M","?","M","M","?","R","E","R","T","?","M","M","E","M","R","B",null,"M","?","?","?","M","R","$","E","T","R","?","M","?","M","R","B"],"character_chosen":"THE_SILENT","items_purchased":[],"campfire_rested":4,"item_purchase_floors":[],"current_hp_per_floor":[55,70,57,51,51,51,31,31,31,31,31,17,7,7,26,3,50,50,39,39,39,12,33,48,8,8,29,29,12,3,3,13,0,0],"gold":0,"neow_bonus":"BOSS_RELIC","is_daily":false,"chose_seed":false,"campfire_upgraded":2,"win_rate":0.0,"timestamp":1611525515,"path_taken":["M","?","M","M","?","R","E","R","T","?","M","?","E","M","R","BOSS","M","?","?","?","?","R","$","E","T","R","?","M","?","M","R","BOSS"],"items_purchased_type":[],"build_version":"2020-12-22","purchased_purges":0,"victory":false,"max_hp_per_floor":[70,70,70,70,65,65,65,65,65,65,65,65,65,65,65,65,65,65,70,70,70,70,70,70,70,70,70,35,35,35,35,35,35,35],"relic_stats":{"Darkstone Periapt":0,"counters":[16,78],"Golden Idol":77,"MealTicket":15,"Pandora\u0027s Box":["Choke","Unload","Backstab","Backflip","Terror","Prepared","Wraith Form v2","Accuracy","Malaise"],"Ectoplasm":651,"MawBank":0,"obtain_stats":[{"Darkstone Periapt":26,"The Specimen":7,"Golden Idol":5,"MealTicket":13,"Pandora\u0027s Box":17,"Ectoplasm":0,"MawBank":25,"Ring of the Snake":0},{"Darkstone Periapt":12,"The Specimen":4,"Golden Idol":3,"MealTicket":7,"Pandora\u0027s Box":9,"Ectoplasm":0,"MawBank":12,"Ring of the Snake":0},{"Darkstone Periapt":62,"The Specimen":17,"Golden Idol":13,"MealTicket":34,"Pandora\u0027s Box":48,"Ectoplasm":0,"MawBank":62,"Ring of the Snake":0}]},"card_choices":[{"not_picked":["Leg Sweep","Heel Hook"],"picked":"Infinite Blades","floor":1},{"not_picked":["Sucker Punch","PiercingWail"],"picked":"Cloak And Dagger","floor":3},{"not_picked":["Dodge and Roll","Finisher"],"picked":"Blade Dance","floor":4},{"not_picked":["Sucker Punch","Poisoned Stab"],"picked":"Calculated Gamble","floor":7},{"not_picked":["Slice","Prepared"],"picked":"Dodge and Roll","floor":11},{"not_picked":["Endless Agony","Slice"],"picked":"Masterful Stab","floor":12},{"not_picked":["Deflect","Quick Slash"],"picked":"PiercingWail","floor":13},{"not_picked":["Backstab","Flechettes"],"picked":"Bouncing Flask","floor":14},{"not_picked":["Night Terror","Storm of Steel"],"picked":"After Image","floor":16},{"not_picked":["Prepared","Slice"],"picked":"Acrobatics","floor":18},{"not_picked":["Acrobatics+1","Riddle With Holes","Calculated Gamble"],"picked":"SKIP","floor":22},{"not_picked":["Concentrate+1","Blade Dance"],"picked":"Escape Plan","floor":25},{"not_picked":["Slice","Flying Knee","Prepared+1"],"picked":"SKIP","floor":29},{"not_picked":["Quick Slash","Cloak And Dagger"],"picked":"Bouncing Flask+1","floor":31}],"player_experience":825428,"relics_obtained":[{"floor":7,"key":"The Specimen"},{"floor":13,"key":"MealTicket"},{"floor":25,"key":"MawBank"},{"floor":26,"key":"Darkstone Periapt"}],"event_choices":[{"damage_healed":17,"gold_gain":0,"player_choice":"Healed","damage_taken":0,"max_hp_gain":0,"max_hp_loss":0,"event_name":"The Cleric","floor":2,"gold_loss":35},{"damage_healed":0,"gold_gain":0,"player_choice":"Lose Max HP","damage_taken":0,"relics_obtained":["Golden Idol"],"max_hp_gain":0,"max_hp_loss":5,"event_name":"Golden Idol","floor":5,"gold_loss":0},{"cards_removed":["Strike_G"],"damage_healed":0,"gold_gain":0,"player_choice":"Purged","damage_taken":0,"max_hp_gain":0,"max_hp_loss":0,"event_name":"Purifier","floor":10,"gold_loss":0},{"damage_healed":0,"gold_gain":0,"player_choice":"Shed Blood","damage_taken":16,"max_hp_gain":5,"max_hp_loss":0,"event_name":"Forgotten Altar","floor":19,"gold_loss":0},{"damage_healed":0,"gold_gain":0,"player_choice":"Ignored","damage_taken":0,"max_hp_gain":0,"max_hp_loss":0,"event_name":"Vampires","floor":20,"gold_loss":0},{"damage_healed":0,"gold_gain":0,"player_choice":"1 cards matched","damage_taken":0,"max_hp_gain":0,"max_hp_loss":0,"event_name":"Match and Keep!","floor":21,"gold_loss":0,"cards_obtained":["Adrenaline"]},{"damage_healed":0,"gold_gain":0,"player_choice":"Became a Ghost","damage_taken":0,"max_hp_gain":0,"max_hp_loss":35,"event_name":"Ghosts","floor":28,"gold_loss":0,"cards_obtained":["Ghostly","Ghostly","Ghostly","Ghostly","Ghostly"]},{"damage_healed":0,"gold_gain":0,"player_choice":"Fight","damage_taken":0,"max_hp_gain":0,"max_hp_loss":0,"event_name":"Colosseum","floor":30,"gold_loss":0},{"damage_healed":0,"gold_gain":0,"player_choice":"Fled From Nobs","damage_taken":0,"max_hp_gain":0,"max_hp_loss":0,"event_name":"Colosseum","floor":30,"gold_loss":0}],"is_beta":false,"boss_relics":[{"not_picked":["Sozu","Velvet Choker"],"picked":"Pandora\u0027s Box"}],"items_purged_floors":[],"is_endless":false,"potions_floor_spawned":[1,3,13,14,16,30,31],"killed_by":"Collector","ascension_level":12}}