{"host":"lip44byzewa3adv8","time":1611515422,"event":{"mods":["BaseMod","Curses Come First","Minty Spire (QoL Compilation)","Relic Sorter","Relic Stats","StSLib","Synergy Search"],"gold_per_floor":[112,123,123,143,163,163,163],"floor_reached":6,"language":"ENG","playtime":779,"items_purged":[],"score":40,"play_id":"2ce762c7-d1f4-4f1f-a5e7-04f68f07be25","local_time":"20210124141022","is_ascension_mode":true,"campfire_choices":[],"circlet_count":0,"master_deck":["Strike_B","Strike_B","Strike_B","Strike_B","Defend_B","Defend_B","Defend_B","Zap","Dualcast","Skim","Conserve Battery","Hologram","Sweeping Beam"],"relics":["Inserter"],"acts_visited":["Exordium"],"potions_floor_usage":[6],"damage_taken":[{"damage":5,"enemies":"Jaw Worm","floor":1,"turns":5},{"damage":2,"enemies":"2 Louse","floor":2,"turns":4},{"damage":2,"enemies":"Small Slimes","floor":4,"turns":3},{"damage":0,"enemies":"Blue Slaver","floor":5,"turns":6},{"damage":40,"enemies":"3 Sentries","floor":6,"turns":8}],"seed_played":"-6843752811616583072","potions_obtained":[{"floor":1,"key":"Weak Potion"},{"floor":2,"key":"EssenceOfDarkness"},{"floor":4,"key":"SteroidPotion"}],"is_trial":false,"path_per_floor":["M","M","?","M","M","E"],"character_chosen":"DEFECT","items_purchased":[],"campfire_rested":0,"item_purchase_floors":[],"current_hp_per_floor":[70,68,61,59,59,19,19],"gold":163,"neow_bonus":"BOSS_RELIC","is_daily":false,"chose_seed":false,"campfire_upgraded":0,"win_rate":0.0,"timestamp":1611515422,"path_taken":["M","M","?","M","M","E"],"items_purchased_type":[],"build_version":"2020-12-22","purchased_purges":0,"victory":false,"max_hp_per_floor":[75,75,75,75,75,75,75],"relic_stats":{"Inserter":[13],"counters":[5,25],"obtain_stats":[{"Inserter":0,"Cracked Core":0},{"Inserter":0,"Cracked Core":0},{"Inserter":0,"Cracked Core":0}]},"card_choices":[{"not_picked":["Gash","Heatsinks"],"picked":"Skim","floor":1},{"not_picked":["Beam Cell","Blizzard"],"picked":"Conserve Battery","floor":2},{"not_picked":["Go for the Eyes","Recycle"],"picked":"Hologram","floor":4},{"not_picked":["Meteor Strike","Turbo"],"picked":"Sweeping Beam","floor":5}],"player_experience":756473,"relics_obtained":[],"event_choices":[{"cards_removed":["Defend_B"],"damage_healed":0,"gold_gain":0,"player_choice":"Card Removal","damage_taken":7,"max_hp_gain":0,"max_hp_loss":0,"event_name":"Golden Wing","floor":3,"gold_loss":0}],"is_beta":false,"boss_relics":[],"items_purged_floors":[],"is_endless":false,"potions_floor_spawned":[1,2,4],"killed_by":"3 Sentries","ascension_level":1}}