{"host":"shb6fs4xkmgx64v4","time":1611506276,"event":{"mods":["AchievementEnabler","BaseMod","Colored Map","Downfall","Minty Spire (QoL Compilation)","StSLib"],"gold_per_floor":[99,115,115,130,36,36,63,63,63,98,98,6,31,45,62,62,62,62],"floor_reached":16,"language":"ENG","playtime":1099,"items_purged":[],"score":108,"play_id":"378d6666-fcbf-414d-8d23-9aa8e227ea1a","local_time":"20210124113756","is_ascension_mode":false,"campfire_choices":[{"data":"sneckomod:TailWhip","floor":1,"key":"SMITH"},{"data":"sneckomod:MasterEye","floor":9,"key":"SMITH"}],"circlet_count":0,"master_deck":["sneckomod:Strike","sneckomod:Strike","sneckomod:Strike","sneckomod:Defend","sneckomod:Defend","sneckomod:TailWhip+1","sneckomod:SnekBite","sneckomod:Unknown","sneckomod:Unknown","sneckomod:Unknown1Cost","sneckomod:UnknownCommonSkill","sneckomod:Cheat","sneckomod:MasterEye+1","sneckomod:UnknownBlock","sneckomod:QuickBite","sneckomod:UnknownUncommonPower","sneckomod:IronFang","sneckomod:IronFang","sneckomod:DiceBlock"],"relics":["sneckomod:SneckoSoul","Bird Faced Urn","Eternal Feather","Smiling Mask"],"acts_visited":["Exordium"],"potions_floor_usage":[13,16],"damage_taken":[{"damage":5,"enemies":"Small Slimes","floor":2,"turns":3},{"damage":1,"enemies":"Cultist","floor":4,"turns":4},{"damage":5,"enemies":"downfall:FleeingMerchant","floor":5,"turns":4},{"damage":21,"enemies":"Lagavulin","floor":10,"turns":8},{"damage":5,"enemies":"downfall:FleeingMerchant","floor":12,"turns":4},{"damage":15,"enemies":"3 Sentries","floor":13,"turns":8},{"damage":3,"enemies":"Jaw Worm","floor":14,"turns":2},{"damage":0,"enemies":"Large Slime","floor":15,"turns":4},{"damage":72,"enemies":"WA_ARCHETYPE_RETAIN","floor":16,"turns":12}],"seed_played":"1027795875929717721","potions_obtained":[{"floor":2,"key":"Fire Potion"},{"floor":3,"key":"GamblersBrew"},{"floor":3,"key":"BlessingOfTheForge"},{"floor":13,"key":"Block Potion"},{"floor":15,"key":"Regen Potion"}],"is_trial":false,"path_per_floor":["R","M","?","M","$","?","T","?","R","E","?","$","E","M","M","B"],"character_chosen":"THE_SNECKO","items_purchased":["sneckomod:MasterEye","sneckomod:UnknownUncommonPower"],"campfire_rested":0,"item_purchase_floors":[5,12],"current_hp_per_floor":[99,94,94,93,88,88,88,88,88,71,71,70,59,56,58,0,0,0],"gold":62,"neow_bonus":"TEN_PERCENT_HP_BONUS","is_daily":false,"chose_seed":false,"campfire_upgraded":2,"win_rate":0.0,"timestamp":1611506276,"path_taken":["R","M","?","?","$","?","T","?","R","E","?","?","E","M","M","BOSS"],"items_purchased_type":["Card","Card"],"build_version":"2020-12-22","purchased_purges":0,"victory":false,"max_hp_per_floor":[99,99,99,99,99,99,99,99,99,99,99,99,99,99,99,99,99,99],"card_choices":[{"not_picked":["sneckomod:Memorize","sneckomod:SoulRoll"],"picked":"sneckomod:Unknown1Cost","floor":2},{"not_picked":["sneckomod:WideSting","sneckomod:Unknown1Cost"],"picked":"sneckomod:UnknownCommonSkill","floor":4},{"not_picked":["sneckomod:UnknownCommonAttack","sneckomod:DiceBlock"],"picked":"sneckomod:Cheat","floor":5},{"not_picked":["sneckomod:ImprovisedAttack","sneckomod:UnknownCommonAttack"],"picked":"sneckomod:UnknownBlock","floor":10},{"not_picked":["sneckomod:DiceBlock","sneckomod:Restock"],"picked":"sneckomod:QuickBite","floor":12},{"not_picked":["sneckomod:Rotation","sneckomod:Unknown1Cost"],"picked":"sneckomod:IronFang","floor":13},{"not_picked":["sneckomod:SoulCleanse","sneckomod:UnknownUncommonPower"],"picked":"sneckomod:IronFang","floor":14},{"not_picked":["sneckomod:UnknownCommonSkill","sneckomod:Unknown1Cost"],"picked":"sneckomod:DiceBlock","floor":15}],"player_experience":271497,"relics_obtained":[{"floor":10,"key":"Eternal Feather"},{"floor":13,"key":"Smiling Mask"}],"event_choices":[{"damage_healed":0,"gold_gain":0,"player_choice":"Got Potions","damage_taken":0,"max_hp_gain":0,"max_hp_loss":0,"event_name":"Lab","floor":3,"gold_loss":0},{"damage_healed":0,"gold_gain":0,"player_choice":"Box","damage_taken":0,"relics_obtained":["Bird Faced Urn"],"max_hp_gain":0,"max_hp_loss":0,"event_name":"Big Fish","floor":6,"gold_loss":0,"cards_obtained":["Regret"]},{"cards_removed":["Regret"],"damage_healed":0,"gold_gain":0,"player_choice":"Forget","damage_taken":0,"max_hp_gain":0,"max_hp_loss":0,"event_name":"Living Wall","floor":8,"gold_loss":0},{"cards_removed":["sneckomod:Defend"],"damage_healed":0,"gold_gain":0,"player_choice":"Card Removal","damage_taken":0,"max_hp_gain":0,"max_hp_loss":0,"event_name":"The Cleric","floor":11,"gold_loss":0}],"is_beta":false,"boss_relics":[],"items_purged_floors":[],"is_endless":false,"potions_floor_spawned":[2,13,15],"killed_by":"WA_ARCHETYPE_RETAIN","ascension_level":0}}