{"host":"a5lz0e76zb3fcwkm","time":1611502700,"event":{"mods":["AchievementEnabler","BaseMod","Colored Map","Colored Powertips","Minty Spire (QoL Compilation)","StSLib","SuperFastMode"],"gold_per_floor":[10,10,23,23,43,43,62,62,62,72,85,58,89,89,89,164,164,181,193,118,118,128,163,163,179,205,205,205,130,148,162,162,237,237,257,217,233,283,301,301,328,328,328,328,339,370,370,395,395,395,395],"floor_reached":50,"language":"KOR","playtime":1518,"items_purged":["Blade Dance+1"],"score":1148,"play_id":"5dbe0161-5e9f-4933-a0b7-d51ba4339a44","local_time":"20210125003820","is_ascension_mode":true,"campfire_choices":[{"data":"Venomology","floor":6.0,"key":"SMITH"},{"data":"Deadly Poison","floor":8.0,"key":"SMITH"},{"data":"Bouncing Flask","floor":15.0,"key":"SMITH"},{"floor":24.0,"key":"REST"},{"floor":28.0,"key":"REST"},{"floor":32.0,"key":"REST"},{"floor":40.0,"key":"REST"},{"floor":44.0,"key":"REST"},{"floor":49.0,"key":"RECALL"}],"circlet_count":0,"master_deck":["AscendersBane","Defend_G","Defend_G","Survivor","Neutralize","Backflip","Venomology+1","Deadly Poison+1","Well Laid Plans","Bouncing Flask+1","Night Terror+1","Catalyst+1","Dagger Spray+1","Acrobatics","Footwork","Wraith Form v2","Blur","Venomology","Setup"],"relics":["Ring of the Snake","White Beast Statue","Astrolabe","Sundial","Happy Flower","Cursed Key","Frozen Egg 2","Akabeko","Bird Faced Urn"],"acts_visited":["Exordium","TheCity","TheBeyond"],"potions_floor_usage":[50,50,50,50],"damage_taken":[{"damage":0.0,"enemies":"2 Louse","floor":1.0,"turns":3.0},{"damage":1.0,"enemies":"Small Slimes","floor":3.0,"turns":6.0},{"damage":4.0,"enemies":"Cultist","floor":5.0,"turns":4.0},{"damage":0.0,"enemies":"Blue Slaver","floor":7.0,"turns":5.0},{"damage":9.0,"enemies":"Lots of Slimes","floor":10.0,"turns":5.0},{"damage":7.0,"enemies":"2 Fungi Beasts","floor":11.0,"turns":4.0},{"damage":16.0,"enemies":"Exordium Thugs","floor":12.0,"turns":4.0},{"damage":25.0,"enemies":"Lagavulin","floor":13.0,"turns":5.0},{"damage":5.0,"enemies":"Hexaghost","floor":16.0,"turns":7.0},{"damage":25.0,"enemies":"2 Thieves","floor":18.0,"turns":3.0},{"damage":3.0,"enemies":"Spheric Guardian","floor":19.0,"turns":3.0},{"damage":0.0,"enemies":"Snecko","floor":22.0,"turns":2.0},{"damage":24.0,"enemies":"Book of Stabbing","floor":23.0,"turns":4.0},{"damage":16.0,"enemies":"Cultist and Chosen","floor":25.0,"turns":6.0},{"damage":35.0,"enemies":"Shelled Parasite and Fungi","floor":30.0,"turns":3.0},{"damage":16.0,"enemies":"3 Cultists","floor":31.0,"turns":5.0},{"damage":28.0,"enemies":"Automaton","floor":33.0,"turns":4.0},{"damage":7.0,"enemies":"Orb Walker","floor":35.0,"turns":3.0},{"damage":10.0,"enemies":"3 Darklings","floor":37.0,"turns":6.0},{"damage":23.0,"enemies":"Jaw Worm Horde","floor":39.0,"turns":5.0},{"damage":10.0,"enemies":"Nemesis","floor":41.0,"turns":5.0},{"damage":0.0,"enemies":"Sphere and 2 Shapes","floor":45.0,"turns":6.0},{"damage":0.0,"enemies":"Giant Head","floor":46.0,"turns":4.0},{"damage":1.0,"enemies":"Mind Bloom Boss Battle","floor":48.0,"turns":5.0},{"damage":41,"enemies":"Awakened One","floor":50,"turns":4}],"seed_played":"583715449891847679","potions_obtained":[{"floor":3.0,"key":"GamblersBrew"},{"floor":4.0,"key":"EntropicBrew"},{"floor":4.0,"key":"Fruit Juice"},{"floor":5.0,"key":"Regen Potion"},{"floor":12.0,"key":"Explosive Potion"},{"floor":16.0,"key":"LiquidMemories"},{"floor":18.0,"key":"Regen Potion"},{"floor":23.0,"key":"SpeedPotion"},{"floor":25.0,"key":"CunningPotion"},{"floor":30.0,"key":"GamblersBrew"},{"floor":31.0,"key":"FearPotion"},{"floor":33.0,"key":"Energy Potion"},{"floor":35.0,"key":"Swift Potion"},{"floor":39.0,"key":"LiquidBronze"},{"floor":45.0,"key":"LiquidMemories"},{"floor":46.0,"key":"Energy Potion"},{"floor":48.0,"key":"GhostInAJar"}],"is_trial":false,"path_per_floor":["M","?","M","?","M","R","M","R","T","M","M","M","E","?","R","B",null,"M","M","$","?","M","E","R","M","T","?","R","?","M","M","R","B",null,"M","$","M","?","M","R","E","T","T","R","M","E","?","?","R","B"],"character_chosen":"THE_SILENT","items_purchased":["Blur"],"campfire_rested":5,"item_purchase_floors":[36],"current_hp_per_floor":[59,59,58,63,59,59,71,71,71,62,55,39,14,14,14,9,56,31,40,40,40,40,16,37,21,21,21,42,42,7,15,36,8,55,48,48,38,38,15,36,41,41,41,62,62,62,62,61,61,26,26],"gold":395,"neow_bonus":"REMOVE_TWO","is_daily":false,"chose_seed":false,"campfire_upgraded":3,"win_rate":0.0,"timestamp":1611502700,"path_taken":["M","?","M","?","?","R","M","R","T","M","M","M","E","?","R","BOSS","M","M","?","?","M","E","R","?","T","?","R","?","M","M","R","BOSS","M","$","M","?","?","R","E","?","T","R","M","E","?","?","R","BOSS"],"items_purchased_type":["Card"],"build_version":"2020-12-22","purchased_purges":1,"victory":false,"max_hp_per_floor":[66,66,66,71,71,71,71,71,71,71,71,71,71,71,71,71,71,71,71,71,71,71,71,71,71,71,71,71,71,71,71,71,71,71,71,71,71,71,71,71,71,71,71,71,71,71,71,71,71,71,71],"card_choices":[{"not_picked":["All Out Attack","Prepared"],"picked":"Backflip","floor":1.0},{"not_picked":["Footwork","Acrobatics"],"picked":"Deadly Poison","floor":3.0},{"not_picked":["Accuracy","Outmaneuver"],"picked":"Well Laid Plans","floor":5.0},{"not_picked":["Backstab","Bane","Distraction"],"picked":"SKIP","floor":7.0},{"not_picked":["Caltrops","Outmaneuver"],"picked":"Bouncing Flask","floor":10.0},{"not_picked":["Flechettes","Prepared","Distraction"],"picked":"SKIP","floor":11.0},{"not_picked":["Slice","Tools of the Trade","Eviscerate"],"picked":"SKIP","floor":12.0},{"not_picked":["Dodge and Roll","Masterful Stab","Flying Knee"],"picked":"SKIP","floor":13.0},{"not_picked":["Malaise","Bullet Time"],"picked":"Night Terror","floor":16.0},{"not_picked":["Concentrate","Deflect","Outmaneuver"],"picked":"SKIP","floor":18.0},{"not_picked":["Flying Knee","Noxious Fumes"],"picked":"Acrobatics","floor":19.0},{"not_picked":["Blade Dance","Heel Hook","Underhanded Strike"],"picked":"SKIP","floor":22.0},{"not_picked":["Riddle With Holes","Distraction","Phantasmal Killer"],"picked":"SKIP","floor":23.0},{"not_picked":["Concentrate","Masterful Stab","Bane"],"picked":"SKIP","floor":25.0},{"not_picked":["Cloak And Dagger","Slice"],"picked":"Footwork","floor":30.0},{"not_picked":["Skewer","Slice","Accuracy"],"picked":"SKIP","floor":31.0},{"not_picked":["Storm of Steel","Malaise"],"picked":"Wraith Form v2","floor":33.0},{"not_picked":["Poisoned Stab","Blade Dance+1","Flying Knee"],"picked":"SKIP","floor":35.0},{"not_picked":["Underhanded Strike","Sucker Punch"],"picked":"Venomology","floor":37.0},{"not_picked":["Cloak And Dagger","Dodge and Roll","Deadly Poison"],"picked":"SKIP","floor":39.0},{"not_picked":["Terror","Dagger Throw","Endless Agony"],"picked":"SKIP","floor":41.0},{"not_picked":["Sucker Punch","Dagger Spray+1","Setup"],"picked":"SKIP","floor":45.0},{"not_picked":["Sucker Punch","Dagger Spray+1"],"picked":"Setup","floor":45.0},{"not_picked":["Sucker Punch+1","Blade Dance","Prepared"],"picked":"SKIP","floor":46.0}],"player_experience":1797921,"relics_obtained":[{"floor":13.0,"key":"White Beast Statue"},{"floor":23.0,"key":"Sundial"},{"floor":26.0,"key":"Happy Flower"},{"floor":41.0,"key":"Frozen Egg 2"},{"floor":46.0,"key":"Akabeko"},{"floor":48.0,"key":"Bird Faced Urn"}],"event_choices":[{"damage_healed":0.0,"max_hp_gain":0.0,"max_hp_loss":0.0,"gold_gain":0.0,"cards_transformed":["Strike_G"],"event_name":"Living Wall","player_choice":"Change","floor":2.0,"gold_loss":0.0,"damage_taken":0.0,"cards_obtained":["Venomology"]},{"damage_healed":0.0,"max_hp_gain":0.0,"max_hp_loss":0.0,"gold_gain":0.0,"event_name":"Lab","player_choice":"Got Potions","floor":4.0,"gold_loss":0.0,"damage_taken":0.0},{"cards_removed":["Strike_G"],"damage_healed":0.0,"max_hp_gain":0.0,"max_hp_loss":0.0,"gold_gain":0.0,"event_name":"Bonfire Elementals","player_choice":"Offered Basic","floor":14.0,"gold_loss":0.0,"damage_taken":0.0},{"damage_healed":0.0,"max_hp_gain":0.0,"max_hp_loss":0.0,"gold_gain":0.0,"event_name":"Accursed Blacksmith","player_choice":"Forge","floor":21.0,"gold_loss":0.0,"damage_taken":0.0,"cards_upgraded":["Night Terror"]},{"damage_healed":0.0,"max_hp_gain":0.0,"max_hp_loss":0.0,"gold_gain":0.0,"event_name":"Ghosts","player_choice":"Ignored","floor":27.0,"gold_loss":0.0,"damage_taken":0.0},{"cards_removed":["Defend_G"],"damage_healed":0.0,"max_hp_gain":0.0,"max_hp_loss":0.0,"gold_gain":0.0,"event_name":"Beggar","player_choice":"Gave Gold","floor":29.0,"gold_loss":75.0,"damage_taken":0.0},{"damage_healed":0.0,"max_hp_gain":0.0,"max_hp_loss":0.0,"gold_gain":50.0,"event_name":"Golden Shrine","player_choice":"Pray","floor":38.0,"gold_loss":0.0,"damage_taken":0.0},{"damage_healed":0.0,"max_hp_gain":0.0,"max_hp_loss":0.0,"gold_gain":0.0,"event_name":"Tomb of Lord Red Mask","player_choice":"Ignored","floor":47.0,"gold_loss":0.0,"damage_taken":0.0},{"damage_healed":0.0,"max_hp_gain":0.0,"max_hp_loss":0.0,"gold_gain":0.0,"event_name":"MindBloom","player_choice":"Fight","floor":48.0,"gold_loss":0.0,"damage_taken":0.0}],"is_beta":false,"boss_relics":[{"not_picked":["Coffee Dripper","Sozu"],"picked":"Astrolabe"},{"not_picked":["Calling Bell","Fusion Hammer"],"picked":"Cursed Key"}],"items_purged_floors":[20],"is_endless":false,"potions_floor_spawned":[3,5,11,12,16,18,19,22,23,25,30,31,33,35,37,39,41,45,46,48],"killed_by":"Awakened One","ascension_level":20}}