{"host":"vyjryxuuuxkt43k4","time":1611485578,"event":{"mods":["AchievementEnabler","BaseMod","Colored Map","DeckTracker","Keyboard Shortcuts","Minty Spire (QoL Compilation)","Permanent Neow","Quick Restart","Rare Cards Sparkle","StSLib","SuperFastMode","everything is the same but u backflip on backflip"],"gold_per_floor":[117,129,142,67,67,92,92,108,108,126,126,154,186,229,241,331,343,367,429,441,473,505,517,517],"floor_reached":23,"language":"KOR","playtime":870,"items_purged":["Strike_R"],"score":426,"play_id":"611f0af9-33e9-416b-9395-e09c0f8f4a4e","local_time":"20210124195258","is_ascension_mode":true,"campfire_choices":[{"data":"Bludgeon","floor":7.0,"key":"SMITH"},{"data":"Inflame","floor":11.0,"key":"SMITH"},{"data":"Battle Trance","floor":15.0,"key":"SMITH"}],"circlet_count":0,"master_deck":["AscendersBane","Strike_R","Strike_R","Strike_R","Strike_R","Defend_R","Defend_R","Defend_R","Defend_R","Bash","Shrug It Off","Inflame+1","Bludgeon+1","Cleave","Disarm","Shrug It Off","Battle Trance+1","Feel No Pain","Barricade","Pommel Strike+1","Evolve","Blood for Blood+1"],"relics":["Burning Blood","Anchor","StrikeDummy","Centennial Puzzle","Letter Opener","MawBank","Turnip","Velvet Choker"],"acts_visited":["Exordium","TheCity"],"potions_floor_usage":[],"damage_taken":[{"damage":2.0,"enemies":"Cultist","floor":1.0,"turns":4.0},{"damage":4.0,"enemies":"2 Louse","floor":2.0,"turns":3.0},{"damage":0.0,"enemies":"Jaw Worm","floor":3.0,"turns":3.0},{"damage":12.0,"enemies":"3 Sentries","floor":6.0,"turns":7.0},{"damage":2.0,"enemies":"Exordium Wildlife","floor":8.0,"turns":3.0},{"damage":3.0,"enemies":"Blue Slaver","floor":10.0,"turns":2.0},{"damage":20.0,"enemies":"Lagavulin","floor":12.0,"turns":4.0},{"damage":2.0,"enemies":"Red Slaver","floor":13.0,"turns":2.0},{"damage":12.0,"enemies":"3 Sentries","floor":14.0,"turns":6.0},{"damage":38.0,"enemies":"Slime Boss","floor":16.0,"turns":9.0},{"damage":0.0,"enemies":"Spheric Guardian","floor":18.0,"turns":6.0},{"damage":6,"enemies":"Chosen","floor":21,"turns":4},{"damage":65,"enemies":"3 Cultists","floor":22,"turns":7},{"damage":15,"enemies":"Gremlin Leader","floor":23,"turns":2}],"seed_played":"-5513235104077806607","potions_obtained":[{"floor":2.0,"key":"DistilledChaos"},{"floor":3.0,"key":"PowerPotion"},{"floor":8.0,"key":"ElixirPotion"},{"floor":12.0,"key":"HeartOfIron"},{"floor":21,"key":"SpeedPotion"},{"floor":22,"key":"ElixirPotion"}],"is_trial":false,"path_per_floor":["M","M","M","$","T","E","R","M","T","M","R","E","M","E","R","B",null,"M","?","$","M","M","E"],"character_chosen":"IRONCLAD","items_purchased":[],"campfire_rested":0,"item_purchase_floors":[],"current_hp_per_floor":[72,74,75,75,75,69,69,73,73,75,75,61,65,59,59,27,63,69,69,69,69,10,0,0],"gold":517,"neow_bonus":"RANDOM_COMMON_RELIC","is_daily":false,"chose_seed":false,"campfire_upgraded":3,"win_rate":0.0,"timestamp":1611485578,"path_taken":["M","M","M","$","?","E","R","M","T","M","R","E","M","E","R","BOSS","M","?","$","?","M","E"],"items_purchased_type":[],"build_version":"2020-12-22","purchased_purges":1,"victory":false,"max_hp_per_floor":[75,75,75,75,75,75,75,75,75,75,75,75,75,75,75,75,75,75,75,75,75,75,75,75],"card_choices":[{"not_picked":["Cleave","Perfected Strike"],"picked":"Shrug It Off","floor":1.0},{"not_picked":["Ghostly Armor","Shrug It Off"],"picked":"Inflame","floor":2.0},{"not_picked":["Metallicize","Thunderclap"],"picked":"Bludgeon","floor":3.0},{"not_picked":["Dual Wield","Rage"],"picked":"Cleave","floor":6.0},{"not_picked":["Second Wind","Entrench"],"picked":"Disarm","floor":8.0},{"not_picked":["Sword Boomerang","Anger"],"picked":"Shrug It Off","floor":10.0},{"not_picked":["Dual Wield","Burning Pact"],"picked":"Battle Trance","floor":12.0},{"not_picked":["True Grit","Carnage","Iron Wave"],"picked":"SKIP","floor":13.0},{"not_picked":["Warcry","Berserk"],"picked":"Feel No Pain","floor":14.0},{"not_picked":["Double Tap","Limit Break"],"picked":"Barricade","floor":16.0},{"not_picked":["Clash","Perfected Strike"],"picked":"Pommel Strike+1","floor":18.0},{"not_picked":["Ghostly Armor","Anger"],"picked":"Evolve","floor":21},{"not_picked":["Headbutt","Havoc"],"picked":"Blood for Blood+1","floor":22}],"player_experience":286469,"relics_obtained":[{"floor":5.0,"key":"StrikeDummy"},{"floor":6.0,"key":"Centennial Puzzle"},{"floor":9.0,"key":"Letter Opener"},{"floor":12.0,"key":"MawBank"},{"floor":14.0,"key":"Turnip"}],"event_choices":[{"damage_healed":0,"gold_gain":100,"player_choice":"Bet on Murderer","damage_taken":0,"max_hp_gain":0,"max_hp_loss":0,"event_name":"The Joust","floor":19,"gold_loss":50}],"is_beta":false,"boss_relics":[{"not_picked":["Runic Dome","Coffee Dripper"],"picked":"Velvet Choker"}],"items_purged_floors":[4],"is_endless":false,"potions_floor_spawned":[2,3,8,12,21,22],"killed_by":"Gremlin Leader","ascension_level":20}}