{"host":"mydft8i2zzydgggw","time":1611452154,"event":{"mods":["AchievementEnabler","BaseMod","BetterRewards","Colored Map","Colored Powertips","DeckTracker","Keyboard Shortcuts","Minty Spire (QoL Compilation)","Rare Cards Sparkle","StSLib","SuperFastMode","everything is the same but u backflip on backflip"],"gold_per_floor":[116,136,150,161,178,178,192,192,219,27,42,52,52,64,64,139,139,149,177,187,187,187],"floor_reached":21,"language":"KOR","playtime":524,"items_purged":["Strike_B"],"score":301,"play_id":"47cd7346-58cf-41f8-a083-76ca82f0db6c","local_time":"20210124103554","is_ascension_mode":true,"campfire_choices":[{"floor":6,"key":"REST"},{"floor":8,"key":"REST"},{"floor":15,"key":"REST"}],"circlet_count":0,"master_deck":["AscendersBane","Strike_B","Strike_B","Defend_B","Defend_B","Zap","Dualcast","Static Discharge","Sweeping Beam","Blizzard","Auto Shields","Go for the Eyes","Machine Learning","Coolheaded","Loop","Conserve Battery","Electrodynamics","FTL+1","Heatsinks"],"relics":["Cracked Core","Omamori","Inserter","Red Mask"],"acts_visited":["Exordium","TheCity"],"potions_floor_usage":[5,16,16,21],"damage_taken":[{"damage":3,"enemies":"2 Louse","floor":1,"turns":3},{"damage":6,"enemies":"Cultist","floor":2,"turns":4},{"damage":7,"enemies":"Jaw Worm","floor":3,"turns":3},{"damage":21,"enemies":"Exordium Wildlife","floor":4,"turns":3},{"damage":6,"enemies":"Red Slaver","floor":5,"turns":3},{"damage":15,"enemies":"3 Louse","floor":7,"turns":4},{"damage":22,"enemies":"Large Slime","floor":11,"turns":6},{"damage":3,"enemies":"Looter","floor":12,"turns":4},{"damage":3,"enemies":"2 Fungi Beasts","floor":14,"turns":3},{"damage":19,"enemies":"The Guardian","floor":16,"turns":15},{"damage":21,"enemies":"Chosen","floor":18,"turns":6},{"damage":32,"enemies":"Masked Bandits","floor":19,"turns":4},{"damage":0,"enemies":"3 Byrds","floor":20,"turns":2},{"damage":7,"enemies":"Centurion and Healer","floor":21,"turns":2}],"seed_played":"3020156719783700904","potions_obtained":[{"floor":1,"key":"ColorlessPotion"},{"floor":5,"key":"Fire Potion"},{"floor":7,"key":"GamblersBrew"},{"floor":12,"key":"PotionOfCapacity"},{"floor":14,"key":"Block Potion"},{"floor":19,"key":"PowerPotion"}],"is_trial":false,"path_per_floor":["M","M","M","M","M","R","M","R","T","$","M","M","?","M","R","B",null,"M","?","M","M"],"character_chosen":"DEFECT","items_purchased":["Coolheaded","Loop"],"campfire_rested":3,"item_purchase_floors":[10,10],"current_hp_per_floor":[43,37,30,9,3,24,9,30,30,30,8,5,5,2,23,4,54,33,1,1,0,0],"gold":187,"neow_bonus":"REMOVE_TWO","is_daily":false,"chose_seed":false,"campfire_upgraded":0,"win_rate":0.0,"timestamp":1611452154,"path_taken":["M","M","M","M","M","R","M","R","T","$","M","M","?","M","R","BOSS","M","?","M","M"],"items_purchased_type":["Card","Card"],"build_version":"2020-12-22","purchased_purges":1,"victory":false,"max_hp_per_floor":[71,71,71,71,71,71,71,71,71,71,71,71,71,71,71,71,71,71,71,71,71,71],"card_choices":[{"not_picked":["Ball Lightning","Barrage"],"picked":"Static Discharge","floor":1},{"not_picked":["Lockon","Chill"],"picked":"Sweeping Beam","floor":2},{"not_picked":["Streamline","Gash"],"picked":"Blizzard","floor":3},{"not_picked":["Gash","Cold Snap"],"picked":"Auto Shields","floor":4},{"not_picked":["Compile Driver","Force Field"],"picked":"Go for the Eyes","floor":5},{"not_picked":["Steam","Gash"],"picked":"Machine Learning","floor":7},{"not_picked":["Cold Snap","Go for the Eyes","Melter"],"picked":"SKIP","floor":11},{"not_picked":["Barrage","Cold Snap"],"picked":"Conserve Battery","floor":12},{"not_picked":["Sweeping Beam","Rebound","Stack"],"picked":"SKIP","floor":14},{"not_picked":["Machine Learning","Amplify"],"picked":"Electrodynamics","floor":16},{"not_picked":["Beam Cell","Cold Snap","Gash+1"],"picked":"SKIP","floor":18},{"not_picked":["Lockon+1","Barrage"],"picked":"FTL+1","floor":19},{"not_picked":["Sunder","Chill"],"picked":"Heatsinks","floor":20}],"player_experience":207000,"relics_obtained":[{"floor":9,"key":"Omamori"},{"floor":19,"key":"Red Mask"}],"event_choices":[{"cards_removed":["Defend_B"],"damage_healed":0,"gold_gain":0,"player_choice":"Purged","damage_taken":0,"max_hp_gain":0,"max_hp_loss":0,"event_name":"Purifier","floor":13,"gold_loss":0},{"damage_healed":0,"gold_gain":0,"player_choice":"Fought Bandits","damage_taken":0,"max_hp_gain":0,"max_hp_loss":0,"event_name":"Masked Bandits","floor":19,"gold_loss":0}],"is_beta":false,"boss_relics":[{"not_picked":["Cursed Key","SlaversCollar"],"picked":"Inserter"}],"items_purged_floors":[10],"is_endless":false,"potions_floor_spawned":[1,5,7,12,14,19],"killed_by":"Centurion and Healer","ascension_level":14}}