{"host":"6p0attdrtjqaih7v","time":1611467505,"event":{"mods":["2.2 Compatiblity","AchievementEnabler","Bard","BaseMod","Better Skull","Better Third Choice","Colored Powertips","Hermit","Highlight Path","Jorbs\u0027s Wanderer Trilogy","Key Reminder","Minty Spire (QoL Compilation)","Permanent Neow","Quick Restart","Random Character Button","Relic Stats","Replay The Spire","Robot Space Explorer","StSLib"],"gold_per_floor":[110,185,185,199,81,81,103,133,157,157,192,217,217,227,227,227,227],"floor_reached":16,"language":"ENG","playtime":719,"items_purged":["RobotSpaceExplorer:Strike"],"score":200,"play_id":"c8eac68d-dd89-45c7-b024-dceecd68333a","local_time":"20210124005145","is_ascension_mode":true,"campfire_choices":[{"data":"Apotheosis","floor":6,"key":"SMITH"},{"data":"RobotSpaceExplorer:Jetpack","floor":10,"key":"SMITH"},{"data":"RobotSpaceExplorer:MiniLasers","floor":13,"key":"SMITH"},{"data":"RobotSpaceExplorer:FreezingShield","floor":15,"key":"SMITH"}],"circlet_count":0,"master_deck":["AscendersBane","RobotSpaceExplorer:Strike","RobotSpaceExplorer:Strike","RobotSpaceExplorer:Strike","RobotSpaceExplorer:Defend","RobotSpaceExplorer:Defend","RobotSpaceExplorer:Defend","RobotSpaceExplorer:Defend","RobotSpaceExplorer:Scan","RobotSpaceExplorer:MiniLasers+1","Apotheosis+1","RobotSpaceExplorer:FreezingShield+1","RobotSpaceExplorer:MetalStrike","RobotSpaceExplorer:GearShield","RobotSpaceExplorer:Blitz","RobotSpaceExplorer:Jetpack+1","RobotSpaceExplorer:FreezingShield"],"relics":["RobotSpaceExplorer:RoboCore","Odd Mushroom","Meat on the Bone","RobotSpaceExplorer:ClockworkSextant","CeramicFish","keyreminder:keyreminder"],"acts_visited":["Exordium"],"potions_floor_usage":[8,11],"damage_taken":[{"damage":2,"enemies":"Jaw Worm","floor":1,"turns":2},{"damage":4,"enemies":"2 Louse","floor":4,"turns":3},{"damage":13,"enemies":"The Mushroom Lair","floor":7,"turns":6},{"damage":1,"enemies":"Replay:BlueRogue","floor":8,"turns":6},{"damage":3,"enemies":"Gremlin Nob","floor":11,"turns":6},{"damage":0,"enemies":"Small Slimes","floor":12,"turns":3},{"damage":8,"enemies":"3 Louse","floor":14,"turns":5},{"damage":45,"enemies":"Hexaghost","floor":16,"turns":19}],"seed_played":"-2713978238787699736","potions_obtained":[{"floor":1,"key":"Cursed Concoction"},{"floor":4,"key":"LiquidBronze"},{"floor":7,"key":"GamblersBrew"}],"is_trial":false,"path_per_floor":["M","?","?","M","$","R","?","E","T","R","E","M","R","M","R","B"],"character_chosen":"RobotSpaceExplorer","items_purchased":["RobotSpaceExplorer:GearShield"],"campfire_rested":0,"item_purchase_floors":[5],"current_hp_per_floor":[62,51,46,42,42,42,29,28,28,28,37,37,37,41,41,0,0],"gold":227,"neow_bonus":"RANDOM_COLORLESS_2","is_daily":false,"chose_seed":false,"campfire_upgraded":4,"win_rate":0.0,"timestamp":1611467505,"path_taken":["M","?","?","M","$","R","?","E","T","R","E","M","R","M","R","BOSS"],"items_purchased_type":["Card"],"build_version":"2020-12-22","purchased_purges":1,"victory":false,"max_hp_per_floor":[64,64,64,64,64,64,64,64,64,64,64,64,64,64,64,64,64],"relic_stats":{"counters":[8,50],"CeramicFish":9,"obtain_stats":[{"RobotSpaceExplorer:ClockworkSextant":9,"keyreminder:keyreminder":11,"CeramicFish":11,"RobotSpaceExplorer:RoboCore":0,"Odd Mushroom":7,"Meat on the Bone":8},{"RobotSpaceExplorer:ClockworkSextant":4,"keyreminder:keyreminder":5,"CeramicFish":5,"RobotSpaceExplorer:RoboCore":0,"Odd Mushroom":3,"Meat on the Bone":4},{"RobotSpaceExplorer:ClockworkSextant":17,"keyreminder:keyreminder":23,"CeramicFish":23,"RobotSpaceExplorer:RoboCore":0,"Odd Mushroom":11,"Meat on the Bone":17}],"Meat on the Bone":24},"card_choices":[{"not_picked":["The Bomb","Magnetism"],"picked":"Apotheosis","floor":0},{"not_picked":["RobotSpaceExplorer:PowerCollector","RobotSpaceExplorer:ShovelStrike"],"picked":"RobotSpaceExplorer:FreezingShield","floor":1},{"not_picked":["RobotSpaceExplorer:MiniBoosters","RobotSpaceExplorer:Ammunition"],"picked":"RobotSpaceExplorer:MetalStrike","floor":4},{"not_picked":["RobotSpaceExplorer:Calculate","RobotSpaceExplorer:Pulsar"],"picked":"RobotSpaceExplorer:Blitz","floor":7},{"not_picked":["RobotSpaceExplorer:SlimeMissile","RobotSpaceExplorer:LaserBurst"],"picked":"RobotSpaceExplorer:Jetpack","floor":8},{"not_picked":["RobotSpaceExplorer:ShockKick","RobotSpaceExplorer:Discharger","RobotSpaceExplorer:PlasmaMissile"],"picked":"SKIP","floor":11},{"not_picked":["RobotSpaceExplorer:Probe","RobotSpaceExplorer:Jetpack"],"picked":"RobotSpaceExplorer:FreezingShield","floor":12},{"not_picked":["RobotSpaceExplorer:ImprovisedAttack","RobotSpaceExplorer:SwiftStep","RobotSpaceExplorer:Ammunition"],"picked":"SKIP","floor":14}],"player_experience":932599,"relics_obtained":[{"floor":7,"key":"Odd Mushroom"},{"floor":8,"key":"Meat on the Bone"},{"floor":9,"key":"RobotSpaceExplorer:ClockworkSextant"},{"floor":11,"key":"CeramicFish"}],"event_choices":[{"damage_healed":0,"gold_gain":75,"player_choice":"Gather Gold","damage_taken":11,"max_hp_gain":0,"max_hp_loss":0,"event_name":"World of Goop","floor":2,"gold_loss":0},{"damage_healed":0,"gold_gain":0,"player_choice":"LEAVE","damage_taken":5,"max_hp_gain":0,"max_hp_loss":0,"event_name":"betterThird:BetterScrap","floor":3,"gold_loss":0,"cards_obtained":["Burst"]},{"damage_healed":0,"gold_gain":0,"player_choice":"Fought Mushrooms","damage_taken":0,"max_hp_gain":0,"max_hp_loss":0,"event_name":"Mushrooms","floor":7,"gold_loss":0}],"is_beta":false,"boss_relics":[],"items_purged_floors":[5],"is_endless":false,"potions_floor_spawned":[1,4,7],"killed_by":"Hexaghost","ascension_level":17}}