{"host":"8c7ixdz8x9d2d2wv","time":1611529858,"event":{"mods":["AYAYA","BaseMod","Better Altar","Better Sensory Stone","Better Third Choice","Better-Laid Plans","BetterRewards","Colored Map","Colored Powertips","Curses Come First","Dark Map","Defuse TimeMaze Blight","Emptier Cage","Good Game Mod","Highlight Path","Minty Spire (QoL Compilation)","Quick Restart","Rare Cards Sparkle","Relic Sorter","Remove Card Discount Mod","Reorder Act Four","Shop Mod","StSLib","Transform Curses","Uncapped","everything is the same but u backflip on backflip"],"gold_per_floor":[112,112,130,130,144,144,144],"floor_reached":6,"language":"ENG","playtime":442,"items_purged":["Strike_G","Defend_G","Survivor","Strike_G","Strike_G","Defend_G","Defend_G"],"score":36,"play_id":"a4e80269-9d26-4fbf-8898-3f6e10b826b0","local_time":"20210125001058","is_ascension_mode":false,"campfire_choices":[],"circlet_count":0,"master_deck":["Strike_G","Strike_G","Defend_G","Defend_G","Neutralize","After Image+1","Footwork","Dodge and Roll","Deflect"],"relics":["Ring of the Snake","REME:ComplimentaryCards","MerchantsRug","Snake Skull","The Specimen","Oddly Smooth Stone"],"acts_visited":["Exordium"],"potions_floor_usage":[6],"damage_taken":[{"damage":1,"enemies":"Small Slimes","floor":1,"turns":6},{"damage":0,"enemies":"Jaw Worm","floor":3,"turns":5},{"damage":0,"enemies":"2 Louse","floor":5,"turns":5},{"damage":43,"enemies":"Gremlin Nob","floor":6,"turns":9}],"seed_played":"8729032623650119467","potions_obtained":[{"floor":1,"key":"ColorlessPotion"}],"is_trial":false,"path_per_floor":["M","?","M","?","M","E"],"character_chosen":"THE_SILENT","items_purchased":["MerchantsRug","After Image","Snake Skull","Footwork","Cloak And Dagger"],"campfire_rested":0,"item_purchase_floors":[0,0,0,0,0],"current_hp_per_floor":[41,41,41,34,34,0,0],"gold":144,"neow_bonus":"","is_daily":false,"chose_seed":false,"campfire_upgraded":0,"win_rate":0.0,"timestamp":1611529858,"path_taken":["M","?","M","?","M","E"],"items_purchased_type":["Relic","Card","Relic","Card","Card"],"build_version":"2020-12-22","purchased_purges":7,"victory":false,"max_hp_per_floor":[84,84,84,84,84,84,84],"card_choices":[{"not_picked":["Leg Sweep","Quick Slash","Acrobatics"],"picked":"SKIP","floor":1},{"not_picked":["Bane","PiercingWail"],"picked":"Dodge and Roll","floor":3},{"not_picked":["Outmaneuver","Dagger Throw"],"picked":"Deflect","floor":5}],"player_experience":681210,"relics_obtained":[],"event_choices":[{"damage_healed":0,"gold_gain":0,"player_choice":"Grow","damage_taken":0,"max_hp_gain":0,"max_hp_loss":0,"event_name":"Living Wall","floor":2,"gold_loss":0,"cards_upgraded":["After Image"]},{"damage_healed":0,"gold_gain":0,"player_choice":"Relic ","damage_taken":7,"max_hp_gain":0,"max_hp_loss":0,"event_name":"betterThird:BetterScrap","floor":4,"gold_loss":0,"cards_obtained":["Combust"]}],"is_beta":false,"boss_relics":[],"items_purged_floors":[0,0,0,0,0,0,0],"is_endless":false,"potions_floor_spawned":[1],"killed_by":"Gremlin Nob","ascension_level":0}}