{"host":"59cc6k4ir9ghxqag","time":1611503244,"event":{"mods":["100% Spire Juice","Arknights The Spire","BaseMod","Colored Powertips","Hermit","Infinite Spire","Lobotomy","Marisa£®ÏF”Í°°ƒß¿Ì…≥£©","Minty Spire (QoL Compilation)","Remilia£®¿Ÿ√◊¿Ú—«£©","Replay The Spire","Shop Mod","StSLib","The Bug Knight","The Cursed","The Dragon Tamer","The Jungle","°æ“≈ŒÔø®≈∆°øREMEMod"],"gold_per_floor":[412,412,412,412,412,441,441,66,66,66,66,100,100,100,100,203,203,219,119,419,429,448,485,485,529,529,538,538,538,538,558,558,670,670,696,27,36,45,45,45,54,83,83,92,109,109,118,118,118,118],"floor_reached":51,"language":"ZHS","playtime":8816,"items_purged":["Body Slam","MeatLantern","Greed_TH"],"score":759,"play_id":"3d9c6f0c-6887-44fb-9575-328aeff4f9c9","local_time":"20210124234724","daily_mods":["SealedDeck","Diverse","Heirloom","Flight","Lethality"],"is_ascension_mode":false,"campfire_choices":[{"data":"DTMod:SealedStrike","floor":7.0,"key":"SMITH"},{"data":"DTMod:SealedStrike+1","floor":13.0,"key":"SMITH"},{"data":"DTMod:SealedStrike+2","floor":15.0,"key":"SMITH"},{"data":"REME_Scribble","floor":24.0,"key":"SMITH"},{"floor":30.0,"key":"REST"},{"data":"DTMod:SealedStrike+3","floor":32.0,"key":"SMITH"},{"data":"Madness","floor":41,"key":"SMITH"},{"data":"UnstableBomb","floor":44,"key":"SMITH"},{"data":"MachineGunSpark","floor":47,"key":"SMITH"},{"data":"UnstableBomb","floor":49,"key":"SMITH"}],"circlet_count":0,"master_deck":["HollowMod:DashSlash","CutThroughFate","Endless Agony","DarkMatter","Replay:Undeath\u0027s Touch","UnstableBomb+1","Cloak And Dagger","Anger","DTMod:SealedStrike+4","REME_Scribble+1","Immolate","ats:Explosion Area Strengthen","REME_Scribble+1","DC","MachineGunSpark+1","Reaper","Panacea+1","Panache","Madness+1","Good Instincts","infinitespire:Starlight","Bandage Up","Replay:Undeath\u0027s Touch","UnstableBomb+1","MastersStateliness"],"relics":["Unceasing Top","replay:Trail_Library","REME_ComplimentaryCards","Old Coin","CogitoBucket","Oddly Smooth Stone","Garlic","Strawberry","HollowMod:JonisBlessing","infinitespire:Eraser","Blood Vial","ChewingGum","CeramicFish","Boot","Yang","Pet Ghost","Tiny Chest","REME_LowDesire","Ancient Tea Set","infinitespire:PuzzleCube","Bag of Marbles","Mirror","ReplayTheSpireMod:ShopPack","Singing Bowl","InkBottle","Iron Hammer","Golden Egg"],"acts_visited":["Exordium","TheCity","TheBeyond"],"potions_floor_usage":[],"damage_taken":[{"damage":0.0,"enemies":"2 Louse","floor":1.0,"turns":1.0},{"damage":0.0,"enemies":"Lagavulin","floor":6.0,"turns":2.0},{"damage":0.0,"enemies":"3 Sentries","floor":12.0,"turns":4.0},{"damage":25.0,"enemies":"Hexaghost","floor":16.0,"turns":4.0},{"damage":0.0,"enemies":"Spheric Guardian","floor":18.0,"turns":1.0},{"damage":20.0,"enemies":"Snake Plant","floor":21.0,"turns":3.0},{"damage":0.0,"enemies":"Centurion and Healer","floor":22.0,"turns":2.0},{"damage":0.0,"enemies":"Gremlin Leader","floor":23.0,"turns":3.0},{"damage":30.0,"enemies":"Book of Stabbing","floor":25.0,"turns":5.0},{"damage":0.0,"enemies":"Sentry and Sphere","floor":31.0,"turns":3.0},{"damage":71.0,"enemies":"Automaton","floor":33.0,"turns":8.0},{"damage":0,"enemies":"3 Darklings","floor":35,"turns":3},{"damage":29,"enemies":"Giant Head","floor":42,"turns":7},{"damage":1,"enemies":"3 Shapes","floor":45,"turns":1},{"damage":0,"enemies":"Awakened One","floor":50,"turns":7}],"seed_played":"-4165012482251040526","potions_obtained":[{"floor":12.0,"key":"BottledMiracle"},{"floor":18.0,"key":"Venom Potion"},{"floor":23.0,"key":"SneckoOil"},{"floor":25.0,"key":"Fire Potion"}],"is_trial":true,"path_per_floor":["M","WH","?","WH","WH","E","R","$","T","WH","WH","E","R","?","R","B",null,"M","$","WH","M","M","E","R","E","T","WH","WH","?","R","M","R","B",null,"M","$","?","?","?","T","R","E","T","R","M","T","R","?","R","B",null],"character_chosen":"WATCHER","items_purchased":["Strawberry","HollowMod:JonisBlessing","Bag of Marbles","Mirror","ReplayTheSpireMod:ShopPack"],"campfire_rested":1,"item_purchase_floors":[8,8,36,36,36],"current_hp_per_floor":[72,72,72,79,79,79,79,86,86,86,86,86,86,86,86,61,92,92,92,92,72,72,72,72,42,42,42,53,53,89,89,89,18,133,133,113,78,68,136,136,136,109,109,109,110,110,110,110,110,110],"gold":118,"neow_bonus":"TEN_PERCENT_HP_BONUS","is_daily":false,"chose_seed":false,"campfire_upgraded":9,"win_rate":0.0,"timestamp":1611503244,"path_taken":["M","WH","?","WH","WH","E","R","$","T","WH","WH","E","R","?","R","BOSS","M","$","WH","M","?","E","R","E","T","WH","WH","WH","R","M","R","BOSS","M","$","?","?","?","?","R","E","T","R","?","?","R","?","R","BOSS"],"items_purchased_type":["Relic","Relic","Relic","Relic","Relic"],"build_version":"2020-12-22","purchased_purges":3,"victory":true,"max_hp_per_floor":[72,72,72,79,79,79,79,86,86,86,86,89,89,89,89,92,92,95,95,95,98,101,104,104,110,110,110,121,121,121,127,127,133,133,136,136,136,136,136,136,136,144,144,144,149,149,149,149,149,155],"card_choices":[{"not_picked":["TheCursedMod:DoubleShield","Cold Snap","Poisoned Stab"],"picked":"SKIP","floor":1.0},{"not_picked":["CherryBlossoms","Laetitia","MeatLantern"],"picked":"Singing Bowl","floor":6.0},{"not_picked":["EmptyBody","UnderTheZenith"],"picked":"DTMod:SealedStrike","floor":6.0},{"not_picked":["UniverseFragment","CrumblingArmor"],"picked":"MeatLantern","floor":12.0},{"not_picked":["ats:Blood Oath","EmptyFist","hermit:Roulette"],"picked":"SKIP","floor":12.0},{"not_picked":["ats:Blood Oath","EmptyFist","hermit:Roulette"],"picked":"SKIP","floor":12.0},{"not_picked":["Demon Form","Biased Cognition"],"picked":"Immolate","floor":16.0},{"not_picked":["Recycle","GrandCross","ats:Very Hot Blade"],"picked":"SKIP","floor":18.0},{"not_picked":["DTMod:InvisibleFlame","Moonworks:CloudOfSeagulls","HollowMod:InfectedCysts"],"picked":"SKIP","floor":21.0},{"not_picked":["Static Discharge","Moonworks:Assault+1"],"picked":"ats:Explosion Area Strengthen","floor":22.0},{"not_picked":["Biased Cognition","Reflex"],"picked":"REME_Scribble","floor":23.0},{"not_picked":["ReachHeaven+1","Halt"],"picked":"DC","floor":25.0},{"not_picked":["Moonworks:JonathanRush+1","TheCursedMod:Stretching","TheCursedMod:RavingStaff"],"picked":"SKIP","floor":31.0},{"not_picked":["hermit:Gambit","Moonworks:EvilMastermind"],"picked":"Reaper","floor":33.0},{"not_picked":["UnderTheZenith+1","HollowMod:FallenFury+1","hermit:Snipe+1"],"picked":"Panacea+1","floor":35},{"not_picked":["Mayhem","REME_ProfessionalPlagiarism","HandOfGreed"],"picked":"Panache","floor":36},{"not_picked":["Blind","Flash of Steel","Secret Weapon"],"picked":"Madness","floor":36},{"not_picked":["Bandage Up","Forethought","Flash of Steel"],"picked":"Good Instincts","floor":36},{"not_picked":["infinitespire:Execution","infinitespire:NeuralNetwork"],"picked":"infinitespire:Starlight","floor":37},{"not_picked":["REME_MagicPocketWatch","Replay:Sssssssssstrike"],"picked":"Bandage Up","floor":38},{"not_picked":["Moonworks:FinalSurgery+1","Prostrate+1","TheCursedMod:CursedBlade+1","Specialist+1"],"picked":"Singing Bowl","floor":42},{"not_picked":["Metallicize","TheCursedMod:Grudge","OpenUniverse","REME_EyeOfCthun"],"picked":"Singing Bowl","floor":45}],"player_experience":503278,"relics_obtained":[{"floor":6.0,"key":"Garlic"},{"floor":9.0,"key":"infinitespire:Eraser"},{"floor":12.0,"key":"Blood Vial"},{"floor":23.0,"key":"CeramicFish"},{"floor":25.0,"key":"Boot"},{"floor":26.0,"key":"Yang"},{"floor":34,"key":"Ancient Tea Set"},{"floor":34,"key":"infinitespire:PuzzleCube"},{"floor":40,"key":"Singing Bowl"},{"floor":42,"key":"InkBottle"},{"floor":43,"key":"Iron Hammer"},{"floor":46,"key":"Golden Egg"}],"event_choices":[{"damage_healed":0.0,"max_hp_gain":0.0,"max_hp_loss":0.0,"gold_gain":0.0,"event_name":"The Cleric","player_choice":"Leave","floor":3.0,"gold_loss":0.0,"damage_taken":0.0},{"damage_healed":0,"gold_gain":0,"player_choice":"Memory 3","damage_taken":10,"max_hp_gain":0,"max_hp_loss":0,"event_name":"SensoryStone","floor":38,"gold_loss":0},{"damage_healed":68,"gold_gain":0,"player_choice":"Full Heal","damage_taken":0,"max_hp_gain":0,"max_hp_loss":0,"event_name":"Wheel of Change","floor":39,"gold_loss":0},{"cards_removed":["Go for the Eyes"],"damage_healed":0,"gold_gain":0,"player_choice":"Removed Attack","damage_taken":0,"max_hp_gain":0,"max_hp_loss":0,"event_name":"Falling","floor":48,"gold_loss":0}],"is_beta":false,"boss_relics":[{"not_picked":["Velvet Choker","VioletLotus"],"picked":"ChewingGum"},{"not_picked":["Tiny House","Snecko Eye"],"picked":"REME_LowDesire"}],"items_purged_floors":[8,19,36],"is_endless":false,"potions_floor_spawned":[12,18,23,25,35,42],"ascension_level":0}}