{"host":"15f3wpiimhe5yrng","time":1611524055,"event":{"mods":["100% Spire Juice","2.2 Compatiblity","BaseMod","Bestiary","Better Altar","Better Match","Better Note","Better Sensory Stone","Better Skull","Better Third Choice","Colored Map","Colored Powertips","Downfall","Good Game Mod","Marisa????????","Minty Spire (QoL Compilation)","Permanent Neow","Relic Filter","SacredBarkPlus","Spicy Shops","Spire Arcade","StSLib","The Animator","The Marked","TheSwordswoman"],"gold_per_floor":[212,14,14,14,30,64,76,76,99,109,134,134,153,170,170,266,266,283,300,300,300,312,342,342,377,377,408,428,428,428,453,453,549,549,567,579,3,52,65,65,85,85,111,143,156,186,96,125,125,125],"floor_reached":51,"language":"ENG","playtime":3639,"items_purged":["Strike_B","Pain"],"score":780,"play_id":"122469d9-2151-4041-95f6-24dd6234428c","local_time":"20210124223415","is_ascension_mode":false,"campfire_choices":[{"data":"Hologram","floor":12,"key":"SMITH"},{"data":"Streamline","floor":15,"key":"SMITH"},{"data":"Beam Cell","floor":24,"key":"SMITH"},{"data":"Auto Shields","floor":29,"key":"SMITH"},{"data":"Glacier","floor":32,"key":"SMITH"},{"data":"Streamline","floor":40,"key":"SMITH"},{"data":"Skim","floor":42,"key":"SMITH"},{"data":"Machine Learning","floor":49,"key":"SMITH"}],"circlet_count":0,"master_deck":["Strike_B","Strike_B","Defend_B","Defend_B","Defend_B","Zap","expansioncontent:QuickStudy+1","Streamline+1","Beam Cell+1","animator:KoishiKomeiji+1","Hologram+1","Streamline+1","Self Repair","Auto Shields+1","Reinforced Body","Skim+1","FTL","Glacier+1","Genetic Algorithm","Echo Form+1","Rebound+1","Rebound+1","Conserve Battery+1","Machine Learning+1","Turbo","Hologram+1","Reprogram+1","Reprogram+1","Rip and Tear","Reprogram+1"],"relics":["Cracked Core","REME:ComplimentaryCards","Blood Vial","Prayer Wheel","Letter Opener","Empty Cage","sneckomod:BabySnecko","PreservedInsect","TungstenRod","Calipers","Smiling Mask","Potion Belt","Busted Crown","Mummified Hand","Oddly Smooth Stone","DollysMirror","CatCart","Centennial Puzzle","Orichalcum","Frozen Egg 2","FossilizedHelix"],"acts_visited":["Exordium","TheCity","TheBeyond"],"potions_floor_usage":[11,19,25,27,27,27,27,27,50],"damage_taken":[{"damage":0,"enemies":"2 Louse","floor":1,"turns":1},{"damage":0,"enemies":"Small Slimes","floor":5,"turns":3},{"damage":28,"enemies":"Lagavulin","floor":6,"turns":4},{"damage":0,"enemies":"Cultist","floor":7,"turns":3},{"damage":0,"enemies":"Gremlin Gang","floor":10,"turns":1},{"damage":19,"enemies":"Gremlin Nob","floor":11,"turns":5},{"damage":7,"enemies":"2 Fungi Beasts","floor":13,"turns":2},{"damage":0,"enemies":"Red Slaver","floor":14,"turns":3},{"damage":25,"enemies":"Hexaghost","floor":16,"turns":9},{"damage":24,"enemies":"3 Byrds","floor":18,"turns":8},{"damage":3,"enemies":"2 Thieves","floor":19,"turns":3},{"damage":3,"enemies":"Snecko","floor":22,"turns":4},{"damage":31,"enemies":"Slavers","floor":23,"turns":7},{"damage":26,"enemies":"Gremlin Leader","floor":25,"turns":7},{"damage":8,"enemies":"Slavers","floor":27,"turns":5},{"damage":0,"enemies":"Snake Plant","floor":28,"turns":3},{"damage":13,"enemies":"Champ","floor":33,"turns":15},{"damage":14,"enemies":"3 Shapes","floor":35,"turns":5},{"damage":4,"enemies":"Orb Walker","floor":36,"turns":4},{"damage":12,"enemies":"Orin","floor":38,"turns":16},{"damage":0,"enemies":"4 Shapes","floor":39,"turns":3},{"damage":6,"enemies":"Maw","floor":41,"turns":7},{"damage":36,"enemies":"Reptomancer","floor":44,"turns":6},{"damage":7,"enemies":"3 Darklings","floor":45,"turns":5},{"damage":0,"enemies":"Giant Head","floor":46,"turns":7},{"damage":1,"enemies":"Reptomancer","floor":48,"turns":7},{"damage":27,"enemies":"Awakened One","floor":50,"turns":11}],"seed_played":"999752327048223783","potions_obtained":[{"floor":7,"key":"EntropicBrew"},{"floor":8,"key":"EssenceOfSteel"},{"floor":8,"key":"Weak Potion"},{"floor":11,"key":"GamblersBrew"},{"floor":19,"key":"DistilledChaos"},{"floor":25,"key":"PotionOfCapacity"},{"floor":28,"key":"champ:CounterPotion"},{"floor":38,"key":"Dexterity Potion"},{"floor":44,"key":"SteroidPotion"},{"floor":45,"key":"Weak Potion"},{"floor":48,"key":"Energy Potion"}],"is_trial":false,"path_per_floor":["M","$","?","?","M","E","M","?","T","M","E","R","M","M","R","B",null,"M","M","?","?","M","E","R","E","T","E","M","R","?","T","R","B",null,"M","M","$","?","M","R","M","R","T","E","M","E","?","E","R","B",null],"character_chosen":"DEFECT","items_purchased":["Blood Vial","Beam Cell","Mummified Hand","Oddly Smooth Stone","DollysMirror","Rip and Tear"],"campfire_rested":0,"item_purchase_floors":[2,2,37,37,37,37],"current_hp_per_floor":[75,75,68,68,70,44,46,46,46,48,48,48,50,59,59,43,75,58,57,57,57,56,27,27,10,10,21,30,30,30,30,30,26,75,61,66,66,70,72,72,75,75,75,46,55,64,64,72,72,54],"gold":125,"neow_bonus":"HUNDRED_GOLD","is_daily":false,"chose_seed":false,"campfire_upgraded":8,"win_rate":0.0,"timestamp":1611524055,"path_taken":["M","$","?","?","?","E","?","?","T","M","E","R","?","M","R","BOSS","M","?","?","?","M","E","R","E","T","E","M","R","?","?","R","BOSS","M","M","$","?","M","R","M","R","T","E","M","E","?","E","R","BOSS"],"items_purchased_type":["Relic","Card","Relic","Relic","Relic","Card"],"build_version":"2020-12-22","purchased_purges":2,"victory":true,"max_hp_per_floor":[75,75,75,75,75,75,75,75,75,75,75,75,75,75,75,75,75,75,75,75,75,75,75,75,75,75,75,75,75,75,75,75,75,75,75,75,75,75,75,75,75,75,75,75,75,75,75,75,75,75],"card_choices":[{"not_picked":["Rebound","BootSequence"],"picked":"Streamline","floor":1},{"not_picked":["Recycle","Stack"],"picked":"Hologram","floor":5},{"not_picked":["White Noise","Defragment"],"picked":"Streamline","floor":6},{"not_picked":["Loop","Streamline"],"picked":"Self Repair","floor":7},{"not_picked":["Ball Lightning","Cold Snap","Undo"],"picked":"SKIP","floor":7},{"not_picked":["Scrape","Redo"],"picked":"Auto Shields","floor":10},{"not_picked":["Heatsinks","Turbo"],"picked":"Reinforced Body","floor":10},{"not_picked":["Reprogram","Darkness"],"picked":"Skim","floor":11},{"not_picked":["Chaos","Leap"],"picked":"FTL","floor":13},{"not_picked":["Loop","Rainbow","Ball Lightning"],"picked":"SKIP","floor":13},{"not_picked":["White Noise","Cold Snap"],"picked":"Glacier","floor":14},{"not_picked":["Barrage","Leap"],"picked":"Genetic Algorithm","floor":14},{"not_picked":["Reboot","Thunder Strike"],"picked":"Echo Form","floor":16},{"not_picked":["Conserve Battery","Redo+1"],"picked":"Rebound+1","floor":18},{"not_picked":["Darkness+1","Recycle"],"picked":"Rebound+1","floor":18},{"not_picked":["Hologram","Leap"],"picked":"Conserve Battery+1","floor":19},{"not_picked":["Rebound","Turbo","Rip and Tear"],"picked":"SKIP","floor":19},{"not_picked":["Lockon+1","Rebound"],"picked":"Machine Learning","floor":22},{"not_picked":["Loop+1","Reprogram","Coolheaded"],"picked":"SKIP","floor":22},{"not_picked":["Rip and Tear+1","Genetic Algorithm","Rebound"],"picked":"SKIP","floor":23},{"not_picked":["Beam Cell","Conserve Battery","Rip and Tear"],"picked":"SKIP","floor":25},{"not_picked":["Sweeping Beam","Biased Cognition"],"picked":"Turbo","floor":27},{"not_picked":["Gash+1","Ball Lightning+1","Beam Cell"],"picked":"SKIP","floor":28},{"not_picked":["Undo","Conserve Battery","Sweeping Beam"],"picked":"SKIP","floor":28},{"not_picked":["Gash+1"],"picked":"SKIP","floor":35},{"not_picked":["Consume"],"picked":"SKIP","floor":35},{"not_picked":[],"picked":"Hologram+1","floor":36},{"not_picked":[],"picked":"Reprogram+1","floor":36},{"not_picked":[],"picked":"Reprogram+1","floor":39},{"not_picked":["Heatsinks"],"picked":"SKIP","floor":39},{"not_picked":["Darkness+1"],"picked":"SKIP","floor":41},{"not_picked":["Compile Driver"],"picked":"SKIP","floor":41},{"not_picked":["Rebound+1"],"picked":"SKIP","floor":44},{"not_picked":["Leap"],"picked":"SKIP","floor":45},{"not_picked":["Conserve Battery"],"picked":"SKIP","floor":45},{"not_picked":["Redo+1"],"picked":"SKIP","floor":46},{"not_picked":["Blizzard+1"],"picked":"SKIP","floor":48}],"player_experience":175227,"relics_obtained":[{"floor":6,"key":"Prayer Wheel"},{"floor":11,"key":"Letter Opener"},{"floor":23,"key":"PreservedInsect"},{"floor":25,"key":"TungstenRod"},{"floor":26,"key":"Calipers"},{"floor":27,"key":"Smiling Mask"},{"floor":31,"key":"Potion Belt"},{"floor":38,"key":"CatCart"},{"floor":43,"key":"Centennial Puzzle"},{"floor":44,"key":"Orichalcum"},{"floor":46,"key":"Frozen Egg 2"},{"floor":48,"key":"FossilizedHelix"}],"event_choices":[{"damage_healed":0,"gold_gain":1,"player_choice":"4","damage_taken":0,"max_hp_gain":0,"max_hp_loss":0,"event_name":"betterStone:BetterStone","floor":4,"gold_loss":0,"cards_obtained":["animator:KoishiKomeiji"]},{"damage_healed":0,"gold_gain":0,"player_choice":"Got Potions","damage_taken":0,"max_hp_gain":0,"max_hp_loss":0,"event_name":"Lab","floor":8,"gold_loss":0},{"cards_removed":["expansioncontent:QuickStudy"],"damage_healed":0,"gold_gain":0,"player_choice":"Give","damage_taken":0,"max_hp_gain":0,"max_hp_loss":0,"event_name":"betterNote:BetterNote","floor":20,"gold_loss":0,"cards_obtained":["None"]},{"damage_healed":0,"gold_gain":0,"player_choice":"Fight","damage_taken":0,"max_hp_gain":0,"max_hp_loss":0,"event_name":"OrinTheCat","floor":38,"gold_loss":0},{"cards_removed":["downfall:Bewildered"],"damage_healed":0,"gold_gain":0,"player_choice":"Upgrade and Remove","damage_taken":0,"max_hp_gain":0,"max_hp_loss":0,"event_name":"Designer","floor":47,"gold_loss":90,"cards_upgraded":["Echo Form"]}],"is_beta":false,"boss_relics":[{"not_picked":["FrozenCore","Inserter"],"picked":"Empty Cage"},{"not_picked":["Snecko Eye","Sozu"],"picked":"Busted Crown"}],"items_purged_floors":[2,37],"is_endless":false,"potions_floor_spawned":[7,11,13,14,19,25,28,38,44,45,48],"ascension_level":0}}