{"host":"1zjc08c6hob33401","time":1611522208,"event":{"mods":["AchievementEnabler","Act Like it!","Aspiration","BaseMod","Downfall","Elementarium","Energized Spire","Evolution","Friendly Minions","Gensokyo","GifTheSpireLib","Hubris","Infinite Spire","Jedi Mod","Menagerie","Minty Spire (QoL Compilation)","Pale of the Ancients","Quick Restart","Reliquary","Replay The Spire","Retaliation","Shop Mod","Spire Arcade","StS++","StSLib","Stuff the Spire","The Blue Laboratory","Wandering Minibosses","vexMod","??????REMEMod"],"gold_per_floor":[115,135,135,135,146,146,178,178,178,194,221,48,48,48,48,122,122,140,153,172,172,190,190,190,190],"floor_reached":24,"language":"RUS","playtime":1899,"items_purged":[],"score":355,"play_id":"d3c483e7-1677-4c7d-ac79-01c33edd50b5","local_time":"20210124230328","is_ascension_mode":true,"campfire_choices":[{"data":"REME_LeechingPoison","floor":6.0,"key":"SMITH"},{"data":"jedi:LeechingStrike","floor":8.0,"key":"SMITH"},{"data":"Thunder Strike","floor":13.0,"key":"SMITH"},{"data":"hubris:Ukulele","floor":15.0,"key":"SMITH"},{"data":"Meteor Strike","floor":23.0,"key":"SMITH"}],"circlet_count":0,"master_deck":["AscendersBane","Compile Driver","Compile Driver","Strike_B","Defend_B","Defend_B","Zap","Dualcast","jedi:LeechingStrike","BootSequence","hubris:Ukulele+1","REME_LeechingPoison+1","StSpp:FiercePoison","Dagger Throw","jedi:BurstLightning","Hologram","jedi:blockon","Thunder Strike+1","Meteor Strike+1","StSpp:Channeliser","Fission","StuffTheSpire:Plugnplay","infinitespire:SevenWalls","hubris:PowerSurge"],"relics":["Cracked Core","EVO:Axolotl","REME_ComplimentaryCards","reliquary:TatteredRug","Ancient Tea Set","Dream Catcher","Replay:Bottled Snecko","StuffTheSpire:ColdMirror","Honey Jar","reliquary:SharkskinSheath"],"acts_visited":["Menagerie:Menagerie","TheCity"],"potions_floor_usage":[],"damage_taken":[{"damage":14.0,"enemies":"Menagerie:MonstrousExperiment","floor":1.0,"turns":3.0},{"damage":1.0,"enemies":"Menagerie:WhisperingWraith","floor":2.0,"turns":3.0},{"damage":7.0,"enemies":"Menagerie:2_RABBITS","floor":5.0,"turns":4.0},{"damage":9.0,"enemies":"Menagerie:Hydra","floor":7.0,"turns":4.0},{"damage":11.0,"enemies":"Menagerie:BEAST_MAGE_AND_PROWLING_AMALGAM","floor":10.0,"turns":5.0},{"damage":14.0,"enemies":"Menagerie:MaskedSummoner","floor":11.0,"turns":8.0},{"damage":13.0,"enemies":"Menagerie:Chimera","floor":16.0,"turns":8.0},{"damage":2.0,"enemies":"Chosen","floor":18.0,"turns":4.0},{"damage":21.0,"enemies":"Shell Parasite","floor":19.0,"turns":4.0},{"damage":27.0,"enemies":"Snake Plant","floor":20.0,"turns":4.0},{"damage":40.0,"enemies":"3 Cultists","floor":22.0,"turns":6.0},{"damage":0,"enemies":"Gremlin Leader","floor":24,"turns":1}],"seed_played":"-9142924776063077760","potions_obtained":[{"floor":1.0,"key":"blueLaboratory:AbyssPotion"},{"floor":5.0,"key":"LiquidMemories"},{"floor":7.0,"key":"blueLaboratory:AbyssPotion"},{"floor":10.0,"key":"EssenceOfSteel"},{"floor":20.0,"key":"StSpp:ScatteredPotion"}],"is_trial":false,"path_per_floor":["M","M","?","?","M","R","E","R","T","M","E","$","R","$","R","B",null,"M","M","M","AVR","M","R","E"],"character_chosen":"DEFECT","items_purchased":["StuffTheSpire:ColdMirror"],"campfire_rested":0,"item_purchase_floors":[12],"current_hp_per_floor":[56,61,61,61,63,63,69,69,69,68,60,60,60,60,60,58,68,69,54,49,49,31,31,31,31],"gold":190,"neow_bonus":"UPGRADE_CARD","is_daily":false,"chose_seed":false,"campfire_upgraded":5,"win_rate":0.0,"timestamp":1611522208,"path_taken":["M","M","?","?","?","R","E","R","T","M","E","$","R","$","R","BOSS","M","M","M","AVR","M","R","E"],"items_purchased_type":["Relic"],"build_version":"2020-12-22","purchased_purges":0,"victory":false,"max_hp_per_floor":[71,71,71,71,71,71,71,71,71,71,71,71,71,71,71,71,71,71,71,71,71,71,71,71,71],"card_choices":[{"not_picked":["Beam Cell","jedi:BurstLightning"],"picked":"BootSequence","floor":1.0},{"not_picked":["jedi:blockon","StuffTheSpire:Rend"],"picked":"hubris:Ukulele","floor":2.0},{"not_picked":["Turbo","Heatsinks"],"picked":"jedi:BurstLightning","floor":5.0},{"not_picked":["Steam Power","jedi:BurstFrost"],"picked":"Hologram","floor":7.0},{"not_picked":["ReplayTheSpireMod:Repulse","Rebound"],"picked":"jedi:blockon","floor":10.0},{"not_picked":["Conserve Battery","ReplayTheSpireMod:System Scan"],"picked":"Thunder Strike","floor":11.0},{"not_picked":["StSpp:Saturation","Creative AI"],"picked":"Meteor Strike","floor":16.0},{"not_picked":["Compile Driver","Ball Lightning","Gash"],"picked":"StSpp:Channeliser","floor":18.0},{"not_picked":["Go for the Eyes+1","Cold Snap","Sweeping Beam"],"picked":"Fission","floor":19.0},{"not_picked":["Heatsinks","BasicCrystalCard","ReplayTheSpireMod:System Scan"],"picked":"StuffTheSpire:Plugnplay","floor":20.0},{"not_picked":["Compile Driver","StuffTheSpire:Plugnplay","Machine Learning"],"picked":"hubris:PowerSurge","floor":22.0}],"player_experience":684263,"relics_obtained":[{"floor":7.0,"key":"Ancient Tea Set"},{"floor":9.0,"key":"Dream Catcher"},{"floor":11.0,"key":"Replay:Bottled Snecko"}],"event_choices":[],"is_beta":false,"boss_relics":[{"not_picked":["energizedSpire:EnergizedDie","aspiration:PoetsPen_weak"],"picked":"Honey Jar"}],"items_purged_floors":[],"is_endless":false,"potions_floor_spawned":[1,5,7,10,20],"killed_by":"Gremlin Leader","ascension_level":16}}