{"host":"mqhvlr3kpxebko0t","time":1611459267,"event":{"mods":["AchievementEnabler","BaseMod","Colored Map","Colored Powertips","KOR Keyword Fix","Keyboard Shortcuts","Minty Spire (QoL Compilation)","StSLib","SuperFastMode"],"gold_per_floor":[111,161,171,23,98,98,123,123,123,137,137,153,170,170,170,264,264,279,302,352,352,352],"floor_reached":21,"language":"KOR","playtime":317,"items_purged":["Strike_B"],"score":357,"play_id":"a83d67a4-16ee-400e-a201-0b0af3430dd2","local_time":"20210124123427","is_ascension_mode":true,"campfire_choices":[{"data":"Zap","floor":6,"key":"SMITH"},{"data":"Conserve Battery","floor":8,"key":"SMITH"},{"data":"Dualcast","floor":11,"key":"SMITH"},{"data":"Coolheaded","floor":15,"key":"SMITH"}],"circlet_count":0,"master_deck":["AscendersBane","Strike_B","Strike_B","Strike_B","Defend_B","Defend_B","Defend_B","Defend_B","Zap+1","Dualcast+1","Conserve Battery+1","Self Repair","Compile Driver","Scrape","Hologram","Coolheaded+1","Core Surge","Ball Lightning"],"relics":["Cracked Core","NeowsBlessing","Bottled Tornado","Omamori","Golden Idol","Coffee Dripper"],"acts_visited":["Exordium","TheCity"],"potions_floor_usage":[16],"damage_taken":[{"damage":0,"enemies":"2 Louse","floor":1,"turns":1},{"damage":0,"enemies":"Cultist","floor":3,"turns":1},{"damage":0,"enemies":"Lagavulin","floor":7,"turns":1},{"damage":0,"enemies":"Small Slimes","floor":10,"turns":4},{"damage":1,"enemies":"Looter","floor":12,"turns":3},{"damage":21,"enemies":"Exordium Wildlife","floor":13,"turns":4},{"damage":26,"enemies":"The Guardian","floor":16,"turns":15},{"damage":38,"enemies":"3 Byrds","floor":18,"turns":6},{"damage":7,"enemies":"Chosen","floor":19,"turns":3},{"damage":24,"enemies":"Centurion and Healer","floor":21,"turns":2}],"seed_played":"3853422758699695762","potions_obtained":[{"floor":10,"key":"SteroidPotion"},{"floor":12,"key":"EssenceOfSteel"},{"floor":16,"key":"EssenceOfDarkness"}],"is_trial":false,"path_per_floor":["M","?","M","$","?","R","E","R","T","M","R","M","M","?","R","B",null,"M","M","?","M"],"character_chosen":"DEFECT","items_purchased":["Self Repair"],"campfire_rested":0,"item_purchase_floors":[4],"current_hp_per_floor":[64,64,64,64,53,53,60,60,60,67,67,71,57,57,57,38,58,27,27,21,0,0],"gold":352,"neow_bonus":"THREE_ENEMY_KILL","is_daily":false,"chose_seed":false,"campfire_upgraded":4,"win_rate":0.0,"timestamp":1611459267,"path_taken":["M","?","M","?","?","R","E","R","T","M","R","M","M","?","R","BOSS","M","M","?","?"],"items_purchased_type":["Card"],"build_version":"2020-12-22","purchased_purges":1,"victory":false,"max_hp_per_floor":[71,71,71,71,71,71,71,71,71,71,71,71,71,64,64,64,64,64,64,64,64,64],"card_choices":[{"not_picked":["Stack","Ball Lightning","Redo"],"picked":"SKIP","floor":1},{"not_picked":["Gash","Redo"],"picked":"Conserve Battery","floor":3},{"not_picked":["Steam","Gash"],"picked":"Compile Driver","floor":7},{"not_picked":["Rebound","Hologram"],"picked":"Scrape","floor":10},{"not_picked":["Leap","Blizzard"],"picked":"Hologram","floor":12},{"not_picked":["Cold Snap","Seek"],"picked":"Coolheaded","floor":13},{"not_picked":["Multi-Cast","Machine Learning"],"picked":"Core Surge","floor":16},{"not_picked":["Blizzard","Double Energy"],"picked":"Ball Lightning","floor":18},{"not_picked":["Redo","Rebound","Hologram"],"picked":"SKIP","floor":19}],"player_experience":688585,"relics_obtained":[{"floor":7,"key":"Bottled Tornado"},{"floor":9,"key":"Omamori"}],"event_choices":[{"damage_healed":0,"gold_gain":50,"player_choice":"Pray","damage_taken":0,"max_hp_gain":0,"max_hp_loss":0,"event_name":"Golden Shrine","floor":2,"gold_loss":0},{"damage_healed":0,"gold_gain":75,"player_choice":"Gather Gold","damage_taken":11,"max_hp_gain":0,"max_hp_loss":0,"event_name":"World of Goop","floor":5,"gold_loss":0},{"damage_healed":0,"gold_gain":0,"player_choice":"Lose Max HP","damage_taken":0,"relics_obtained":["Golden Idol"],"max_hp_gain":0,"max_hp_loss":7,"event_name":"Golden Idol","floor":14,"gold_loss":0},{"damage_healed":0,"gold_gain":50,"player_choice":"Touch","damage_taken":6,"max_hp_gain":0,"max_hp_loss":0,"event_name":"FaceTrader","floor":20,"gold_loss":0}],"is_beta":false,"boss_relics":[{"not_picked":["Nuclear Battery","Tiny House"],"picked":"Coffee Dripper"}],"items_purged_floors":[4],"is_endless":false,"potions_floor_spawned":[10,12,16,18,19],"killed_by":"Centurion and Healer","ascension_level":15}}