{"host":"yvncskwfyqnc3wqi","time":1611521756,"event":{"mods":["2.2 Compatiblity","AchievementEnabler","Act Like it!","Bartender","BaseMod","Friendly Minions","Gensokyo","KinomotoSakuraMod(????)","Kiyohime????","Marisa????????","Minty Spire (QoL Compilation)","Nova Terra(??·??)","Permanent Neow","Prisma Mod","Railgun Mod","Reimu??????","Remove Card Discount Mod","Shade Mod","Shop Mod","StSLib","Td1madao Mod","The Alterego","The Disciple","The Gatherer","The Marked","The Runesmith","The Servant 0.9.4","TheFirefly","TheSwordswoman","TheVelvet","Waifu the Spire","WarShipGirlsR/????R mod","Yakumo Yukari mod","Yohane!","Yuri Mod"],"gold_per_floor":[114,124,141,160,176,208,208,208,208,232,251,278,278,297,297,401,401,411,5,5,5,5,19,19,38,61,86,13,23,49,64,64,64,64],"floor_reached":33,"language":"ENG","playtime":2975,"items_purged":["WreathOfFlame"],"score":349,"play_id":"7850f961-10a3-4ba4-bccb-7cf9c939356a","local_time":"20210124205556","is_ascension_mode":false,"campfire_choices":[{"floor":7.0,"key":"RECALL"},{"data":"BattleHymn","floor":15,"key":"SMITH"},{"data":"DevaForm","floor":24,"key":"SMITH"},{"data":"ForeignInfluence","floor":32,"key":"SMITH"}],"circlet_count":0,"master_deck":["Defend_P","Defend_P","Defend_P","Defend_P","Eruption","Vigilance","Halt","CarveReality","Wish","Wireheading","Swivel","FlurryOfBlows","ForeignInfluence+1","Brilliance","ThirdEye","FlyingSleeves","CutThroughFate","PathToVictory","BattleHymn+1","DevaForm+1","CrushJoints","Bite","Bite","Bite","Bite","Bite","Tantrum","Consecrate","SpiritShield","LikeWater","Protect+1","FlyingSleeves+1","Swivel"],"relics":["PureWater","Omamori","Mastiff:ReiMu","Juzu Bracelet","Lantern","Runesmith:AutoHammer","Silver_Glasses","Meat on the Bone","Sling","Kunai","alterego_mod:FleetingLove","Cleaning_Rag","Boot","Blood Vial"],"acts_visited":["Exordium","TheCity"],"potions_floor_usage":[16,27,30,30,30],"damage_taken":[{"damage":8.0,"enemies":"Cultist","floor":1.0,"turns":5.0},{"damage":0.0,"enemies":"Jaw Worm","floor":2.0,"turns":2.0},{"damage":0.0,"enemies":"2 Louse","floor":3.0,"turns":2.0},{"damage":5.0,"enemies":"Large Slime","floor":4.0,"turns":5.0},{"damage":2.0,"enemies":"Exordium Wildlife","floor":5.0,"turns":4.0},{"damage":17.0,"enemies":"Gremlin Nob","floor":6.0,"turns":4.0},{"damage":0.0,"enemies":"Red Slaver","floor":11.0,"turns":2.0},{"damage":0.0,"enemies":"3 Sentries","floor":12.0,"turns":7.0},{"damage":0.0,"enemies":"Large Slime","floor":14.0,"turns":4.0},{"damage":26,"enemies":"Hexaghost","floor":16,"turns":8},{"damage":5,"enemies":"Chosen","floor":18,"turns":5},{"damage":21,"enemies":"Spheric Guardian","floor":23,"turns":4},{"damage":32,"enemies":"Shelled Parasite and Fungi","floor":25,"turns":5},{"damage":15,"enemies":"Book of Stabbing","floor":27,"turns":6},{"damage":17,"enemies":"Snake Plant","floor":29,"turns":5},{"damage":29,"enemies":"Gremlin Leader","floor":30,"turns":6},{"damage":5,"enemies":"Centurion and Healer","floor":31,"turns":6},{"damage":84,"enemies":"Champ","floor":33,"turns":13}],"seed_played":"4245559642858502161","potions_obtained":[{"floor":2.0,"key":"SteroidPotion"},{"floor":4.0,"key":"BottledMiracle"},{"floor":6.0,"key":"Regen Potion"},{"floor":11.0,"key":"EssenceOfSteel"},{"floor":12.0,"key":"SkillPotion"},{"floor":14,"key":"SpeedPotion"},{"floor":23,"key":"ColorlessPotion"},{"floor":25,"key":"SpeedPotion"},{"floor":27,"key":"StancePotion"},{"floor":29,"key":"DuplicationPotion"}],"is_trial":false,"path_per_floor":["M","M","M","M","M","E","R","?","T","T","M","E","?","M","R","B",null,"M","$","?","?","?","M","R","M","T","E","$","M","E","M","R","B"],"character_chosen":"WATCHER","items_purchased":["Meat on the Bone","Sling","LikeWater"],"campfire_rested":0,"item_purchase_floors":[19,19,28],"current_hp_per_floor":[64,64,64,59,57,40,40,40,40,40,40,55,55,55,55,29,72,67,67,50,50,50,33,33,21,21,28,28,29,26,37,37,0,0],"gold":64,"neow_bonus":"RANDOM_COMMON_RELIC","is_daily":false,"chose_seed":false,"campfire_upgraded":3,"win_rate":0.0,"timestamp":1611521756,"path_taken":["M","?","M","M","M","E","R","?","T","?","M","E","?","M","R","BOSS","M","$","?","?","?","M","R","M","T","E","$","M","E","M","R","BOSS"],"items_purchased_type":["Relic","Relic","Card"],"build_version":"2020-12-22","purchased_purges":1,"victory":false,"max_hp_per_floor":[72,72,72,72,72,72,72,72,72,72,72,72,72,72,72,72,72,72,72,50,50,50,50,50,50,50,50,50,50,50,50,50,50,50],"card_choices":[{"not_picked":["FlyingSleeves","CutThroughFate"],"picked":"Halt","floor":1.0},{"not_picked":["Halt","SashWhip"],"picked":"CarveReality","floor":2.0},{"not_picked":["Worship","Prostrate"],"picked":"Wish","floor":3.0},{"not_picked":["ClearTheMind","SashWhip"],"picked":"Wireheading","floor":4.0},{"not_picked":["SashWhip","WreathOfFlame"],"picked":"Swivel","floor":5.0},{"not_picked":["Prostrate","Halt"],"picked":"FlurryOfBlows","floor":6.0},{"not_picked":["Halt","FlyingSleeves"],"picked":"ForeignInfluence","floor":11.0},{"not_picked":["EmptyFist","CutThroughFate"],"picked":"Brilliance","floor":12.0},{"not_picked":["JustLucky","EmptyFist"],"picked":"BattleHymn","floor":14},{"not_picked":["SpiritShield","DeusExMachina"],"picked":"DevaForm","floor":16},{"not_picked":["EmptyBody","EmptyFist"],"picked":"CrushJoints","floor":18},{"not_picked":["CutThroughFate","Evaluate"],"picked":"Tantrum","floor":23},{"not_picked":["Crescendo","BowlingBash"],"picked":"Consecrate","floor":25},{"not_picked":["FearNoEvil+1","FlyingSleeves+1"],"picked":"SpiritShield","floor":27},{"not_picked":["ThirdEye","CarveReality"],"picked":"Protect+1","floor":29},{"not_picked":["Brilliance","FollowUp"],"picked":"FlyingSleeves+1","floor":30},{"not_picked":["PathToVictory","Evaluate"],"picked":"Swivel","floor":31}],"player_experience":442869,"relics_obtained":[{"floor":6.0,"key":"Mastiff:ReiMu"},{"floor":9.0,"key":"Juzu Bracelet"},{"floor":10.0,"key":"Lantern"},{"floor":12.0,"key":"Runesmith:AutoHammer"},{"floor":26,"key":"Cleaning_Rag"},{"floor":27,"key":"Boot"},{"floor":30,"key":"Blood Vial"}],"event_choices":[{"damage_healed":0.0,"max_hp_gain":0.0,"max_hp_loss":0.0,"gold_gain":0.0,"event_name":"Golden Wing","player_choice":"Ignored","floor":8.0,"gold_loss":0.0,"damage_taken":0.0},{"damage_healed":0,"gold_gain":0,"player_choice":"Became a vampire","damage_taken":0,"max_hp_gain":0,"max_hp_loss":22,"event_name":"Vampires","floor":20,"gold_loss":0,"cards_obtained":["Bite","Bite","Bite","Bite","Bite"]},{"damage_healed":0,"gold_gain":0,"player_choice":"Gave Potion","damage_taken":0,"relics_obtained":["Kunai"],"max_hp_gain":0,"max_hp_loss":0,"event_name":"WeMeetAgain","floor":21,"gold_loss":0},{"damage_healed":0,"gold_gain":0,"player_choice":"Choice 1","damage_taken":0,"relics_obtained":["alterego_mod:FleetingLove"],"max_hp_gain":0,"max_hp_loss":0,"event_name":"Secret Garden","floor":22,"gold_loss":0}],"is_beta":false,"boss_relics":[{"not_picked":["Empty Cage","Astrolabe"],"picked":"Silver_Glasses"}],"items_purged_floors":[19],"is_endless":false,"potions_floor_spawned":[2,4,6,11,12,14,23,25,27,29],"killed_by":"Champ","ascension_level":0}}