{"host":"cmxkjr0hek4mqvmn","time":1611465073,"event":{"mods":["BaseMod","Beaked The Cultist","Better Match","Better Skull","Better Third Choice","BetterRewards","Clawfect","Colored Map","Displayed Cursed Tome","Duelist Mod","GifTheSpireLib","Hermit","Hubris","JesterMod","Mimic Mod","Minty Spire (QoL Compilation)","Quick Restart","Robot Space Explorer","StSLib","The Bladedancer","The Blue Laboratory","The Cursed","Thieving Mod","Waifu the Spire"],"gold_per_floor":[112,129,139,156,176,176,191,191,214,231,231,247,7,7,7,104,104,123,123,323,66,77,77,77,77,127,144,144,144,156,175,175,277,277,296,313,313,332,350,350,350,350],"floor_reached":41,"language":"ENG","playtime":2611,"items_purged":[],"score":433,"play_id":"4f86f3eb-8d8c-4018-8372-64b0f6be9001","local_time":"20210124001113","is_ascension_mode":true,"campfire_choices":[{"floor":6.0,"key":"REST"},{"data":"Loop","floor":11.0,"key":"SMITH"},{"data":"Self Repair","floor":15.0,"key":"SMITH"},{"data":"Clawfect:ClawForOne","floor":23.0,"key":"SMITH"},{"data":"FTL","floor":25.0,"key":"SMITH"},{"floor":29.0,"key":"REST"},{"floor":32.0,"key":"REST"},{"data":"Hyperbeam","floor":40.0,"key":"SMITH"}],"circlet_count":0,"master_deck":["Gash","Gash","Gash","Gash","Gash","Defend_B","Defend_B","Defend_B","Defend_B","Defend_B","Clawfect:Clawline","Clawfect:ClawLightning","Clawfect:ScrapingClaw","Madness","Loop+1","Genetic Algorithm","Clawfect:ClawSnap","Self Repair+1","Clawfect:ClawForOne","Clawfect:ClawForOne+1","Clawfect:ClawLightning","Clawfect:Clawter","Madness+1","Steam","Conserve Battery","Clawfect:Clawrage","Defragment","Hyperbeam+1","Leap+1","Steam+1","Pain","BootSequence+1","Clawfect:ClawCell"],"relics":["Inserter","Vajra","hubris:Icosahedron","Runic Pyramid","Ancient Tea Set","jesterMod:MirrorMask","Toy Ornithopter","WarpedTongs"],"acts_visited":["Exordium","TheCity","TheBeyond"],"potions_floor_usage":[],"damage_taken":[{"damage":0.0,"enemies":"Small Slimes","floor":1.0,"turns":4.0},{"damage":0.0,"enemies":"Cultist","floor":2.0,"turns":4.0},{"damage":7.0,"enemies":"2 Louse","floor":3.0,"turns":3.0},{"damage":12.0,"enemies":"Looter","floor":4.0,"turns":4.0},{"damage":4.0,"enemies":"Exordium Thugs","floor":5.0,"turns":4.0},{"damage":17.0,"enemies":"Gremlin Gang","floor":7.0,"turns":4.0},{"damage":0.0,"enemies":"Looter","floor":10.0,"turns":4.0},{"damage":3.0,"enemies":"Red Slaver","floor":12.0,"turns":4.0},{"damage":25.0,"enemies":"Slime Boss","floor":16.0,"turns":6.0},{"damage":1.0,"enemies":"3 Byrds","floor":18.0,"turns":4.0},{"damage":19.0,"enemies":"2 Thieves","floor":22.0,"turns":4.0},{"damage":40.0,"enemies":"Centurion and Healer","floor":27.0,"turns":3.0},{"damage":9.0,"enemies":"Snake Plant","floor":30.0,"turns":4.0},{"damage":10.0,"enemies":"Shelled Parasite and Fungi","floor":31.0,"turns":4.0},{"damage":21.0,"enemies":"Collector","floor":33.0,"turns":4.0},{"damage":18.0,"enemies":"Orb Walker","floor":35.0,"turns":3.0},{"damage":8.0,"enemies":"3 Shapes","floor":36.0,"turns":5.0},{"damage":3.0,"enemies":"3 Darklings","floor":38.0,"turns":4.0},{"damage":19.0,"enemies":"Spire Growth","floor":39.0,"turns":5.0},{"damage":0,"enemies":"beaked:SuperParasite","floor":41,"turns":1}],"seed_played":"-8228554504145099550","potions_obtained":[{"floor":1.0,"key":"Dexterity Potion"},{"floor":3.0,"key":"blueLaboratory:FrostheartPotion"},{"floor":7.0,"key":"ColorlessPotion"},{"floor":8.0,"key":"blueLaboratory:CoolantVial"},{"floor":16.0,"key":"Energy Potion"}],"is_trial":false,"path_per_floor":["M","M","M","M","M","R","M","?","T","M","R","M","$","?","R","B",null,"M","?","?","$","M","R","$","R","T","M","?","R","M","M","R","B",null,"M","M","?","M","M","R","E"],"character_chosen":"DEFECT","items_purchased":["Clawfect:ClawForOne","FearPotion","Dexterity Potion","jesterMod:MirrorMask","Clawfect:Clawter","FTL"],"campfire_rested":3,"item_purchase_floors":[13,13,13,21,21,21],"current_hp_per_floor":[75,75,68,56,52,74,57,57,57,57,57,54,54,54,54,39,75,75,75,75,75,56,56,56,56,56,26,26,48,39,39,61,55,75,57,49,49,66,57,57,57,57],"gold":350,"neow_bonus":"BOSS_RELIC","is_daily":false,"chose_seed":false,"campfire_upgraded":5,"win_rate":0.0,"timestamp":1611465073,"path_taken":["M","M","M","M","M","R","M","?","T","M","R","M","?","?","R","BOSS","M","?","?","$","M","R","$","R","T","?","?","R","?","M","R","BOSS","M","?","?","M","M","R","E"],"items_purchased_type":["Card","Potion","Potion","Relic","Card","Undefined"],"build_version":"2020-12-22","purchased_purges":0,"victory":false,"max_hp_per_floor":[75,75,75,75,75,75,75,75,75,75,75,75,75,75,75,75,75,75,75,75,75,75,75,75,75,75,75,75,75,75,75,75,75,75,75,75,75,75,75,75,75,75],"card_choices":[{"not_picked":["hubris:Ukulele","Steam Power"],"picked":"Clawfect:Clawline","floor":1.0},{"not_picked":["Gash","FTL"],"picked":"Clawfect:ClawLightning","floor":2.0},{"not_picked":["Hologram","hubris:SpecializedCircuitry"],"picked":"Clawfect:ScrapingClaw","floor":3.0},{"not_picked":["Clawfect:Clawline","Clawfect:Clawter"],"picked":"FTL","floor":4.0},{"not_picked":["Clawfect:Clawter","Clawfect:ScrapingClaw"],"picked":"Loop","floor":5.0},{"not_picked":["Conserve Battery","FTL"],"picked":"Genetic Algorithm","floor":7.0},{"not_picked":["Blizzard","Auto Shields"],"picked":"Clawfect:ClawSnap","floor":10.0},{"not_picked":["Lockon","Steam"],"picked":"Self Repair","floor":12.0},{"not_picked":["Rainbow","Machine Learning"],"picked":"Clawfect:ClawForOne","floor":16.0},{"not_picked":["Clawfect:Clawline","Consume"],"picked":"Clawfect:ClawLightning","floor":18.0},{"not_picked":["Aggregate+1","hubris:PowerSurge"],"picked":"Steam","floor":22.0},{"not_picked":["Redo+1","Clawfect:ClawForTheEyes"],"picked":"Conserve Battery","floor":27.0},{"not_picked":["Sunder","Conserve Battery"],"picked":"Clawfect:Clawrage","floor":30.0},{"not_picked":["hubris:Ukulele","Rebound"],"picked":"Defragment","floor":31.0},{"not_picked":["Multi-Cast","Rainbow"],"picked":"Hyperbeam","floor":33.0},{"not_picked":["Clawfect:Clawter+1","Gash+1"],"picked":"Leap+1","floor":35.0},{"not_picked":["Double Energy","Clawfect:ScrapingClaw+1"],"picked":"Steam+1","floor":36.0},{"not_picked":["Redo+1","FTL"],"picked":"BootSequence+1","floor":38.0},{"not_picked":["Clawfect:ClawForTheEyes","Steam+1"],"picked":"Clawfect:ClawCell","floor":39.0}],"player_experience":618489,"relics_obtained":[{"floor":9.0,"key":"Vajra"},{"floor":26.0,"key":"Toy Ornithopter"}],"event_choices":[{"damage_healed":0.0,"max_hp_gain":0.0,"max_hp_loss":0.0,"gold_gain":0.0,"event_name":"Lab","player_choice":"Got Potions","floor":8.0,"gold_loss":0.0,"damage_taken":0.0},{"damage_healed":0.0,"max_hp_gain":0.0,"max_hp_loss":0.0,"gold_gain":0.0,"event_name":"The Mausoleum","player_choice":"Opened","floor":19.0,"gold_loss":0.0,"damage_taken":0.0,"relics_obtained":["Ancient Tea Set"]},{"damage_healed":0.0,"max_hp_gain":0.0,"max_hp_loss":0.0,"gold_gain":200.0,"event_name":"Wheel of Change","player_choice":"Gold","floor":20.0,"gold_loss":0.0,"damage_taken":0.0},{"damage_healed":0.0,"max_hp_gain":0.0,"max_hp_loss":0.0,"gold_gain":0.0,"event_name":"Transmorgrifier","player_choice":"Ignored","floor":28.0,"gold_loss":0.0,"damage_taken":0.0},{"damage_healed":0.0,"max_hp_gain":0.0,"max_hp_loss":0.0,"gold_gain":0.0,"event_name":"Accursed Blacksmith","player_choice":"Rummage","floor":37.0,"gold_loss":0.0,"damage_taken":0.0,"relics_obtained":["WarpedTongs"],"cards_obtained":["Pain"]}],"is_beta":false,"boss_relics":[{"not_picked":["hubris:BlackHole","Velvet Choker"],"picked":"Runic Pyramid"},{"not_picked":["hubris:RunicObelisk","Sozu","hubris:GrandSneckoEye"]}],"items_purged_floors":[],"is_endless":false,"potions_floor_spawned":[1,3,7,10,16,18,27,33,36,38],"killed_by":"beaked:SuperParasite","ascension_level":1}}