{"host":"9kesdg97wkrx2bva","time":1611472351,"event":{"mods":["AchievementEnabler","BaseMod","Colored Map","GifTheSpireLib","Infinite Spire","Minty Spire (QoL Compilation)","Replay The Spire","StSLib"],"gold_per_floor":[118,43,62,82,82,407,427,427,497,522,537,547,547,547],"floor_reached":13,"language":"ENG","playtime":530,"items_purged":["Defend_P"],"score":131,"play_id":"16bc6406-211a-404c-b5d5-0607630edcc2","local_time":"20210124011231","is_ascension_mode":true,"campfire_choices":[],"circlet_count":0,"master_deck":["Strike_P","Strike_P","Strike_P","Strike_P","Defend_P","Defend_P","Defend_P","Eruption","Vigilance","SpiritShield+1","Perseverance","MentalFortress","LikeWater","DevaForm","CutThroughFate","FlurryOfBlows","FlurryOfBlows","ReachHeaven"],"relics":["PureWater","Old Coin","Ornamental Fan","Bag of Preparation"],"acts_visited":["Exordium"],"potions_floor_usage":[4,6,7,10,10,13],"damage_taken":[{"damage":7,"enemies":"Small Slimes","floor":1,"turns":4},{"damage":0,"enemies":"2 Louse","floor":3,"turns":3},{"damage":1,"enemies":"Cultist","floor":4,"turns":3},{"damage":9,"enemies":"Lagavulin","floor":6,"turns":11},{"damage":1,"enemies":"3 Louse","floor":7,"turns":4},{"damage":24,"enemies":"3 Sentries","floor":10,"turns":8},{"damage":9,"enemies":"2 Fungi Beasts","floor":11,"turns":3},{"damage":1,"enemies":"Looter","floor":12,"turns":4},{"damage":40,"enemies":"Lagavulin","floor":13,"turns":2}],"seed_played":"-862880673544279767","potions_obtained":[{"floor":3,"key":"Explosive Potion"},{"floor":4,"key":"Toxic Potion"},{"floor":6,"key":"Fire Potion"},{"floor":8,"key":"Ancient Potion"},{"floor":8,"key":"DuplicationPotion"},{"floor":8,"key":"LiquidBronze"}],"is_trial":false,"path_per_floor":["M","$","M","M","?","E","M","?","T","E","M","M","E"],"character_chosen":"WATCHER","items_purchased":[],"campfire_rested":0,"item_purchase_floors":[],"current_hp_per_floor":[58,58,58,57,57,48,47,47,47,23,14,13,0,0],"gold":547,"neow_bonus":"ONE_RANDOM_RARE_CARD","is_daily":false,"chose_seed":false,"campfire_upgraded":0,"win_rate":0.0,"timestamp":1611472351,"path_taken":["M","$","M","M","?","E","M","?","T","E","M","M","E"],"items_purchased_type":[],"build_version":"2020-12-22","purchased_purges":1,"victory":false,"max_hp_per_floor":[72,72,72,72,72,72,72,72,72,72,72,72,72,72],"card_choices":[{"not_picked":["Halt","Indignation"],"picked":"Perseverance","floor":1},{"not_picked":["EmptyFist","Nirvana"],"picked":"MentalFortress","floor":3},{"not_picked":["Replay:BluntJabs","EmptyBody"],"picked":"LikeWater","floor":4},{"not_picked":["ClearTheMind","Halt"],"picked":"DevaForm","floor":6},{"not_picked":["InnerPeace","Prostrate"],"picked":"CutThroughFate","floor":7},{"not_picked":["Vault","Weave"],"picked":"FlurryOfBlows","floor":10},{"not_picked":["Replay:Anticipation","Replay:BluntJabs"],"picked":"FlurryOfBlows","floor":11},{"not_picked":["Halt","Weave"],"picked":"ReachHeaven","floor":12}],"player_experience":964452,"relics_obtained":[{"floor":6,"key":"Old Coin"},{"floor":9,"key":"Ornamental Fan"},{"floor":10,"key":"Bag of Preparation"}],"event_choices":[{"damage_healed":0,"gold_gain":0,"player_choice":"Got Potions","damage_taken":0,"max_hp_gain":0,"max_hp_loss":0,"event_name":"Lab","floor":8,"gold_loss":0}],"is_beta":false,"boss_relics":[],"items_purged_floors":[2],"is_endless":false,"potions_floor_spawned":[3,4,6],"killed_by":"Lagavulin","ascension_level":7}}