{"host":"oehe2dxjvdgux73m","time":1611475739,"event":{"mods":["AchievementEnabler","BaseMod","Colored Map","Colored Powertips","DeckTracker","Keyboard Shortcuts","Minty Spire (QoL Compilation)","Permanent Neow","Quick Restart","StSLib","SuperFastMode"],"gold_per_floor":[111,111,111,123,134,163,163,163,163,163,176,176,211,231,231,306,306,306,186,111,111,111,111,111,111,111,111,111,111,111,111,111,111,111,111,111,111,111,111,111,111,111,111,111,11,11,11,11,11,11],"floor_reached":51,"language":"KOR","playtime":1270,"items_purged":["Strike_R","Strike_R"],"score":1623,"play_id":"92bed8ca-b6ba-4c4f-aa24-1703dbddcbe7","local_time":"20210124170859","is_ascension_mode":true,"campfire_choices":[{"data":"Searing Blow+2","floor":7.0,"key":"SMITH"},{"data":"Searing Blow+3","floor":10.0,"key":"SMITH"},{"data":"Searing Blow+4","floor":12.0,"key":"SMITH"},{"data":"Searing Blow+5","floor":15.0,"key":"SMITH"},{"data":"Searing Blow+6","floor":23.0,"key":"SMITH"},{"data":"Searing Blow+7","floor":29.0,"key":"SMITH"},{"data":"Searing Blow+8","floor":32.0,"key":"SMITH"},{"data":"Searing Blow+9","floor":41.0,"key":"SMITH"},{"data":"Searing Blow+10","floor":42.0,"key":"SMITH"},{"data":"Searing Blow+11","floor":44.0,"key":"SMITH"},{"data":"Searing Blow+12","floor":49.0,"key":"SMITH"}],"circlet_count":0,"master_deck":["AscendersBane","Strike_R","Defend_R","Defend_R","Defend_R","Defend_R","Bash","Searing Blow+13","Intimidate+1","Offering+1","Burning Pact+1","Armaments+1","Warcry+1","Shrug It Off+1","True Grit+1","Pommel Strike+1","Shockwave+1","Offering+1","Bloodletting+1","Parasite","Power Through+1"],"relics":["Burning Blood","Ancient Tea Set","StoneCalendar","Toxic Egg 2","Shuriken","Ectoplasm","WingedGreaves","Letter Opener","Oddly Smooth Stone","Mercury Hourglass","Busted Crown","Bird Faced Urn","Blood Vial","Bottled Flame"],"acts_visited":["Exordium","TheCity","TheBeyond"],"potions_floor_usage":[50],"damage_taken":[{"damage":4.0,"enemies":"Small Slimes","floor":1.0,"turns":5.0},{"damage":6.0,"enemies":"Cultist","floor":4.0,"turns":4.0},{"damage":0.0,"enemies":"2 Louse","floor":5.0,"turns":2.0},{"damage":21.0,"enemies":"Gremlin Nob","floor":6.0,"turns":4.0},{"damage":4.0,"enemies":"Red Slaver","floor":11.0,"turns":2.0},{"damage":20.0,"enemies":"3 Sentries","floor":13.0,"turns":5.0},{"damage":10.0,"enemies":"Exordium Wildlife","floor":14.0,"turns":4.0},{"damage":0.0,"enemies":"Slime Boss","floor":16.0,"turns":5.0},{"damage":13.0,"enemies":"Shell Parasite","floor":18.0,"turns":2.0},{"damage":6.0,"enemies":"Spheric Guardian","floor":21.0,"turns":2.0},{"damage":6.0,"enemies":"Cultist and Chosen","floor":22.0,"turns":3.0},{"damage":6.0,"enemies":"Book of Stabbing","floor":24.0,"turns":2.0},{"damage":13.0,"enemies":"Snake Plant","floor":25.0,"turns":2.0},{"damage":6.0,"enemies":"Centurion and Healer","floor":27.0,"turns":4.0},{"damage":6.0,"enemies":"Gremlin Leader","floor":28.0,"turns":4.0},{"damage":6.0,"enemies":"Chosen and Byrds","floor":30.0,"turns":2.0},{"damage":16.0,"enemies":"Book of Stabbing","floor":31.0,"turns":3.0},{"damage":45.0,"enemies":"Automaton","floor":33.0,"turns":7.0},{"damage":12.0,"enemies":"3 Darklings","floor":35.0,"turns":4.0},{"damage":6.0,"enemies":"Orb Walker","floor":36.0,"turns":1.0},{"damage":13.0,"enemies":"4 Shapes","floor":37.0,"turns":4.0},{"damage":5.0,"enemies":"Writhing Mass","floor":38.0,"turns":4.0},{"damage":12.0,"enemies":"Giant Head","floor":40.0,"turns":5.0},{"damage":6.0,"enemies":"Jaw Worm Horde","floor":47.0,"turns":4.0},{"damage":9.0,"enemies":"4 Shapes","floor":48.0,"turns":6.0},{"damage":12,"enemies":"Donu and Deca","floor":50,"turns":4}],"seed_played":"1045943332858555424","potions_obtained":[{"floor":1.0,"key":"AttackPotion"},{"floor":4.0,"key":"PowerPotion"},{"floor":11.0,"key":"BloodPotion"},{"floor":14.0,"key":"GamblersBrew"},{"floor":24.0,"key":"ElixirPotion"},{"floor":27.0,"key":"SkillPotion"},{"floor":31.0,"key":"SteroidPotion"},{"floor":36.0,"key":"Weak Potion"},{"floor":39.0,"key":"SteroidPotion"},{"floor":39.0,"key":"BloodPotion"},{"floor":40.0,"key":"BloodPotion"},{"floor":48.0,"key":"GamblersBrew"}],"is_trial":false,"path_per_floor":["M","?","?","M","M","E","R","?","T","R","M","R","E","M","R","B",null,"M","$","?","M","M","R","E","M","T","M","E","R","M","E","R","B",null,"M","M","M","M","?","E","R","R","T","R","$","T","M","M","R","B",null],"character_chosen":"IRONCLAD","items_purchased":["Armaments+1"],"campfire_rested":0,"item_purchase_floors":[19],"current_hp_per_floor":[70,70,70,70,75,60,60,60,60,60,62,62,48,59,59,65,73,66,66,66,66,66,66,66,59,59,59,59,59,59,49,49,10,59,53,53,46,47,47,56,56,56,56,56,56,56,58,57,57,68],"gold":11,"neow_bonus":"RANDOM_COMMON_RELIC","is_daily":false,"chose_seed":false,"campfire_upgraded":11,"win_rate":0.0,"timestamp":1611475739,"path_taken":["M","?","?","?","M","E","R","?","T","R","M","R","E","M","R","BOSS","M","$","?","M","M","R","E","M","T","M","E","R","M","E","R","BOSS","M","M","M","M","?","E","R","R","T","R","$","?","M","?","R","BOSS"],"items_purchased_type":["Card"],"build_version":"2020-12-22","purchased_purges":2,"victory":true,"max_hp_per_floor":[75,75,75,75,75,75,75,75,75,75,75,75,75,75,75,75,75,75,75,75,75,75,75,75,75,75,75,75,75,75,75,75,75,75,75,75,75,75,75,75,75,75,75,75,75,75,75,75,75,75],"card_choices":[{"not_picked":["Entrench","Rupture"],"picked":"Searing Blow","floor":1.0},{"not_picked":["Clothesline","Body Slam","Flex"],"picked":"SKIP","floor":4.0},{"not_picked":["Warcry","Twin Strike","Dark Embrace"],"picked":"SKIP","floor":5.0},{"not_picked":["Heavy Blade","True Grit","Anger"],"picked":"SKIP","floor":6.0},{"not_picked":["Reckless Charge","Iron Wave","Dropkick"],"picked":"SKIP","floor":11.0},{"not_picked":["Clothesline","Battle Trance+1"],"picked":"Intimidate+1","floor":13.0},{"not_picked":["Rupture","Iron Wave","Heavy Blade"],"picked":"SKIP","floor":14.0},{"not_picked":["Berserk","Barricade"],"picked":"Offering+1","floor":16.0},{"not_picked":["Searing Blow","Ghostly Armor+1"],"picked":"Burning Pact+1","floor":18.0},{"not_picked":["Feel No Pain","Havoc+1"],"picked":"Warcry+1","floor":21.0},{"not_picked":["Havoc+1","Iron Wave"],"picked":"Shrug It Off+1","floor":22.0},{"not_picked":["Body Slam","Spot Weakness+1","Sword Boomerang+1"],"picked":"SKIP","floor":24.0},{"not_picked":["Feel No Pain","Metallicize"],"picked":"True Grit+1","floor":25.0},{"not_picked":["Infernal Blade+1","Havoc+1","Immolate"],"picked":"SKIP","floor":27.0},{"not_picked":["True Grit+1","Armaments+1"],"picked":"Pommel Strike+1","floor":28.0},{"not_picked":["Uppercut","Sword Boomerang","Clothesline"],"picked":"SKIP","floor":30.0},{"not_picked":["Evolve+1","True Grit+1"],"picked":"Shockwave+1","floor":31.0},{"not_picked":["Impervious+1","Exhume+1"],"picked":"Offering+1","floor":33.0},{"not_picked":["Cleave"],"picked":"SKIP","floor":35.0},{"not_picked":[],"picked":"Bloodletting+1","floor":36.0},{"not_picked":["Pummel"],"picked":"SKIP","floor":37.0},{"not_picked":[],"picked":"Power Through+1","floor":38.0},{"not_picked":["Heavy Blade"],"picked":"SKIP","floor":40.0},{"not_picked":["Blood for Blood"],"picked":"SKIP","floor":47.0},{"not_picked":["Wild Strike"],"picked":"SKIP","floor":48.0}],"player_experience":309653,"relics_obtained":[{"floor":6.0,"key":"StoneCalendar"},{"floor":9.0,"key":"Toxic Egg 2"},{"floor":13.0,"key":"Shuriken"},{"floor":24.0,"key":"WingedGreaves"},{"floor":26.0,"key":"Letter Opener"},{"floor":28.0,"key":"Oddly Smooth Stone"},{"floor":31.0,"key":"Mercury Hourglass"},{"floor":40.0,"key":"Bird Faced Urn"},{"floor":43.0,"key":"Blood Vial"},{"floor":46.0,"key":"Bottled Flame"}],"event_choices":[{"damage_healed":0.0,"max_hp_gain":0.0,"max_hp_loss":0.0,"gold_gain":0.0,"event_name":"Living Wall","player_choice":"Grow","floor":2.0,"gold_loss":0.0,"damage_taken":0.0,"cards_upgraded":["Searing Blow"]},{"damage_healed":0.0,"max_hp_gain":0.0,"max_hp_loss":0.0,"gold_gain":0.0,"event_name":"Upgrade Shrine","player_choice":"Upgraded","floor":3.0,"gold_loss":0.0,"damage_taken":0.0,"cards_upgraded":["Searing Blow"]},{"cards_removed":["Strike_R"],"damage_healed":0.0,"max_hp_gain":0.0,"max_hp_loss":0.0,"gold_gain":0.0,"event_name":"Purifier","player_choice":"Purged","floor":8.0,"gold_loss":0.0,"damage_taken":0.0},{"cards_removed":["Strike_R"],"damage_healed":0.0,"max_hp_gain":0.0,"max_hp_loss":0.0,"gold_gain":0.0,"event_name":"Beggar","player_choice":"Gave Gold","floor":20.0,"gold_loss":75.0,"damage_taken":0.0},{"damage_healed":0.0,"max_hp_gain":0.0,"max_hp_loss":0.0,"gold_gain":0.0,"event_name":"Lab","player_choice":"Got Potions","floor":39.0,"gold_loss":0.0,"damage_taken":0.0}],"is_beta":false,"boss_relics":[{"not_picked":["Runic Cube","Sozu"],"picked":"Ectoplasm"},{"not_picked":["Runic Dome","SlaversCollar"],"picked":"Busted Crown"}],"items_purged_floors":[19,45],"is_endless":false,"potions_floor_spawned":[1,4,11,14,24,27,31,36,40,48],"ascension_level":15}}