{"host":"me30ioratabihv4r","time":1611515888,"event":{"mods":["AchievementEnabler","Act Like it!","BaseMod","Hallownest","Minty Spire (QoL Compilation)","StSLib","The Bug Knight","UnlockEverythingMod","everything is the same but u backflip on backflip"],"gold_per_floor":[119,137,69,69,69,69,17,51,75,87,87,104,104,122,122,220,220,239,249,259,259,184,184,195,195,219,278,278,278],"floor_reached":28,"language":"ENG","playtime":2023,"items_purged":["HollowMod:QuickDashStart"],"score":245,"play_id":"caf2e369-1090-4ae9-a484-c524e1aedf6b","local_time":"20210124151808","is_ascension_mode":false,"campfire_choices":[{"data":"HollowMod:FocusHealStart","floor":6,"key":"SMITH"},{"data":"HollowMod:GoodIntentions","floor":13,"key":"SMITH"},{"data":"HollowMod:GreatSlash","floor":15,"key":"SMITH"},{"data":"HollowMod:DungDefenderAura","floor":23,"key":"SMITH"},{"data":"HollowMod:HeavyBlow","floor":25,"key":"SMITH"}],"circlet_count":1,"master_deck":["HollowMod:NailStrikeStart","HollowMod:NailStrikeStart","HollowMod:NailStrikeStart","HollowMod:NailStrikeStart","HollowMod:QuickDashStart","HollowMod:QuickDashStart","HollowMod:QuickDashStart","HollowMod:FocusHealStart+1","HollowMod:PogoStrike","HollowMod:DungDefenderAura","HollowMod:HuntersJournal","HollowMod:Grubsong","HollowMod:GoodIntentions+1","HollowMod:HeavyBlow+1","HollowMod:DungDefenderAura+1","HollowMod:GreatSlash+1","HollowMod:HowlingWraiths","HollowMod:DoubleDash","HollowMod:NewGlowingWomb+1","HollowMod:MothsMistake","HollowMod:InfectedAttack","HollowMod:BlackTendrils"],"relics":["HollowMod:VesselMask","NeowsBlessing","Hallownest:DreamNailRelic","Ice Cream","Bag of Marbles","Circlet","Runic Pyramid","HollowMod:MillibellesNoteRelic"],"acts_visited":["Hallownest:Greenpath","Hallownest:CityofTears"],"potions_floor_usage":[14,27],"damage_taken":[{"damage":0.0,"enemies":"Hallownest:2_MossCreeps","floor":1.0,"turns":1.0},{"damage":0.0,"enemies":"Hallownest:2_Tiktiks_and_1_Crawlid","floor":2.0,"turns":2.0},{"damage":0,"enemies":"Hallownest:eliteMossKnight","floor":8,"turns":1},{"damage":0,"enemies":"Hallownest:monsterHuskWarrior","floor":10,"turns":4},{"damage":20,"enemies":"Hallownest:Guard_and_Warrior","floor":12,"turns":11},{"damage":1,"enemies":"Hallownest:monsterMossCharger","floor":14,"turns":8},{"damage":56,"enemies":"Hallownest:BossFalseKnight","floor":16,"turns":23},{"damage":0,"enemies":"Hallownest:3_Youths","floor":18,"turns":7},{"damage":25,"enemies":"Hallownest:2_Mistakes","floor":19,"turns":8},{"damage":15,"enemies":"Hallownest:monsterShrumalOgre","floor":20,"turns":8},{"damage":15,"enemies":"Hallownest:Warrior_and_Youth","floor":24,"turns":8},{"damage":48,"enemies":"Hallownest:Glutton_and_Coward","floor":27,"turns":6},{"damage":20,"enemies":"Hallownest:2_Husk_Sentries","floor":28,"turns":4}],"seed_played":"1527906404502797063","potions_obtained":[{"floor":2,"key":"Swift Potion"},{"floor":10,"key":"Energy Potion"},{"floor":14,"key":"Strength Potion"},{"floor":18,"key":"CultistPotion"},{"floor":24,"key":"Regen Potion"}],"is_trial":false,"path_per_floor":["M","M","$","?","?","R","$","E","T","M","?","M","R","M","R","B",null,"M","M","M","?","$","R","M","R","T","M","M"],"character_chosen":"THE_BUGKNIGHT","items_purchased":["HollowMod:Grubsong","HollowMod:GoodIntentions"],"campfire_rested":0,"item_purchase_floors":[3,7],"current_hp_per_floor":[75,75,75,75,75,75,75,75,75,75,75,65,65,70,70,26,75,75,56,47,47,47,47,38,38,38,10,0,0],"gold":278,"neow_bonus":"THREE_ENEMY_KILL","is_daily":false,"chose_seed":false,"campfire_upgraded":5,"win_rate":0.0,"timestamp":1611515888,"path_taken":["M","M","$","?","?","R","?","E","T","M","?","?","R","M","R","BOSS","M","M","M","?","$","R","M","R","T","M","M"],"items_purchased_type":["Card","Card"],"build_version":"2020-12-22","purchased_purges":1,"victory":false,"max_hp_per_floor":[75,75,75,75,75,75,75,75,75,75,75,75,75,75,75,75,75,75,75,75,75,75,75,75,75,75,75,75,75],"card_choices":[{"not_picked":["HollowMod:SharpenedNail","HollowMod:PureNailStrike"],"picked":"HollowMod:DungDefenderAura","floor":1.0},{"not_picked":["HollowMod:BaldurShell","HollowMod:HowlingWraiths"],"picked":"HollowMod:HuntersJournal","floor":2},{"not_picked":["HollowMod:ChannelNail","HollowMod:VengefulVoid"],"picked":"HollowMod:HeavyBlow","floor":8},{"not_picked":["HollowMod:GrimmsGift","HollowMod:InfectedAttack"],"picked":"HollowMod:DungDefenderAura","floor":10},{"not_picked":["HollowMod:LifebloodCocoon","HollowMod:NewGlowingWomb"],"picked":"HollowMod:GreatSlash","floor":12},{"not_picked":["HollowMod:InfectedCysts","HollowMod:RecoilStrike"],"picked":"HollowMod:HowlingWraiths","floor":14},{"not_picked":["HollowMod:LifebloodCore","HollowMod:NewInfectedGuardian"],"picked":"HollowMod:SoulMaster","floor":16},{"not_picked":["HollowMod:BlackTendrils","HollowMod:HeavyBlow"],"picked":"HollowMod:DoubleDash","floor":18},{"not_picked":["HollowMod:InfectedAttack","HollowMod:ChannelNail"],"picked":"HollowMod:NewGlowingWomb+1","floor":19},{"not_picked":["HollowMod:HowlingWraiths","HollowMod:RecoilStrike"],"picked":"HollowMod:MothsMistake","floor":20},{"not_picked":["HollowMod:SoulStrike+1","HollowMod:WraithStrike"],"picked":"HollowMod:InfectedAttack","floor":24},{"not_picked":["HollowMod:CycloneSlash+1","HollowMod:DashSlash"],"picked":"HollowMod:BlackTendrils","floor":27}],"player_experience":34086,"relics_obtained":[{"floor":8,"key":"Ice Cream"},{"floor":9,"key":"Bag of Marbles"},{"floor":26,"key":"HollowMod:MillibellesNoteRelic"}],"event_choices":[],"is_beta":false,"boss_relics":[{"not_picked":["Calling Bell","Empty Cage"],"picked":"Runic Pyramid"}],"items_purged_floors":[22],"is_endless":false,"potions_floor_spawned":[2,10,14,18,24],"killed_by":"Hallownest:2_Husk_Sentries","ascension_level":0}}