{"host":"daa8jqyg4gqfaysm","time":1611473816,"event":{"mods":["BaseMod","Colored Powertips","Minty Spire (QoL Compilation)","StSLib"],"gold_per_floor":[111,186,203,220,9,9,42,57,57,57,67,96,96,106,106,185,185,201,212,212,212,137,137,137,137],"floor_reached":24,"language":"ENG","playtime":641,"items_purged":[],"score":412,"play_id":"8943dbd7-8778-49ef-b401-91f01aa946d3","local_time":"20210124153656","is_ascension_mode":true,"campfire_choices":[{"floor":6,"key":"REST"},{"floor":10,"key":"REST"},{"data":"Accuracy","floor":15,"key":"SMITH"},{"floor":23,"key":"REST"}],"circlet_count":0,"master_deck":["AscendersBane","Strike_G","Strike_G","Strike_G","Strike_G","Defend_G","Defend_G","Defend_G","Defend_G","Defend_G","Survivor","Neutralize","Slice","Poisoned Stab","Finisher","Die Die Die","Accuracy+1","Backstab","Blade Dance","Wraith Form v2","Leg Sweep","PiercingWail"],"relics":["Ring of the Snake","Incense Burner","Matryoshka","HornCleat","Pantograph","Peace Pipe","Philosopher\u0027s Stone","MutagenicStrength"],"acts_visited":["Exordium","TheCity"],"potions_floor_usage":[7,7,12,16,24],"damage_taken":[{"damage":2,"enemies":"Cultist","floor":1,"turns":5},{"damage":0,"enemies":"Jaw Worm","floor":3,"turns":4},{"damage":9,"enemies":"Small Slimes","floor":4,"turns":6},{"damage":26,"enemies":"Lagavulin","floor":7,"turns":8},{"damage":2,"enemies":"Looter","floor":8,"turns":3},{"damage":2,"enemies":"3 Louse","floor":11,"turns":2},{"damage":18,"enemies":"Gremlin Nob","floor":12,"turns":4},{"damage":5,"enemies":"Red Slaver","floor":14,"turns":3},{"damage":5,"enemies":"Hexaghost","floor":16,"turns":7},{"damage":37,"enemies":"3 Byrds","floor":18,"turns":7},{"damage":17,"enemies":"Shell Parasite","floor":19,"turns":6},{"damage":4,"enemies":"Gremlin Leader","floor":24,"turns":8}],"seed_played":"-1223676797675290614","potions_obtained":[{"floor":1,"key":"Regen Potion"},{"floor":8,"key":"Weak Potion"},{"floor":11,"key":"CultistPotion"},{"floor":16,"key":"CultistPotion"},{"floor":18,"key":"PowerPotion"}],"is_trial":false,"path_per_floor":["M","?","M","M","$","R","E","M","T","R","M","E","?","M","R","B",null,"M","M","?","?","?","R","E"],"character_chosen":"THE_SILENT","items_purchased":["Die Die Die","Explosive Potion"],"campfire_rested":3,"item_purchase_floors":[5,5],"current_hp_per_floor":[42,31,31,22,22,41,27,25,25,44,42,24,24,19,19,39,59,22,5,5,18,18,37,33,33],"gold":137,"neow_bonus":"ONE_RARE_RELIC","is_daily":false,"chose_seed":false,"campfire_upgraded":1,"win_rate":0.0,"timestamp":1611473816,"path_taken":["M","?","M","M","$","R","E","M","T","R","M","E","?","?","R","BOSS","M","M","?","?","?","R","E"],"items_purchased_type":["Card","Potion"],"build_version":"2020-12-22","purchased_purges":0,"victory":false,"max_hp_per_floor":[66,66,66,66,66,66,66,66,66,66,66,66,66,66,66,66,66,66,66,66,66,66,66,66,66],"card_choices":[{"not_picked":["Cloak And Dagger","Infinite Blades"],"picked":"Slice","floor":1},{"not_picked":["Outmaneuver","Sucker Punch"],"picked":"Poisoned Stab","floor":3},{"not_picked":["Acrobatics","Dodge and Roll"],"picked":"Finisher","floor":4},{"not_picked":["Reflex","Bouncing Flask"],"picked":"Accuracy","floor":7},{"not_picked":["Distraction","Calculated Gamble","Deadly Poison"],"picked":"SKIP","floor":8},{"not_picked":["Accuracy","Outmaneuver"],"picked":"Backstab","floor":11},{"not_picked":["Dagger Throw","Poisoned Stab"],"picked":"Blade Dance","floor":12},{"not_picked":["Cloak And Dagger","Envenom","Dagger Throw"],"picked":"SKIP","floor":14},{"not_picked":["Envenom","Die Die Die"],"picked":"Wraith Form v2","floor":16},{"not_picked":["Slice+1","Flechettes"],"picked":"Leg Sweep","floor":18},{"not_picked":["Sucker Punch","Flying Knee"],"picked":"PiercingWail","floor":19}],"player_experience":860425,"relics_obtained":[{"floor":7,"key":"Matryoshka"},{"floor":9,"key":"HornCleat"},{"floor":9,"key":"Pantograph"},{"floor":12,"key":"Peace Pipe"}],"event_choices":[{"damage_healed":0,"gold_gain":75,"player_choice":"Gather Gold","damage_taken":11,"max_hp_gain":0,"max_hp_loss":0,"event_name":"World of Goop","floor":2,"gold_loss":0},{"damage_healed":0,"gold_gain":0,"player_choice":"Searched \u00270\u0027 times","damage_taken":0,"max_hp_gain":0,"max_hp_loss":0,"event_name":"Dead Adventurer","floor":13,"gold_loss":0},{"damage_healed":0,"gold_gain":0,"player_choice":"Inject Mutagens","damage_taken":0,"relics_obtained":["MutagenicStrength"],"max_hp_gain":0,"max_hp_loss":0,"event_name":"Drug Dealer","floor":20,"gold_loss":0},{"damage_healed":13,"gold_gain":0,"player_choice":"Heal","damage_taken":0,"max_hp_gain":0,"max_hp_loss":0,"event_name":"The Library","floor":21,"gold_loss":0},{"cards_removed":["Strike_G"],"damage_healed":0,"gold_gain":0,"player_choice":"Gave Gold","damage_taken":0,"max_hp_gain":0,"max_hp_loss":0,"event_name":"Beggar","floor":22,"gold_loss":75}],"is_beta":false,"boss_relics":[{"not_picked":["SacredBark","Empty Cage"],"picked":"Philosopher\u0027s Stone"}],"items_purged_floors":[],"is_endless":false,"potions_floor_spawned":[1,8,11,16,18],"killed_by":"Gremlin Leader","ascension_level":20}}