{"host":"fr3ip57hl52y255p","time":1611501146,"event":{"mods":["Act Like it!","Arknights The Spire","BaseMod","Challenge The Spire","Colored Powertips","Downfall","Good Game Mod","Luminous","Mari Mod (Legacy)","Mari\u0027s V1 Patch","Minty Spire (QoL Compilation)","READ ME - Guardian Mod","Relic Filter Mod","Relic Stats","StSLib","The Hierophant","UnlockEverythingMod","[GremlinLeader]The Maniac"],"gold_per_floor":[110,110,110,135,8,48,67,242,292,292,292,310,310,325,325,448,448,466,491,514,514,514,514,534,575,654,654,689,96,96,114,114,234,234,258,88,106,127,143,143,174,188,214,214,234,14,49,63,63,63],"floor_reached":51,"language":"ZHS","playtime":4560,"items_purged":["ats:Strike G","ats:Armor Crushing Shot","maniac:Scruple"],"score":749,"play_id":"4213da09-197b-41b2-9165-17000e857642","local_time":"20210124231226","is_ascension_mode":false,"campfire_choices":[{"data":"ats:Assault Order","floor":10.0,"key":"SMITH"},{"data":"ats:Emotion Absorption","floor":13.0,"key":"SMITH"},{"data":"ats:Apocalypse","floor":15.0,"key":"SMITH"},{"data":"Apotheosis","floor":23.0,"key":"SMITH"},{"data":"hexamod:PowerFromBeyond","floor":27.0,"key":"SMITH"},{"floor":32,"key":"REST"},{"data":"ats:Rat Pack","floor":40,"key":"SMITH"},{"data":"ats:Burning Ground","floor":44,"key":"SMITH"},{"data":"Deep Breath","floor":49,"key":"SMITH"}],"circlet_count":0,"master_deck":["ats:Strike C","ats:Strike V","ats:Defend","ats:Defend","ats:Defend+1","ats:Defend","ats:Emotion Absorption+1","hexamod:PowerFromBeyond+1","ats:Absolute Focus","ats:Ignite","ats:Assault Order+1","ats:Closed Bolt Burst Fire","ats:Very Hot Blade","Doubt","ats:Apocalypse+1","ats:Disruption Kick+1","ats:Cat Scratch+1","Apotheosis+1","ats:Shadow Raid","ats:Absolute Focus","ats:Ignite","ats:Absolute Focus","ats:Volcano","ats:Rat Pack+1","ats:Calcification","ats:Burning Ground+1","ats:Mental Burst+1","ats:Rat Pack+1","Parasite","Deep Breath+1"],"relics":["ats:Sanity","REME:ComplimentaryCards","NeowsBlessing","Golden Idol","ats:Originium","Happy Flower","ats:Ability Aura","Blue Candle","SlaversCollar","Eternal Feather","Letter Opener","ats:Military Tradition","InkBottle","ats:Arts","Cursed Key","Dream Catcher","War Paint","ats:Spiritual Recovery"],"acts_visited":["Exordium","TheCity","TheBeyond"],"potions_floor_usage":[41],"damage_taken":[{"damage":0.0,"enemies":"Jaw Worm","floor":1.0,"turns":1.0},{"damage":0.0,"enemies":"Small Slimes","floor":4.0,"turns":1.0},{"damage":0.0,"enemies":"3 Sentries","floor":6.0,"turns":2.0},{"damage":6.0,"enemies":"Cultist","floor":7.0,"turns":3.0},{"damage":12.0,"enemies":"Large Slime","floor":12.0,"turns":5.0},{"damage":6.0,"enemies":"Looter","floor":14.0,"turns":3.0},{"damage":25.0,"enemies":"Slime Boss","floor":16.0,"turns":9.0},{"damage":15.0,"enemies":"Spheric Guardian","floor":18.0,"turns":4.0},{"damage":10.0,"enemies":"Shell Parasite","floor":19.0,"turns":4.0},{"damage":28.0,"enemies":"3 Cultists","floor":20.0,"turns":9.0},{"damage":7.0,"enemies":"Shelled Parasite and Fungi","floor":24.0,"turns":6.0},{"damage":47.0,"enemies":"Slavers","floor":25.0,"turns":6.0},{"damage":4.0,"enemies":"Gremlin Leader","floor":28.0,"turns":6.0},{"damage":34,"enemies":"Snake Plant","floor":31,"turns":5},{"damage":33,"enemies":"Automaton","floor":33,"turns":8},{"damage":24,"enemies":"Orb Walker","floor":35,"turns":5},{"damage":1,"enemies":"3 Darklings","floor":37,"turns":3},{"damage":1,"enemies":"Jaw Worm Horde","floor":38,"turns":4},{"damage":15,"enemies":"Sphere and 2 Shapes","floor":39,"turns":4},{"damage":24,"enemies":"Nemesis","floor":41,"turns":6},{"damage":13,"enemies":"Writhing Mass","floor":42,"turns":6},{"damage":11,"enemies":"3 Darklings","floor":45,"turns":4},{"damage":24,"enemies":"Giant Head","floor":47,"turns":7},{"damage":18,"enemies":"Transient","floor":48,"turns":5},{"damage":20,"enemies":"Time Eater","floor":50,"turns":10}],"seed_played":"8624948539566997894","potions_obtained":[{"floor":1.0,"key":"PowerPotion"},{"floor":6.0,"key":"AttackPotion"},{"floor":12.0,"key":"LiquidMemories"},{"floor":16.0,"key":"Strength Potion"},{"floor":19.0,"key":"ColorlessPotion"},{"floor":28.0,"key":"AttackPotion"},{"floor":45,"key":"ats:Top Emergency Sanity Potion"}],"is_trial":false,"path_per_floor":["M","?","?","M","$","E","M","?","T","R","?","M","R","M","R","B",null,"M","M","M","?","?","R","M","E","T","R","E","$","?","M","R","B",null,"M","$","M","M","M","R","E","M","T","R","M","$","E","M","R","B",null],"character_chosen":"DOCTOR_CLASS","items_purchased":["ats:Assault Order","InkBottle","ats:Arts","ats:Absolute Focus","ats:Volcano","ats:Burning Ground","Deep Breath"],"campfire_rested":1,"item_purchase_floors":[5,29,29,29,29,36,46],"current_hp_per_floor":[72,67,67,67,67,67,61,61,61,61,56,44,44,38,38,34,67,52,56,56,56,56,56,63,30,30,42,45,45,45,18,53,34,67,44,44,50,56,42,57,42,37,37,55,52,52,45,35,53,50],"gold":63,"neow_bonus":"THREE_ENEMY_KILL","is_daily":false,"chose_seed":false,"campfire_upgraded":8,"win_rate":0.0,"timestamp":1611501146,"path_taken":["M","?","?","?","$","E","M","?","T","R","?","M","R","M","R","BOSS","M","M","M","?","?","R","M","E","T","R","E","$","?","M","R","BOSS","M","$","M","M","M","R","E","M","T","R","M","?","E","M","R","BOSS"],"items_purchased_type":["Card","Relic","Relic","Card","Card","Card","Card"],"build_version":"2020-12-22","purchased_purges":3,"victory":true,"max_hp_per_floor":[72,67,67,67,67,67,67,67,67,67,67,67,67,67,67,67,67,67,67,67,67,67,67,67,67,67,67,67,67,67,67,67,67,67,67,67,67,67,67,67,67,67,67,67,67,67,67,67,67,67],"relic_stats":{"Dream Catcher":0,"Happy Flower":[40],"counters":[25,124],"Golden Idol":174,"Blue Candle":[26],"Eternal Feather":78,"Letter Opener":[288],"War Paint":["ats:Rat Pack","ats:Defend"],"Cursed Key":1,"obtain_stats":[{"ats:Spiritual Recovery":47,"ats:Ability Aura":9,"NeowsBlessing":0,"Happy Flower":6,"Golden Idol":2,"Blue Candle":11,"Eternal Feather":25,"Letter Opener":26,"War Paint":43,"Cursed Key":34,"SlaversCollar":17,"REME:ComplimentaryCards":0,"Dream Catcher":41,"ats:Originium":6,"ats:Arts":29,"ats:Sanity":0,"ats:Military Tradition":28,"InkBottle":29},{"ats:Spiritual Recovery":23,"ats:Ability Aura":4,"NeowsBlessing":0,"Happy Flower":3,"Golden Idol":1,"Blue Candle":4,"Eternal Feather":12,"Letter Opener":12,"War Paint":21,"Cursed Key":15,"SlaversCollar":7,"REME:ComplimentaryCards":0,"Dream Catcher":20,"ats:Originium":3,"ats:Arts":13,"ats:Sanity":0,"ats:Military Tradition":13,"InkBottle":13},{"ats:Spiritual Recovery":109,"ats:Ability Aura":7,"NeowsBlessing":0,"Happy Flower":4,"Golden Idol":1,"Blue Candle":7,"Eternal Feather":53,"Letter Opener":53,"War Paint":98,"Cursed Key":72,"SlaversCollar":24,"REME:ComplimentaryCards":0,"Dream Catcher":93,"ats:Originium":4,"ats:Arts":59,"ats:Sanity":0,"ats:Military Tradition":59,"InkBottle":59}],"InkBottle":[33]},"card_choices":[{"not_picked":["ats:Explosion Area Strengthen","ats:Guard Mode"],"picked":"ats:Absolute Focus","floor":1.0},{"not_picked":["ats:Blood Oath","ats:Absolute Focus"],"picked":"ats:Ignite","floor":4.0},{"not_picked":["ats:Flexible Camouflage","ats:Soul Absorption"],"picked":"ats:Closed Bolt Burst Fire","floor":6.0},{"not_picked":["ats:Phantom","ats:Automatic Cover"],"picked":"ats:Very Hot Blade","floor":7.0},{"not_picked":["ats:Soul Absorption","ats:Curse Doll","ats:Rapid Magazine"],"picked":"SKIP","floor":12.0},{"not_picked":["ats:Cat Scratch","ats:Collapsing Strike"],"picked":"ats:Apocalypse","floor":14.0},{"not_picked":["ats:Soul Rend","ats:Rat Pack"],"picked":"ats:Disruption Kick","floor":16.0},{"not_picked":["ats:Support Order","ats:Directed Diagnosis"],"picked":"ats:Cat Scratch+1","floor":18.0},{"not_picked":["ats:Healing Strengthening+1","ats:Blood Oath","ats:Serious Mode"],"picked":"SKIP","floor":19.0},{"not_picked":["ats:Consecutive Shot Auto+1","ats:Hammer On","ats:Poison Spread"],"picked":"SKIP","floor":20.0},{"not_picked":["ats:Shell Defense","ats:Leaping Hammer"],"picked":"ats:Shadow Raid","floor":24.0},{"not_picked":["ats:Revitalization","ats:Very Hot Blade+1"],"picked":"ats:Absolute Focus","floor":25.0},{"not_picked":["ats:Demon Strength+1","ats:Blood Oath"],"picked":"ats:Ignite","floor":28.0},{"not_picked":["ats:Flexible Camouflage","ats:Apocalypse"],"picked":"ats:Rat Pack","floor":31},{"not_picked":["ats:Ambush","ats:Wolf Pack"],"picked":"ats:Calcification","floor":33},{"not_picked":["ats:Cat Scratch+1","ats:Explosion Area Strengthen","ats:Flexible Camouflage+1"],"picked":"SKIP","floor":35},{"not_picked":["ats:Curse Doll+1","ats:Very Hot Blade+1"],"picked":"ats:Mental Burst+1","floor":37},{"not_picked":["ats:Cat Scratch+1","ats:Shadow Raid","ats:Curse Doll+1"],"picked":"SKIP","floor":38},{"not_picked":["ats:Serious Mode+1","ats:Poison Spread","ats:Closed Bolt Burst Fire"],"picked":"SKIP","floor":39},{"not_picked":["ats:Flexible Camouflage","ats:Powerful Strike"],"picked":"ats:Rat Pack","floor":41},{"not_picked":["ats:Curse Doll+1","ats:Explosion Area Strengthen+1","ats:Shadow Raid+1"],"picked":"SKIP","floor":42},{"not_picked":["ats:Cat Scratch+1","ats:Absolute Focus","ats:Part Time Job"],"picked":"SKIP","floor":45},{"not_picked":["ats:Revitalization","ats:Apocalypse","ats:Counter Healing Mode+1"],"picked":"SKIP","floor":47},{"not_picked":["ats:Hammer On","ats:Shadow Raid","ats:Phantom"],"picked":"SKIP","floor":48}],"player_experience":165042,"relics_obtained":[{"floor":6.0,"key":"ats:Originium"},{"floor":6.0,"key":"Happy Flower"},{"floor":9.0,"key":"ats:Ability Aura"},{"floor":25.0,"key":"ats:Originium"},{"floor":25.0,"key":"Eternal Feather"},{"floor":26.0,"key":"Letter Opener"},{"floor":28.0,"key":"ats:Originium"},{"floor":28.0,"key":"ats:Military Tradition"},{"floor":41,"key":"ats:Originium"},{"floor":41,"key":"Dream Catcher"},{"floor":43,"key":"War Paint"},{"floor":47,"key":"ats:Spiritual Recovery"}],"event_choices":[{"damage_healed":0.0,"max_hp_gain":0.0,"max_hp_loss":5.0,"gold_gain":0.0,"event_name":"Golden Idol","player_choice":"Lose Max HP","floor":2.0,"gold_loss":0.0,"damage_taken":0.0,"relics_obtained":["Golden Idol"]},{"cards_removed":["ats:Strike S"],"damage_healed":0.0,"max_hp_gain":0.0,"max_hp_loss":0.0,"gold_gain":0.0,"event_name":"Purifier","player_choice":"Purged","floor":3.0,"gold_loss":0.0,"damage_taken":0.0},{"damage_healed":0.0,"max_hp_gain":0.0,"max_hp_loss":0.0,"gold_gain":175.0,"event_name":"Liars Game","player_choice":"AGREE","floor":8.0,"gold_loss":0.0,"damage_taken":0.0,"cards_obtained":["Doubt"]},{"damage_healed":0.0,"max_hp_gain":0.0,"max_hp_loss":0.0,"gold_gain":0.0,"event_name":"Vampires","player_choice":"Ignored","floor":22.0,"gold_loss":0.0,"damage_taken":0.0},{"damage_healed":0,"gold_gain":0,"player_choice":"Forge","damage_taken":0,"max_hp_gain":0,"max_hp_loss":0,"event_name":"Accursed Blacksmith","floor":30,"gold_loss":0,"cards_upgraded":["ats:Disruption Kick"]}],"is_beta":false,"boss_relics":[{"not_picked":["Snecko Eye","Busted Crown"],"picked":"SlaversCollar"},{"not_picked":["Calling Bell","Tiny House"],"picked":"Cursed Key"}],"items_purged_floors":[5,36,46],"is_endless":false,"potions_floor_spawned":[1,6,12,16,19,24,28,33,35,38,45,48],"ascension_level":0}}