{"host":"cjhtzh7tp54jdfyv","time":1611470474,"event":{"mods":["AchievementEnabler","BaseMod","Colored Map","Colored Powertips","Curses Come First","DeckTracker","Filter the Spire","Minty Spire (QoL Compilation)","RNG Fix","Relic Sorter","Relic Stats","StSLib","UnlockEverythingMod","ojb\u0027s Better Paths Mod","ojb\u0027s Info Mod"],"gold_per_floor":[117,137,157,3,3,30,30,30,30,40,53,69,83,109,109,183,183,199,199,199,213,213,247,85,85,85,104,137,157,171,201,201,201,201],"floor_reached":33,"language":"ENG","playtime":3370,"items_purged":["Writhe"],"score":688,"play_id":"2e7d6e63-9560-47ce-b4fa-ff3ed380c02b","local_time":"20210124014114","is_ascension_mode":true,"campfire_choices":[{"data":"Underhanded Strike","floor":15.0,"key":"SMITH"},{"data":"Phantasmal Killer","floor":32,"key":"SMITH"}],"circlet_count":0,"master_deck":["AscendersBane","Strike_G","Strike_G","Strike_G","Strike_G","Strike_G","Defend_G","Defend_G","Defend_G","Defend_G+1","Survivor","Neutralize","Poisoned Stab+1","Dagger Throw","Backstab","Quick Slash","Terror","Underhanded Strike+1","Venomology","Acrobatics","Acrobatics","Underhanded Strike","Terror","Phantasmal Killer+1"],"relics":["Ring of the Snake","Oddly Smooth Stone","TungstenRod","Coffee Dripper","Orichalcum","Frozen Eye","MutagenicStrength","Pocketwatch","Anchor","Singing Bowl"],"acts_visited":["Exordium","TheCity"],"potions_floor_usage":[23,28,29,30,31,33,33,33],"damage_taken":[{"damage":0.0,"enemies":"Small Slimes","floor":1.0,"turns":4.0},{"damage":0.0,"enemies":"Cultist","floor":2.0,"turns":3.0},{"damage":2.0,"enemies":"Jaw Worm","floor":3.0,"turns":5.0},{"damage":7.0,"enemies":"3 Sentries","floor":6.0,"turns":5.0},{"damage":0.0,"enemies":"Looter","floor":10.0,"turns":3.0},{"damage":0.0,"enemies":"3 Louse","floor":11.0,"turns":3.0},{"damage":0.0,"enemies":"Large Slime","floor":12.0,"turns":4.0},{"damage":0.0,"enemies":"Blue Slaver","floor":13.0,"turns":2.0},{"damage":17.0,"enemies":"Lagavulin","floor":14.0,"turns":7.0},{"damage":5.0,"enemies":"Hexaghost","floor":16.0,"turns":9.0},{"damage":4.0,"enemies":"Spheric Guardian","floor":18.0,"turns":3.0},{"damage":2.0,"enemies":"Chosen","floor":21.0,"turns":4.0},{"damage":0,"enemies":"Gremlin Leader","floor":23,"turns":7},{"damage":9,"enemies":"Snake Plant","floor":27,"turns":3},{"damage":7,"enemies":"Book of Stabbing","floor":28,"turns":5},{"damage":8,"enemies":"Snecko","floor":29,"turns":3},{"damage":0,"enemies":"Cultist and Chosen","floor":30,"turns":4},{"damage":12,"enemies":"Gremlin Leader","floor":31,"turns":5},{"damage":39,"enemies":"Automaton","floor":33,"turns":6}],"seed_played":"-8092578868703088807","potions_obtained":[{"floor":2.0,"key":"Explosive Potion"},{"floor":12.0,"key":"LiquidBronze"},{"floor":14.0,"key":"GhostInAJar"},{"floor":16.0,"key":"LiquidMemories"},{"floor":27,"key":"GamblersBrew"},{"floor":28,"key":"GamblersBrew"}],"is_trial":false,"path_per_floor":["M","M","M","$","?","E","?","?","T","M","M","M","M","E","R","B",null,"M","?","?","M","?","E","$","?","T","M","E","M","M","E","R","B"],"character_chosen":"THE_SILENT","items_purchased":["Backstab","Frozen Eye"],"campfire_rested":0,"item_purchase_floors":[4,24],"current_hp_per_floor":[59,59,57,57,57,50,50,30,30,30,30,30,30,13,13,8,52,48,76,76,74,53,53,53,53,53,44,37,29,43,31,31,0,0],"gold":201,"neow_bonus":"THREE_RARE_CARDS","is_daily":false,"chose_seed":false,"campfire_upgraded":2,"win_rate":0.0,"timestamp":1611470474,"path_taken":["M","?","M","$","?","E","?","?","T","M","?","M","M","E","R","BOSS","M","?","?","M","?","E","$","?","T","M","E","M","M","E","R","BOSS"],"items_purchased_type":["Card","Relic"],"build_version":"2020-12-22","purchased_purges":1,"victory":false,"max_hp_per_floor":[66,66,66,66,66,66,66,66,66,66,66,66,66,66,66,66,66,66,76,76,76,81,81,81,81,81,81,81,81,81,81,81,81,81],"relic_stats":{"Singing Bowl":0,"counters":[19,85],"Orichalcum":[54],"obtain_stats":[{"Frozen Eye":24,"Anchor":28,"Singing Bowl":31,"MutagenicStrength":25,"Oddly Smooth Stone":6,"Coffee Dripper":17,"Orichalcum":23,"TungstenRod":14,"Ring of the Snake":0,"Pocketwatch":26},{"Frozen Eye":13,"Anchor":15,"Singing Bowl":18,"MutagenicStrength":13,"Oddly Smooth Stone":4,"Coffee Dripper":10,"Orichalcum":13,"TungstenRod":9,"Ring of the Snake":0,"Pocketwatch":13},{"Frozen Eye":59,"Anchor":67,"Singing Bowl":79,"MutagenicStrength":59,"Oddly Smooth Stone":17,"Coffee Dripper":45,"Orichalcum":59,"TungstenRod":36,"Ring of the Snake":0,"Pocketwatch":59}],"TungstenRod":23,"Ring of the Snake":[38],"Pocketwatch":[15]},"card_choices":[{"not_picked":["Tools of the Trade","A Thousand Cuts"],"picked":"Die Die Die","floor":0.0},{"not_picked":["Blur","Tactician","Distraction"],"picked":"SKIP","floor":1.0},{"not_picked":["Reflex","Deflect"],"picked":"Poisoned Stab","floor":2.0},{"not_picked":["Concentrate","Deflect"],"picked":"Dagger Throw","floor":3.0},{"not_picked":["Dodge and Roll","Sucker Punch","Tactician"],"picked":"SKIP","floor":6.0},{"not_picked":["Adrenaline","Quick Slash"],"picked":"Terror","floor":10.0},{"not_picked":["Bane","Expertise","Setup"],"picked":"SKIP","floor":11.0},{"not_picked":["Slice","Prepared"],"picked":"Underhanded Strike","floor":12.0},{"not_picked":["Outmaneuver","Well Laid Plans","Cloak And Dagger"],"picked":"SKIP","floor":13.0},{"not_picked":["Poisoned Stab","Accuracy","Deflect"],"picked":"SKIP","floor":14.0},{"not_picked":["Bullet Time","Die Die Die"],"picked":"Venomology","floor":16.0},{"not_picked":["Flying Knee","Dodge and Roll","Prepared"],"picked":"SKIP","floor":18.0},{"not_picked":["Setup","Flying Knee"],"picked":"Acrobatics","floor":21.0},{"not_picked":["Blur","Dagger Spray","Prepared"],"picked":"SKIP","floor":23},{"not_picked":["Outmaneuver","Predator"],"picked":"Acrobatics","floor":27},{"not_picked":["Skewer+1","Dagger Spray","Distraction+1"],"picked":"SKIP","floor":28},{"not_picked":["Prepared","PiercingWail"],"picked":"Underhanded Strike","floor":29},{"not_picked":["Blade Dance","Slice"],"picked":"Terror","floor":30},{"not_picked":["Flying Knee","Terror"],"picked":"Phantasmal Killer","floor":31}],"player_experience":4497384,"relics_obtained":[{"floor":6.0,"key":"Oddly Smooth Stone"},{"floor":14.0,"key":"TungstenRod"},{"floor":23,"key":"Orichalcum"},{"floor":26,"key":"Pocketwatch"},{"floor":28,"key":"Anchor"},{"floor":31,"key":"Singing Bowl"}],"event_choices":[{"damage_healed":0.0,"max_hp_gain":0.0,"max_hp_loss":0.0,"gold_gain":0.0,"cards_transformed":["Defend_G"],"event_name":"Living Wall","player_choice":"Change","floor":5.0,"gold_loss":0.0,"damage_taken":0.0,"cards_obtained":["Quick Slash"]},{"damage_healed":0.0,"max_hp_gain":0.0,"max_hp_loss":0.0,"gold_gain":0.0,"event_name":"Match and Keep!","player_choice":"0 cards matched","floor":7.0,"gold_loss":0.0,"damage_taken":0.0,"cards_obtained":[]},{"damage_healed":0.0,"max_hp_gain":0.0,"max_hp_loss":0.0,"gold_gain":0.0,"event_name":"Match and Keep!","player_choice":"0 cards matched","floor":7.0,"gold_loss":0.0,"damage_taken":0.0,"cards_obtained":[]},{"damage_healed":0.0,"max_hp_gain":0.0,"max_hp_loss":0.0,"gold_gain":0.0,"event_name":"Shining Light","player_choice":"Entered Light","floor":8.0,"gold_loss":0.0,"damage_taken":20.0,"cards_upgraded":["Poisoned Stab","Defend_G"]},{"cards_removed":["Die Die Die"],"damage_healed":18.0,"max_hp_gain":10.0,"max_hp_loss":0.0,"gold_gain":0.0,"event_name":"Bonfire Elementals","player_choice":"Offered Rare","floor":19.0,"gold_loss":0.0,"damage_taken":0.0},{"damage_healed":0.0,"max_hp_gain":0.0,"max_hp_loss":0.0,"gold_gain":0.0,"event_name":"Beggar","player_choice":"Ignored","floor":20.0,"gold_loss":0.0,"damage_taken":0.0},{"damage_healed":0.0,"max_hp_gain":5.0,"max_hp_loss":0.0,"gold_gain":0.0,"event_name":"Forgotten Altar","player_choice":"Shed Blood","floor":22.0,"gold_loss":0.0,"damage_taken":27.0},{"damage_healed":0,"gold_gain":0,"player_choice":"Inject Mutagens","damage_taken":0,"relics_obtained":["MutagenicStrength"],"max_hp_gain":0,"max_hp_loss":0,"event_name":"Drug Dealer","floor":25,"gold_loss":0}],"is_beta":false,"boss_relics":[{"not_picked":["Runic Dome","Cursed Key"],"picked":"Coffee Dripper"}],"items_purged_floors":[4],"is_endless":false,"potions_floor_spawned":[2,12,14,16,27,28,29],"killed_by":"Automaton","ascension_level":20}}