{"host":"j4g6ia6asvpyu2b0","time":1611526021,"event":{"mods":["BaseMod","Colored Map","Minty Spire (QoL Compilation)","Permanent Neow","Quick Restart","Relic Stats","StSLib","Unceasing Turn Reminder"],"gold_per_floor":[111,129,129,142,142,142,173,173,199,233,16,50,50,69,69,143,143,155,165,181,196,208,208,243,243,243,243,243,259,259,259],"floor_reached":30,"language":"ENG","playtime":773,"items_purged":[],"score":649,"play_id":"65803e82-5f93-4809-997e-37c0921718c5","local_time":"20210124150701","is_ascension_mode":true,"campfire_choices":[{"data":"Perfected Strike","floor":6,"key":"SMITH"},{"data":"Clothesline","floor":8,"key":"SMITH"},{"data":"Juggernaut","floor":13,"key":"SMITH"},{"data":"Armaments","floor":15,"key":"SMITH"},{"data":"Double Tap","floor":23,"key":"SMITH"},{"floor":27,"key":"REST"}],"circlet_count":0,"master_deck":["AscendersBane","Defend_R","Defend_R","Defend_R","Defend_R","Bash+1","Twin Strike","Clothesline+1","Perfected Strike+1","Metallicize","Uppercut","Shrug It Off","Juggernaut+1","Armaments+1","Double Tap+1","Body Slam","Clothesline","Inflame","Headbutt","Evolve","Bite","Bite","Bite","Bite","Bite"],"relics":["Burning Blood","Pen Nib","MealTicket","Centennial Puzzle","Art of War","ClockworkSouvenir","Happy Flower","Busted Crown","Lantern","Kunai"],"acts_visited":["Exordium","TheCity"],"potions_floor_usage":[16,21,22,22,22,30],"damage_taken":[{"damage":9.0,"enemies":"Jaw Worm","floor":1.0,"turns":6.0},{"damage":0,"enemies":"Small Slimes","floor":2,"turns":2},{"damage":3,"enemies":"2 Louse","floor":4,"turns":4},{"damage":8,"enemies":"Gremlin Nob","floor":7,"turns":3},{"damage":14,"enemies":"Lagavulin","floor":10,"turns":6},{"damage":3,"enemies":"Gremlin Nob","floor":12,"turns":3},{"damage":0,"enemies":"Looter","floor":14,"turns":2},{"damage":0,"enemies":"Slime Boss","floor":16,"turns":6},{"damage":22,"enemies":"2 Thieves","floor":18,"turns":3},{"damage":0,"enemies":"Chosen","floor":19,"turns":3},{"damage":19,"enemies":"Snecko","floor":20,"turns":4},{"damage":6,"enemies":"Centurion and Healer","floor":21,"turns":5},{"damage":4,"enemies":"Snake Plant","floor":22,"turns":2},{"damage":43,"enemies":"Gremlin Leader","floor":24,"turns":7},{"damage":44,"enemies":"Shelled Parasite and Fungi","floor":29,"turns":5},{"damage":22,"enemies":"Book of Stabbing","floor":30,"turns":4}],"seed_played":"-5727824524388254277","potions_obtained":[{"floor":7,"key":"EssenceOfSteel"},{"floor":10,"key":"FearPotion"},{"floor":12,"key":"LiquidMemories"},{"floor":20,"key":"EntropicBrew"},{"floor":29,"key":"PowerPotion"}],"is_trial":false,"path_per_floor":["M","M","?","M","$","R","E","R","T","E","$","E","R","M","R","B",null,"M","M","M","M","M","R","E","?","T","R","?","M","E"],"character_chosen":"IRONCLAD","items_purchased":["Shrug It Off","ClockworkSouvenir"],"campfire_rested":1,"item_purchase_floors":[11,11],"current_hp_per_floor":[65,71,71,74,74,74,72,72,72,64,75,75,75,75,75,75,75,59,65,52,52,54,54,17,17,17,32,32,8,0,0],"gold":259,"neow_bonus":"RANDOM_COMMON_RELIC","is_daily":false,"chose_seed":false,"campfire_upgraded":5,"win_rate":0.0,"timestamp":1611526021,"path_taken":["M","M","?","M","$","R","E","R","T","E","$","E","R","M","R","BOSS","M","M","M","M","M","R","E","?","T","R","?","M","E"],"items_purchased_type":["Card","Relic"],"build_version":"2020-12-22","purchased_purges":0,"victory":false,"max_hp_per_floor":[75,75,75,75,75,75,75,75,75,75,75,75,75,75,75,75,75,75,75,75,75,75,75,75,52,52,52,52,52,52,52],"relic_stats":{"Centennial Puzzle":[27],"Busted Crown":14,"Happy Flower":[13],"counters":[16,65],"MealTicket":11,"Pen Nib":[12],"Art of War":[2],"Kunai":[4],"obtain_stats":[{"Centennial Puzzle":9,"Lantern":24,"Busted Crown":17,"Happy Flower":12,"MealTicket":7,"Pen Nib":0,"Art of War":10,"Kunai":26,"Burning Blood":0,"ClockworkSouvenir":11},{"Centennial Puzzle":4,"Lantern":14,"Busted Crown":8,"Happy Flower":6,"MealTicket":4,"Pen Nib":0,"Art of War":5,"Kunai":14,"Burning Blood":0,"ClockworkSouvenir":5},{"Centennial Puzzle":15,"Lantern":56,"Busted Crown":32,"Happy Flower":24,"MealTicket":15,"Pen Nib":0,"Art of War":21,"Kunai":56,"Burning Blood":0,"ClockworkSouvenir":21}],"Burning Blood":75},"card_choices":[{"not_picked":["Sword Boomerang","Perfected Strike"],"picked":"Twin Strike","floor":1.0},{"not_picked":["Cleave","Warcry"],"picked":"Clothesline","floor":2},{"not_picked":["Carnage","Flex"],"picked":"Perfected Strike","floor":4},{"not_picked":["Hemokinesis","Combust"],"picked":"Metallicize","floor":7},{"not_picked":["True Grit","Rupture"],"picked":"Uppercut","floor":10},{"not_picked":["Cleave","True Grit"],"picked":"Juggernaut","floor":12},{"not_picked":["Anger","Havoc"],"picked":"Armaments","floor":14},{"not_picked":["Bludgeon","Brutality"],"picked":"Double Tap","floor":16},{"not_picked":[],"picked":"Body Slam","floor":18},{"not_picked":["Second Wind"],"picked":"SKIP","floor":19},{"not_picked":[],"picked":"Clothesline","floor":20},{"not_picked":[],"picked":"Inflame","floor":21},{"not_picked":[],"picked":"Headbutt","floor":22},{"not_picked":[],"picked":"Evolve","floor":24},{"not_picked":["Body Slam"],"picked":"SKIP","floor":29}],"player_experience":992524,"relics_obtained":[{"floor":7,"key":"MealTicket"},{"floor":9,"key":"Centennial Puzzle"},{"floor":10,"key":"Art of War"},{"floor":12,"key":"Happy Flower"},{"floor":24,"key":"Lantern"},{"floor":26,"key":"Kunai"}],"event_choices":[{"damage_healed":0,"gold_gain":0,"player_choice":"Grow","damage_taken":0,"max_hp_gain":0,"max_hp_loss":0,"event_name":"Living Wall","floor":3,"gold_loss":0,"cards_upgraded":["Bash"]},{"damage_healed":0,"gold_gain":0,"player_choice":"Became a vampire","damage_taken":0,"max_hp_gain":0,"max_hp_loss":23,"event_name":"Vampires","floor":25,"gold_loss":0,"cards_obtained":["Bite","Bite","Bite","Bite","Bite"]},{"damage_healed":0,"gold_gain":0,"player_choice":"Ignored","damage_taken":0,"max_hp_gain":0,"max_hp_loss":0,"event_name":"Ghosts","floor":28,"gold_loss":0}],"is_beta":false,"boss_relics":[{"not_picked":["Calling Bell","Empty Cage"],"picked":"Busted Crown"}],"items_purged_floors":[],"is_endless":false,"potions_floor_spawned":[7,10,12,14,20,29],"killed_by":"Book of Stabbing","ascension_level":19}}