{"host":"9hmnsypyq1c5u7i3","time":1611523962,"event":{"mods":["BaseMod","Bestiary","Hermit","Marisa????????","Minty Spire (QoL Compilation)","Permanent Neow","Quick Restart","Relic Stats","StSLib","The Cursed","The Hierophant"],"gold_per_floor":[112,112,130,55,55,55,55,55,78,111,142,154,184,216,228,314,326,358,370,382,409,2,27,27,60,84,84,84,112,112,132,132,210,210,228,228,243,261,273,298,298,326,326,326,360,374,374,15,15,15,15,15,15,15,45,45,45],"floor_reached":56,"language":"ENG","playtime":5214,"items_purged":["Strike_B","Zap"],"score":2182,"play_id":"b08989a8-c609-4252-b2ec-b092c2a57116","local_time":"20210124163242","is_ascension_mode":true,"campfire_choices":[{"data":"Biased Cognition","floor":6.0,"key":"SMITH"},{"data":"Tempest","floor":8.0,"key":"SMITH"},{"floor":15.0,"key":"REST"},{"floor":24.0,"key":"REST"},{"floor":28.0,"key":"REST"},{"data":"Glacier","floor":30.0,"key":"SMITH"},{"data":"Force Field","floor":32.0,"key":"SMITH"},{"data":"Conserve Battery","floor":41.0,"key":"SMITH"},{"data":"Echo Form","floor":44.0,"key":"SMITH"},{"floor":47.0,"key":"RECALL"},{"data":"Go for the Eyes","floor":49.0,"key":"SMITH"},{"data":"Storm","floor":53.0,"key":"SMITH"}],"circlet_count":0,"master_deck":["AscendersBane","Defend_B","Defend_B","Dualcast","Biased Cognition+1","Defragment+1","Tempest+1","Conserve Battery+1","Ball Lightning","Biased Cognition+1","Fission+1","Loop+1","Auto Shields+1","Cold Snap","Force Field+1","Glacier+1","Echo Form+1","Glacier+1","Steam Power+1","Turbo+1","Storm+1","Go for the Eyes+1"],"relics":["Cracked Core","PreservedInsect","MawBank","Astrolabe","Thread and Needle","Bag of Preparation","InkBottle","Mercury Hourglass","Busted Crown","FossilizedHelix","MealTicket","Ancient Tea Set","Prayer Wheel","Medical Kit","Gremlin Horn"],"acts_visited":["Exordium","TheCity","TheBeyond","TheEnding"],"potions_floor_usage":[],"damage_taken":[{"damage":1.0,"enemies":"Cultist","floor":1.0,"turns":3.0},{"damage":7.0,"enemies":"Jaw Worm","floor":3.0,"turns":4.0},{"damage":15.0,"enemies":"3 Sentries","floor":10.0,"turns":4.0},{"damage":2.0,"enemies":"Small Slimes","floor":11.0,"turns":3.0},{"damage":22.0,"enemies":"Gremlin Gang","floor":13.0,"turns":4.0},{"damage":9.0,"enemies":"Exordium Thugs","floor":14.0,"turns":3.0},{"damage":10.0,"enemies":"The Guardian","floor":16.0,"turns":8.0},{"damage":20.0,"enemies":"Shell Parasite","floor":18.0,"turns":3.0},{"damage":0.0,"enemies":"Spheric Guardian","floor":21.0,"turns":3.0},{"damage":15.0,"enemies":"Book of Stabbing","floor":23.0,"turns":3.0},{"damage":15.0,"enemies":"Gremlin Leader","floor":25.0,"turns":3.0},{"damage":0.0,"enemies":"Book of Stabbing","floor":29.0,"turns":4.0},{"damage":0.0,"enemies":"Centurion and Healer","floor":31.0,"turns":6.0},{"damage":40.0,"enemies":"Automaton","floor":33.0,"turns":9.0},{"damage":0.0,"enemies":"Orb Walker","floor":35.0,"turns":3.0},{"damage":0.0,"enemies":"3 Shapes","floor":37.0,"turns":3.0},{"damage":3.0,"enemies":"Jaw Worm Horde","floor":38.0,"turns":5.0},{"damage":6.0,"enemies":"Maw","floor":39.0,"turns":5.0},{"damage":0.0,"enemies":"Giant Head","floor":40.0,"turns":9.0},{"damage":0.0,"enemies":"Nemesis","floor":42.0,"turns":7.0},{"damage":9.0,"enemies":"Giant Head","floor":45.0,"turns":7.0},{"damage":0.0,"enemies":"Transient","floor":46.0,"turns":6.0},{"damage":42.0,"enemies":"Donu and Deca","floor":50.0,"turns":17.0},{"damage":0.0,"enemies":"Awakened One","floor":51.0,"turns":12.0},{"damage":40.0,"enemies":"Shield and Spear","floor":55.0,"turns":3.0},{"damage":45,"enemies":"The Heart","floor":56,"turns":6}],"seed_played":"2312748863602065066","potions_obtained":[{"floor":1.0,"key":"Swift Potion"},{"floor":11.0,"key":"PowerPotion"},{"floor":14.0,"key":"BlessingOfTheForge"},{"floor":23.0,"key":"Swift Potion"},{"floor":31.0,"key":"Fruit Juice"},{"floor":33.0,"key":"CultistPotion"},{"floor":38.0,"key":"Explosive Potion"},{"floor":45.0,"key":"Swift Potion"},{"floor":46.0,"key":"DistilledChaos"}],"is_trial":false,"path_per_floor":["M","?","M","$","?","R","?","R","T","E","M","$","M","M","R","B",null,"M","?","?","M","$","E","R","E","T","?","R","E","R","M","R","B",null,"M","?","M","M","M","E","R","E","T","R","E","M","R","$","R","B","B",null,"R","$","E","B"],"character_chosen":"DEFECT","items_purchased":["Thread and Needle","Storm","Medical Kit","Ancient Potion","Go for the Eyes"],"campfire_rested":3,"item_purchase_floors":[22,48,48,48,48],"current_hp_per_floor":[63,63,56,56,49,49,49,49,49,34,32,32,10,1,20,10,51,31,31,31,31,31,16,35,20,20,20,39,39,39,39,39,4,53,53,53,53,50,44,44,44,44,44,44,35,35,35,50,50,8,8,54,54,69,29,0,0],"gold":45,"neow_bonus":"THREE_RARE_CARDS","is_daily":false,"chose_seed":false,"campfire_upgraded":8,"win_rate":0.0,"timestamp":1611523962,"path_taken":["M","?","M","$","?","R","?","R","T","E","?","$","?","M","R","BOSS","M","?","?","M","$","E","R","E","T","?","R","E","R","M","R","BOSS","M","?","M","?","M","E","R","E","T","R","E","M","R","$","R","BOSS","BOSS","R","$","E","BOSS"],"items_purchased_type":["Relic","Card","Relic","Potion","Card"],"build_version":"2020-12-22","purchased_purges":2,"victory":false,"max_hp_per_floor":[64,64,64,64,64,64,64,64,64,64,64,64,64,64,64,64,64,64,64,64,64,64,64,64,64,64,64,64,64,64,64,64,69,69,69,69,69,69,69,69,69,69,69,69,69,69,69,69,69,69,69,69,69,69,69,69,69],"relic_stats":{"Gremlin Horn":[0,0],"counters":[26,143],"Astrolabe":["Fission","Loop","Auto Shields"],"PreservedInsect":555,"Bag of Preparation":[32],"MawBank":144,"Medical Kit":[28],"Mercury Hourglass":[269],"Busted Crown":20,"MealTicket":30,"Prayer Wheel":1,"obtain_stats":[{"Gremlin Horn":55,"Astrolabe":17,"Thread and Needle":22,"PreservedInsect":9,"Bag of Preparation":23,"MawBank":10,"Ancient Tea Set":43,"Medical Kit":48,"Mercury Hourglass":29,"Busted Crown":34,"MealTicket":42,"Prayer Wheel":45,"Cracked Core":0,"InkBottle":25,"FossilizedHelix":40},{"Gremlin Horn":25,"Astrolabe":7,"Thread and Needle":9,"PreservedInsect":2,"Bag of Preparation":10,"MawBank":3,"Ancient Tea Set":20,"Medical Kit":22,"Mercury Hourglass":12,"Busted Crown":14,"MealTicket":20,"Prayer Wheel":21,"Cracked Core":0,"InkBottle":11,"FossilizedHelix":19},{"Gremlin Horn":137,"Astrolabe":29,"Thread and Needle":35,"PreservedInsect":7,"Bag of Preparation":38,"MawBank":11,"Ancient Tea Set":92,"Medical Kit":105,"Mercury Hourglass":45,"Busted Crown":60,"MealTicket":92,"Prayer Wheel":99,"Cracked Core":0,"InkBottle":41,"FossilizedHelix":85}],"InkBottle":[42]},"card_choices":[{"not_picked":["Amplify","Creative AI"],"picked":"Biased Cognition","floor":0.0},{"not_picked":["Capacitor","Streamline"],"picked":"Defragment","floor":1.0},{"not_picked":["Sweeping Beam","Leap"],"picked":"Tempest","floor":3.0},{"not_picked":["Go for the Eyes","Rebound"],"picked":"Conserve Battery","floor":10.0},{"not_picked":["Go for the Eyes","Compile Driver","Fusion"],"picked":"SKIP","floor":11.0},{"not_picked":["White Noise","Conserve Battery","Compile Driver"],"picked":"SKIP","floor":13.0},{"not_picked":["Rebound","Steam Power"],"picked":"Ball Lightning","floor":14.0},{"not_picked":["Creative AI","Reboot"],"picked":"Biased Cognition","floor":16.0},{"not_picked":["BootSequence","Melter"],"picked":"Cold Snap","floor":18.0},{"not_picked":["Beam Cell","Redo","Barrage"],"picked":"SKIP","floor":21.0},{"not_picked":["Loop","Beam Cell","Fusion"],"picked":"SKIP","floor":23.0},{"not_picked":["Hologram","Blizzard","Steam"],"picked":"SKIP","floor":25.0},{"not_picked":["Reboot","Streamline"],"picked":"Glacier","floor":29.0},{"not_picked":["Barrage","Conserve Battery","Leap"],"picked":"SKIP","floor":31.0},{"not_picked":["Machine Learning","Thunder Strike"],"picked":"Echo Form","floor":33.0},{"not_picked":["Beam Cell"],"picked":"SKIP","floor":35.0},{"not_picked":["Auto Shields"],"picked":"SKIP","floor":37.0},{"not_picked":["Redo"],"picked":"SKIP","floor":38.0},{"not_picked":[],"picked":"Glacier+1","floor":39.0},{"not_picked":["Force Field"],"picked":"SKIP","floor":40.0},{"not_picked":["Streamline"],"picked":"SKIP","floor":42.0},{"not_picked":[],"picked":"Steam Power+1","floor":45.0},{"not_picked":[],"picked":"Turbo+1","floor":46.0},{"not_picked":["Sunder"],"picked":"SKIP","floor":46.0},{"not_picked":["Turbo"],"picked":"SKIP","floor":55.0}],"player_experience":917328,"relics_obtained":[{"floor":9.0,"key":"PreservedInsect"},{"floor":10.0,"key":"MawBank"},{"floor":23.0,"key":"Bag of Preparation"},{"floor":25.0,"key":"InkBottle"},{"floor":29.0,"key":"Mercury Hourglass"},{"floor":40.0,"key":"FossilizedHelix"},{"floor":42.0,"key":"MealTicket"},{"floor":43.0,"key":"Ancient Tea Set"},{"floor":45.0,"key":"Prayer Wheel"},{"floor":55.0,"key":"Gremlin Horn"}],"event_choices":[{"damage_healed":0.0,"max_hp_gain":0.0,"max_hp_loss":0.0,"gold_gain":0.0,"event_name":"Living Wall","player_choice":"Grow","floor":2.0,"gold_loss":0.0,"damage_taken":0.0,"cards_upgraded":["Defragment"]},{"cards_removed":["Strike_B"],"damage_healed":0.0,"max_hp_gain":0.0,"max_hp_loss":0.0,"gold_gain":0.0,"event_name":"Golden Wing","player_choice":"Card Removal","floor":5.0,"gold_loss":0.0,"damage_taken":7.0},{"cards_removed":["Defend_B"],"damage_healed":0.0,"max_hp_gain":0.0,"max_hp_loss":0.0,"gold_gain":0.0,"event_name":"Purifier","player_choice":"Purged","floor":7.0,"gold_loss":0.0,"damage_taken":0.0},{"damage_healed":0.0,"max_hp_gain":0.0,"max_hp_loss":0.0,"gold_gain":0.0,"event_name":"The Mausoleum","player_choice":"Ignored","floor":19.0,"gold_loss":0.0,"damage_taken":0.0},{"damage_healed":0.0,"max_hp_gain":0.0,"max_hp_loss":0.0,"gold_gain":0.0,"event_name":"Vampires","player_choice":"Ignored","floor":20.0,"gold_loss":0.0,"damage_taken":0.0},{"damage_healed":0.0,"max_hp_gain":0.0,"max_hp_loss":0.0,"gold_gain":0.0,"event_name":"The Library","player_choice":"Read","floor":27.0,"gold_loss":0.0,"damage_taken":0.0,"cards_obtained":["Force Field"]},{"damage_healed":0.0,"max_hp_gain":0.0,"max_hp_loss":0.0,"gold_gain":0.0,"event_name":"Upgrade Shrine","player_choice":"Upgraded","floor":36.0,"gold_loss":0.0,"damage_taken":0.0,"cards_upgraded":["Biased Cognition"]}],"is_beta":false,"boss_relics":[{"not_picked":["Pandora\u0027s Box","Calling Bell"],"picked":"Astrolabe"},{"not_picked":["Philosopher\u0027s Stone","Inserter"],"picked":"Busted Crown"}],"items_purged_floors":[4,22],"is_endless":false,"potions_floor_spawned":[1,11,14,23,31,33,38,45,46],"killed_by":"The Heart","ascension_level":20}}