{"host":"kgfs5ebhusfk1t4t","time":1611494399,"event":{"mods":["BaseMod","Colored Map","DeckTracker","Highlight Path","KOR Keyword Fix","Keyboard Shortcuts","Minty Spire (QoL Compilation)","Permanent Neow","Quick Restart","StSLib","SuperFastMode","everything is the same but u backflip on backflip"],"gold_per_floor":[34,72,124,182,162,240,270,49,49,91,53,53,118,178,178,178,178],"floor_reached":16,"language":"KOR","playtime":685,"items_purged":["Strike_R","Strike_R"],"score":114,"play_id":"a6a9a451-192b-457d-bd54-d9a1037071f3","local_time":"20210124221959","is_ascension_mode":false,"campfire_choices":[{"floor":12,"key":"REST"},{"data":"HandOfGreed","floor":15,"key":"SMITH"}],"circlet_count":0,"master_deck":["Strike_R","Strike_R","Strike_R","Defend_R","Defend_R","Defend_R","Defend_R","Bash","HandOfGreed+1","Burning Pact","Cleave","Shockwave","Armaments","Shrug It Off","Sentinel","Shrug It Off","Corruption","Rupture"],"relics":["Burning Blood","CeramicFish","Membership Card","Akabeko","MawBank"],"acts_visited":["Exordium"],"potions_floor_usage":[14,16],"damage_taken":[{"damage":1,"enemies":"Jaw Worm","floor":1,"turns":3},{"damage":1,"enemies":"Cultist","floor":2,"turns":4},{"damage":8,"enemies":"Small Slimes","floor":3,"turns":3},{"damage":6,"enemies":"Exordium Wildlife","floor":4,"turns":6},{"damage":44,"enemies":"3 Sentries","floor":6,"turns":9},{"damage":15,"enemies":"Looter","floor":7,"turns":3},{"damage":28,"enemies":"Gremlin Nob","floor":10,"turns":4},{"damage":2,"enemies":"3 Louse","floor":13,"turns":7},{"damage":18,"enemies":"Exordium Thugs","floor":14,"turns":5},{"damage":26,"enemies":"Hexaghost","floor":16,"turns":8}],"seed_played":"-4739781469820777771","potions_obtained":[{"floor":1,"key":"LiquidMemories"},{"floor":3,"key":"Regen Potion"},{"floor":5,"key":"AttackPotion"},{"floor":14,"key":"ElixirPotion"}],"is_trial":false,"path_per_floor":["M","M","M","M","?","E","M","$","T","E","$","R","M","M","R","B"],"character_chosen":"IRONCLAD","items_purchased":["Membership Card","Sentinel"],"campfire_rested":1,"item_purchase_floors":[8,8],"current_hp_per_floor":[80,80,78,78,78,40,31,31,31,9,9,33,37,37,37,11,11],"gold":178,"neow_bonus":"RANDOM_COLORLESS_2","is_daily":false,"chose_seed":false,"campfire_upgraded":1,"win_rate":0.0,"timestamp":1611494399,"path_taken":["M","M","M","M","?","E","?","$","T","E","$","R","M","M","R","BOSS"],"items_purchased_type":["Relic","Card"],"build_version":"2020-12-22","purchased_purges":2,"victory":false,"max_hp_per_floor":[80,80,80,80,80,80,80,80,80,80,80,80,80,80,80,80,80],"card_choices":[{"not_picked":["Transmutation","Secret Weapon"],"picked":"HandOfGreed","floor":0},{"not_picked":["Clothesline","Havoc"],"picked":"Burning Pact","floor":1},{"not_picked":["Flex","Clothesline"],"picked":"Cleave","floor":2},{"not_picked":["Headbutt","Perfected Strike"],"picked":"Shockwave","floor":3},{"not_picked":["Anger","Iron Wave"],"picked":"Armaments","floor":4},{"not_picked":["Ghostly Armor","Body Slam"],"picked":"Shrug It Off","floor":6},{"not_picked":["Entrench","Anger","Whirlwind"],"picked":"SKIP","floor":7},{"not_picked":["Disarm","Carnage"],"picked":"Shrug It Off","floor":10},{"not_picked":["Sever Soul","Combust"],"picked":"Corruption","floor":13},{"not_picked":["Clothesline","Havoc"],"picked":"Rupture","floor":14}],"player_experience":153144,"relics_obtained":[{"floor":6,"key":"CeramicFish"},{"floor":9,"key":"Akabeko"},{"floor":10,"key":"MawBank"}],"event_choices":[{"damage_healed":0,"gold_gain":0,"player_choice":"Bought 1 Potion","damage_taken":0,"max_hp_gain":0,"max_hp_loss":0,"event_name":"The Woman in Blue","floor":5,"gold_loss":0}],"is_beta":false,"boss_relics":[],"items_purged_floors":[8,11],"is_endless":false,"potions_floor_spawned":[1,3,14],"killed_by":"Hexaghost","ascension_level":0}}