{"host":"qm4rv4rkpk76sbxu","time":1611490552,"event":{"mods":["BaseMod","Bestiary","Block Reminder","DeckTracker","Filter the Spire","Keyboard Shortcuts","Minty Spire (QoL Compilation)","MonsterHotkey","Quick Restart","Random Character Button","Relic Stats","Slay-I","StSLib","Unceasing Turn Reminder","ojb\u0027s Better Paths Mod","ojb\u0027s Info Mod"],"gold_per_floor":[110,110,185,196,196,196,223,242,242,255,274,274,285,305,305,400,400,419,2,15,28,28,55,55,55,55,74,100,100,117,128,128,225,225,243,243,262,262,278,278,297,297,297,297,309,320,320,320,320,320],"floor_reached":51,"language":"ENG","playtime":1576,"items_purged":[],"score":854,"play_id":"3f42e484-9257-4b5a-85d6-9eb5a7900206","local_time":"20210124131552","is_ascension_mode":true,"campfire_choices":[{"data":"Eruption","floor":6,"key":"SMITH"},{"data":"Tantrum","floor":12,"key":"SMITH"},{"data":"TalkToTheHand","floor":15,"key":"SMITH"},{"data":"Vault","floor":29,"key":"SMITH"},{"data":"DevaForm","floor":32,"key":"SMITH"},{"floor":40,"key":"DIG"},{"data":"Vault","floor":42,"key":"SMITH"},{"floor":49,"key":"DIG"}],"circlet_count":0,"master_deck":["Defend_P","Defend_P","Defend_P","Defend_P","Eruption+1","Vigilance","BowlingBash","Tantrum+1","TalkToTheHand+1","DeusExMachina","DeceiveReality","Sanctity","DevaForm+1","CutThroughFate","Vault+1","MentalFortress","Scrawl","Sanctity+1","Vault+1","WheelKick+1","WaveOfTheHand+1","Wallop"],"relics":["PureWater","Pocketwatch","Darkstone Periapt","Question Card","Coffee Dripper","Medical Kit","HornCleat","TeardropLocket","Singing Bowl","Bird Faced Urn","Gremlin Horn","Akabeko","Astrolabe","Shovel","Bottled Lightning","Frozen Egg 2","Strawberry"],"acts_visited":["Exordium","TheCity","TheBeyond"],"potions_floor_usage":[1,11,13,14,21,23,23,23,23,28,31,33,50,50],"damage_taken":[{"damage":4,"enemies":"Jaw Worm","floor":1,"turns":4},{"damage":0,"enemies":"Small Slimes","floor":4,"turns":2},{"damage":12,"enemies":"Gremlin Nob","floor":7,"turns":3},{"damage":0,"enemies":"Cultist","floor":8,"turns":2},{"damage":0,"enemies":"Exordium Thugs","floor":10,"turns":3},{"damage":0,"enemies":"2 Fungi Beasts","floor":11,"turns":3},{"damage":6,"enemies":"Gremlin Gang","floor":13,"turns":3},{"damage":0,"enemies":"Lots of Slimes","floor":14,"turns":2},{"damage":26,"enemies":"Hexaghost","floor":16,"turns":6},{"damage":2,"enemies":"Spheric Guardian","floor":18,"turns":3},{"damage":0,"enemies":"3 Byrds","floor":20,"turns":4},{"damage":12,"enemies":"Centurion and Healer","floor":21,"turns":4},{"damage":0,"enemies":"Gremlin Leader","floor":23,"turns":4},{"damage":8,"enemies":"Snecko","floor":27,"turns":4},{"damage":20,"enemies":"Book of Stabbing","floor":28,"turns":6},{"damage":0,"enemies":"3 Cultists","floor":30,"turns":2},{"damage":14,"enemies":"Cultist and Chosen","floor":31,"turns":5},{"damage":0,"enemies":"Champ","floor":33,"turns":5},{"damage":6,"enemies":"3 Shapes","floor":35,"turns":4},{"damage":4,"enemies":"Orb Walker","floor":37,"turns":3},{"damage":14,"enemies":"4 Shapes","floor":39,"turns":4},{"damage":9,"enemies":"Transient","floor":41,"turns":7},{"damage":3,"enemies":"Spire Growth","floor":45,"turns":4},{"damage":0,"enemies":"Jaw Worm Horde","floor":46,"turns":4},{"damage":50,"enemies":"Time Eater","floor":50,"turns":12}],"seed_played":"-5391856192522973598","potions_obtained":[{"floor":0,"key":"AttackPotion"},{"floor":0,"key":"AttackPotion"},{"floor":0,"key":"SkillPotion"},{"floor":4,"key":"Ancient Potion"},{"floor":5,"key":"EntropicBrew"},{"floor":5,"key":"Swift Potion"},{"floor":5,"key":"StancePotion"},{"floor":8,"key":"BlessingOfTheForge"},{"floor":11,"key":"SneckoOil"},{"floor":13,"key":"SpeedPotion"},{"floor":18,"key":"StancePotion"},{"floor":21,"key":"BottledMiracle"},{"floor":23,"key":"Energy Potion"},{"floor":27,"key":"BlessingOfTheForge"},{"floor":37,"key":"DuplicationPotion"},{"floor":41,"key":"SneckoOil"}],"is_trial":false,"path_per_floor":["M","?","?","M","?","R","E","M","T","M","M","R","M","M","R","B",null,"M","$","M","M","?","E","T","?","T","M","E","R","M","M","R","B",null,"M","?","M","?","M","R","M","R","T","?","M","M","?","?","R","B",null],"character_chosen":"WATCHER","items_purchased":["Medical Kit","HornCleat"],"campfire_rested":0,"item_purchase_floors":[19,19],"current_hp_per_floor":[68,65,54,54,54,54,42,42,42,42,42,42,36,36,36,10,72,70,70,70,58,58,58,58,58,58,56,40,40,44,36,36,40,76,72,72,70,70,62,62,59,59,59,51,54,60,60,62,69,25],"gold":320,"neow_bonus":"THREE_SMALL_POTIONS","is_daily":false,"chose_seed":false,"campfire_upgraded":6,"win_rate":0.0,"timestamp":1611490552,"path_taken":["M","?","?","?","?","R","E","?","T","M","M","R","M","M","R","BOSS","M","$","M","M","?","E","?","?","T","?","E","R","M","M","R","BOSS","M","?","?","?","M","R","M","R","T","?","?","M","?","?","R","BOSS"],"items_purchased_type":["Relic","Relic"],"build_version":"2020-12-22","purchased_purges":0,"victory":true,"max_hp_per_floor":[72,72,72,72,72,72,72,72,72,72,72,72,72,72,72,72,72,72,72,72,72,72,72,72,72,72,74,74,74,76,76,76,76,76,78,78,78,78,80,80,82,82,82,82,84,86,86,88,95,95],"relic_stats":{"Darkstone Periapt":0,"Shovel":2,"Singing Bowl":16,"Gremlin Horn":[11,10],"counters":[25,103],"Bird Faced Urn":[44],"Astrolabe":["WheelKick","WaveOfTheHand","Conclude"],"Question Card":21,"Medical Kit":[12],"obtain_stats":[{"Darkstone Periapt":7,"Singing Bowl":23,"Gremlin Horn":26,"Astrolabe":34,"TeardropLocket":22,"Frozen Egg 2":43,"Question Card":9,"Medical Kit":19,"Akabeko":28,"HornCleat":19,"Shovel":36,"Bird Faced Urn":24,"Strawberry":49,"Coffee Dripper":17,"Bottled Lightning":40,"PureWater":0,"Pocketwatch":2},{"Darkstone Periapt":3,"Singing Bowl":13,"Gremlin Horn":13,"Astrolabe":18,"TeardropLocket":12,"Frozen Egg 2":22,"Question Card":4,"Medical Kit":10,"Akabeko":15,"HornCleat":10,"Shovel":19,"Bird Faced Urn":13,"Strawberry":24,"Coffee Dripper":9,"Bottled Lightning":21,"PureWater":0,"Pocketwatch":1},{"Darkstone Periapt":9,"Singing Bowl":43,"Gremlin Horn":43,"Astrolabe":65,"TeardropLocket":39,"Frozen Egg 2":83,"Question Card":11,"Medical Kit":31,"Akabeko":53,"HornCleat":31,"Shovel":69,"Bird Faced Urn":43,"Strawberry":91,"Coffee Dripper":28,"Bottled Lightning":76,"PureWater":0,"Pocketwatch":4}],"Pocketwatch":[75]},"card_choices":[{"not_picked":["ThirdEye","Consecrate"],"picked":"BowlingBash","floor":1},{"not_picked":["ClearTheMind","DeceiveReality"],"picked":"Tantrum","floor":4},{"not_picked":["Pray","Fasting2"],"picked":"TalkToTheHand","floor":7},{"not_picked":["Perseverance","WindmillStrike"],"picked":"DeusExMachina","floor":8},{"not_picked":["Indignation","Consecrate","Conclude","PathToVictory"],"picked":"SKIP","floor":10},{"not_picked":["Evaluate","ThirdEye","Prostrate"],"picked":"DeceiveReality","floor":11},{"not_picked":["Wireheading","Worship","BattleHymn"],"picked":"Sanctity","floor":13},{"not_picked":["EmptyBody","FlurryOfBlows","ThirdEye","Indignation"],"picked":"SKIP","floor":14},{"not_picked":["ConjureBlade","Devotion","Scrawl"],"picked":"DevaForm","floor":16},{"not_picked":["FlyingSleeves+1","ClearTheMind","WreathOfFlame"],"picked":"CutThroughFate","floor":18},{"not_picked":["Crescendo+1","Prostrate","Consecrate","Evaluate"],"picked":"SKIP","floor":20},{"not_picked":["Consecrate","Halt","JustLucky","WreathOfFlame"],"picked":"SKIP","floor":21},{"not_picked":["FlurryOfBlows","FearNoEvil+1","CrushJoints+1"],"picked":"Vault","floor":23},{"not_picked":["ForeignInfluence","Prostrate","Protect","SashWhip"],"picked":"Singing Bowl","floor":27},{"not_picked":["CrushJoints","Blasphemy","BowlingBash"],"picked":"Scrawl","floor":28},{"not_picked":["Worship","JustLucky","LikeWater","Sanctity+1"],"picked":"Singing Bowl","floor":30},{"not_picked":["Prostrate","EmptyBody+1","DeceiveReality+1"],"picked":"Sanctity+1","floor":31},{"not_picked":["ConjureBlade","Blasphemy","MasterReality"],"picked":"Vault","floor":33},{"not_picked":["Halt","Worship","EmptyFist+1","Crescendo"],"picked":"Singing Bowl","floor":35},{"not_picked":["EmptyFist+1","FlyingSleeves+1","Evaluate"],"picked":"Wallop","floor":37},{"not_picked":["CutThroughFate+1","DeusExMachina","CrushJoints","WreathOfFlame"],"picked":"Singing Bowl","floor":39},{"not_picked":["Prostrate+1","FollowUp+1","WaveOfTheHand","SashWhip+1"],"picked":"Singing Bowl","floor":41},{"not_picked":["Halt+1","SashWhip+1","EmptyFist+1","Conclude"],"picked":"Singing Bowl","floor":45},{"not_picked":["DevaForm+1","ClearTheMind","CutThroughFate","Prostrate+1"],"picked":"Singing Bowl","floor":46},{"not_picked":["Secret Weapon","Discovery","Sadistic Nature+1","Bandage Up"],"picked":"Singing Bowl","floor":48}],"player_experience":1388346,"relics_obtained":[{"floor":7,"key":"Darkstone Periapt"},{"floor":9,"key":"Question Card"},{"floor":23,"key":"Singing Bowl"},{"floor":24,"key":"Bird Faced Urn"},{"floor":26,"key":"Gremlin Horn"},{"floor":28,"key":"Akabeko"},{"floor":40,"key":"Bottled Lightning"},{"floor":43,"key":"Frozen Egg 2"},{"floor":49,"key":"Strawberry"}],"event_choices":[{"damage_healed":0,"gold_gain":0,"player_choice":"Success","damage_taken":3,"relics_obtained":["Pocketwatch"],"max_hp_gain":0,"max_hp_loss":0,"event_name":"Scrap Ooze","floor":2,"gold_loss":0},{"damage_healed":0,"gold_gain":75,"player_choice":"Gather Gold","damage_taken":11,"max_hp_gain":0,"max_hp_loss":0,"event_name":"World of Goop","floor":3,"gold_loss":0},{"damage_healed":0,"gold_gain":0,"player_choice":"Got Potions","damage_taken":0,"max_hp_gain":0,"max_hp_loss":0,"event_name":"Lab","floor":5,"gold_loss":0},{"damage_healed":0,"gold_gain":0,"player_choice":"Opened","damage_taken":0,"relics_obtained":["TeardropLocket"],"max_hp_gain":0,"max_hp_loss":0,"event_name":"The Mausoleum","floor":22,"gold_loss":0},{"damage_healed":0,"gold_gain":0,"cards_transformed":["Strike_P"],"player_choice":"Transformed","damage_taken":0,"max_hp_gain":0,"max_hp_loss":0,"event_name":"Transmorgrifier","floor":25,"gold_loss":0,"cards_obtained":["MentalFortress"]},{"cards_removed":["Conclude"],"damage_healed":0,"gold_gain":0,"player_choice":"Gave Card","damage_taken":0,"relics_obtained":["Shovel"],"max_hp_gain":0,"max_hp_loss":0,"event_name":"WeMeetAgain","floor":36,"gold_loss":0},{"damage_healed":0,"gold_gain":0,"player_choice":"Ignored","damage_taken":0,"max_hp_gain":0,"max_hp_loss":0,"event_name":"Tomb of Lord Red Mask","floor":38,"gold_loss":0},{"damage_healed":0,"gold_gain":0,"player_choice":"Damaged","damage_taken":8,"max_hp_gain":0,"max_hp_loss":0,"event_name":"Wheel of Change","floor":44,"gold_loss":0},{"damage_healed":0,"gold_gain":0,"player_choice":"Ignored","damage_taken":0,"max_hp_gain":0,"max_hp_loss":0,"event_name":"Mysterious Sphere","floor":47,"gold_loss":0},{"damage_healed":0,"gold_gain":0,"player_choice":"Memory 1","damage_taken":0,"max_hp_gain":0,"max_hp_loss":0,"event_name":"SensoryStone","floor":48,"gold_loss":0}],"is_beta":false,"boss_relics":[{"not_picked":["Busted Crown","Fusion Hammer"],"picked":"Coffee Dripper"},{"not_picked":["Runic Dome","SacredBark"],"picked":"Astrolabe"}],"items_purged_floors":[],"is_endless":false,"potions_floor_spawned":[4,8,11,13,18,21,23,27,37,41],"ascension_level":1}}