{"host":"vyjryxuuuxkt43k4","time":1611454917,"event":{"mods":["AchievementEnabler","BaseMod","Colored Map","DeckTracker","Keyboard Shortcuts","Minty Spire (QoL Compilation)","Permanent Neow","Quick Restart","StSLib","SuperFastMode","everything is the same but u backflip on backflip"],"gold_per_floor":[110,34,34,53,53,91,91,131,131,170,170,183,212,287,287,380,380,394,414,430,61,84,120,120,164,238,288,304,339,339,1,1,100,100,119,42,60,78,78,121,121,159,159,79,97,97,97,136,136,136,136,136,136,26,61,61,61],"floor_reached":56,"language":"KOR","playtime":2451,"items_purged":[],"score":2322,"play_id":"d9767a1e-a7c1-41fa-91c6-f95a795f999e","local_time":"20210124112157","is_ascension_mode":true,"campfire_choices":[{"data":"Perfected Strike","floor":7.0,"key":"SMITH"},{"floor":11.0,"key":"REST"},{"data":"Fire Breathing","floor":15.0,"key":"SMITH"},{"floor":24.0,"key":"REST"},{"data":"Feel No Pain","floor":32.0,"key":"SMITH"},{"data":"Double Tap","floor":41.0,"key":"SMITH"},{"floor":49.0,"key":"RECALL"},{"data":"Perfected Strike","floor":53.0,"key":"SMITH"}],"circlet_count":0,"master_deck":["AscendersBane","Strike_R","Strike_R","Strike_R","Strike_R","Strike_R","Defend_R","Defend_R","Defend_R","Defend_R+1","Bash","Shrug It Off","Feel No Pain+1","Perfected Strike+1","Headbutt","Fire Breathing+1","Pommel Strike","Immolate","Double Tap+1","Battle Trance+1","Perfected Strike+1","Perfected Strike","Intimidate","Uppercut+1","Havoc+1","Pommel Strike","Evolve","Dual Wield+1","Warcry+1","Ghostly Armor+1","Flame Barrier","Perfected Strike","Inflame","Offering","Disarm","Second Wind","Flame Barrier+1","Perfected Strike"],"relics":["Burning Blood","NeowsBlessing","Golden Idol","Prayer Wheel","Singing Bowl","Mummified Hand","MealTicket","Odd Mushroom","Snecko Eye","Pear","Pen Nib","Ice Cream","Kunai","War Paint","Pantograph","Coffee Dripper","Dream Catcher","Unceasing Top","Blue Candle","Incense Burner"],"acts_visited":["Exordium","TheCity","TheBeyond","TheEnding"],"potions_floor_usage":[],"damage_taken":[{"damage":0.0,"enemies":"Cultist","floor":1.0,"turns":1.0},{"damage":0.0,"enemies":"Small Slimes","floor":4.0,"turns":1.0},{"damage":0.0,"enemies":"Gremlin Nob","floor":6.0,"turns":1.0},{"damage":29.0,"enemies":"3 Sentries","floor":8.0,"turns":9.0},{"damage":22.0,"enemies":"Lagavulin","floor":10.0,"turns":5.0},{"damage":0.0,"enemies":"2 Louse","floor":12.0,"turns":2.0},{"damage":6.0,"enemies":"The Mushroom Lair","floor":13.0,"turns":3.0},{"damage":0.0,"enemies":"Slime Boss","floor":16.0,"turns":7.0},{"damage":35.0,"enemies":"3 Byrds","floor":18.0,"turns":6.0},{"damage":24.0,"enemies":"Spheric Guardian","floor":19.0,"turns":4.0},{"damage":25.0,"enemies":"Snecko","floor":20.0,"turns":5.0},{"damage":27.0,"enemies":"Sentry and Sphere","floor":22.0,"turns":5.0},{"damage":8.0,"enemies":"Gremlin Leader","floor":23.0,"turns":3.0},{"damage":15.0,"enemies":"Slavers","floor":25.0,"turns":2.0},{"damage":9.0,"enemies":"Centurion and Healer","floor":28.0,"turns":6.0},{"damage":14.0,"enemies":"Book of Stabbing","floor":29.0,"turns":2.0},{"damage":0.0,"enemies":"Shelled Parasite and Fungi","floor":30.0,"turns":1.0},{"damage":21.0,"enemies":"Automaton","floor":33.0,"turns":6.0},{"damage":9.0,"enemies":"3 Darklings","floor":35.0,"turns":2.0},{"damage":0.0,"enemies":"Orb Walker","floor":37.0,"turns":2.0},{"damage":5.0,"enemies":"Maw","floor":38.0,"turns":5.0},{"damage":0.0,"enemies":"Reptomancer","floor":40.0,"turns":2.0},{"damage":37.0,"enemies":"Giant Head","floor":42.0,"turns":5.0},{"damage":9.0,"enemies":"4 Shapes","floor":45.0,"turns":3.0},{"damage":48.0,"enemies":"Reptomancer","floor":48.0,"turns":7.0},{"damage":77.0,"enemies":"Awakened One","floor":50.0,"turns":12.0},{"damage":32.0,"enemies":"Time Eater","floor":51.0,"turns":8.0},{"damage":82.0,"enemies":"Shield and Spear","floor":55.0,"turns":5.0},{"damage":140,"enemies":"The Heart","floor":56,"turns":5}],"seed_played":"-1277387200871533098","potions_obtained":[{"floor":1.0,"key":"SpeedPotion"},{"floor":4.0,"key":"Energy Potion"},{"floor":6.0,"key":"LiquidMemories"},{"floor":13.0,"key":"Dexterity Potion"},{"floor":20.0,"key":"DistilledChaos"},{"floor":23.0,"key":"LiquidMemories"},{"floor":25.0,"key":"SmokeBomb"},{"floor":33.0,"key":"FairyPotion"},{"floor":40.0,"key":"EntropicBrew"},{"floor":42.0,"key":"EntropicBrew"},{"floor":45.0,"key":"PowerPotion"}],"is_trial":false,"path_per_floor":["M","$","?","M","$","E","R","E","T","E","R","M","?","?","R","B",null,"M","M","M","$","M","E","R","E","T","?","M","E","M","$","R","B",null,"M","$","M","M","?","E","R","E","T","$","M","?","$","E","R","B","B",null,"R","$","E","B"],"character_chosen":"IRONCLAD","items_purchased":["Feel No Pain","Pear","Swift Potion","Intimidate","Pantograph","Energy Potion","Flame Barrier","Disarm","FairyPotion"],"campfire_rested":2,"item_purchase_floors":[2,21,21,21,31,31,36,44,54],"current_hp_per_floor":[74,74,48,54,54,60,60,37,37,23,46,52,54,43,43,49,72,45,29,12,37,20,18,47,38,38,38,35,27,33,48,48,60,91,88,101,103,105,105,105,105,76,76,91,88,88,102,60,60,14,13,80,80,95,21,0,0],"gold":61,"neow_bonus":"THREE_ENEMY_KILL","is_daily":false,"chose_seed":false,"campfire_upgraded":5,"win_rate":0.0,"timestamp":1611454917,"path_taken":["M","$","?","M","$","E","R","E","T","E","R","M","?","?","R","BOSS","M","M","M","$","M","E","R","E","T","?","?","E","M","$","R","BOSS","M","$","M","M","?","E","R","E","T","$","?","?","?","E","R","BOSS","BOSS","R","$","E","BOSS"],"items_purchased_type":["Card","Relic","Potion","Card","Relic","Potion","Card","Card","Potion"],"build_version":"2020-12-22","purchased_purges":0,"victory":false,"max_hp_per_floor":[75,75,75,75,75,75,75,75,75,77,77,77,79,79,79,79,79,81,83,85,95,99,99,99,99,99,99,99,99,99,99,99,101,101,101,101,103,105,105,105,105,107,107,107,107,102,102,102,102,102,102,102,102,102,104,104,104],"card_choices":[{"not_picked":["Rupture","Burning Pact"],"picked":"Shrug It Off","floor":1.0},{"not_picked":["Pommel Strike","Whirlwind"],"picked":"Perfected Strike","floor":4.0},{"not_picked":["Warcry","Rampage"],"picked":"Headbutt","floor":6.0},{"not_picked":["Warcry","Heavy Blade"],"picked":"Fire Breathing","floor":8.0},{"not_picked":["Carnage","Shrug It Off","Clothesline"],"picked":"Singing Bowl","floor":10.0},{"not_picked":["Battle Trance","Cleave"],"picked":"Pommel Strike","floor":12.0},{"not_picked":["Heavy Blade","Thunderclap"],"picked":"Immolate","floor":12.0},{"not_picked":["Bloodletting","Rage","Clothesline"],"picked":"Singing Bowl","floor":13.0},{"not_picked":["Juggernaut","Immolate"],"picked":"Double Tap","floor":16.0},{"not_picked":["Thunderclap","Iron Wave","Heavy Blade"],"picked":"Singing Bowl","floor":18.0},{"not_picked":["Shockwave","Anger+1"],"picked":"Battle Trance","floor":18.0},{"not_picked":["Sever Soul","Clothesline"],"picked":"Perfected Strike","floor":19.0},{"not_picked":["Rupture","Double Tap","Thunderclap"],"picked":"Singing Bowl","floor":19.0},{"not_picked":["Metallicize","Evolve"],"picked":"Perfected Strike","floor":20.0},{"not_picked":["Pummel","Shrug It Off","Flex+1"],"picked":"Singing Bowl","floor":20.0},{"not_picked":["Thunderclap","Searing Blow","Warcry"],"picked":"Singing Bowl","floor":22.0},{"not_picked":["Dual Wield","Dropkick","Flex+1"],"picked":"Singing Bowl","floor":22.0},{"not_picked":["Shrug It Off","Twin Strike"],"picked":"Uppercut+1","floor":23.0},{"not_picked":["Cleave","Shrug It Off"],"picked":"Havoc+1","floor":25.0},{"not_picked":["Havoc","Sword Boomerang"],"picked":"Pommel Strike","floor":28.0},{"not_picked":["Iron Wave","Cleave"],"picked":"Evolve","floor":28.0},{"not_picked":["Havoc+1","Sword Boomerang"],"picked":"Dual Wield+1","floor":29.0},{"not_picked":["Berserk","Limit Break","Bludgeon"],"picked":"Singing Bowl","floor":33.0},{"not_picked":["Iron Wave","Sword Boomerang"],"picked":"Warcry+1","floor":35.0},{"not_picked":["Flex+1","Rupture+1"],"picked":"Ghostly Armor+1","floor":35.0},{"not_picked":["Hemokinesis+1","Thunderclap"],"picked":"Perfected Strike","floor":37.0},{"not_picked":["Sentinel","Armaments","Sword Boomerang"],"picked":"Singing Bowl","floor":37.0},{"not_picked":["Bloodletting","Sword Boomerang+1","Flex"],"picked":"Singing Bowl","floor":38.0},{"not_picked":["Thunderclap","Iron Wave"],"picked":"Inflame","floor":38.0},{"not_picked":["Clothesline","Spot Weakness+1"],"picked":"Offering","floor":40.0},{"not_picked":["Armaments","Bloodletting","Clash"],"picked":"Singing Bowl","floor":42.0},{"not_picked":["Twin Strike","Body Slam"],"picked":"Second Wind","floor":45.0},{"not_picked":["Heavy Blade","Warcry"],"picked":"Flame Barrier+1","floor":45.0},{"not_picked":["Rage","Hemokinesis+1"],"picked":"Perfected Strike","floor":48.0},{"not_picked":["Second Wind","Body Slam","Clothesline"],"picked":"Singing Bowl","floor":55.0}],"player_experience":277683,"relics_obtained":[{"floor":6.0,"key":"Prayer Wheel"},{"floor":8.0,"key":"Singing Bowl"},{"floor":9.0,"key":"Mummified Hand"},{"floor":10.0,"key":"MealTicket"},{"floor":13.0,"key":"Odd Mushroom"},{"floor":23.0,"key":"Pen Nib"},{"floor":25.0,"key":"Ice Cream"},{"floor":26.0,"key":"Kunai"},{"floor":29.0,"key":"War Paint"},{"floor":40.0,"key":"Dream Catcher"},{"floor":42.0,"key":"Unceasing Top"},{"floor":48.0,"key":"Blue Candle"},{"floor":55.0,"key":"Incense Burner"}],"event_choices":[{"damage_healed":0.0,"max_hp_gain":0.0,"max_hp_loss":0.0,"gold_gain":0.0,"event_name":"Golden Idol","player_choice":"Take Damage","floor":3.0,"gold_loss":0.0,"damage_taken":26.0,"relics_obtained":["Golden Idol"]},{"damage_healed":0.0,"max_hp_gain":0.0,"max_hp_loss":0.0,"gold_gain":0.0,"event_name":"Mushrooms","player_choice":"Fought Mushrooms","floor":13.0,"gold_loss":0.0,"damage_taken":0.0},{"damage_healed":0.0,"max_hp_gain":0.0,"max_hp_loss":0.0,"gold_gain":75.0,"event_name":"World of Goop","player_choice":"Gather Gold","floor":14.0,"gold_loss":0.0,"damage_taken":11.0},{"damage_healed":0.0,"max_hp_gain":0.0,"max_hp_loss":0.0,"gold_gain":50.0,"event_name":"Golden Shrine","player_choice":"Pray","floor":27.0,"gold_loss":0.0,"damage_taken":0.0},{"damage_healed":0.0,"max_hp_gain":0.0,"max_hp_loss":0.0,"gold_gain":0.0,"event_name":"SecretPortal","player_choice":"Ignored","floor":39.0,"gold_loss":0.0,"damage_taken":0.0},{"damage_healed":0.0,"max_hp_gain":0.0,"max_hp_loss":5.0,"gold_gain":0.0,"event_name":"Winding Halls","player_choice":"Max HP","floor":46.0,"gold_loss":0.0,"damage_taken":0.0}],"is_beta":false,"boss_relics":[{"not_picked":["Philosopher\u0027s Stone","Runic Cube"],"picked":"Snecko Eye"},{"not_picked":["Calling Bell","Fusion Hammer"],"picked":"Coffee Dripper"}],"items_purged_floors":[],"is_endless":false,"potions_floor_spawned":[1,4,6,13,20,23,25,30,33,40,42,45],"killed_by":"The Heart","ascension_level":20}}