{"host":"17uzppmr1r5fe5jj","time":1611531853,"event":{"mods":["BaseMod","Minty Spire (QoL Compilation)","Quick Restart","StSLib","[IsaacMod]ÒÔÈö¼âËþ"],"gold_per_floor":[109,126,126,138,149,178,178,205,205,232,232,261,261,294,294,393,393,409,429,443,456,218,218,218,73,73,73,102,27,27,57,57,162,162,180,191,210,147,164,192,192,222,222,36,36,67,100,117,117,117],"floor_reached":51,"language":"ZHS","playtime":2712,"items_purged":["Strike_G","Strike_G","Strike_G","Defend_G"],"score":1091,"play_id":"3015242c-e7da-4a73-96d1-a3ab7f094b0f","local_time":"20210125074413","daily_mods":["Vintage","Heirloom","Flight","DeadlyEvents","Elite Swarm"],"is_ascension_mode":false,"campfire_choices":[{"data":"Envenom","floor":7.0,"key":"SMITH"},{"data":"Corpse Explosion","floor":11.0,"key":"SMITH"},{"data":"Storm of Steel","floor":13.0,"key":"SMITH"},{"data":"Tools of the Trade","floor":15.0,"key":"SMITH"},{"data":"Footwork","floor":23.0,"key":"SMITH"},{"data":"Bullet Time","floor":24.0,"key":"SMITH"},{"data":"Apotheosis","floor":27.0,"key":"SMITH"},{"data":"Doppelganger","floor":30.0,"key":"SMITH"},{"data":"Adrenaline","floor":32.0,"key":"SMITH"},{"floor":41.0,"key":"REST"},{"floor":49,"key":"REST"}],"circlet_count":0,"master_deck":["Strike_G+1","Defend_G","Defend_G","Defend_G+1","Defend_G+1","Survivor+1","Neutralize+1","Envenom+1","Bullet Time+1","Corpse Explosion+1","Storm of Steel+1","Tools of the Trade+1","Footwork+1","Terror","Apotheosis+1","Doppelganger+1","Adrenaline+1","Phantasmal Killer+1","CurseOfTheBell","Venomology","Infinite Blades","A Thousand Cuts","Wraith Form v2","Backflip"],"relics":["HushsDoor","D4","Cracked Core","Damocles","ForgetMeNow","Leech","BlankCard","Dead Branch","Pocketwatch","Incense Burner","Du-Vu Doll","Mummified Hand","StrikeDummy","SharpPlug","Ornamental Fan","Gremlin Horn","UnicornStump","Shuriken","HornCleat","TuHaoJin","Bag of Marbles","Boot","Centennial Puzzle","Bag of Preparation","Snake Skull","Happy Flower","Art of War","Lantern","Strawberry","Oddly Smooth Stone","TheBean","Whetstone","Blood Vial","Kunai","Black Star","SlaversCollar","PrismaticShard","Frozen Eye","Incubus"],"acts_visited":["Exordium","TheCity","TheBeyond"],"potions_floor_usage":[46,46,50,50],"damage_taken":[{"damage":5.0,"enemies":"2 Louse","floor":1.0,"turns":3.0},{"damage":0.0,"enemies":"Cultist","floor":2.0,"turns":4.0},{"damage":0.0,"enemies":"Jaw Worm","floor":4.0,"turns":3.0},{"damage":11.0,"enemies":"Lots of Slimes","floor":5.0,"turns":7.0},{"damage":0.0,"enemies":"Gremlin Nob","floor":6.0,"turns":5.0},{"damage":10.0,"enemies":"3 Sentries","floor":8.0,"turns":7.0},{"damage":14.0,"enemies":"Lagavulin","floor":10.0,"turns":8.0},{"damage":1.0,"enemies":"3 Sentries","floor":12.0,"turns":6.0},{"damage":1.0,"enemies":"Lagavulin","floor":14.0,"turns":4.0},{"damage":27.0,"enemies":"The Guardian","floor":16.0,"turns":5.0},{"damage":0.0,"enemies":"Chosen","floor":18.0,"turns":3.0},{"damage":3.0,"enemies":"2 Thieves","floor":19.0,"turns":3.0},{"damage":4.0,"enemies":"Snecko","floor":20.0,"turns":4.0},{"damage":0.0,"enemies":"Sentry and Sphere","floor":21.0,"turns":3.0},{"damage":0.0,"enemies":"Gremlin Leader","floor":28.0,"turns":4.0},{"damage":11.0,"enemies":"Slavers","floor":31.0,"turns":3.0},{"damage":44.0,"enemies":"Champ","floor":33.0,"turns":7.0},{"damage":0.0,"enemies":"3 Darklings","floor":35.0,"turns":2.0},{"damage":6.0,"enemies":"3 Shapes","floor":36.0,"turns":5.0},{"damage":0.0,"enemies":"Maw","floor":37.0,"turns":5.0},{"damage":1.0,"enemies":"4 Shapes","floor":39.0,"turns":6.0},{"damage":24.0,"enemies":"Nemesis","floor":40.0,"turns":8.0},{"damage":1.0,"enemies":"Reptomancer","floor":42.0,"turns":5.0},{"damage":31,"enemies":"Nemesis","floor":46,"turns":5},{"damage":2,"enemies":"Reptomancer","floor":47,"turns":5},{"damage":0,"enemies":"Transient","floor":48,"turns":5},{"damage":0,"enemies":"Time Eater","floor":50,"turns":6}],"seed_played":"8392440238688153773","potions_obtained":[{"floor":1.0,"key":"DuplicationPotion"},{"floor":6.0,"key":"LiquidBronze"},{"floor":12.0,"key":"CultistPotion"},{"floor":14.0,"key":"LiquidMemories"},{"floor":16.0,"key":"Energy Potion"},{"floor":19.0,"key":"DistilledChaos"},{"floor":28.0,"key":"DuplicationPotion"},{"floor":31.0,"key":"SteroidPotion"},{"floor":33.0,"key":"CunningPotion"},{"floor":35.0,"key":"FearPotion"},{"floor":40.0,"key":"Weak Potion"},{"floor":42.0,"key":"SkillPotion"},{"floor":48,"key":"GamblersBrew"}],"is_trial":true,"path_per_floor":["M","M","?","M","M","E","R","E","T","E","R","E","R","E","R","B",null,"M","M","M","M","$","R","R","$","T","R","E","?","R","E","R","B",null,"M","M","M","$","M","E","R","E","T","$","?","E","E","M","R","B",null],"character_chosen":"THE_SILENT","items_purchased":["SteamSale","Footwork","Terror","Apotheosis","Toy Ornithopter","Infinite Blades"],"campfire_rested":2,"item_purchase_floors":[22,22,22,25,44,44],"current_hp_per_floor":[65,65,65,65,54,54,54,44,44,42,42,41,41,40,40,25,70,70,67,63,63,63,63,63,63,63,63,63,63,63,52,52,20,70,70,64,64,64,63,39,70,69,69,69,69,39,37,37,65,72],"gold":117,"neow_bonus":"","is_daily":false,"chose_seed":false,"campfire_upgraded":9,"win_rate":0.0,"timestamp":1611531853,"path_taken":["M","M","?","M","M","E","R","E","T","E","R","E","R","E","R","BOSS","M","M","?","M","$","R","R","$","T","R","E","?","R","E","R","BOSS","M","M","M","$","?","E","R","E","T","$","?","E","?","M","R","BOSS"],"items_purchased_type":["Relic","Card","Card","Card","Relic","Card"],"build_version":"2020-12-22","purchased_purges":4,"victory":true,"max_hp_per_floor":[70,70,70,70,70,70,70,70,70,70,70,70,70,70,70,70,70,70,70,70,70,70,70,70,70,70,70,70,70,70,70,70,70,70,70,70,70,70,70,70,70,70,70,70,70,65,65,65,65,72],"card_choices":[{"not_picked":["Night Terror","Die Die Die"],"picked":"Envenom","floor":6.0},{"not_picked":["Die Die Die","Malaise"],"picked":"Bullet Time","floor":8.0},{"not_picked":["Night Terror","Die Die Die"],"picked":"Corpse Explosion","floor":10.0},{"not_picked":["Burst","After Image"],"picked":"Storm of Steel","floor":12.0},{"not_picked":["A Thousand Cuts","Corpse Explosion"],"picked":"Tools of the Trade","floor":14.0},{"not_picked":["Burst","Die Die Die"],"picked":"Doppelganger","floor":28.0},{"not_picked":["Doppelganger","Phantasmal Killer"],"picked":"Adrenaline","floor":31.0},{"not_picked":["A Thousand Cuts","Unload"],"picked":"Phantasmal Killer","floor":33.0},{"not_picked":["Adrenaline","Malaise"],"picked":"Venomology","floor":40.0},{"not_picked":["Storm of Steel","Die Die Die","Malaise"],"picked":"SKIP","floor":42.0},{"not_picked":["Unload","Burst"],"picked":"A Thousand Cuts","floor":46},{"not_picked":["Doppelganger","Night Terror"],"picked":"Wraith Form v2","floor":47},{"not_picked":["Dagger Spray+1","Slice+1"],"picked":"Backflip","floor":49}],"player_experience":123329,"relics_obtained":[{"floor":1.0,"key":"Paper Crane"},{"floor":2.0,"key":"Ice Cream"},{"floor":4.0,"key":"Thread and Needle"},{"floor":5.0,"key":"War Paint"},{"floor":6.0,"key":"Tingsha"},{"floor":8.0,"key":"D4"},{"floor":9.0,"key":"Meat on the Bone"},{"floor":10.0,"key":"Vajra"},{"floor":12.0,"key":"BelialBook"},{"floor":14.0,"key":"Bottled Lightning"},{"floor":18.0,"key":"Bronze Scales"},{"floor":19.0,"key":"Ancient Tea Set"},{"floor":20.0,"key":"Void"},{"floor":21.0,"key":"Orichalcum"},{"floor":26.0,"key":"InkBottle"},{"floor":28.0,"key":"HowToJump"},{"floor":31.0,"key":"Potion Belt"},{"floor":34.0,"key":"Omamori"},{"floor":34.0,"key":"Matryoshka"},{"floor":34.0,"key":"Torii"},{"floor":35.0,"key":"Anchor"},{"floor":36.0,"key":"Pen Nib"},{"floor":37.0,"key":"Nunchaku"},{"floor":39.0,"key":"PillsDrop"},{"floor":40.0,"key":"Regal Pillow"},{"floor":42.0,"key":"StoneCalendar"},{"floor":43.0,"key":"Dream Catcher"},{"floor":43.0,"key":"Mercury Hourglass"},{"floor":46,"key":"Diplopia"},{"floor":47,"key":"Bottled Tornado"},{"floor":48,"key":"GuppysHead"}],"event_choices":[{"damage_healed":0.0,"max_hp_gain":0.0,"max_hp_loss":0.0,"gold_gain":0.0,"event_name":"Upgrade Shrine","player_choice":"Upgraded","floor":3.0,"gold_loss":0.0,"damage_taken":0.0,"cards_upgraded":["Survivor"]},{"cards_removed":["Strike_G"],"damage_healed":0.0,"max_hp_gain":0.0,"max_hp_loss":0.0,"gold_gain":0.0,"event_name":"Beggar","player_choice":"Gave Gold","floor":29.0,"gold_loss":75.0,"damage_taken":0.0},{"damage_healed":0.0,"max_hp_gain":0.0,"max_hp_loss":0.0,"gold_gain":0.0,"event_name":"Upgrade Shrine","player_choice":"Upgraded","floor":45.0,"gold_loss":0.0,"damage_taken":0.0,"cards_upgraded":["Phantasmal Killer"]}],"is_beta":false,"boss_relics":[{"not_picked":["Cursed Key","Velvet Choker"],"picked":"HoveringKite"},{"not_picked":[]},{"not_picked":["Philosopher\u0027s Stone","ChampionBelt"],"picked":"Calling Bell"},{"not_picked":[]}],"items_purged_floors":[22,25,38,44],"is_endless":false,"potions_floor_spawned":[1,6,12,14,16,19,28,31,33,35,40,42,48],"ascension_level":0}}