{"host":"k7udt7atmcuzf6l0","time":1611477640,"event":{"mods":["AchievementEnabler","BaseMod","Colored Map","Colored Powertips","Highlight Path","Minty Spire (QoL Compilation)","Quick Restart","Rare Cards Sparkle","StSLib","UnlockEverythingMod"],"gold_per_floor":[112,112,130,49,49,49,1,32,32,32,50,77,27,44,44,139,139,156,71,71,82,46,46,71,71,98,197,197,38,38,38,38,143,143,159,159,2,21,32,32,62,76,100,130,144,144,194,194,194,194],"floor_reached":51,"language":"ZHS","playtime":1197,"items_purged":[],"score":827,"play_id":"3fc7aedb-19d5-4a9b-b2ce-01cffd80bb49","local_time":"20210124164040","is_ascension_mode":false,"campfire_choices":[{"data":"Inflame","floor":6,"key":"SMITH"},{"data":"Bash","floor":10,"key":"SMITH"},{"data":"Armaments","floor":15,"key":"SMITH"},{"data":"Offering","floor":23,"key":"SMITH"},{"data":"Shockwave","floor":28,"key":"SMITH"},{"data":"Flex","floor":30,"key":"SMITH"},{"data":"Flex","floor":32,"key":"SMITH"},{"data":"Sword Boomerang","floor":40,"key":"SMITH"},{"data":"Pummel","floor":46,"key":"SMITH"},{"data":"Battle Trance","floor":49,"key":"SMITH"}],"circlet_count":0,"master_deck":["Strike_R+1","Strike_R+1","Defend_R+1","Defend_R+1","Bash+1","Limit Break+1","Iron Wave","Headbutt","Inflame+1","Hemokinesis","Sword Boomerang+1","Armaments+1","Flex+1","Flex+1","Offering+1","Rage+1","Shockwave+1","Reaper","Pummel+1","Offering+1","Body Slam+1","Seeing Red+1","Havoc+1","Battle Trance+1","Flex+1","Uppercut+1","Bloodletting","Heavy Blade+1","Cleave+1","Dropkick"],"relics":["Burning Blood","FossilizedHelix","Bottled Tornado","Dead Branch","Runic Pyramid","Ancient Tea Set","Boot","Pen Nib","Astrolabe","War Paint","Vajra","Smiling Mask","Bag of Preparation","Turnip"],"acts_visited":["TheCity","TheBeyond"],"potions_floor_usage":[3,8,16,21,33,33,33,39,41,41,45,47],"damage_taken":[{"damage":1,"enemies":"2 Louse","floor":1,"turns":3},{"damage":11,"enemies":"Jaw Worm","floor":3,"turns":3},{"damage":27,"enemies":"Gremlin Nob","floor":8,"turns":4},{"damage":0,"enemies":"Cultist","floor":11,"turns":3},{"damage":8,"enemies":"Lagavulin","floor":12,"turns":5},{"damage":0,"enemies":"3 Louse","floor":14,"turns":2},{"damage":26,"enemies":"The Guardian","floor":16,"turns":8},{"damage":17,"enemies":"2 Thieves","floor":18,"turns":3},{"damage":0,"enemies":"Spheric Guardian","floor":21,"turns":2},{"damage":7,"enemies":"Slavers","floor":24,"turns":3},{"damage":45,"enemies":"Collector","floor":33,"turns":4},{"damage":8,"enemies":"3 Darklings","floor":35,"turns":2},{"damage":22,"enemies":"3 Shapes","floor":38,"turns":3},{"damage":0,"enemies":"Jaw Worm Horde","floor":39,"turns":2},{"damage":8,"enemies":"Reptomancer","floor":41,"turns":1},{"damage":0,"enemies":"4 Shapes","floor":42,"turns":3},{"damage":26,"enemies":"Giant Head","floor":44,"turns":3},{"damage":34,"enemies":"Writhing Mass","floor":45,"turns":3},{"damage":9,"enemies":"Mind Bloom Boss Battle","floor":47,"turns":2},{"damage":12,"enemies":"Donu and Deca","floor":50,"turns":2}],"seed_played":"8561844518607056274","potions_obtained":[{"floor":1,"key":"Fruit Juice"},{"floor":11,"key":"BlessingOfTheForge"},{"floor":14,"key":"BloodPotion"},{"floor":16,"key":"Dexterity Potion"},{"floor":18,"key":"EntropicBrew"},{"floor":38,"key":"DistilledChaos"},{"floor":39,"key":"LiquidMemories"},{"floor":44,"key":"EssenceOfSteel"},{"floor":45,"key":"Dexterity Potion"}],"is_trial":false,"path_per_floor":["M","?","M","$","?","R","$","E","T","R","M","E","$","M","R","B",null,"M","?","?","M","$","R","E","$","T","?","R","$","R","?","R","B",null,"M","?","$","M","M","R","E","M","T","E","M","R","?","?","R","B",null],"character_chosen":"IRONCLAD","items_purchased":["Inflame","AttackPotion","Flex","Shockwave","Reaper","War Paint"],"campfire_rested":0,"item_purchase_floors":[4,7,13,22,29,37],"current_hp_per_floor":[80,80,80,80,80,80,80,59,59,59,65,63,63,69,69,49,85,74,74,74,80,80,80,79,79,79,79,79,79,79,79,79,62,85,83,83,83,81,85,85,83,85,85,85,57,57,82,82,82,76],"gold":194,"neow_bonus":"TRANSFORM_CARD","is_daily":false,"chose_seed":false,"campfire_upgraded":10,"win_rate":0.0,"timestamp":1611477640,"path_taken":["M","?","M","$","?","R","$","E","T","R","?","E","$","M","R","BOSS","M","?","?","M","?","R","E","$","T","?","R","$","R","?","R","BOSS","M","?","$","M","?","R","E","M","T","E","M","R","?","?","R","BOSS"],"items_purchased_type":["Card","Potion","Card","Card","Card","Relic"],"build_version":"2020-12-22","purchased_purges":0,"victory":true,"max_hp_per_floor":[80,80,85,85,85,85,85,85,85,85,85,85,85,85,85,85,85,85,85,85,85,85,85,85,85,85,85,85,85,85,85,85,85,85,85,85,85,85,85,85,85,85,85,85,85,85,85,85,85,85],"card_choices":[{"not_picked":["Sever Soul","Anger"],"picked":"Iron Wave","floor":1},{"not_picked":["Feel No Pain","Intimidate"],"picked":"Headbutt","floor":3},{"not_picked":["Iron Wave","Headbutt"],"picked":"Hemokinesis","floor":8},{"not_picked":["Havoc","Wild Strike"],"picked":"Sword Boomerang","floor":11},{"not_picked":["Shrug It Off","Clash"],"picked":"Armaments","floor":12},{"not_picked":["Combust","Dropkick"],"picked":"Flex","floor":14},{"not_picked":["Feed","Bludgeon"],"picked":"Offering","floor":16},{"not_picked":["Intimidate","Wild Strike"],"picked":"Rage","floor":18},{"not_picked":["Metallicize","Flex","Evolve"],"picked":"SKIP","floor":21},{"not_picked":["Armaments","Heavy Blade","Fire Breathing+1"],"picked":"SKIP","floor":24},{"not_picked":["Brutality","Impervious"],"picked":"Offering","floor":33},{"not_picked":["Shrug It Off","Pommel Strike"],"picked":"Havoc+1","floor":35},{"not_picked":["Shrug It Off","Rupture"],"picked":"Battle Trance","floor":38},{"not_picked":["Pommel Strike","Juggernaut"],"picked":"Flex+1","floor":39},{"not_picked":["Flex","Brutality"],"picked":"Uppercut+1","floor":41},{"not_picked":["Shockwave","Metallicize+1"],"picked":"Bloodletting","floor":42},{"not_picked":["Flex","Clash"],"picked":"Heavy Blade+1","floor":44},{"not_picked":["Shrug It Off","Sever Soul"],"picked":"Cleave+1","floor":45},{"not_picked":["Iron Wave+1","Thunderclap+1"],"picked":"Dropkick","floor":47}],"player_experience":113604,"relics_obtained":[{"floor":8,"key":"FossilizedHelix"},{"floor":9,"key":"Bottled Tornado"},{"floor":12,"key":"Dead Branch"},{"floor":24,"key":"Boot"},{"floor":26,"key":"Pen Nib"},{"floor":41,"key":"Vajra"},{"floor":43,"key":"Smiling Mask"},{"floor":44,"key":"Bag of Preparation"},{"floor":47,"key":"Turnip"}],"event_choices":[{"damage_healed":0,"gold_gain":0,"player_choice":"Leave","damage_taken":0,"max_hp_gain":0,"max_hp_loss":0,"event_name":"The Cleric","floor":2,"gold_loss":0},{"damage_healed":0,"gold_gain":0,"player_choice":"Upgraded","damage_taken":0,"max_hp_gain":0,"max_hp_loss":0,"event_name":"Upgrade Shrine","floor":5,"gold_loss":0,"cards_upgraded":["Limit Break"]},{"damage_healed":0,"gold_gain":0,"player_choice":"Obtained Relic","damage_taken":0,"relics_obtained":["Ancient Tea Set"],"max_hp_gain":0,"max_hp_loss":0,"event_name":"Addict","floor":19,"gold_loss":85},{"damage_healed":0,"gold_gain":0,"player_choice":"Simplicity","damage_taken":0,"max_hp_gain":0,"max_hp_loss":0,"event_name":"Back to Basics","floor":20,"gold_loss":0,"cards_upgraded":["Strike_R","Strike_R","Strike_R","Strike_R","Strike_R","Defend_R","Defend_R","Defend_R"]},{"damage_healed":0,"gold_gain":99,"player_choice":"Stole From Cult","damage_taken":0,"max_hp_gain":0,"max_hp_loss":0,"event_name":"Nest","floor":27,"gold_loss":0},{"damage_healed":0,"gold_gain":0,"player_choice":"Read","damage_taken":0,"max_hp_gain":0,"max_hp_loss":0,"event_name":"The Library","floor":31,"gold_loss":0,"cards_obtained":["Pummel"]},{"cards_removed":["Strike_R"],"damage_healed":0,"gold_gain":0,"player_choice":"Offered Basic","damage_taken":0,"max_hp_gain":0,"max_hp_loss":0,"event_name":"Bonfire Elementals","floor":36,"gold_loss":0},{"damage_healed":0,"gold_gain":0,"player_choice":"Fight","damage_taken":0,"max_hp_gain":0,"max_hp_loss":0,"event_name":"MindBloom","floor":47,"gold_loss":0},{"cards_removed":["Barricade"],"damage_healed":0,"gold_gain":0,"player_choice":"Removed Power","damage_taken":0,"max_hp_gain":0,"max_hp_loss":0,"event_name":"Falling","floor":48,"gold_loss":0}],"is_beta":false,"boss_relics":[{"not_picked":["Pandora\u0027s Box","Busted Crown"],"picked":"Runic Pyramid"},{"not_picked":["Tiny House","Calling Bell"],"picked":"Astrolabe"}],"items_purged_floors":[],"is_endless":false,"potions_floor_spawned":[1,11,14,16,18,38,39,44,45],"ascension_level":0}}