{"host":"9n6i2vl93jt4o42q","time":1611486002,"event":{"mods":["BaseMod","Minty Spire (QoL Compilation)","Relic Stats"],"gold_per_floor":[14,28,28,28,51,51,66,85,85,85,110,110,110,128,128,224,224,249,268,289,320,77,77,77,77],"floor_reached":24,"language":"ENG","playtime":1711,"items_purged":["Injury"],"score":380,"play_id":"d209b579-e751-4264-b1c4-42f60edc92b7","local_time":"20210124120002","is_ascension_mode":true,"campfire_choices":[{"data":"Genetic Algorithm","floor":6.0,"key":"SMITH"},{"floor":13.0,"key":"REST"},{"data":"Hologram","floor":15.0,"key":"SMITH"},{"floor":23.0,"key":"REST"}],"circlet_count":0,"master_deck":["AscendersBane","Strike_B","Strike_B","Strike_B","Defend_B","Defend_B","Defend_B","Defend_B","Zap","Dualcast","Auto Shields","Go for the Eyes","Cold Snap","Genetic Algorithm+1","Compile Driver","Streamline","Beam Cell","Hologram+1","Seek","Coolheaded","Sweeping Beam","Recycle"],"relics":["Cracked Core","Gambling Chip","Golden Idol","Letter Opener","Question Card","Busted Crown","Red Mask","Lantern"],"acts_visited":["Exordium","TheCity"],"potions_floor_usage":[24],"damage_taken":[{"damage":0.0,"enemies":"2 Louse","floor":1.0,"turns":2.0},{"damage":8.0,"enemies":"Small Slimes","floor":2.0,"turns":4.0},{"damage":2.0,"enemies":"Cultist","floor":5.0,"turns":3.0},{"damage":28.0,"enemies":"Exordium Thugs","floor":7.0,"turns":4.0},{"damage":11.0,"enemies":"2 Fungi Beasts","floor":8.0,"turns":4.0},{"damage":1.0,"enemies":"Looter","floor":11.0,"turns":4.0},{"damage":3.0,"enemies":"Large Slime","floor":14.0,"turns":4.0},{"damage":14.0,"enemies":"The Guardian","floor":16.0,"turns":14.0},{"damage":1.0,"enemies":"2 Thieves","floor":18.0,"turns":4.0},{"damage":2.0,"enemies":"Shell Parasite","floor":19.0,"turns":4.0},{"damage":43.0,"enemies":"Snake Plant","floor":20.0,"turns":5.0},{"damage":8.0,"enemies":"Masked Bandits","floor":21.0,"turns":4.0},{"damage":28,"enemies":"Book of Stabbing","floor":24,"turns":6}],"seed_played":"-5885084547251136691","potions_obtained":[{"floor":2.0,"key":"AttackPotion"},{"floor":11.0,"key":"LiquidMemories"},{"floor":14.0,"key":"SteroidPotion"},{"floor":19.0,"key":"PowerPotion"},{"floor":21.0,"key":"GamblersBrew"}],"is_trial":false,"path_per_floor":["M","M","?","?","M","R","M","M","T","T","M","?","R","M","R","B",null,"M","M","M","?","$","R","E"],"character_chosen":"DEFECT","items_purchased":["Lantern"],"campfire_rested":2,"item_purchase_floors":[22],"current_hp_per_floor":[64,56,56,56,54,54,26,15,15,15,14,14,35,32,32,18,58,57,55,12,4,4,25,0,0],"gold":77,"neow_bonus":"ONE_RARE_RELIC","is_daily":false,"chose_seed":false,"campfire_upgraded":2,"win_rate":0.0,"timestamp":1611486002,"path_taken":["M","M","?","?","M","R","M","?","T","?","M","?","R","M","R","BOSS","M","M","M","?","$","R","E"],"items_purchased_type":["Relic"],"build_version":"2020-12-22","purchased_purges":1,"victory":false,"max_hp_per_floor":[71,71,71,71,71,71,71,71,71,71,71,71,71,71,71,71,71,71,71,71,71,71,71,71,71],"relic_stats":{"Busted Crown":8,"counters":[13,62],"Golden Idol":59,"Gambling Chip":[31],"Letter Opener":[95],"Question Card":7,"obtain_stats":[{"Lantern":22,"Busted Crown":17,"Golden Idol":3,"Gambling Chip":0,"Red Mask":21,"Letter Opener":9,"Cracked Core":0,"Question Card":10},{"Lantern":12,"Busted Crown":8,"Golden Idol":2,"Gambling Chip":0,"Red Mask":12,"Letter Opener":5,"Cracked Core":0,"Question Card":5},{"Lantern":56,"Busted Crown":39,"Golden Idol":6,"Gambling Chip":0,"Red Mask":56,"Letter Opener":17,"Cracked Core":0,"Question Card":17}]},"card_choices":[{"not_picked":["Go for the Eyes","Leap"],"picked":"Auto Shields","floor":1.0},{"not_picked":["Rebound","Streamline"],"picked":"Go for the Eyes","floor":2.0},{"not_picked":["Static Discharge","Go for the Eyes"],"picked":"Genetic Algorithm","floor":5.0},{"not_picked":["Double Energy","Beam Cell"],"picked":"Compile Driver","floor":7.0},{"not_picked":["Cold Snap","Hyperbeam"],"picked":"Streamline","floor":8.0},{"not_picked":["White Noise","Stack","Barrage"],"picked":"Beam Cell","floor":11.0},{"not_picked":["Sunder","Reinforced Body","All For One"],"picked":"Hologram","floor":14.0},{"not_picked":["Creative AI","Amplify","Core Surge"],"picked":"Seek","floor":16.0},{"not_picked":["Cold Snap"],"picked":"Coolheaded","floor":18.0},{"not_picked":["Heatsinks"],"picked":"Sweeping Beam","floor":19.0},{"not_picked":["White Noise"],"picked":"Recycle","floor":20.0}],"player_experience":2254421,"relics_obtained":[{"floor":9.0,"key":"Letter Opener"},{"floor":10.0,"key":"Question Card"},{"floor":21.0,"key":"Red Mask"}],"event_choices":[{"damage_healed":0.0,"max_hp_gain":0.0,"max_hp_loss":0.0,"gold_gain":0.0,"event_name":"Golden Idol","player_choice":"Take Wound","floor":3.0,"gold_loss":0.0,"damage_taken":0.0,"relics_obtained":["Golden Idol"],"cards_obtained":["Injury"]},{"damage_healed":0.0,"max_hp_gain":0.0,"max_hp_loss":0.0,"gold_gain":0.0,"cards_transformed":["Strike_B"],"event_name":"Transmorgrifier","player_choice":"Transformed","floor":4.0,"gold_loss":0.0,"damage_taken":0.0,"cards_obtained":["Cold Snap"]},{"damage_healed":0.0,"max_hp_gain":0.0,"max_hp_loss":0.0,"gold_gain":0.0,"event_name":"Liars Game","player_choice":"Ignored","floor":12.0,"gold_loss":0.0,"damage_taken":0.0},{"damage_healed":0.0,"max_hp_gain":0.0,"max_hp_loss":0.0,"gold_gain":0.0,"event_name":"Masked Bandits","player_choice":"Fought Bandits","floor":21.0,"gold_loss":0.0,"damage_taken":0.0}],"is_beta":false,"boss_relics":[{"not_picked":["Empty Cage","SlaversCollar"],"picked":"Busted Crown"}],"items_purged_floors":[22],"is_endless":false,"potions_floor_spawned":[2,11,14,19,21],"killed_by":"Book of Stabbing","ascension_level":20}}