{"host":"lzzv50t0ea3gz1kk","time":1611466616,"event":{"mods":["ATMod(°¢èªMod)","Act Like it!","Aspiration","BaseMod","Colored Powertips","Conspire","Downfall","Gensokyo","Hallownest","Hermit","Marisa£¨ìFÓê¡¡Ä§ÀíÉ³£©","Minty Spire (QoL Compilation)","Robot Space Explorer","SIMod","StSLib","The Blackbeard","The Saiyan","vexMod"],"gold_per_floor":[112,123,123,137,137,164,164,179,233,251,251,284,304,333,333,333,333,333],"floor_reached":16,"language":"ZHS","playtime":1148,"items_purged":[],"score":112,"play_id":"582d07c4-97e1-4d1c-9569-af62e50be250","local_time":"20210124133656","is_ascension_mode":false,"campfire_choices":[{"floor":7,"key":"REST"},{"floor":11,"key":"RECALL"},{"floor":15,"key":"REST"}],"circlet_count":0,"master_deck":["blackbeard:BlackbeardStrike","blackbeard:BlackbeardStrike","blackbeard:BlackbeardStrike","blackbeard:BlackbeardStrike","blackbeard:IntimidatingStrike","blackbeard:BlackbeardDefend","blackbeard:BlackbeardDefend","blackbeard:BlackbeardDefend","blackbeard:BlackbeardDefend","blackbeard:Cutlass","blackbeard:BeatUp","blackbeard:WeaponMastery","blackbeard:Dagger","blackbeard:Shrapnel","blackbeard:SwordDance"],"relics":["blackbeard:LoadTheCannons","AT_ATBox","NeowsBlessing","Blue Candle","Mercury Hourglass","aspiration:Lifesprig","Centennial Puzzle","blackbeard:CannonballsOfSteel"],"acts_visited":["Exordium"],"potions_floor_usage":[10,12,12,14,14],"damage_taken":[{"damage":0,"enemies":"Cultist","floor":1,"turns":1},{"damage":0,"enemies":"2 Louse","floor":2,"turns":1},{"damage":0,"enemies":"conspire:RoseBush","floor":4,"turns":1},{"damage":32,"enemies":"3 Sentries","floor":6,"turns":9},{"damage":9,"enemies":"Exordium Wildlife","floor":8,"turns":4},{"damage":3,"enemies":"Lots of Slimes","floor":10,"turns":4},{"damage":24,"enemies":"Lagavulin","floor":12,"turns":6},{"damage":9,"enemies":"3 Louse","floor":13,"turns":2},{"damage":27,"enemies":"conspire:MimicChest","floor":14,"turns":6},{"damage":37,"enemies":"Slime Boss","floor":16,"turns":6}],"seed_played":"757021787457807139","potions_obtained":[{"floor":2,"key":"Block Potion"},{"floor":4,"key":"Ancient Potion"},{"floor":10,"key":"Fire Potion"},{"floor":12,"key":"EssenceOfSteel"},{"floor":13,"key":"Regen Potion"}],"is_trial":false,"path_per_floor":["M","M","?","M","?","E","R","M","T","M","R","E","M","?","R","B"],"character_chosen":"BLACKBEARD_CLASS","items_purchased":[],"campfire_rested":2,"item_purchase_floors":[],"current_hp_per_floor":[75,75,75,75,70,38,60,51,51,48,48,24,15,2,24,0,0,0],"gold":333,"neow_bonus":"THREE_ENEMY_KILL","is_daily":false,"chose_seed":false,"campfire_upgraded":0,"win_rate":0.0,"timestamp":1611466616,"path_taken":["M","M","?","M","?","E","R","M","T","M","R","E","M","?","R","BOSS"],"items_purchased_type":[],"build_version":"2020-12-22","purchased_purges":0,"victory":false,"max_hp_per_floor":[75,75,75,75,75,75,75,75,75,75,75,75,75,75,75,75,75,75],"card_choices":[{"not_picked":["blackbeard:DeadlyArsenal","blackbeard:PiratesWill"],"picked":"blackbeard:BeatUp","floor":1},{"not_picked":["blackbeard:Revenge","blackbeard:AgileStrike","blackbeard:Sharpening"],"picked":"SKIP","floor":2},{"not_picked":["blackbeard:WiseDefense","blackbeard:FieryDefense","blackbeard:Sharpening"],"picked":"SKIP","floor":4},{"not_picked":["blackbeard:Dagger","blackbeard:ArmorUp"],"picked":"blackbeard:WeaponMastery","floor":6},{"not_picked":["blackbeard:PirateEarring","blackbeard:DeadlyArsenal","blackbeard:Fencing"],"picked":"SKIP","floor":8},{"not_picked":["blackbeard:BuriedTreasure","blackbeard:FieryDefense"],"picked":"blackbeard:Dagger","floor":10},{"not_picked":["blackbeard:GoldenCannonball","blackbeard:GhostInTheRum"],"picked":"blackbeard:Shrapnel","floor":12},{"not_picked":["blackbeard:TheDrunkenSailor","blackbeard:FieryDefense","blackbeard:PiratesWill"],"picked":"SKIP","floor":13},{"not_picked":["blackbeard:InfiniteBarrage","blackbeard:Fencing"],"picked":"blackbeard:SwordDance","floor":14}],"player_experience":389455,"relics_obtained":[{"floor":6,"key":"Mercury Hourglass"},{"floor":9,"key":"aspiration:Lifesprig"},{"floor":12,"key":"Centennial Puzzle"},{"floor":14,"key":"blackbeard:CannonballsOfSteel"}],"event_choices":[{"damage_healed":0,"gold_gain":0,"player_choice":"Fled","damage_taken":0,"max_hp_gain":0,"max_hp_loss":0,"event_name":"Scrap Ooze","floor":3,"gold_loss":0}],"is_beta":false,"boss_relics":[],"items_purged_floors":[],"is_endless":false,"potions_floor_spawned":[2,4,10,12,13],"killed_by":"Slime Boss","ascension_level":0}}