{"host":"snn1c4qsf0fj7fzf","time":1611466784,"event":{"mods":["AchievementEnabler","Aspiration","Astrologer","BaseMod","Colored Powertips","Downfall","Hermit","Hubris","Infinite Spire","Lobotomy","LobotomyExtend","Marisa????????","Minty Spire (QoL Compilation)","Random Character Button","Rare Cards Sparkle","Reimu??????","Replay The Spire","Shop Mod","Spire Arcade","StSLib","The Administrix","The Animator","The Cursed","The Gatherer","The Hierophant","The Marked","The Poker Player","The Runesmith"],"gold_per_floor":[99,119,136,136,147,57,80,94,94,105,118,3,3,3,3,3,22,22,7,23,23,57,73,73,73],"floor_reached":16,"language":"ENG","playtime":1304,"items_purged":["Defend_MRS","Parasite"],"score":208,"play_id":"5544caf8-79a2-403e-8819-3f2fcaea93f0","local_time":"20210124133944","is_ascension_mode":false,"campfire_choices":[{"floor":1,"key":"RECALL"},{"data":"MillisecondPulsars","floor":1,"key":"SMITH"},{"data":"Mind Blast","floor":8,"key":"SMITH"},{"data":"UnstableBomb","floor":10,"key":"SMITH"}],"circlet_count":0,"master_deck":["Strike_MRS","Strike_MRS","Strike_MRS","Strike_MRS","Defend_MRS+1","Defend_MRS","Defend_MRS","MasterSpark","UpSweep","Mind Blast+1","MagicAbsorber+1","UnstableBomb+1","UpSweep","MillisecondPulsars+1","ShootTheMoon","SporeBomb","ManaRampage","FairyDestructionRay","GrandCross","OortCloud","DeepEcoloBomb"],"relics":["MiniHakkero","War Paint","LaetitiaHeart","ShedSkin_r","LetterFromLob","aspiration:TomeofQuesting","hubris:Reverence"],"acts_visited":["Exordium"],"potions_floor_usage":[4,14,16,16],"damage_taken":[{"damage":0,"enemies":"Cultist","floor":2,"turns":4},{"damage":0,"enemies":"2 Louse","floor":3,"turns":3},{"damage":3,"enemies":"Jaw Worm","floor":5,"turns":3},{"damage":5,"enemies":"downfall:FleeingMerchant","floor":6,"turns":4},{"damage":13,"enemies":"Lots of Slimes","floor":8,"turns":5},{"damage":10,"enemies":"Gremlin Nob","floor":9,"turns":3},{"damage":5,"enemies":"Gremlin Nob","floor":9,"turns":3},{"damage":0,"enemies":"Small Slimes","floor":2,"turns":3},{"damage":0,"enemies":"Cultist","floor":3,"turns":3},{"damage":0,"enemies":"downfall:FleeingMerchant","floor":4,"turns":4},{"damage":11,"enemies":"Jaw Worm","floor":9,"turns":2},{"damage":1,"enemies":"downfall:FleeingMerchant","floor":11,"turns":4},{"damage":13,"enemies":"Red Slaver","floor":12,"turns":2},{"damage":0,"enemies":"Lagavulin","floor":14,"turns":4},{"damage":7,"enemies":"Blue Slaver","floor":15,"turns":2},{"damage":76,"enemies":"DF_ARCHETYPE_CLAW","floor":16,"turns":9}],"seed_played":"-4243335438716337655","potions_obtained":[{"floor":2,"key":"SpeedPotion"},{"floor":3,"key":"LifebloodPotion"},{"floor":6,"key":"BottledSpark"},{"floor":6,"key":"FairyPotion"},{"floor":14,"key":"Block Potion"}],"is_trial":false,"path_per_floor":["R","M","M","?","M","$","T","M","E","R","M","M","$","?","?","T","R","M","R","$","M","?","E","M","B"],"character_chosen":"MARISA","items_purchased":[],"campfire_rested":0,"item_purchase_floors":[],"current_hp_per_floor":[75,75,75,75,72,67,67,54,75,75,75,72,72,72,72,72,61,61,60,47,47,47,40,0,0],"gold":73,"neow_bonus":"RANDOM_COLORLESS","is_daily":false,"chose_seed":false,"campfire_upgraded":3,"win_rate":0.0,"timestamp":1611466784,"path_taken":["R","M","M","?","M","?","T","M","E","R","M","M","$","?","?","T","R","?","R","?","M","?","E","M","BOSS"],"items_purchased_type":[],"build_version":"2020-12-22","purchased_purges":2,"victory":false,"max_hp_per_floor":[75,75,75,75,75,75,75,75,75,75,75,72,72,72,72,72,72,72,72,72,72,72,72,72,72],"card_choices":[{"not_picked":["Replay:BasicMightCard","Replay:Parry"],"picked":"Mind Blast","floor":0},{"not_picked":["ChargeUpSpray","AsteroidBelt"],"picked":"MagicAbsorber","floor":2},{"not_picked":["Acceleration","DC"],"picked":"UnstableBomb","floor":3},{"not_picked":["DoubleSpark","Singularity"],"picked":"MillisecondPulsars","floor":5},{"not_picked":["EventHorizon","DC"],"picked":"ShootTheMoon","floor":6},{"not_picked":["IllusionStar","DC","MilkyWay"],"picked":"SKIP","floor":8},{"not_picked":["MeteoricShower","UnstableBomb"],"picked":"SporeBomb","floor":2},{"not_picked":["6A","DC"],"picked":"ManaRampage","floor":3},{"not_picked":["WitchLeyline","ChargingUp","GravityBeat"],"picked":"SKIP","floor":4},{"not_picked":["GrandCross","EnergyFlow"],"picked":"FairyDestructionRay","floor":9},{"not_picked":["Acceleration","AsteroidBelt"],"picked":"GrandCross","floor":11},{"not_picked":["DarkSpark","EscapeVelocity"],"picked":"OortCloud","floor":12},{"not_picked":["GrandCross","SuperNova","NonDirectionalLaser"],"picked":"SKIP","floor":14},{"not_picked":["BlazeAway","NonDirectionalLaser"],"picked":"DeepEcoloBomb","floor":15}],"player_experience":286823,"relics_obtained":[{"floor":2,"key":"LetterFromLob"},{"floor":7,"key":"War Paint"},{"floor":2,"key":"LetterFromLob"},{"floor":13,"key":"aspiration:TomeofQuesting"},{"floor":14,"key":"hubris:Reverence"}],"event_choices":[{"damage_healed":0,"gold_gain":0,"player_choice":"Got Potions","damage_taken":0,"max_hp_gain":0,"max_hp_loss":0,"event_name":"Lab","floor":6,"gold_loss":0}],"is_beta":false,"boss_relics":[],"items_purged_floors":[6,4],"is_endless":false,"potions_floor_spawned":[9,2,3,14,15],"killed_by":"DF_ARCHETYPE_CLAW","ascension_level":0}}