{"host":"gttgmv2wah99hzdm","time":1611511316,"event":{"mods":["AchievementEnabler","BaseMod","Bestiary","Block Reminder","Filter the Spire","Minty Spire (QoL Compilation)","Relic Stats","Weighted Paths","ojb\u0027s Info Mod"],"gold_per_floor":[114,126,145,195,207,207,221,241,241,241,275,275,74,74,74,74,74],"floor_reached":16,"language":"ENG","playtime":832,"items_purged":[],"score":204,"play_id":"6c68921e-8775-4472-9612-b671ab588406","local_time":"20210124120156","is_ascension_mode":true,"campfire_choices":[{"data":"Bash","floor":6,"key":"SMITH"},{"data":"Second Wind","floor":10,"key":"SMITH"},{"data":"Feel No Pain","floor":12,"key":"SMITH"},{"data":"Burning Pact","floor":15,"key":"SMITH"}],"circlet_count":0,"master_deck":["AscendersBane","Strike_R","Strike_R","Strike_R","Strike_R","Strike_R","Defend_R","Defend_R","Defend_R","Defend_R","Bash+1","Feel No Pain+1","Twin Strike","Burning Pact+1","Second Wind+1","Iron Wave","Sentinel+1","Reaper","True Grit+1","Decay"],"relics":["Coffee Dripper","Toxic Egg 2","Akabeko"],"acts_visited":["Exordium"],"potions_floor_usage":[11,16,16],"damage_taken":[{"damage":7,"enemies":"Jaw Worm","floor":1,"turns":3},{"damage":0,"enemies":"Cultist","floor":2,"turns":2},{"damage":7,"enemies":"2 Louse","floor":3,"turns":3},{"damage":13,"enemies":"Blue Slaver","floor":5,"turns":4},{"damage":12,"enemies":"Large Slime","floor":7,"turns":6},{"damage":13,"enemies":"Red Slaver","floor":8,"turns":5},{"damage":14,"enemies":"3 Sentries","floor":11,"turns":13},{"damage":18,"enemies":"Slime Boss","floor":16,"turns":7}],"seed_played":"-3229465785977484057","potions_obtained":[{"floor":2,"key":"ColorlessPotion"},{"floor":3,"key":"Fire Potion"},{"floor":11,"key":"LiquidMemories"}],"is_trial":false,"path_per_floor":["M","M","M","?","M","R","M","M","T","R","E","R","$","?","R","B"],"character_chosen":"IRONCLAD","items_purchased":["Reaper","True Grit+1"],"campfire_rested":0,"item_purchase_floors":[13,13],"current_hp_per_floor":[61,61,54,54,41,41,29,16,16,16,2,2,2,2,2,0,0],"gold":74,"neow_bonus":"BOSS_RELIC","is_daily":false,"chose_seed":false,"campfire_upgraded":4,"win_rate":0.0,"timestamp":1611511316,"path_taken":["M","M","M","?","M","R","M","?","T","R","E","R","$","?","R","BOSS"],"items_purchased_type":["Card","Card"],"build_version":"2020-12-22","purchased_purges":0,"victory":false,"max_hp_per_floor":[75,75,75,75,75,75,75,75,75,75,75,75,75,75,75,75,75],"relic_stats":{"counters":[8,43],"obtain_stats":[{"Coffee Dripper":0,"Toxic Egg 2":9,"Burning Blood":0,"Akabeko":11},{"Coffee Dripper":0,"Toxic Egg 2":6,"Burning Blood":0,"Akabeko":7},{"Coffee Dripper":0,"Toxic Egg 2":23,"Burning Blood":0,"Akabeko":36}]},"card_choices":[{"not_picked":["Thunderclap","Power Through","Body Slam"],"picked":"SKIP","floor":1},{"not_picked":["Reckless Charge","Body Slam"],"picked":"Feel No Pain","floor":2},{"not_picked":["Heavy Blade","Ghostly Armor"],"picked":"Twin Strike","floor":3},{"not_picked":["Clash","Pummel"],"picked":"Burning Pact","floor":5},{"not_picked":["Rampage","Wild Strike"],"picked":"Second Wind","floor":7},{"not_picked":["Reckless Charge","Sword Boomerang"],"picked":"Iron Wave","floor":8},{"not_picked":["Flex+1","Wild Strike"],"picked":"Sentinel+1","floor":11}],"player_experience":1069782,"relics_obtained":[{"floor":9,"key":"Toxic Egg 2"},{"floor":11,"key":"Akabeko"}],"event_choices":[{"damage_healed":0,"gold_gain":50,"player_choice":"Pray","damage_taken":0,"max_hp_gain":0,"max_hp_loss":0,"event_name":"Golden Shrine","floor":4,"gold_loss":0},{"damage_healed":0,"gold_gain":0,"player_choice":"Cursed","damage_taken":0,"max_hp_gain":0,"max_hp_loss":0,"event_name":"Wheel of Change","floor":14,"gold_loss":0,"cards_obtained":["Decay"]}],"is_beta":false,"boss_relics":[],"items_purged_floors":[],"is_endless":false,"potions_floor_spawned":[2,3,11],"killed_by":"Slime Boss","ascension_level":20}}