{"host":"p8pxxhl9h7qv5y4h","time":1611466017,"event":{"mods":["BaseMod","BetterRewards","Colored Map","Custom Start","Minty Spire (QoL Compilation)","Shop Mod","StSLib"],"gold_per_floor":[118,137,154,173,186,186,220,239,239,239,239,265,283,283,283,387,387,404,419,430,55,55,83,99,110,110,122,0,10,10,23,23,23,23],"floor_reached":33,"language":"ZHT","playtime":1958,"items_purged":["Defend_B"],"score":314,"play_id":"641fc19c-3478-40cf-8daa-8bbb4ed346f7","local_time":"20210124132657","is_ascension_mode":true,"campfire_choices":[{"floor":6,"key":"REST"},{"floor":11,"key":"REST"},{"data":"Chill","floor":15,"key":"SMITH"},{"floor":30,"key":"REST"},{"floor":32,"key":"REST"}],"circlet_count":0,"master_deck":["Strike_B","Strike_B","Strike_B","Defend_B","Defend_B","Defend_B","Zap+1","Dualcast","Capacitor","Barrage","Coolheaded","Tempest","Core Surge","Loop+1","Conserve Battery","Chill+1","Thunder Strike","Conserve Battery+1","Writhe","Static Discharge","Ball Lightning+1","Ball Lightning","Redo"],"relics":["Cracked Core","Bottled Flame","Meat on the Bone","Orichalcum","Fusion Hammer","Anchor","Happy Flower","The Courier","Bag of Marbles","Nunchaku"],"acts_visited":["Exordium","TheCity"],"potions_floor_usage":[7,12,20,23,24,25,33],"damage_taken":[{"damage":8,"enemies":"Small Slimes","floor":1,"turns":4},{"damage":0,"enemies":"2 Louse","floor":2,"turns":3},{"damage":1,"enemies":"Cultist","floor":3,"turns":3},{"damage":9,"enemies":"Blue Slaver","floor":4,"turns":4},{"damage":21,"enemies":"Exordium Wildlife","floor":5,"turns":5},{"damage":22,"enemies":"Lagavulin","floor":7,"turns":7},{"damage":8,"enemies":"2 Fungi Beasts","floor":8,"turns":3},{"damage":17,"enemies":"3 Sentries","floor":12,"turns":7},{"damage":10,"enemies":"Gremlin Gang","floor":13,"turns":4},{"damage":1,"enemies":"Slime Boss","floor":16,"turns":10},{"damage":15,"enemies":"3 Byrds","floor":18,"turns":7},{"damage":13,"enemies":"Spheric Guardian","floor":19,"turns":5},{"damage":5,"enemies":"Cultist and Chosen","floor":20,"turns":6},{"damage":29,"enemies":"Book of Stabbing","floor":23,"turns":5},{"damage":21,"enemies":"Shelled Parasite and Fungi","floor":24,"turns":5},{"damage":2,"enemies":"Chosen and Byrds","floor":25,"turns":4},{"damage":21,"enemies":"Centurion and Healer","floor":27,"turns":5},{"damage":0,"enemies":"Snecko","floor":29,"turns":3},{"damage":34,"enemies":"3 Cultists","floor":31,"turns":5},{"damage":60,"enemies":"Automaton","floor":33,"turns":6}],"seed_played":"-816828247649644846","potions_obtained":[{"floor":1,"key":"Fire Potion"},{"floor":2,"key":"BlessingOfTheForge"},{"floor":3,"key":"BlessingOfTheForge"},{"floor":8,"key":"EssenceOfSteel"},{"floor":12,"key":"SteroidPotion"},{"floor":20,"key":"PowerPotion"},{"floor":23,"key":"PowerPotion"},{"floor":29,"key":"Fire Potion"}],"is_trial":false,"path_per_floor":["M","M","M","M","M","R","E","M","T","?","R","E","M","?","R","B",null,"M","M","M","$","?","E","M","M","T","M","?","M","R","M","R","B"],"character_chosen":"DEFECT","items_purchased":["Anchor","Happy Flower"],"campfire_rested":4,"item_purchase_floors":[21,21],"current_hp_per_floor":[67,67,66,57,36,58,36,28,28,28,50,45,47,47,47,46,75,60,47,42,42,42,25,16,26,26,17,17,29,51,29,51,0,0],"gold":23,"neow_bonus":"UPGRADE_CARD","is_daily":false,"chose_seed":false,"campfire_upgraded":1,"win_rate":0.0,"timestamp":1611466017,"path_taken":["M","M","M","M","M","R","E","M","T","?","R","E","M","?","R","BOSS","M","M","?","$","?","E","M","M","T","M","?","?","R","M","R","BOSS"],"items_purchased_type":["Relic","Relic"],"build_version":"2020-12-22","purchased_purges":1,"victory":false,"max_hp_per_floor":[75,75,75,75,75,75,75,75,75,75,75,75,75,75,75,75,75,75,75,75,75,75,75,75,75,75,75,75,75,75,75,75,75,75],"card_choices":[{"not_picked":["Rebound","Doom and Gloom"],"picked":"Capacitor","floor":1},{"not_picked":["Skim","Turbo"],"picked":"Barrage","floor":2},{"not_picked":["Sweeping Beam","Aggregate"],"picked":"Coolheaded","floor":3},{"not_picked":["Barrage","Go for the Eyes"],"picked":"Tempest","floor":4},{"not_picked":["Auto Shields","Scrape","Meteor Strike"],"picked":"SKIP","floor":5},{"not_picked":["Reprogram","Streamline"],"picked":"Core Surge","floor":7},{"not_picked":["Cold Snap","Go for the Eyes"],"picked":"Loop","floor":8},{"not_picked":["FTL","Steam"],"picked":"Conserve Battery","floor":12},{"not_picked":["Steam","Conserve Battery"],"picked":"Chill","floor":13},{"not_picked":["Echo Form","All For One"],"picked":"Thunder Strike","floor":16},{"not_picked":["Stack","Doom and Gloom"],"picked":"Conserve Battery+1","floor":18},{"not_picked":["Sweeping Beam","Go for the Eyes+1","Turbo"],"picked":"SKIP","floor":19},{"not_picked":["Leap","Fusion","Beam Cell+1"],"picked":"SKIP","floor":20},{"not_picked":["Compile Driver","Skim"],"picked":"Static Discharge","floor":23},{"not_picked":["Storm+1","Turbo"],"picked":"Ball Lightning+1","floor":24},{"not_picked":["Recycle","Streamline","Rebound"],"picked":"SKIP","floor":25},{"not_picked":["Chaos","Gash"],"picked":"Ball Lightning","floor":27},{"not_picked":["Chaos","Go for the Eyes+1"],"picked":"Redo","floor":29},{"not_picked":["Sweeping Beam","Go for the Eyes","Redo"],"picked":"SKIP","floor":31}],"player_experience":109631,"relics_obtained":[{"floor":7,"key":"Bottled Flame"},{"floor":9,"key":"Meat on the Bone"},{"floor":12,"key":"Orichalcum"},{"floor":23,"key":"Bag of Marbles"},{"floor":26,"key":"Nunchaku"}],"event_choices":[{"damage_healed":0,"gold_gain":0,"player_choice":"Grow","damage_taken":0,"max_hp_gain":0,"max_hp_loss":0,"event_name":"Living Wall","floor":10,"gold_loss":0,"cards_upgraded":["Loop"]},{"cards_removed":["Strike_B"],"damage_healed":0,"gold_gain":0,"player_choice":"Offered Basic","damage_taken":0,"max_hp_gain":0,"max_hp_loss":0,"event_name":"Bonfire Elementals","floor":14,"gold_loss":0},{"damage_healed":0,"gold_gain":0,"player_choice":"Opened","damage_taken":0,"relics_obtained":["The Courier"],"max_hp_gain":0,"max_hp_loss":0,"event_name":"The Mausoleum","floor":22,"gold_loss":0,"cards_obtained":["Writhe"]},{"damage_healed":0,"gold_gain":0,"player_choice":"Paid Fearfully","damage_taken":0,"max_hp_gain":0,"max_hp_loss":0,"event_name":"Masked Bandits","floor":28,"gold_loss":122}],"is_beta":false,"boss_relics":[{"not_picked":["Snecko Eye","Busted Crown"],"picked":"Fusion Hammer"}],"items_purged_floors":[21],"is_endless":false,"potions_floor_spawned":[1,2,3,8,12,19,20,23,29],"killed_by":"Automaton","ascension_level":2}}