{"host":"iph0xvuia0glosgr","time":1611532570,"event":{"mods":["AchievementEnabler","BaseMod","Minty Spire (QoL Compilation)"],"gold_per_floor":[112,126,301,375,387,420,420,430,480,499,88,108,142,161,161,256,256,270,288,168,183,183,183,215,215,215,215,91,122,122,44,44,141,141,161,161,161],"floor_reached":36,"language":"ENG","playtime":2183,"items_purged":["Doubt"],"score":503,"play_id":"8743fe7a-62ab-43f4-b6aa-3680db7d07c2","local_time":"20210124235610","is_ascension_mode":true,"campfire_choices":[{"data":"Bash","floor":15,"key":"SMITH"},{"floor":23,"key":"REST"},{"data":"Flame Barrier","floor":25,"key":"SMITH"},{"data":"Spot Weakness","floor":32,"key":"SMITH"}],"circlet_count":0,"master_deck":["Strike_R","Strike_R","Strike_R","Strike_R","Strike_R","Defend_R","Defend_R","Defend_R","Defend_R","Bash+1","Twin Strike","Clothesline+1","Heavy Blade+1","Shrug It Off","Blood for Blood+1","Whirlwind+1","Carnage+1","Metallicize","Sword Boomerang+1","Spot Weakness+1","Heavy Blade+1","Reaper+1","Headbutt+1","Flex","Flame Barrier+1","Twin Strike+1","Armaments","Cleave+1","Anger+1","Armaments","Twin Strike+1","Uppercut+1","Whirlwind+1","Demon Form","Twin Strike+1"],"relics":["Burning Blood","Ancient Tea Set","Molten Egg 2","Gremlin Horn","Bag of Preparation","MealTicket","Lee\u0027s Waffle","Question Card","SlaversCollar","Darkstone Periapt","Art of War","Tiny Chest","Ginger","Velvet Choker"],"acts_visited":["Exordium","TheCity","TheBeyond"],"potions_floor_usage":[5,10,16,18,18,18,18,24,33],"damage_taken":[{"damage":10,"enemies":"Small Slimes","floor":1,"turns":4},{"damage":7,"enemies":"Jaw Worm","floor":2,"turns":3},{"damage":11,"enemies":"2 Louse","floor":5,"turns":4},{"damage":43,"enemies":"Lagavulin","floor":6,"turns":9},{"damage":12,"enemies":"Blue Slaver","floor":8,"turns":3},{"damage":8,"enemies":"Exordium Wildlife","floor":10,"turns":5},{"damage":8,"enemies":"Looter","floor":12,"turns":2},{"damage":10,"enemies":"3 Sentries","floor":13,"turns":3},{"damage":9,"enemies":"Large Slime","floor":14,"turns":5},{"damage":54,"enemies":"Hexaghost","floor":16,"turns":6},{"damage":11,"enemies":"Shell Parasite","floor":18,"turns":4},{"damage":28,"enemies":"2 Thieves","floor":19,"turns":3},{"damage":28,"enemies":"Centurion and Healer","floor":21,"turns":5},{"damage":26,"enemies":"Slavers","floor":24,"turns":3},{"damage":7,"enemies":"Book of Stabbing","floor":29,"turns":4},{"damage":76,"enemies":"Automaton","floor":33,"turns":7},{"damage":55,"enemies":"3 Darklings","floor":35,"turns":4},{"damage":45,"enemies":"2 Orb Walkers","floor":36,"turns":2}],"seed_played":"8249177654574665589","potions_obtained":[{"floor":1,"key":"SpeedPotion"},{"floor":2,"key":"EssenceOfSteel"},{"floor":12,"key":"Swift Potion"},{"floor":13,"key":"Swift Potion"},{"floor":16,"key":"EntropicBrew"},{"floor":19,"key":"Dexterity Potion"},{"floor":21,"key":"DuplicationPotion"},{"floor":35,"key":"PowerPotion"}],"is_trial":false,"path_per_floor":["M","M","?","T","M","E","?","M","T","M","$","M","E","M","R","B",null,"M","M","$","M","?","R","E","R","T","?","$","E","T","$","R","B",null,"M","?"],"character_chosen":"IRONCLAD","items_purchased":["Whirlwind+1","Carnage+1","Metallicize","Lee\u0027s Waffle","Flame Barrier","Twin Strike+1","Anger+1","Armaments","Twin Strike+1","Whirlwind+1"],"campfire_rested":1,"item_purchase_floors":[11,11,11,11,20,20,28,28,28,31],"current_hp_per_floor":[76,75,75,75,70,33,26,20,20,18,87,85,81,78,78,30,87,82,60,75,53,53,79,59,59,59,59,74,73,73,87,87,26,87,38,0,0],"gold":161,"neow_bonus":"RANDOM_COMMON_RELIC","is_daily":false,"chose_seed":false,"campfire_upgraded":3,"win_rate":0.0,"timestamp":1611532570,"path_taken":["M","M","?","?","M","E","?","M","T","M","$","M","E","M","R","BOSS","M","M","$","M","?","R","E","R","T","?","?","E","?","?","R","BOSS","M","?"],"items_purchased_type":["Card","Card","Card","Relic","Card","Card","Card","Card","Card","Card"],"build_version":"2020-12-22","purchased_purges":1,"victory":false,"max_hp_per_floor":[80,80,80,80,80,80,80,80,80,80,87,87,87,87,87,87,87,87,87,87,87,87,87,87,87,87,87,87,87,87,87,87,87,87,87,87,87],"card_choices":[{"not_picked":["Sentinel","True Grit","Havoc"],"picked":"SKIP","floor":1},{"not_picked":["Dark Embrace","Dual Wield"],"picked":"Twin Strike","floor":2},{"not_picked":["Armaments","Infernal Blade"],"picked":"Clothesline+1","floor":5},{"not_picked":["Clash+1","Dark Embrace"],"picked":"Heavy Blade+1","floor":6},{"not_picked":["Warcry","Sword Boomerang+1"],"picked":"Shrug It Off","floor":8},{"not_picked":["Evolve","Anger+1"],"picked":"Blood for Blood+1","floor":10},{"not_picked":["Heavy Blade+1","Twin Strike+1"],"picked":"Sword Boomerang+1","floor":12},{"not_picked":["Juggernaut","Pommel Strike+1"],"picked":"Spot Weakness","floor":13},{"not_picked":["Dual Wield","Clash+1","Shrug It Off"],"picked":"Heavy Blade+1","floor":14},{"not_picked":["Feed+1","Offering","Berserk"],"picked":"Reaper+1","floor":16},{"not_picked":["Bloodletting","Clothesline+1","Havoc"],"picked":"Headbutt+1","floor":18},{"not_picked":["Iron Wave+1","Wild Strike+1","True Grit"],"picked":"Flex","floor":19},{"not_picked":["Dual Wield","Metallicize","Headbutt+1"],"picked":"Armaments","floor":21},{"not_picked":["Corruption","Pummel+1","Dual Wield"],"picked":"Cleave+1","floor":24},{"not_picked":["Cleave+1","Wild Strike+1","Intimidate"],"picked":"Uppercut+1","floor":29},{"not_picked":["Impervious","Juggernaut","Offering"],"picked":"Demon Form","floor":33},{"not_picked":["Burning Pact+1","Shrug It Off+1","Perfected Strike+1"],"picked":"Twin Strike+1","floor":35}],"player_experience":233580,"relics_obtained":[{"floor":4,"key":"Molten Egg 2"},{"floor":6,"key":"Gremlin Horn"},{"floor":9,"key":"MealTicket"},{"floor":13,"key":"Question Card"},{"floor":24,"key":"Darkstone Periapt"},{"floor":26,"key":"Art of War"},{"floor":29,"key":"Tiny Chest"},{"floor":30,"key":"Ginger"}],"event_choices":[{"damage_healed":0,"gold_gain":175,"player_choice":"AGREE","damage_taken":0,"max_hp_gain":0,"max_hp_loss":0,"event_name":"Liars Game","floor":3,"gold_loss":0,"cards_obtained":["Doubt"]},{"damage_healed":0,"gold_gain":0,"player_choice":"Success","damage_taken":7,"relics_obtained":["Bag of Preparation"],"max_hp_gain":0,"max_hp_loss":0,"event_name":"Scrap Ooze","floor":7,"gold_loss":0},{"damage_healed":0,"gold_gain":0,"player_choice":"Ignored","damage_taken":0,"max_hp_gain":0,"max_hp_loss":0,"event_name":"Beggar","floor":22,"gold_loss":0},{"damage_healed":0,"gold_gain":0,"player_choice":"Ignored","damage_taken":0,"max_hp_gain":0,"max_hp_loss":0,"event_name":"Ghosts","floor":27,"gold_loss":0},{"damage_healed":0,"gold_gain":0,"player_choice":"Fight","damage_taken":0,"max_hp_gain":0,"max_hp_loss":0,"event_name":"Mysterious Sphere","floor":36,"gold_loss":0}],"is_beta":false,"boss_relics":[{"not_picked":["Runic Pyramid","Runic Cube"],"picked":"SlaversCollar"},{"not_picked":["Empty Cage","Philosopher\u0027s Stone"],"picked":"Velvet Choker"}],"items_purged_floors":[11],"is_endless":false,"potions_floor_spawned":[1,2,12,13,16,19,21,35],"killed_by":"2 Orb Walkers","ascension_level":2}}