{"host":"ctlqibkg0sskiu65","time":1611481650,"event":{"mods":["AchievementEnabler","Aspiration","BaseMod","BetterRewards","Colored Map","Colored Powertips","Conspire","Fiend Mod","Infinite Spire","Minty Spire (QoL Compilation)","Quick Restart","Replay The Spire","Shop Mod","StSLib","The Bladedancer","The Cursed","The Hierophant","The Jungle","The Kombatant","The Servant 0.9.4","TheBandit"],"gold_per_floor":[113,13,28,28,28,28,60,75,122,122,122,138,148,164,164,239,339,355,280,280,280,280,314,314,334,334,334,350,350,365,382,382,382,382],"floor_reached":33,"language":"ENG","playtime":1816,"items_purged":["Strike_G","Strike_G"],"score":679,"play_id":"5d9cb6d2-11be-4b02-956c-27db1be885d3","local_time":"20210124034730","is_ascension_mode":true,"campfire_choices":[{"data":"Sucker Punch","floor":6.0,"key":"SMITH"},{"data":"Cloak And Dagger","floor":10.0,"key":"SMITH"},{"data":"Blade Dance","floor":15.0,"key":"SMITH"},{"floor":24.0,"key":"REST"},{"floor":27.0,"key":"REST"},{"data":"Leg Sweep","floor":32.0,"key":"SMITH"}],"circlet_count":0,"master_deck":["AscendersBane","Strike_G","Strike_G+1","Defend_G","Defend_G","Defend_G","Defend_G","Survivor","Neutralize","Poisoned Stab","Finesse","Sucker Punch+1","Cloak And Dagger+1","Dagger Spray","Backflip","Blade Dance+1","Die Die Die","PiercingWail","infinitespire:Fortify","Acrobatics+1","Blade Dance","Leg Sweep+1"],"relics":["Ring of the Snake","TungstenRod","PreservedInsect","Vajra","Replay:Wanted Poster","aspiration:Lifesprig","Oddly Smooth Stone"],"acts_visited":["Exordium","TheCity"],"potions_floor_usage":[33],"damage_taken":[{"damage":0.0,"enemies":"conspire:RoseBush","floor":1.0,"turns":7.0},{"damage":0.0,"enemies":"2 Louse","floor":3.0,"turns":2.0},{"damage":10.0,"enemies":"3 Sentries","floor":7.0,"turns":11.0},{"damage":0.0,"enemies":"Small Slimes","floor":8.0,"turns":3.0},{"damage":6.0,"enemies":"conspire:2 RoseBushes","floor":12.0,"turns":7.0},{"damage":9.0,"enemies":"Exordium Thugs","floor":13.0,"turns":4.0},{"damage":3.0,"enemies":"Exordium Wildlife","floor":14.0,"turns":3.0},{"damage":7.0,"enemies":"The Guardian","floor":16.0,"turns":17.0},{"damage":0.0,"enemies":"3 Byrds","floor":18.0,"turns":4.0},{"damage":41.0,"enemies":"Nightmare","floor":23.0,"turns":14.0},{"damage":10.0,"enemies":"Spheric Guardian","floor":25.0,"turns":4.0},{"damage":6.0,"enemies":"conspire:HollyBat","floor":28.0,"turns":8.0},{"damage":2.0,"enemies":"Snake Plant","floor":30.0,"turns":6.0},{"damage":0.0,"enemies":"Centurion and Healer","floor":31.0,"turns":6.0},{"damage":53,"enemies":"Champ","floor":33,"turns":22}],"seed_played":"8145479181047064737","potions_obtained":[{"floor":3.0,"key":"Venom Potion"},{"floor":14.0,"key":"Languid Potion"},{"floor":16.0,"key":"BlessingOfTheForge"},{"floor":23.0,"key":"Elixir"},{"floor":30.0,"key":"AttackPotion"}],"is_trial":false,"path_per_floor":["M","$","M","?","?","R","E","M","T","R","?","M","M","M","R","B",null,"M","?","?","$","$","NM","R","M","T","R","M","?","M","M","R","B"],"character_chosen":"THE_SILENT","items_purchased":["Poisoned Stab","Finesse"],"campfire_rested":2,"item_purchase_floors":[0,0],"current_hp_per_floor":[59,59,59,59,59,59,49,49,49,49,49,43,34,31,31,24,56,56,56,56,56,56,15,34,24,24,43,37,37,35,35,35,0,0],"gold":382,"neow_bonus":"","is_daily":false,"chose_seed":false,"campfire_upgraded":4,"win_rate":0.0,"timestamp":1611481650,"path_taken":["M","$","M","?","?","R","E","M","T","R","?","M","M","M","R","BOSS","M","?","?","?","$","NM","R","M","T","R","?","?","?","M","R","BOSS"],"items_purchased_type":["Card","Card"],"build_version":"2020-12-22","purchased_purges":2,"victory":false,"max_hp_per_floor":[66,66,66,66,66,66,66,66,66,66,66,66,66,66,66,66,66,66,66,66,66,66,66,66,66,66,66,66,66,66,66,66,66,66],"card_choices":[{"not_picked":["Outmaneuver","Blur"],"picked":"Sucker Punch","floor":1.0},{"not_picked":["Infinite Blades","Dagger Throw","Underhanded Strike"],"picked":"SKIP","floor":3.0},{"not_picked":["conspire:PoisonWeapons","Escape Plan"],"picked":"Cloak And Dagger","floor":7.0},{"not_picked":["Skewer","Blade Dance","Underhanded Strike"],"picked":"SKIP","floor":8.0},{"not_picked":["Storm of Steel","PiercingWail"],"picked":"Dagger Spray","floor":12.0},{"not_picked":["Hidden Blade","Flying Knee"],"picked":"Backflip","floor":13.0},{"not_picked":["Slice","Deadly Poison"],"picked":"Blade Dance","floor":14.0},{"not_picked":["Grand Finale","Poison Darts"],"picked":"Die Die Die","floor":16.0},{"not_picked":["Distraction","Bane"],"picked":"PiercingWail","floor":18.0},{"not_picked":["ReplayTheSpireMod:Echoes of Time","ReplayTheSpireMod:??????????????????????"],"picked":"infinitespire:Fortify","floor":23.0},{"not_picked":["Acrobatics","Well Laid Plans","Replay:Poison Smokescreen"],"picked":"SKIP","floor":23.0},{"not_picked":["Distraction","Calculated Gamble"],"picked":"Acrobatics+1","floor":25.0},{"not_picked":["Poisoned Stab+1","Prepared","Outmaneuver+1"],"picked":"SKIP","floor":28.0},{"not_picked":["Endless Agony","Reflex+1"],"picked":"Blade Dance","floor":30.0},{"not_picked":["Dodge and Roll","Tools of the Trade"],"picked":"Leg Sweep","floor":31.0}],"player_experience":236412,"relics_obtained":[{"floor":7.0,"key":"PreservedInsect"},{"floor":9.0,"key":"Vajra"},{"floor":23.0,"key":"aspiration:Lifesprig"},{"floor":26.0,"key":"Oddly Smooth Stone"}],"event_choices":[{"cards_removed":["Strike_G"],"damage_healed":0.0,"max_hp_gain":0.0,"max_hp_loss":0.0,"gold_gain":0.0,"event_name":"Beggar","player_choice":"Gave Gold","floor":19.0,"gold_loss":75.0,"damage_taken":0.0},{"damage_healed":0.0,"max_hp_gain":0.0,"max_hp_loss":0.0,"gold_gain":0.0,"event_name":"Ghosts","player_choice":"Ignored","floor":20.0,"gold_loss":0.0,"damage_taken":0.0},{"cards_removed":["Defend_G"],"damage_healed":0.0,"max_hp_gain":0.0,"max_hp_loss":0.0,"gold_gain":0.0,"event_name":"Bonfire Elementals","player_choice":"Offered Basic","floor":29.0,"gold_loss":0.0,"damage_taken":0.0}],"is_beta":false,"boss_relics":[{"not_picked":["Ectoplasm","SacredBark"],"picked":"Replay:Wanted Poster"}],"items_purged_floors":[0,2],"is_endless":false,"potions_floor_spawned":[3,14,16,23,30],"killed_by":"Champ","ascension_level":17}}