{"host":"iy0764csshny54kk","time":1611485957,"event":{"mods":["100% Spire Juice","Arknights The Spire","BaseMod","Bestiary","Better Altar","Better Sensory Stone","Better Skull","Better Third Choice","Block Reminder","Colored Powertips","Downfall","Highlight Path","Minty Spire (QoL Compilation)","Relic Sorter","StS++","StSLib","The Alterego","The Hierophant","The Marked"],"gold_per_floor":[99,110,129,147,79,79,131,157,157,157,185,185,196,196,213,213,213,213],"floor_reached":16,"language":"ENG","playtime":1577,"items_purged":[],"score":110,"play_id":"a308d1e1-e96f-428c-b59b-5ea149e3897c","local_time":"20210124035917","is_ascension_mode":false,"campfire_choices":[{"floor":1,"key":"RECALL"},{"data":"Slimebound:SamplingLick","floor":6,"key":"SMITH"},{"floor":10,"key":"REST"}],"circlet_count":0,"master_deck":["Slimebound:Strike_Slimebound","Slimebound:Strike_Slimebound","Slimebound:Strike_Slimebound","Slimebound:Tackle","Slimebound:Defend_Slimebound","Slimebound:Defend_Slimebound","Slimebound:Defend_Slimebound","Slimebound:Defend_Slimebound","Slimebound:Split","Slimebound:CorrosiveSpit+1","Slimebound:SamplingLick+1","Slimebound:GoopSpray","Slimebound:ItLooksTasty","Slimebound:ItLooksTasty","Slimebound:LivingWall","Slimebound:Schlurp","Slimebound:LeechingTouch","Slimebound:Prepare"],"relics":["Slimebound:AbsorbEndCombat","Du-Vu Doll","StSpp:BrokenTotem"],"acts_visited":["Exordium"],"potions_floor_usage":[5,16],"damage_taken":[{"damage":11,"enemies":"Jaw Worm","floor":2,"turns":4},{"damage":16,"enemies":"Small Slimes","floor":3,"turns":4},{"damage":10,"enemies":"2 Louse","floor":4,"turns":3},{"damage":5,"enemies":"downfall:FleeingMerchant","floor":5,"turns":4},{"damage":25,"enemies":"3 Sentries","floor":8,"turns":8},{"damage":41,"enemies":"Lagavulin","floor":11,"turns":7},{"damage":0,"enemies":"2 Fungi Beasts","floor":13,"turns":3},{"damage":4,"enemies":"Red Slaver","floor":15,"turns":5},{"damage":55,"enemies":"DF_ARCHETYPE_STREAMLINE","floor":16,"turns":6}],"seed_played":"-6473883483859111730","potions_obtained":[{"floor":3,"key":"Dexterity Potion"},{"floor":4,"key":"Guardian:BlockOnCardUsePotion"},{"floor":13,"key":"Fire Potion"}],"is_trial":false,"path_per_floor":["R","M","M","M","$","R","T","E","?","R","E","?","M","?","M","B"],"character_chosen":"SLIMEBOUND","items_purchased":["Slimebound:LivingWall"],"campfire_rested":1,"item_purchase_floors":[5],"current_hp_per_floor":[71,62,52,44,45,45,45,28,28,49,16,16,24,24,26,0,0,0],"gold":213,"neow_bonus":"TEN_PERCENT_HP_BONUS","is_daily":false,"chose_seed":false,"campfire_upgraded":1,"win_rate":0.0,"timestamp":1611485957,"path_taken":["R","M","M","M","$","R","T","E","?","R","E","?","M","?","M","BOSS"],"items_purchased_type":["Card"],"build_version":"2020-12-22","purchased_purges":0,"victory":false,"max_hp_per_floor":[71,71,71,71,71,71,71,71,71,71,71,71,71,71,71,71,71,71],"card_choices":[{"not_picked":["Slimebound:SlimeTap","Slimebound:SlimeBrawl"],"picked":"Slimebound:SamplingLick","floor":2},{"not_picked":["Slimebound:TongueLash","Slimebound:SplitLeeching"],"picked":"Slimebound:GoopSpray","floor":3},{"not_picked":["Slimebound:Dissolve","Slimebound:Equalize"],"picked":"Slimebound:ItLooksTasty","floor":4},{"not_picked":["Slimebound:SplitLeeching","Slimebound:ComboTackle"],"picked":"Slimebound:ItLooksTasty","floor":5},{"not_picked":["Slimebound:HauntingLick","Slimebound:RallyTheTroops"],"picked":"Slimebound:Schlurp","floor":8},{"not_picked":["Slimebound:SlimeBarrage","Slimebound:RallyTheTroops"],"picked":"Slimebound:LeechingTouch","floor":11},{"not_picked":["Slimebound:Nibble","Slimebound:FinishingTackle"],"picked":"Slimebound:Prepare","floor":13},{"not_picked":["Slimebound:FinishingTackle","Slimebound:FlameTackle","Slimebound:GoopTackle"],"picked":"SKIP","floor":15}],"player_experience":203166,"relics_obtained":[{"floor":8,"key":"Du-Vu Doll"},{"floor":11,"key":"StSpp:BrokenTotem"}],"event_choices":[{"damage_healed":0,"gold_gain":0,"player_choice":"Grow","damage_taken":0,"max_hp_gain":0,"max_hp_loss":0,"event_name":"Living Wall","floor":12,"gold_loss":0,"cards_upgraded":["Slimebound:CorrosiveSpit"]}],"is_beta":false,"boss_relics":[],"items_purged_floors":[],"is_endless":false,"potions_floor_spawned":[3,4,13],"killed_by":"DF_ARCHETYPE_STREAMLINE","ascension_level":0}}