{"host":"mhr97lg0mj90r8b2","time":1611481285,"event":{"mods":["BaseMod","Lobotomy","Minty Spire (QoL Compilation)","Quick Restart","StSLib","The Servant 0.9.4"],"gold_per_floor":[119,119,69,83,83,110,35,35,104,119,130,130,150,150,150,150,150],"floor_reached":16,"language":"ZHS","playtime":587,"items_purged":["Regret"],"score":100,"play_id":"2cdc133a-51d9-44bd-9624-d1b5d88520a6","local_time":"20210124174125","is_ascension_mode":false,"campfire_choices":[{"data":"Night Terror","floor":8,"key":"SMITH"},{"floor":12,"key":"REST"},{"data":"Footwork","floor":15,"key":"SMITH"}],"circlet_count":0,"master_deck":["Strike_G+1","Strike_G+1","Strike_G","Strike_G","Defend_G","Defend_G","Defend_G","Defend_G","Defend_G","Survivor","Neutralize","CrumblingArmor","Cloak And Dagger","Porccubus","Acrobatics","ShyLook","PunishingBird","Scorched","UniverseFragment","Footwork+1"],"relics":["Ring of the Snake","CogitoBucket","Meat on the Bone","Gremlin Horn","Sundial","BackwardClock"],"acts_visited":["Exordium"],"potions_floor_usage":[6],"damage_taken":[{"damage":0,"enemies":"Small Slimes","floor":1,"turns":3},{"damage":0,"enemies":"Jaw Worm","floor":4,"turns":3},{"damage":28,"enemies":"Gremlin Nob","floor":6,"turns":4},{"damage":1,"enemies":"2 Louse","floor":10,"turns":3},{"damage":4,"enemies":"Looter","floor":11,"turns":4},{"damage":11,"enemies":"Red Slaver","floor":13,"turns":2},{"damage":51,"enemies":"The Guardian","floor":16,"turns":4}],"seed_played":"-5365848054456533727","potions_obtained":[{"floor":4,"key":"ColorlessPotion"},{"floor":11,"key":"Dexterity Potion"},{"floor":13,"key":"SkillPotion"}],"is_trial":false,"path_per_floor":["M","?","?","M","?","E","$","R","T","M","M","R","M","?","R","B"],"character_chosen":"THE_SILENT","items_purchased":[],"campfire_rested":1,"item_purchase_floors":[],"current_hp_per_floor":[70,56,56,56,56,40,40,40,40,39,37,58,47,47,47,0,0],"gold":150,"neow_bonus":"","is_daily":false,"chose_seed":false,"campfire_upgraded":2,"win_rate":0.0,"timestamp":1611481285,"path_taken":["M","?","?","M","?","E","?","R","T","M","?","R","M","?","R","BOSS"],"items_purchased_type":[],"build_version":"2020-12-22","purchased_purges":1,"victory":false,"max_hp_per_floor":[70,70,70,70,70,70,70,70,70,70,70,70,70,70,70,70,70],"card_choices":[{"not_picked":["VoidDream","CherryBlossoms"],"picked":"CrumblingArmor","floor":1},{"not_picked":["Terror","Quick Slash"],"picked":"Cloak And Dagger","floor":1},{"not_picked":["BeautyBeast","OldLady"],"picked":"Porccubus","floor":4},{"not_picked":["Caltrops","Terror"],"picked":"Acrobatics","floor":4},{"not_picked":["OSAHOGD","WallGazer"],"picked":"ShyLook","floor":6},{"not_picked":["Prepared","Bane"],"picked":"Night Terror","floor":6},{"not_picked":["BigBadWolf","MHz"],"picked":"PunishingBird","floor":10},{"not_picked":["Caltrops","Tactician","Deadly Poison"],"picked":"SKIP","floor":10},{"not_picked":["Caltrops","Tactician","Deadly Poison"],"picked":"SKIP","floor":10},{"not_picked":["SpiderBud","MHz"],"picked":"Scorched","floor":11},{"not_picked":["Prepared","Slice","Malaise"],"picked":"SKIP","floor":11},{"not_picked":["Prepared","Slice","Malaise"],"picked":"SKIP","floor":11},{"not_picked":["Rudolta","Bloodbath"],"picked":"UniverseFragment","floor":13},{"not_picked":["Dagger Throw","PiercingWail"],"picked":"Footwork","floor":13}],"player_experience":100464,"relics_obtained":[{"floor":6,"key":"Gremlin Horn"},{"floor":9,"key":"Sundial"}],"event_choices":[{"damage_healed":0,"gold_gain":0,"player_choice":"Entered Light","damage_taken":14,"max_hp_gain":0,"max_hp_loss":0,"event_name":"Shining Light","floor":2,"gold_loss":0,"cards_upgraded":["Strike_G","Strike_G"]},{"cards_removed":["Strike_G"],"damage_healed":0,"gold_gain":0,"player_choice":"Card Removal","damage_taken":0,"max_hp_gain":0,"max_hp_loss":0,"event_name":"The Cleric","floor":3,"gold_loss":50},{"damage_healed":0,"gold_gain":0,"player_choice":"Box","damage_taken":0,"relics_obtained":["Meat on the Bone"],"max_hp_gain":0,"max_hp_loss":0,"event_name":"Big Fish","floor":5,"gold_loss":0,"cards_obtained":["Regret"]},{"cards_removed":["Night Terror"],"damage_healed":0,"gold_gain":0,"player_choice":"Purged","damage_taken":0,"max_hp_gain":0,"max_hp_loss":0,"event_name":"Purifier","floor":14,"gold_loss":0}],"is_beta":false,"boss_relics":[],"items_purged_floors":[7],"is_endless":false,"potions_floor_spawned":[4,11,13],"killed_by":"The Guardian","ascension_level":0}}