{"host":"mep2b6vzdxhg46zq","time":1611516159,"event":{"mods":["Aspiration","Bard","BaseMod","Hermit","Hubris","Minty Spire (QoL Compilation)","READ ME - Guardian Mod","Random Character Button","Shade Mod","StSLib","The Animator","The Blackbeard","The Bladedancer","The Clintock","The Cursed","The Disciple","The Exalted","The Forsaken","The Judge","The Runesmith","vexMod"],"gold_per_floor":[122,68,78,78,90,90,90,190,190,208,208,221,239,259,259,259,259],"floor_reached":16,"language":"ENG","playtime":1749,"items_purged":[],"score":94,"play_id":"2f8cbc92-eaef-481a-bbd6-763291cd461a","local_time":"20210124192239","is_ascension_mode":false,"campfire_choices":[{"data":"animator:Defend_Konosuba","floor":6,"key":"SMITH"},{"floor":11,"key":"REST"},{"floor":15,"key":"REST"}],"circlet_count":0,"master_deck":["animator:Strike_Konosuba","animator:Defend_Konosuba+1","animator:Strike","animator:Strike","animator:Strike","animator:Defend","animator:Defend","animator:Defend","animator:Kazuma","animator:Aqua","animator:Verdia","animator:Cocytus","animator:Darkness","animator:Genos","animator:Sonic","animator:ElricEdward","animator:SilverFang","animator:Tatsumaki"],"relics":["animator:LivingPicture","animator:TheMissingPiece","Bromod:ArcanePistoleer","vexMod:BerryBomb"],"acts_visited":["Exordium"],"potions_floor_usage":[16,16,16],"damage_taken":[{"damage":5,"enemies":"Small Slimes","floor":1,"turns":6},{"damage":1,"enemies":"2 Louse","floor":3,"turns":5},{"damage":2,"enemies":"Cultist","floor":5,"turns":6},{"damage":11,"enemies":"3 Louse","floor":10,"turns":4},{"damage":2,"enemies":"Large Slime","floor":12,"turns":11},{"damage":29,"enemies":"Gremlin Gang","floor":13,"turns":8},{"damage":8,"enemies":"2 Fungi Beasts","floor":14,"turns":7},{"damage":64,"enemies":"Slime Boss","floor":16,"turns":24}],"seed_played":"-6853083886107277209","potions_obtained":[{"floor":1,"key":"PowerPotion"},{"floor":10,"key":"Weak Potion"},{"floor":12,"key":"PowerPotion"}],"is_trial":false,"path_per_floor":["M","$","M","$","M","R","?","?","T","M","R","M","M","M","R","B"],"character_chosen":"THE_ANIMATOR","items_purchased":["animator:Cocytus"],"campfire_rested":2,"item_purchase_floors":[2],"current_hp_per_floor":[67,67,69,69,69,69,51,51,57,48,71,71,44,38,61,0,0],"gold":259,"neow_bonus":"TEN_PERCENT_HP_BONUS","is_daily":false,"chose_seed":false,"campfire_upgraded":1,"win_rate":0.0,"timestamp":1611516159,"path_taken":["M","$","M","$","M","R","?","?","T","M","R","?","M","M","R","BOSS"],"items_purchased_type":["Card"],"build_version":"2020-12-22","purchased_purges":0,"victory":false,"max_hp_per_floor":[72,72,73,73,73,73,73,73,79,79,79,79,79,79,79,79,79],"card_choices":[{"not_picked":["animator:Gluttony","animator:Demiurge"],"picked":"animator:Verdia","floor":1},{"not_picked":["animator:YuiTsuruno","animator:Sloth"],"picked":"animator:Darkness","floor":3},{"not_picked":["animator:SuzuneAmano","animator:MamiTomoe"],"picked":"animator:Genos","floor":5},{"not_picked":["animator:Tatsumaki","animator:MumenRider"],"picked":"animator:Sonic","floor":10},{"not_picked":["animator:IrohaTamaki","animator:Demiurge"],"picked":"animator:ElricEdward","floor":12},{"not_picked":["animator:Evileye","animator:MumenRider"],"picked":"animator:SilverFang","floor":13},{"not_picked":["animator:CowGirl","animator:Priestess"],"picked":"animator:Tatsumaki","floor":14}],"player_experience":41165,"relics_obtained":[{"floor":9,"key":"vexMod:BerryBomb"}],"event_choices":[{"damage_healed":0,"gold_gain":0,"player_choice":"Success","damage_taken":18,"relics_obtained":["Bromod:ArcanePistoleer"],"max_hp_gain":0,"max_hp_loss":0,"event_name":"Scrap Ooze","floor":7,"gold_loss":0},{"damage_healed":0,"gold_gain":100,"player_choice":"Pray","damage_taken":0,"max_hp_gain":0,"max_hp_loss":0,"event_name":"Golden Shrine","floor":8,"gold_loss":0}],"is_beta":false,"boss_relics":[],"items_purged_floors":[],"is_endless":false,"potions_floor_spawned":[1,10,12],"killed_by":"Slime Boss","ascension_level":0}}