{"host":"746m694if73h3gai","time":1611513011,"event":{"mods":["2.2 Compatiblity","AchievementEnabler","Act Like it!","BaseMod","Colored Map","Colored Powertips","Downfall","Minty Spire (QoL Compilation)","Quick Restart","Rare Cards Sparkle","Relic Stats","StSLib","everything is the same but u backflip on backflip","slay the spire mod where everything is the same but ironclad has a cowboy hat"],"gold_per_floor":[99,115,126,146,159,159,185,50,50,50,50,65,50,80,94,199,199,99,114,126,136,136,136,136],"floor_reached":22,"language":"ENG","playtime":1736,"items_purged":[],"score":238,"play_id":"95f9caa5-9bbe-4c0a-b7c6-73771df63f9c","local_time":"20210124193011","is_ascension_mode":false,"campfire_choices":[{"floor":1,"key":"RECALL"},{"data":"Slimebound:PressTheAttack","floor":6,"key":"SMITH"},{"data":"Slimebound:MinionMaster","floor":18,"key":"SMITH"}],"circlet_count":0,"master_deck":["Slimebound:Strike_Slimebound+1","Slimebound:Strike_Slimebound","Slimebound:Strike_Slimebound","Slimebound:Tackle","Slimebound:Defend_Slimebound","Slimebound:Defend_Slimebound+1","Slimebound:Defend_Slimebound","Slimebound:Defend_Slimebound+1","Slimebound:Split+1","Slimebound:CorrosiveSpit","Slimebound:SplitLeeching","Slimebound:SlimeSpikes","Slimebound:PressTheAttack+1","Slimebound:RejuvenatingLick","Slimebound:ProtectTheBoss","Slimebound:LivingWall","Pain","Slimebound:SplitBruiser","Slimebound:SlimeSpikes","Slimebound:Overexert","Slimebound:MinionMaster+1","CurseOfTheBell","Slimebound:GoopSpray","Slimebound:LeadByExample","Slimebound:Repurpose"],"relics":["Slimebound:AbsorbEndCombat","WarpedTongs","Potion Belt","Calling Bell","Guardian:PocketSentry","The Courier","StoneCalendar","downfall:HeartBlessingGreen"],"acts_visited":["Exordium","TheCity"],"potions_floor_usage":[21],"damage_taken":[{"damage":7,"enemies":"Cultist","floor":2,"turns":3},{"damage":0,"enemies":"Jaw Worm","floor":3,"turns":3},{"damage":3,"enemies":"Small Slimes","floor":4,"turns":3},{"damage":11,"enemies":"Exordium Thugs","floor":5,"turns":5},{"damage":7,"enemies":"downfall:FleeingMerchant","floor":8,"turns":4},{"damage":12,"enemies":"Blue Slaver","floor":12,"turns":3},{"damage":15,"enemies":"downfall:FleeingMerchant","floor":13,"turns":4},{"damage":9,"enemies":"Lagavulin","floor":14,"turns":6},{"damage":7,"enemies":"Large Slime","floor":15,"turns":4},{"damage":4,"enemies":"SI_SHIV_ARCHETYPE","floor":16,"turns":7},{"damage":12,"enemies":"Shell Parasite","floor":19,"turns":6},{"damage":23,"enemies":"Snake Plant","floor":20,"turns":4},{"damage":37,"enemies":"Cultist and Chosen","floor":21,"turns":7},{"damage":3,"enemies":"Sentry and Sphere","floor":22,"turns":3}],"seed_played":"3210719468671504870","potions_obtained":[{"floor":5,"key":"ColorlessPotion"},{"floor":12,"key":"Energy Potion"},{"floor":14,"key":"CultistPotion"},{"floor":16,"key":"SteroidPotion"},{"floor":20,"key":"SpeedPotion"},{"floor":21,"key":"SkillPotion"}],"is_trial":false,"path_per_floor":["R","M","M","M","M","R","T","$","?","?","?","M","$","E","M","B",null,"R","M","M","M","M"],"character_chosen":"SLIMEBOUND","items_purchased":["Slimebound:ProtectTheBoss","Slimebound:LivingWall"],"campfire_rested":0,"item_purchase_floors":[8,8],"current_hp_per_floor":[65,62,65,64,59,59,59,56,56,56,56,48,39,36,33,37,65,65,57,36,3,0,0,0],"gold":136,"neow_bonus":"UPGRADE_CARD","is_daily":false,"chose_seed":false,"campfire_upgraded":2,"win_rate":0.0,"timestamp":1611513011,"path_taken":["R","M","M","M","M","R","T","$","?","?","?","M","$","E","M","BOSS","R","M","M","M","M"],"items_purchased_type":["Card","Card"],"build_version":"2020-12-22","purchased_purges":0,"victory":false,"max_hp_per_floor":[65,65,65,65,65,65,65,65,65,65,65,65,65,65,65,65,65,65,65,65,65,65,65,65],"relic_stats":{"counters":[14,62],"StoneCalendar":[0],"obtain_stats":[{"Potion Belt":14,"Calling Bell":17,"StoneCalendar":17,"downfall:HeartBlessingGreen":18,"The Courier":17,"Slimebound:AbsorbEndCombat":0,"Guardian:PocketSentry":17,"WarpedTongs":11},{"Potion Belt":8,"Calling Bell":10,"StoneCalendar":10,"downfall:HeartBlessingGreen":10,"The Courier":10,"Slimebound:AbsorbEndCombat":0,"Guardian:PocketSentry":10,"WarpedTongs":5},{"Potion Belt":31,"Calling Bell":42,"StoneCalendar":42,"downfall:HeartBlessingGreen":42,"The Courier":42,"Slimebound:AbsorbEndCombat":0,"Guardian:PocketSentry":42,"WarpedTongs":18}],"WarpedTongs":[44]},"card_choices":[{"not_picked":["Slimebound:GoopTackle","Slimebound:ViciousTackle"],"picked":"Slimebound:SplitLeeching","floor":2},{"not_picked":["Slimebound:RainOfGoop","Slimebound:AcidTongue"],"picked":"Slimebound:SlimeSpikes","floor":3},{"not_picked":["Slimebound:HauntingLick","Slimebound:SplitAcid"],"picked":"Slimebound:PressTheAttack","floor":4},{"not_picked":["Slimebound:ComboTackle","Slimebound:SlimeBarrage"],"picked":"Slimebound:RejuvenatingLick","floor":5},{"not_picked":["Slimebound:LeechEnergy","Slimebound:Dissolve","Slimebound:SplitAcid"],"picked":"SKIP","floor":8},{"not_picked":["Slimebound:PressTheAttack","Slimebound:DisruptingSlam"],"picked":"Slimebound:SplitBruiser","floor":12},{"not_picked":["Slimebound:DisruptingSlam","Slimebound:SplitAcid"],"picked":"Slimebound:SlimeSpikes","floor":13},{"not_picked":["Slimebound:Prepare","Slimebound:ProtectTheBoss"],"picked":"Slimebound:Overexert","floor":14},{"not_picked":["Slimebound:SplitMire","Slimebound:AcidTongue","Slimebound:GoopTackle"],"picked":"SKIP","floor":15},{"not_picked":["Slimebound:Teamwork","Slimebound:CheckThePlaybook"],"picked":"Slimebound:MinionMaster","floor":16},{"not_picked":["Slimebound:SamplingLick","Slimebound:ViciousTackle"],"picked":"Slimebound:GoopSpray","floor":19},{"not_picked":["Slimebound:ServeAndProtect+1","Slimebound:SplitAcid"],"picked":"Slimebound:LeadByExample","floor":20},{"not_picked":["Slimebound:Nibble","Slimebound:SpikyOuterGoop"],"picked":"Slimebound:Repurpose","floor":21}],"player_experience":147440,"relics_obtained":[{"floor":14,"key":"Potion Belt"},{"floor":17,"key":"Guardian:PocketSentry"},{"floor":17,"key":"The Courier"},{"floor":17,"key":"StoneCalendar"}],"event_choices":[{"cards_removed":["downfall:Malfunctioning"],"damage_healed":0,"gold_gain":0,"player_choice":"Forget","damage_taken":0,"max_hp_gain":0,"max_hp_loss":0,"event_name":"Living Wall","floor":10,"gold_loss":0},{"damage_healed":0,"gold_gain":0,"player_choice":"Rummage","damage_taken":0,"relics_obtained":["WarpedTongs"],"max_hp_gain":0,"max_hp_loss":0,"event_name":"Accursed Blacksmith","floor":11,"gold_loss":0,"cards_obtained":["Pain"]}],"is_beta":false,"boss_relics":[{"not_picked":["Empty Cage","Philosopher\u0027s Stone"],"picked":"Calling Bell"}],"items_purged_floors":[],"is_endless":false,"potions_floor_spawned":[5,12,14,16,20,21],"killed_by":"Sentry and Sphere","ascension_level":0}}