{"host":"bid6lzrefpuw0ao6","time":1611452878,"event":{"mods":["ATMod(阿瑾Mod)","AchievementEnabler","Act Like it!","Aspiration","BaseMod","BetterRewards","Colored Powertips","Faster Ascension Climbing","Gold Saver","Good Game Mod","HumanHunterMod(怪物杀人mod)","Minty Spire (QoL Compilation)","MostiFishMod","Quick Restart","Relic Stats","RumiaBox-露米娅的神秘盒子","Shop Mod","Spicy Shops","StSLib","SuperFastMode","TestMod","[功能]商店购物价格优惠80%","【功能Mod】Neow奖励","【功能Mod】混沌之环修复补丁","【功能Mod】精心准备","【遗物Mod】简单游戏","没有小屋子和绿帽子啦","篝火指南"],"gold_per_floor":[1598,1619,1637,1637,1637,1679,1392,1429,1455,1493,1493,731,785,835,835,969,969,1067,1108,1181,954,954,954,1088,1167,1167,1216,1337,721,836,915,915,1035,1035,1076,269,422,755,808,865,1014,1092,1145,1250,1259,918,1063,1222,820,958,1293,1293,828,556,843,1092],"floor_reached":57,"language":"ZHS","playtime":4611,"items_purged":["Strike_B","Defend_B","Strike_B","Defend_B","Defend_B","Strike_B","Defend_B","Panache","Strike_B","Turbo","Heatsinks+1","Dualcast","Pain","Writhe","Machine Learning"],"score":7029,"play_id":"a15286e4-bb76-43d2-9daf-62b584f06175","local_time":"20210124094758","is_ascension_mode":true,"campfire_choices":[{"floor":32,"key":"RECALL"}],"circlet_count":0,"master_deck":["AscendersBane","Zap+1","AT_FamilyPortrait+1","Coolheaded+1","Defragment+1","Turbo+1","Skim+1","Streamline+1","Capacitor+1","AT_ThreeBodyProblem+1","MostiFishMod:PerfectForm+1","Coolheaded+1","Hologram","Defragment+1","testmod-ChaoticCore+1","Chill","Barrage+1","Cold Snap+1","AT_WaterDrop+1","Recycle+1","Heatsinks+1","AT_RobotInSpace+1","AT_StudyProgram+1","MostiFishMod:SeaWaves+1","Panacea+1","AT_StudyProgram+1","Defragment+1"],"relics":["Cracked Core","DaveBox","testmod-TestBox","EasyRelic","AT_ATBox","REME:ComplimentaryCards","SynthV:C4","testmod-TurbochargingSystem","AT_PhaseBoots","Oddly Smooth Stone","testmod-AssaultLearning","Frozen Egg 2","testmod-LifeArmor","MostiFishMod:AdaptiveDefenses","HandDrill","PreservedInsect","aspiration:ArtOfWarUpgrade","Darkstone Periapt","DianPoetry","Peace Pipe","Dodecahedron","CeramicFish","ImprovedEquipment","AT_BladeRuinedKing","aspiration:EnhancedActuators","AT_RedTearstoneRing","Sling","AT_BellDemon","Dream Catcher","AT_GoldPhoenixTree","testmod-Acrobat","Bag of Preparation","Regal Pillow","StoneCalendar","DianDianMeat","testmod-Nyarlathotep","aspiration:MysteriousAuxiliaryCore","Cables","SynthV:TestCard","Mercury Hourglass","The Courier","Shuriken","Symbiotic Virus","Sundial","AT_SeraphEmbrace","Anchor","Torii","Nunchaku","Membership Card","MerchantsRug","aspiration:ChemicalBlood","GodSword4","GodSword7","aspiration:Lifesprig","Mummified Hand","Bag of Marbles","TungstenRod","AT_MibuBalloonWealth","Blood Vial","Strawberry","Juzu Bracelet","Boot","DataDisk","Akabeko","DaCapo","ChiXiaoBlade","Eternal Feather","AT_EbonyIvory","Kunai","Lantern","AT_ForceNature","Pen Nib","Ancient Tea Set","Technique","Matryoshka","AT_ChloranthyRing","Potion Belt","Happy Flower","GodSword3","Pantograph","SSSystem","GodSword6","Omamori","Medical Kit","Meat on the Bone","Molten Egg 2","MagicDraw3","War Paint","Vajra","HornCleat","Singing Bowl","testmod-Justice","Ornamental Fan","AT_RedNoBalance","Toxic Egg 2","testmod-BatchProcessingSystem","LastBattle","AT_RabadonDeathcap","AT_BellowingDragoncrestRing","GodSword1","Lizard Tail","BrkXgEgg","AT_ImmortalShieldbow","MagicDraw2","Thread and Needle","MagicDraw1","SecretRecord","aspiration:FaultyCoupler","Bottled Tornado","AT_SilvercatRing","White Beast Statue","Gremlin Horn","Incense Burner","GodSword5","aspiration:HummingbirdHeart","Emotion Chip","AT_TheCollector","testmod-Maize","testmod-InjuryResistance","BionicSphere","testmod-Fortitude","Unceasing Top","Mango","PlanX","testmod-EqualTreatment","OriginationStaff","FossilizedHelix","testmod-Laevatain","ClockworkSouvenir","Turnip","TheAbacus","Bird Faced Urn","aspiration:HatOfInfinitePower","Ice Cream","OrangePellets","CaptainsWheel","Calipers","testmod-CasingShield","Pocketwatch","Ginger"],"acts_visited":["Exordium","TheCity","TheBeyond","TheEnding"],"potions_floor_usage":[0,14,56,56],"damage_taken":[{"damage":0,"enemies":"Cultist","floor":1,"turns":1},{"damage":0,"enemies":"2 Louse","floor":2,"turns":1},{"damage":0,"enemies":"Small Slimes","floor":3,"turns":1},{"damage":0,"enemies":"Lagavulin","floor":6,"turns":1},{"damage":0,"enemies":"Gremlin Nob","floor":8,"turns":2},{"damage":0,"enemies":"Lagavulin","floor":10,"turns":2},{"damage":0,"enemies":"Blue Slaver","floor":13,"turns":1},{"damage":0,"enemies":"Large Slime","floor":14,"turns":1},{"damage":0,"enemies":"The Guardian","floor":16,"turns":1},{"damage":0,"enemies":"3 Byrds","floor":18,"turns":1},{"damage":0,"enemies":"Shell Parasite","floor":19,"turns":1},{"damage":0,"enemies":"Chosen and Byrds","floor":20,"turns":1},{"damage":0,"enemies":"Gremlin Leader","floor":24,"turns":1},{"damage":0,"enemies":"Centurion and Healer","floor":25,"turns":1},{"damage":0,"enemies":"Snake Plant","floor":27,"turns":1},{"damage":0,"enemies":"Slavers","floor":28,"turns":1},{"damage":0,"enemies":"Gremlin Leader","floor":30,"turns":1},{"damage":0,"enemies":"Shelled Parasite and Fungi","floor":31,"turns":1},{"damage":0,"enemies":"Automaton","floor":33,"turns":1},{"damage":0,"enemies":"Orb Walker","floor":35,"turns":1},{"damage":0,"enemies":"3 Darklings","floor":37,"turns":1},{"damage":0,"enemies":"Spire Growth","floor":39,"turns":1},{"damage":0,"enemies":"Giant Head","floor":40,"turns":1},{"damage":0,"enemies":"Writhing Mass","floor":41,"turns":1},{"damage":0,"enemies":"Nemesis","floor":42,"turns":5},{"damage":0,"enemies":"Reptomancer","floor":44,"turns":1},{"damage":0,"enemies":"3 Darklings","floor":47,"turns":1},{"damage":0,"enemies":"Giant Head","floor":48,"turns":1},{"damage":0,"enemies":"Time Eater","floor":50,"turns":2},{"damage":0,"enemies":"Awakened One","floor":51,"turns":2},{"damage":0,"enemies":"Shield and Spear","floor":55,"turns":1},{"damage":0,"enemies":"The Heart","floor":56,"turns":7}],"seed_played":"-4179771190501873526","potions_obtained":[{"floor":2,"key":"PowerPotion"},{"floor":3,"key":"BlessingOfTheForge"},{"floor":20,"key":"AttackPotion"},{"floor":25,"key":"AttackPotion"},{"floor":42,"key":"Swift Potion"}],"is_trial":false,"path_per_floor":["M","M","M","?","?","E","R","E","T","E","?","R","M","M","R","B",null,"M","M","M","$","?","R","E","M","T","M","E","$","E","M","R","B",null,"M","$","M","?","M","E","M","E","T","E","?","$","M","E","R","B","B",null,"R","$","E","B",null],"character_chosen":"DEFECT","items_purchased":["AT_SpeedBoots","Oddly Smooth Stone","Machine Learning","Coolheaded","testmod-AssaultLearning","Frozen Egg 2","testmod-LifeArmor","MostiFishMod:AdaptiveDefenses","HandDrill","Defragment+1","DiscerningMonocle","PreservedInsect","Art of War","Darkstone Periapt","Turbo","DianPoetry","Heatsinks+1","PowerPotion","Dodecahedron","CeramicFish","Skim","Streamline","Capacitor+1","ImprovedEquipment","AT_BladeRuinedKing","AT_ThreeBodyProblem+1","aspiration:EnhancedActuators","AT_RedTearstoneRing","Sling","MostiFishMod:PerfectForm+1","Coolheaded","AT_BellDemon","Dream Catcher","testmod-Acrobat","Bag of Preparation","Regal Pillow","Turbo","testmod-SpacePotion","Symbiotic Virus","Sundial","Defragment+1","testmod-ChaoticCore+1","AT_ArchangelStaff","Orrery","Membership Card","MerchantsRug","aspiration:ChemicalBlood","GodSword4","testmod-SpacePotion","GodSword7","aspiration:Lifesprig","Mummified Hand","Bag of Marbles","TungstenRod","AT_MibuBalloonWealth","Blood Vial","Strawberry","Juzu Bracelet","Boot","DataDisk","Kunai","Lantern","AT_ForceNature","Pen Nib","Ancient Tea Set","Technique","Matryoshka","GodSword6","Omamori","Medical Kit","Meat on the Bone","Molten Egg 2","MagicDraw3","War Paint","Vajra","Ccalipers","HornCleat","Singing Bowl","AT_RabadonDeathcap","AT_BellowingDragoncrestRing","GodSword1","Lizard Tail","AT_StudyProgram+1","BrkXgEgg","AT_ImmortalShieldbow","MagicDraw2","Thread and Needle","MagicDraw1","SecretRecord","aspiration:FaultyCoupler","DuplicationPotion","AT_TheCollector","testmod-Maize","testmod-InjuryResistance","BionicSphere","AT_StudyProgram+1","Mango","PlanX","testmod-EqualTreatment","OriginationStaff","FossilizedHelix","testmod-Laevatain","ClockworkSouvenir","Turnip","TheAbacus","Bird Faced Urn","aspiration:HatOfInfinitePower","Ice Cream","DuplicationPotion","Defragment+1","OrangePellets","CaptainsWheel","Calipers","testmod-CasingShield","Pocketwatch"],"campfire_rested":0,"item_purchase_floors":[0,0,0,0,0,0,0,0,0,0,0,0,0,0,0,0,0,0,0,0,0,0,0,0,0,0,0,0,0,0,0,0,0,0,0,0,0,0,7,7,7,7,7,7,12,12,12,12,12,12,12,12,12,12,12,12,12,12,12,12,21,21,21,21,21,21,21,29,29,29,29,29,29,29,29,29,29,29,36,36,36,36,36,36,36,36,36,36,36,36,36,46,46,46,46,46,49,49,49,49,49,49,53,53,53,53,53,53,53,53,54,54,54,54,54],"current_hp_per_floor":[23,23,23,23,23,23,43,43,43,43,43,50,52,54,54,63,90,92,94,96,96,96,99,107,107,107,107,116,116,118,128,128,93,121,125,136,140,140,154,158,161,163,163,165,179,196,198,200,257,257,257,257,274,274,276,276],"gold":1092,"neow_bonus":"","is_daily":false,"chose_seed":false,"campfire_upgraded":0,"win_rate":0.0,"timestamp":1611452878,"path_taken":["M","M","?","?","?","E","R","E","T","E","?","R","M","M","R","BOSS","M","M","M","?","?","R","E","M","T","M","E","$","E","M","R","BOSS","M","$","M","?","M","E","M","E","T","E","?","$","M","E","R","BOSS","BOSS","R","$","E","BOSS"],"items_purchased_type":["Relic","Relic","Card","Card","Relic","Relic","Relic","Relic","Relic","Card","Relic","Relic","Relic","Relic","Card","Relic","Card","Potion","Relic","Relic","Card","Card","Card","Relic","Relic","Card","Relic","Relic","Relic","Card","Card","Relic","Relic","Relic","Relic","Relic","Card","Potion","Relic","Relic","Card","Card","Relic","Relic","Relic","Relic","Relic","Relic","Potion","Relic","Relic","Relic","Relic","Relic","Relic","Relic","Relic","Relic","Relic","Relic","Relic","Relic","Relic","Relic","Relic","Relic","Relic","Relic","Relic","Relic","Relic","Relic","Relic","Relic","Relic","Relic","Relic","Relic","Relic","Relic","Relic","Relic","Card","Relic","Relic","Relic","Relic","Relic","Relic","Relic","Potion","Relic","Relic","Relic","Relic","Card","Relic","Relic","Relic","Relic","Relic","Relic","Relic","Relic","Relic","Relic","Relic","Relic","Potion","Card","Relic","Relic","Relic","Relic","Relic"],"build_version":"2020-12-22","purchased_purges":15,"victory":true,"max_hp_per_floor":[72,72,72,72,65,65,85,85,85,85,85,92,92,92,92,99,99,99,99,99,99,99,99,107,107,107,107,116,116,118,128,128,130,130,132,143,145,145,157,159,161,163,163,165,182,196,198,200,257,257,257,257,274,274,276,276],"relic_stats":{"Darkstone Periapt":12,"Regal Pillow":0,"Torii":0,"Singing Bowl":26,"Gremlin Horn":[43,70],"CeramicFish":216,"StoneCalendar":[0],"Bag of Preparation":[124],"Juzu Bracelet":4,"Ginger":[19],"Boot":[126],"Blood Vial":27,"Dream Catcher":0,"Nunchaku":[25],"Lizard Tail":0,"Emotion Chip":[0,0,0,0,0],"TheAbacus":[462],"Sundial":[28],"Mummified Hand":[568],"Pantograph":25,"HandDrill":[52],"Kunai":[57],"Happy Flower":[102],"counters":[149,238],"Eternal Feather":3,"PreservedInsect":2039,"Pen Nib":[31],"War Paint":["Chill","AT_FamilyPortrait","Skim"],"Medical Kit":[18],"Cables":[44,25,5,13,1],"Mercury Hourglass":[182],"Peace Pipe":0,"OrangePellets":[9],"Shuriken":[5],"Ornamental Fan":[40],"Bird Faced Urn":[0],"Turnip":[2],"obtain_stats":[{"AT_ATBox":0,"MostiFishMod:AdaptiveDefenses":0,"testmod-LifeArmor":5,"AT_TimeSand":0,"Sling":0,"Blood Vial":49,"testmod-Prudence":0,"HandDrill":0,"aspiration:FaultyCoupler":36,"DianDianMeat":0,"MerchantsRug":0,"AT_RedTearstoneRing":0,"testmod-TestBox":0,"testmod-Register":0,"Blue Candle":42,"Eternal Feather":53,"Pen Nib":0,"AT_SilvercatRing":25,"TimeFreeze":20,"Akabeko":0,"Cables":0,"AT_SpeedBoots":0,"AT_TheCollector":46,"Bird Faced Urn":38,"MutagenicStrength":21,"aspiration:MysteriousAuxiliaryCore":0,"Unceasing Top":48,"Regal Pillow":15,"Torii":8,"Singing Bowl":29,"DianPoetry":0,"testmod-EqualTreatment":49,"Ancient Tea Set":43,"testmod-CasingShield":54,"Chemical X":0,"ZombieArmy":40,"aspiration:ChemicalBlood":12,"Potion Belt":8,"AT_ChloranthyRing":20,"Lee\u0027s Waffle":53,"Golden Idol":5,"AT_GoldPhoenixTree":0,"PreservedInsect":13,"FeatherPendant":17,"Ornamental Fan":7,"Art of War":46,"AT_SunfireAegis":0,"Ice Cream":54,"Calipers":54,"Gremlin Horn":28,"Runic Capacitor":0,"Centennial Puzzle":10,"testmod-Laevatain":0,"Ccalipers":0,"DaCapo":16,"AT_RedNoBalance":33,"testmod-ChristmasGift":0,"ImportantClient":16,"AT_RabadonDeathcap":20,"testmod-FatalChain":25,"AddBug":1,"testmod-RealStoneCalender":7,"OrangePellets":32,"PlanX":49,"GodSword7":0,"GodSword6":41,"GodSword5":27,"xbg":0,"GodSword4":0,"GodSword3":43,"Symbiotic Virus":0,"aspiration:HatOfInfinitePower":53,"testmod-OneHitWonder":42,"GodSword1":41,"Pocketwatch":54,"AT_SeraphEmbrace":56,"DiscerningMonocle":0,"SecretRecord":1,"Juzu Bracelet":0,"ExusiaiGun":34,"Nunchaku":0,"Dream Catcher":0,"Emotion Chip":44,"TheAbacus":0,"testmod-InjuryResistance":0,"Runic Pyramid":17,"AT_ForceNature":21,"JellyFishMachine":34,"testmod-Justice":30,"Medical Kit":29,"Mercury Hourglass":2,"Cauldron":38,"DataDisk":12,"REME:ComplimentaryCards":12,"SynthV:TestCard":1,"Bag of Marbles":29,"Membership Card":0,"FossilizedHelix":49,"Whetstone":0,"Ginger":55,"Bottled Tornado":41,"Boot":28,"MagicDraw3":54,"MagicDraw2":27,"Old Coin":15,"MagicDraw1":46,"aspiration:EnhancedActuators":0,"Sundial":47,"MealTicket":38,"Kunai":38,"testmod-Maize":6,"MostiFishMod:Hod":17,"Pear":41,"Dodecahedron":0,"AT_EbonyIvory":0,"EasyRelic":0,"testmod-Fortitude":47,"Runic Dome":0,"BionicSphere":0,"Technique":32,"AT_BellDemon":40,"Lantern":49,"aspiration:Lifesprig":12,"DaveBox":0,"StoneCalendar":0,"Bag of Preparation":43,"SynthV:C4":12,"Civilization":0,"testmod-Brilliant":0,"Shovel":0,"Matryoshka":21,"testmod-ObsoleteBoomerang":0,"ImprovedEquipment":0,"Thread and Needle":36,"BrkXgEgg":38,"The Courier":6,"Omamori":0,"testmod-TurbochargingSystem":45,"Frozen Egg 2":47,"LastBattle":26,"AT_ImmortalShieldbow":36,"AT_BellowingDragoncrestRing":30,"Orrery":30,"Turnip":53,"Bottled Lightning":32,"AT_MibuBalloonWealth":15,"CeramicFish":0,"SSSystem":6,"Vajra":7,"Tea:ReiMu":42,"testmod-BatchProcessingSystem":34,"BirthdayGift-Icosahedron":0,"AT_ArchangelStaff":30,"Lizard Tail":36,"HornCleat":38,"Strawberry":7,"aspiration:ArtOfWarUpgrade":23,"Toxic Egg 2":28,"Happy Flower":0,"Oddly Smooth Stone":53,"AT_SilverBalance":31,"AT_PhaseBoots":42,"War Paint":14,"Question Card":0,"Bottled Flame":40,"Brimstone":7,"Shuriken":54,"testmod-Acrobat":11,"ChiXiaoBlade":17,"Molten Egg 2":29,"OriginationStaff":49,"Meat on the Bone":0,"Darkstone Periapt":15,"Mango":38,"Incense Burner":0,"testmod-Nyarlathotep":54,"ClockworkSouvenir":37,"Mummified Hand":53,"Pantograph":0,"Gambling Chip":44,"Cracked Core":0,"testmod-ArcanaOfDestiny":0,"SumBook":55,"AT_BladeRuinedKing":30,"aspiration:HummingbirdHeart":44,"Orichalcum":54,"testmod-IndustrialRevolution":27,"White Beast Statue":26,"DALC_TWO":54,"Peace Pipe":0,"testmod-Antiphasic":7,"CaptainsWheel":23,"Anchor":54,"testmod-AssaultLearning":28,"TungstenRod":6},{"AT_ATBox":0,"MostiFishMod:AdaptiveDefenses":117,"testmod-LifeArmor":90,"AT_TimeSand":87,"Sling":32,"Blood Vial":83,"testmod-Prudence":0,"HandDrill":32,"aspiration:FaultyCoupler":137,"DianDianMeat":117,"MerchantsRug":32,"AT_RedTearstoneRing":87,"testmod-TestBox":0,"testmod-Register":0,"Blue Candle":55,"Eternal Feather":115,"Pen Nib":62,"AT_SilvercatRing":100,"TimeFreeze":99,"Akabeko":32,"Cables":87,"AT_SpeedBoots":117,"AT_TheCollector":143,"Bird Faced Urn":23,"MutagenicStrength":99,"aspiration:MysteriousAuxiliaryCore":117,"Unceasing Top":145,"Regal Pillow":68,"Torii":122,"Singing Bowl":133,"DianPoetry":0,"testmod-EqualTreatment":145,"Ancient Tea Set":82,"testmod-CasingShield":147,"Chemical X":87,"ZombieArmy":54,"aspiration:ChemicalBlood":123,"Potion Belt":4,"AT_ChloranthyRing":99,"Lee\u0027s Waffle":85,"Golden Idol":120,"AT_GoldPhoenixTree":87,"PreservedInsect":8,"FeatherPendant":9,"Ornamental Fan":64,"Art of War":26,"AT_SunfireAegis":87,"Ice Cream":60,"Calipers":147,"Gremlin Horn":73,"Runic Capacitor":32,"Centennial Puzzle":65,"testmod-Laevatain":32,"Ccalipers":62,"DaCapo":126,"AT_RedNoBalance":136,"testmod-ChristmasGift":0,"ImportantClient":69,"AT_RabadonDeathcap":99,"testmod-FatalChain":16,"AddBug":33,"testmod-RealStoneCalender":64,"OrangePellets":75,"PlanX":145,"GodSword7":87,"GodSword6":81,"GodSword5":73,"xbg":0,"GodSword4":62,"GodSword3":24,"Symbiotic Virus":87,"aspiration:HatOfInfinitePower":147,"testmod-OneHitWonder":109,"GodSword1":108,"Pocketwatch":147,"AT_SeraphEmbrace":117,"DiscerningMonocle":117,"SecretRecord":33,"Juzu Bracelet":62,"ExusiaiGun":76,"Nunchaku":62,"Dream Catcher":117,"Emotion Chip":143,"TheAbacus":62,"testmod-InjuryResistance":62,"Runic Pyramid":69,"AT_ForceNature":129,"JellyFishMachine":49,"testmod-Justice":74,"Medical Kit":73,"Mercury Hourglass":119,"Cauldron":23,"DataDisk":66,"REME:ComplimentaryCards":123,"SynthV:TestCard":118,"Bag of Marbles":73,"Membership Card":0,"FossilizedHelix":145,"Whetstone":62,"Ginger":148,"Bottled Tornado":81,"Boot":18,"MagicDraw3":30,"MagicDraw2":73,"Old Coin":68,"MagicDraw1":112,"aspiration:EnhancedActuators":117,"Sundial":58,"MealTicket":23,"Kunai":23,"testmod-Maize":90,"MostiFishMod:Hod":97,"Pear":81,"Dodecahedron":62,"AT_EbonyIvory":87,"EasyRelic":0,"testmod-Fortitude":144,"Runic Dome":0,"BionicSphere":87,"Technique":75,"AT_BellDemon":108,"Lantern":58,"aspiration:Lifesprig":123,"DaveBox":0,"StoneCalendar":117,"Bag of Preparation":55,"SynthV:C4":123,"Civilization":62,"testmod-Brilliant":62,"Shovel":32,"Matryoshka":129,"testmod-ObsoleteBoomerang":32,"ImprovedEquipment":62,"Thread and Needle":137,"BrkXgEgg":23,"The Courier":121,"Omamori":87,"testmod-TurbochargingSystem":111,"Frozen Egg 2":83,"LastBattle":100,"AT_ImmortalShieldbow":137,"AT_BellowingDragoncrestRing":102,"Orrery":47,"Turnip":147,"Bottled Lightning":75,"AT_MibuBalloonWealth":96,"CeramicFish":117,"SSSystem":3,"Vajra":64,"Tea:ReiMu":82,"testmod-BatchProcessingSystem":136,"BirthdayGift-Icosahedron":0,"AT_ArchangelStaff":102,"Lizard Tail":137,"HornCleat":23,"Strawberry":64,"aspiration:ArtOfWarUpgrade":129,"Toxic Egg 2":102,"Happy Flower":62,"Oddly Smooth Stone":85,"AT_SilverBalance":135,"AT_PhaseBoots":142,"War Paint":8,"Question Card":32,"Bottled Flame":81,"Brimstone":64,"Shuriken":85,"testmod-Acrobat":6,"ChiXiaoBlade":126,"Molten Egg 2":73,"OriginationStaff":145,"Meat on the Bone":62,"Darkstone Periapt":68,"Mango":52,"Incense Burner":62,"testmod-Nyarlathotep":30,"ClockworkSouvenir":51,"Mummified Hand":85,"Pantograph":62,"Gambling Chip":110,"Cracked Core":0,"testmod-ArcanaOfDestiny":62,"SumBook":31,"AT_BladeRuinedKing":102,"aspiration:HummingbirdHeart":143,"Orichalcum":85,"testmod-IndustrialRevolution":73,"White Beast Statue":16,"DALC_TWO":30,"Peace Pipe":62,"testmod-Antiphasic":64,"CaptainsWheel":15,"Anchor":30,"testmod-AssaultLearning":73,"TungstenRod":64},{"AT_ATBox":0,"MostiFishMod:AdaptiveDefenses":192,"testmod-LifeArmor":142,"AT_TimeSand":137,"Sling":54,"Blood Vial":132,"testmod-Prudence":0,"HandDrill":54,"aspiration:FaultyCoupler":214,"DianDianMeat":192,"MerchantsRug":54,"AT_RedTearstoneRing":137,"testmod-TestBox":0,"testmod-Register":0,"Blue Candle":97,"Eternal Feather":187,"Pen Nib":109,"AT_SilvercatRing":167,"TimeFreeze":166,"Akabeko":54,"Cables":137,"AT_SpeedBoots":192,"AT_TheCollector":224,"Bird Faced Urn":40,"MutagenicStrength":166,"aspiration:MysteriousAuxiliaryCore":192,"Unceasing Top":226,"Regal Pillow":115,"Torii":198,"Singing Bowl":210,"DianPoetry":0,"testmod-EqualTreatment":226,"Ancient Tea Set":131,"testmod-CasingShield":230,"Chemical X":137,"ZombieArmy":96,"aspiration:ChemicalBlood":200,"Potion Belt":9,"AT_ChloranthyRing":166,"Lee\u0027s Waffle":135,"Golden Idol":195,"AT_GoldPhoenixTree":137,"PreservedInsect":18,"FeatherPendant":25,"Ornamental Fan":111,"Art of War":43,"AT_SunfireAegis":137,"Ice Cream":103,"Calipers":230,"Gremlin Horn":122,"Runic Capacitor":54,"Centennial Puzzle":112,"testmod-Laevatain":54,"Ccalipers":109,"DaCapo":203,"AT_RedNoBalance":212,"testmod-ChristmasGift":0,"ImportantClient":117,"AT_RabadonDeathcap":166,"testmod-FatalChain":32,"AddBug":55,"testmod-RealStoneCalender":111,"OrangePellets":124,"PlanX":226,"GodSword7":137,"GodSword6":130,"GodSword5":122,"xbg":0,"GodSword4":109,"GodSword3":41,"Symbiotic Virus":137,"aspiration:HatOfInfinitePower":230,"testmod-OneHitWonder":179,"GodSword1":178,"Pocketwatch":230,"AT_SeraphEmbrace":190,"DiscerningMonocle":192,"SecretRecord":55,"Juzu Bracelet":109,"ExusiaiGun":125,"Nunchaku":109,"Dream Catcher":192,"Emotion Chip":224,"TheAbacus":109,"testmod-InjuryResistance":109,"Runic Pyramid":117,"AT_ForceNature":206,"JellyFishMachine":88,"testmod-Justice":123,"Medical Kit":122,"Mercury Hourglass":194,"Cauldron":40,"DataDisk":113,"REME:ComplimentaryCards":200,"SynthV:TestCard":193,"Bag of Marbles":122,"Membership Card":0,"FossilizedHelix":226,"Whetstone":109,"Ginger":231,"Bottled Tornado":130,"Boot":35,"MagicDraw3":50,"MagicDraw2":122,"Old Coin":115,"MagicDraw1":182,"aspiration:EnhancedActuators":192,"Sundial":100,"MealTicket":40,"Kunai":40,"testmod-Maize":142,"MostiFishMod:Hod":164,"Pear":130,"Dodecahedron":109,"AT_EbonyIvory":137,"EasyRelic":0,"testmod-Fortitude":225,"Runic Dome":0,"BionicSphere":137,"Technique":124,"AT_BellDemon":178,"Lantern":100,"aspiration:Lifesprig":200,"DaveBox":0,"StoneCalendar":192,"Bag of Preparation":97,"SynthV:C4":200,"Civilization":109,"testmod-Brilliant":109,"Shovel":54,"Matryoshka":206,"testmod-ObsoleteBoomerang":54,"ImprovedEquipment":109,"Thread and Needle":214,"BrkXgEgg":40,"The Courier":196,"Omamori":137,"testmod-TurbochargingSystem":181,"Frozen Egg 2":132,"LastBattle":167,"AT_ImmortalShieldbow":214,"AT_BellowingDragoncrestRing":169,"Orrery":84,"Turnip":230,"Bottled Lightning":124,"AT_MibuBalloonWealth":159,"CeramicFish":192,"SSSystem":7,"Vajra":111,"Tea:ReiMu":131,"testmod-BatchProcessingSystem":213,"BirthdayGift-Icosahedron":0,"AT_ArchangelStaff":169,"Lizard Tail":214,"HornCleat":40,"Strawberry":111,"aspiration:ArtOfWarUpgrade":206,"Toxic Egg 2":169,"Happy Flower":109,"Oddly Smooth Stone":135,"AT_SilverBalance":212,"AT_PhaseBoots":220,"War Paint":18,"Question Card":54,"Bottled Flame":130,"Brimstone":111,"Shuriken":135,"testmod-Acrobat":14,"ChiXiaoBlade":203,"Molten Egg 2":122,"OriginationStaff":226,"Meat on the Bone":109,"Darkstone Periapt":115,"Mango":93,"Incense Burner":109,"testmod-Nyarlathotep":50,"ClockworkSouvenir":91,"Mummified Hand":135,"Pantograph":109,"Gambling Chip":180,"Cracked Core":0,"testmod-ArcanaOfDestiny":109,"SumBook":51,"AT_BladeRuinedKing":169,"aspiration:HummingbirdHeart":224,"Orichalcum":135,"testmod-IndustrialRevolution":122,"White Beast Statue":32,"DALC_TWO":50,"Peace Pipe":109,"testmod-Antiphasic":111,"CaptainsWheel":31,"Anchor":50,"testmod-AssaultLearning":122,"TungstenRod":111}],"TungstenRod":1,"Unceasing Top":[0],"Meat on the Bone":36,"Pocketwatch":[0]},"card_choices":[{"not_picked":["Doom and Gloom","White Noise"],"picked":"Hologram","floor":1},{"not_picked":["Melter","Compile Driver","Hologram","Go for the Eyes","Buffer+1"],"picked":"SKIP","floor":2},{"not_picked":["Leap","Storm+1","MostiFishMod:GatherIntelligence","Beam Cell","Turbo"],"picked":"SKIP","floor":3},{"not_picked":["Turbo","Skim","Coolheaded","AT_ThreeBodyProblem+1","Glacier"],"picked":"SKIP","floor":6},{"not_picked":["Rebound","Scrape","Beam Cell","AT_HeatAcrobatics"],"picked":"Chill","floor":7},{"not_picked":["Lockon","Hologram","Ball Lightning","Beam Cell"],"picked":"Barrage","floor":7},{"not_picked":["Heatsinks+1","MostiFishMod:Prepare+1","Chaos","Force Field"],"picked":"Cold Snap","floor":7},{"not_picked":["Compile Driver","Echo Form+1","Tempest","Blizzard","Glacier"],"picked":"SKIP","floor":8},{"not_picked":["Conserve Battery","Aggregate","Steam","Force Field","Hologram"],"picked":"SKIP","floor":10},{"not_picked":["MostiFishMod:PushDownKick","Genetic Algorithm","Hologram","Coolheaded","AT_ThunderBolt+1"],"picked":"SKIP","floor":13},{"not_picked":["Rip and Tear","Chill","Sunder","Go for the Eyes","Leap"],"picked":"SKIP","floor":14},{"not_picked":["Meteor Strike","Seek","MostiFishMod:TalkingToTheRain+1","MostiFishMod:Prepare+1"],"picked":"AT_WaterDrop+1","floor":16},{"not_picked":["Turbo","MostiFishMod:PushDownKick+1","Compile Driver","Steam","Stack"],"picked":"SKIP","floor":18},{"not_picked":["Blizzard","AT_HeatAcrobatics+1","Cold Snap+1","Rebound","Machine Learning+1"],"picked":"SKIP","floor":19},{"not_picked":["Conserve Battery","MostiFishMod:PushDownKick","Leap","Sweeping Beam","Cold Snap"],"picked":"SKIP","floor":20},{"not_picked":["Creative AI+1","Steam+1","Coolheaded","MostiFishMod:ReprogramOld"],"picked":"Recycle","floor":24},{"not_picked":["Leap","Hello World+1","Redo","Storm+1","FTL"],"picked":"SKIP","floor":25},{"not_picked":["Hello World+1","Coolheaded","Rebound","Stack","Cold Snap"],"picked":"SKIP","floor":27},{"not_picked":["Leap","MostiFishMod:PushDownKick","Steam","Force Field"],"picked":"Heatsinks+1","floor":28},{"not_picked":["Redo","Cold Snap+1","Self Repair+1","Streamline+1","Rebound+1"],"picked":"Singing Bowl","floor":30},{"not_picked":["Stack","Cold Snap+1","Sunder+1","Gash+1"],"picked":"AT_RobotInSpace","floor":31},{"not_picked":["MostiFishMod:InterfaceCompatibility+1","Meteor Strike+1","Machine Learning+1","MostiFishMod:TalkingToTheRain+1","Hyperbeam+1"],"picked":"Singing Bowl","floor":33},{"not_picked":["Beam Cell+1","Aggregate+1","Leap+1","FTL+1","Gash+1"],"picked":"Singing Bowl","floor":35},{"not_picked":["AT_DarkMatter+1","Reprogram+1","MostiFishMod:GatherIntelligence+1","Conserve Battery+1","Redo+1"],"picked":"Singing Bowl","floor":37},{"not_picked":["Capacitor+1","aspiration:Polymerization+1","MostiFishMod:Impulse+1","Stack+1"],"picked":"MostiFishMod:SeaWaves+1","floor":39},{"not_picked":["Steam+1","Go for the Eyes+1","Redo+1","Genetic Algorithm+1","Hologram+1"],"picked":"Singing Bowl","floor":40},{"not_picked":["Leap+1","Gash+1","Auto Shields+1","Capacitor+1","Force Field+1"],"picked":"Singing Bowl","floor":41},{"not_picked":["MostiFishMod:PushDownKick+1","Skim+1","MostiFishMod:FluxCapactior+1","Hologram+1","MostiFishMod:Hijack+1"],"picked":"Singing Bowl","floor":42},{"not_picked":["MostiFishMod:ReprogramOld+1","Blizzard+1","Self Repair+1","Loop+1","White Noise+1"],"picked":"Singing Bowl","floor":44},{"not_picked":["testmod-Provocation+1","testmod-Bloodthirsty+1","testmod-HandmadeProducts","testmod-VirtualReality+1","testmod-BackupPower+1"],"picked":"Singing Bowl","floor":45},{"not_picked":["Thinking Ahead+1","testmod-ConditionedReflex+1","Jack Of All Trades+1","testmod-Reverberation+1","testmod-Bloodthirsty+1"],"picked":"Singing Bowl","floor":45},{"not_picked":["testmod-ComboMaster+1","MostiFishMod:StoryBook+1","AT_LightSaberMaster+1","Deep Breath+1"],"picked":"Panacea+1","floor":45},{"not_picked":["MostiFishMod:GatherIntelligence+1","Loop+1","MostiFishMod:ReprogramOld+1","Redo+1","Steam+1"],"picked":"Singing Bowl","floor":47},{"not_picked":["Leap+1","Gash+1","Coolheaded+1","Hologram+1","Storm+1"],"picked":"Singing Bowl","floor":48},{"not_picked":["AT_WarpDrive+1","Meteor Strike+1","Beam Cell+1","AT_RobotInSpace+1","Stack+1"],"picked":"Singing Bowl","floor":55}],"player_experience":266190,"relics_obtained":[{"floor":1,"key":"Cables"},{"floor":1,"key":"SynthV:TestCard"},{"floor":2,"key":"Mercury Hourglass"},{"floor":6,"key":"The Courier"},{"floor":6,"key":"Shuriken"},{"floor":8,"key":"Anchor"},{"floor":8,"key":"Torii"},{"floor":10,"key":"Nunchaku"},{"floor":14,"key":"Akabeko"},{"floor":16,"key":"DaCapo"},{"floor":19,"key":"Eternal Feather"},{"floor":20,"key":"AT_EbonyIvory"},{"floor":24,"key":"AT_ChloranthyRing"},{"floor":24,"key":"Potion Belt"},{"floor":26,"key":"Happy Flower"},{"floor":26,"key":"GodSword3"},{"floor":28,"key":"Pantograph"},{"floor":28,"key":"SSSystem"},{"floor":30,"key":"testmod-Justice"},{"floor":30,"key":"Ornamental Fan"},{"floor":31,"key":"AT_SilverBalance"},{"floor":33,"key":"Toxic Egg 2"},{"floor":35,"key":"LastBattle"},{"floor":37,"key":"Bottled Tornado"},{"floor":39,"key":"AT_SilvercatRing"},{"floor":41,"key":"White Beast Statue"},{"floor":42,"key":"Gremlin Horn"},{"floor":42,"key":"Incense Burner"},{"floor":43,"key":"GodSword5"},{"floor":44,"key":"aspiration:HummingbirdHeart"},{"floor":44,"key":"Emotion Chip"},{"floor":47,"key":"testmod-Fortitude"},{"floor":48,"key":"Unceasing Top"},{"floor":55,"key":"Ginger"}],"event_choices":[{"damage_healed":0,"gold_gain":0,"player_choice":"Ignored","damage_taken":0,"max_hp_gain":0,"max_hp_loss":0,"event_name":"给自己的盒子","floor":4,"gold_loss":0},{"damage_healed":0,"gold_gain":0,"player_choice":"Lose Max HP","damage_taken":0,"relics_obtained":["Golden Idol"],"max_hp_gain":0,"max_hp_loss":7,"event_name":"Golden Idol","floor":5,"gold_loss":0},{"damage_healed":0,"gold_gain":0,"player_choice":"Upgraded","damage_taken":0,"max_hp_gain":0,"max_hp_loss":0,"event_name":"Upgrade Shrine","floor":11,"gold_loss":0,"cards_upgraded":["Turbo"]},{"damage_healed":0,"gold_gain":0,"player_choice":"Ignored","damage_taken":0,"max_hp_gain":0,"max_hp_loss":0,"event_name":"Beggar","floor":22,"gold_loss":0},{"damage_healed":0,"gold_gain":333,"player_choice":"Gave Idol","damage_taken":0,"max_hp_gain":0,"max_hp_loss":0,"event_name":"The Moai Head","floor":38,"relics_lost":["Golden Idol"],"gold_loss":0},{"damage_healed":0,"gold_gain":0,"player_choice":"Memory 3","damage_taken":10,"max_hp_gain":0,"max_hp_loss":0,"event_name":"SensoryStone","floor":45,"gold_loss":0}],"is_beta":false,"boss_relics":[{"not_picked":["JellyFishMachine","testmod-EnergyCheck"],"picked":"ChiXiaoBlade"},{"not_picked":["testmod-CardMagician","BloodWine"],"picked":"testmod-BatchProcessingSystem"}],"items_purged_floors":[0,0,0,0,0,7,7,21,29,46,46,46,53,53,53],"is_endless":false,"potions_floor_spawned":[2,3,14,16,20,25,31,33,35,42,44,47,48,55],"ascension_level":20}}