{"host":"h1ba9qculgt1zycs","time":1611450287,"event":{"mods":["BaseMod","Hermit","Minty Spire (QoL Compilation)","Remove Card Discount Mod","StSLib","The Cursed"],"gold_per_floor":[116,193,204,222,162,13,30,43,68,100,100,275,310,323,323,422,422,437,437,354,354,366,391,405,405,405,430,280,290,199,216,216,312,312,328,345,363,214,228,255,267,298,298,298,258,287,303,323,323,323],"floor_reached":51,"language":"ENG","playtime":3625,"items_purged":["hermit:Defend_Hermit","hermit:Defend_Hermit","hermit:Defend_Hermit","hermit:Defend_Hermit","hermit:Strike_Hermit"],"score":870,"play_id":"602f4a21-4150-4d8f-aa60-c6ce2b9c0de9","local_time":"20210124020447","is_ascension_mode":true,"campfire_choices":[{"data":"hermit:CursedWeapon","floor":11,"key":"SMITH"},{"floor":15,"key":"REST"},{"data":"hermit:TakeCover","floor":32,"key":"SMITH"},{"data":"hermit:HighNoon","floor":49,"key":"SMITH"}],"circlet_count":0,"master_deck":["hermit:Strike_Hermit","hermit:Strike_Hermit","hermit:Strike_Hermit","hermit:Snapshot","hermit:Covet","hermit:BodyArmor","hermit:TakeCover+1","hermit:Quickdraw","hermit:CursedWeapon+1","hermit:RoundhouseKick","hermit:Quickdraw","hermit:HighNoon+1","hermit:GoldenBullet","Bandage Up","hermit:BodyArmor","hermit:FullyLoaded+1","hermit:HighCaliber","hermit:Shortfuse","hermit:FullyLoaded+1","Bandage Up","hermit:Magnum","Parasite","hermit:Quickdraw+1","Master of Strategy","hermit:TakeCover+1","hermit:Roulette+1"],"relics":["hermit:ClaspedLocket","PreservedInsect","Strange Spoon","Toy Ornithopter","Matryoshka","Bird Faced Urn","MutagenicStrength","Regal Pillow","Happy Flower","Bag of Preparation","DollysMirror","hermit:BartenderGlass","Lantern","Boot","Molten Egg 2","InkBottle","Shuriken","White Beast Statue"],"acts_visited":["Exordium","TheCity","TheBeyond"],"potions_floor_usage":[8,16,16,27,27,29,35,37,37,39,39,40,40,40,41,41,42,42,46,46,47,47,47,50,50,50,50],"damage_taken":[{"damage":2.0,"enemies":"2 Louse","floor":1.0,"turns":4.0},{"damage":6.0,"enemies":"Cultist","floor":3.0,"turns":4.0},{"damage":2.0,"enemies":"Small Slimes","floor":4.0,"turns":5.0},{"damage":0,"enemies":"Blue Slaver","floor":7,"turns":5},{"damage":1,"enemies":"2 Fungi Beasts","floor":8,"turns":3},{"damage":3,"enemies":"3 Sentries","floor":10,"turns":13},{"damage":43,"enemies":"Gremlin Nob","floor":13,"turns":5},{"damage":2,"enemies":"3 Louse","floor":14,"turns":3},{"damage":80,"enemies":"Hexaghost","floor":16,"turns":16},{"damage":34,"enemies":"Shell Parasite","floor":18,"turns":5},{"damage":24,"enemies":"Spheric Guardian","floor":22,"turns":4},{"damage":10,"enemies":"Book of Stabbing","floor":23,"turns":4},{"damage":2,"enemies":"3 Cultists","floor":24,"turns":3},{"damage":21,"enemies":"Gremlin Leader","floor":27,"turns":8},{"damage":6,"enemies":"Snake Plant","floor":29,"turns":4},{"damage":13,"enemies":"Sentry and Sphere","floor":31,"turns":3},{"damage":25,"enemies":"Automaton","floor":33,"turns":8},{"damage":34,"enemies":"3 Darklings","floor":35,"turns":4},{"damage":14,"enemies":"Orb Walker","floor":36,"turns":3},{"damage":40,"enemies":"3 Darklings","floor":37,"turns":5},{"damage":4,"enemies":"Maw","floor":39,"turns":6},{"damage":15,"enemies":"Nemesis","floor":40,"turns":3},{"damage":25,"enemies":"Writhing Mass","floor":41,"turns":5},{"damage":29,"enemies":"Giant Head","floor":42,"turns":7},{"damage":2,"enemies":"Nemesis","floor":46,"turns":1},{"damage":32,"enemies":"Transient","floor":47,"turns":5},{"damage":2,"enemies":"Maw","floor":48,"turns":4},{"damage":68,"enemies":"Awakened One","floor":50,"turns":11}],"seed_played":"-6858281396867519539","potions_obtained":[{"floor":1.0,"key":"Weak Potion"},{"floor":4.0,"key":"Strength Potion"},{"floor":10,"key":"Ancient Potion"},{"floor":14,"key":"Block Potion"},{"floor":23,"key":"Energy Potion"},{"floor":24,"key":"FearPotion"},{"floor":27,"key":"BlessingOfTheForge"},{"floor":31,"key":"Dexterity Potion"},{"floor":33,"key":"BlessingOfTheForge"},{"floor":37,"key":"Block Potion"},{"floor":40,"key":"EssenceOfSteel"},{"floor":45,"key":"AttackPotion"},{"floor":45,"key":"Fire Potion"},{"floor":46,"key":"hermit:BlackBile"},{"floor":47,"key":"Ancient Potion"},{"floor":48,"key":"SneckoOil"}],"is_trial":false,"path_per_floor":["M","?","M","M","?","$","M","M","T","E","R","?","E","M","R","B",null,"M","?","$","?","M","E","M","?","T","E","$","M","$","M","R","B",null,"M","M","M","$","M","E","M","E","T","?","?","E","M","M","R","B",null],"character_chosen":"HERMIT","items_purchased":["Strange Spoon","Bandage Up","DollysMirror","Bandage Up","Lantern"],"campfire_rested":1,"item_purchase_floors":[6,20,28,30,38],"current_hp_per_floor":[73,73,67,65,65,65,65,64,64,61,61,61,18,16,38,23,75,41,41,41,41,21,15,17,17,17,20,20,23,23,20,20,5,75,51,47,25,25,45,49,46,35,35,35,35,43,44,56,56,18],"gold":323,"neow_bonus":"RANDOM_COMMON_RELIC","is_daily":false,"chose_seed":false,"campfire_upgraded":3,"win_rate":0.0,"timestamp":1611450287,"path_taken":["M","?","M","M","?","$","?","M","T","E","R","?","E","M","R","BOSS","M","?","$","?","M","E","M","?","T","E","?","M","$","M","R","BOSS","M","M","M","$","M","E","M","E","T","?","?","E","M","M","R","BOSS"],"items_purchased_type":["Relic","Card","Relic","Card","Relic"],"build_version":"2020-12-22","purchased_purges":5,"victory":true,"max_hp_per_floor":[75,75,75,75,75,75,75,75,75,75,75,75,75,75,75,75,75,75,75,75,75,75,75,75,75,75,75,75,75,75,75,75,75,75,75,75,75,75,75,75,75,75,75,75,75,75,75,75,75,75],"card_choices":[{"not_picked":["hermit:GhostlyPresence","hermit:CalledShot"],"picked":"hermit:BodyArmor","floor":1.0},{"not_picked":["hermit:DeadMansHand","hermit:Misfire"],"picked":"hermit:TakeCover","floor":3.0},{"not_picked":["hermit:Horror","hermit:CalledShot"],"picked":"hermit:Quickdraw","floor":4.0},{"not_picked":["hermit:TrackingShot","hermit:Manifest","hermit:ItchyTrigger"],"picked":"SKIP","floor":7},{"not_picked":["hermit:CalledShot","hermit:Roulette","hermit:Desperado"],"picked":"SKIP","floor":8},{"not_picked":["hermit:Brawl","hermit:Desperado"],"picked":"hermit:CursedWeapon","floor":10},{"not_picked":["hermit:TakeAim","hermit:Coalescence"],"picked":"hermit:RoundhouseKick","floor":13},{"not_picked":["hermit:TrackingShot","hermit:LowProfile"],"picked":"hermit:Quickdraw","floor":14},{"not_picked":["hermit:Adapt","hermit:EternalForm"],"picked":"hermit:HighNoon","floor":16},{"not_picked":["hermit:Coalescence","hermit:CalledShot","hermit:LoneWolf+1"],"picked":"SKIP","floor":18},{"not_picked":["hermit:Misfire+1","hermit:EyeOfTheStorm"],"picked":"hermit:BodyArmor","floor":22},{"not_picked":["hermit:Headshot+1","hermit:FromBeyond"],"picked":"hermit:FullyLoaded+1","floor":23},{"not_picked":["hermit:Dive+1","hermit:SprayPray"],"picked":"hermit:HighCaliber","floor":24},{"not_picked":["hermit:ShadowCloak+1","hermit:Manifest"],"picked":"hermit:Shortfuse","floor":27},{"not_picked":["hermit:WideOpen","hermit:Glare","hermit:Coalescence"],"picked":"SKIP","floor":29},{"not_picked":["hermit:Cheat","hermit:ItchyTrigger+1","hermit:Brawl"],"picked":"SKIP","floor":31},{"not_picked":["hermit:FinalCanter","hermit:HeroicBravado"],"picked":"hermit:Magnum","floor":33},{"not_picked":["hermit:Coalescence+1","hermit:BigShot+1","hermit:LuckOfTheDraw"],"picked":"SKIP","floor":35},{"not_picked":["hermit:Desperado","hermit:LowProfile","hermit:Scavenge+1"],"picked":"SKIP","floor":36},{"not_picked":["hermit:Feint+1","hermit:Snipe+1","hermit:Enervate+1"],"picked":"SKIP","floor":37},{"not_picked":["hermit:EyeOfTheStorm","hermit:Virtue+1","hermit:WideOpen"],"picked":"SKIP","floor":39},{"not_picked":["hermit:TrackingShot+1","hermit:WideOpen+1","hermit:Vantage+1"],"picked":"SKIP","floor":40},{"not_picked":["hermit:Glare+1","hermit:BodyArmor+1","hermit:Magnum"],"picked":"SKIP","floor":41},{"not_picked":["hermit:Enervate+1","hermit:Vantage+1"],"picked":"hermit:Quickdraw+1","floor":42},{"not_picked":["Swift Strike+1","Mind Blast+1"],"picked":"Master of Strategy","floor":44},{"not_picked":["hermit:FlashPowder+1","hermit:Manifest"],"picked":"hermit:TakeCover+1","floor":46},{"not_picked":["hermit:Coalescence","hermit:Ricochet+1","hermit:TrackingShot+1"],"picked":"SKIP","floor":47},{"not_picked":["hermit:Ricochet+1","hermit:Desperado+1"],"picked":"hermit:Roulette+1","floor":48}],"player_experience":273516,"relics_obtained":[{"floor":10,"key":"Toy Ornithopter"},{"floor":13,"key":"Matryoshka"},{"floor":23,"key":"Bird Faced Urn"},{"floor":26,"key":"Regal Pillow"},{"floor":26,"key":"Happy Flower"},{"floor":27,"key":"Bag of Preparation"},{"floor":40,"key":"Boot"},{"floor":42,"key":"Molten Egg 2"},{"floor":43,"key":"InkBottle"},{"floor":43,"key":"Shuriken"},{"floor":46,"key":"White Beast Statue"}],"event_choices":[{"damage_healed":0.0,"max_hp_gain":0.0,"max_hp_loss":0.0,"gold_gain":77.0,"event_name":"Golden Wing","player_choice":"Gained Gold","floor":2.0,"gold_loss":0.0,"damage_taken":0.0},{"damage_healed":0.0,"max_hp_gain":0.0,"max_hp_loss":0.0,"gold_gain":0.0,"event_name":"WeMeetAgain","player_choice":"Paid Gold","floor":5.0,"gold_loss":60.0,"damage_taken":0.0,"relics_obtained":["PreservedInsect"]},{"damage_healed":0,"gold_gain":175,"player_choice":"AGREE","damage_taken":0,"max_hp_gain":0,"max_hp_loss":0,"event_name":"Liars Game","floor":12,"gold_loss":0,"cards_obtained":["Doubt"]},{"damage_healed":0,"gold_gain":0,"player_choice":"Read","damage_taken":0,"max_hp_gain":0,"max_hp_loss":0,"event_name":"The Library","floor":19,"gold_loss":0,"cards_obtained":["hermit:GoldenBullet"]},{"damage_healed":0,"gold_gain":0,"player_choice":"Ignored","damage_taken":0,"max_hp_gain":0,"max_hp_loss":0,"event_name":"Ghosts","floor":21,"gold_loss":0},{"damage_healed":0,"gold_gain":0,"player_choice":"Inject Mutagens","damage_taken":0,"relics_obtained":["MutagenicStrength"],"max_hp_gain":0,"max_hp_loss":0,"event_name":"Drug Dealer","floor":25,"gold_loss":0},{"damage_healed":0,"gold_gain":0,"player_choice":"Memory 1","damage_taken":0,"max_hp_gain":0,"max_hp_loss":0,"event_name":"SensoryStone","floor":44,"gold_loss":0},{"damage_healed":0,"gold_gain":0,"player_choice":"Bought 3 Potions","damage_taken":0,"max_hp_gain":0,"max_hp_loss":0,"event_name":"The Woman in Blue","floor":45,"gold_loss":0}],"is_beta":false,"boss_relics":[{"not_picked":["Astrolabe","Velvet Choker"],"picked":"hermit:ClaspedLocket"},{"not_picked":["SacredBark","Snecko Eye"],"picked":"hermit:BartenderGlass"}],"items_purged_floors":[30,30,30,30,30],"is_endless":false,"potions_floor_spawned":[1,4,10,14,23,24,27,31,33,35,37,40,46,47,48],"ascension_level":2}}