{"host":"6q94iy5iz6612v89","time":1611460795,"event":{"mods":["AchievementEnabler","BaseMod","Colored Map","DeckTracker","Keyboard Shortcuts","Minty Spire (QoL Compilation)","Permanent Neow","StSLib","SuperFastMode"],"gold_per_floor":[118,43,43,43,58,90,90,109,134,169,69,144,170,199,199,287,332,342,392,411,441,641,344,361,361,361,361,376,388,206,217,217,304,304,324,340,165,175,195,223,237,237,264,264,293,304,304,338,338,338,338,338],"floor_reached":51,"language":"KOR","playtime":2039,"items_purged":["Strike_P","Strike_P","ReachHeaven","FollowUp","JustLucky+1"],"score":1573,"play_id":"d93285d6-1b13-40c1-bc43-db87fbfb6593","local_time":"20210124125955","is_ascension_mode":true,"campfire_choices":[{"data":"Eruption","floor":7.0,"key":"SMITH"},{"data":"BowlingBash","floor":15.0,"key":"SMITH"},{"floor":25.0,"key":"REST"},{"floor":27.0,"key":"REST"},{"data":"MentalFortress","floor":32.0,"key":"SMITH"},{"floor":42,"key":"REST"},{"floor":44,"key":"RECALL"},{"floor":49,"key":"REST"}],"circlet_count":0,"master_deck":["AscendersBane","Eruption+1","Vigilance+1","Prostrate+1","BowlingBash+1","Scrawl+1","Evaluate+1","LessonLearned+1","Blasphemy+1","Worship+1","Scrawl+1","MentalFortress+1","Adaptation+1","Scrawl+1"],"relics":["PureWater","NeowsBlessing","Blood Vial","CeramicFish","Pandora\u0027s Box","Red Mask","Akabeko","Gremlin Horn","Black Star","TeardropLocket","Dream Catcher","Regal Pillow","PreservedInsect","Darkstone Periapt","Mummified Hand","Bottled Tornado"],"acts_visited":["Exordium","TheCity","TheBeyond"],"potions_floor_usage":[38],"damage_taken":[{"damage":0.0,"enemies":"Small Slimes","floor":1.0,"turns":1.0},{"damage":0.0,"enemies":"2 Louse","floor":5.0,"turns":1.0},{"damage":0.0,"enemies":"Lagavulin","floor":6.0,"turns":1.0},{"damage":0.0,"enemies":"Cultist","floor":8.0,"turns":3.0},{"damage":23.0,"enemies":"3 Sentries","floor":10.0,"turns":8.0},{"damage":5.0,"enemies":"Lots of Slimes","floor":13.0,"turns":5.0},{"damage":0.0,"enemies":"Large Slime","floor":14.0,"turns":2.0},{"damage":27.0,"enemies":"The Guardian","floor":16.0,"turns":8.0},{"damage":10.0,"enemies":"3 Byrds","floor":18.0,"turns":2.0},{"damage":1.0,"enemies":"Shell Parasite","floor":20.0,"turns":2.0},{"damage":18.0,"enemies":"Masked Bandits","floor":21.0,"turns":2.0},{"damage":28.0,"enemies":"Snecko","floor":24.0,"turns":5.0},{"damage":0.0,"enemies":"3 Cultists","floor":28.0,"turns":3.0},{"damage":0.0,"enemies":"Shelled Parasite and Fungi","floor":29.0,"turns":2.0},{"damage":3.0,"enemies":"Centurion and Healer","floor":31.0,"turns":3.0},{"damage":15.0,"enemies":"Champ","floor":33.0,"turns":8.0},{"damage":0.0,"enemies":"3 Darklings","floor":35.0,"turns":1.0},{"damage":0.0,"enemies":"3 Shapes","floor":36.0,"turns":1.0},{"damage":17,"enemies":"Maw","floor":38,"turns":6},{"damage":0,"enemies":"Spire Growth","floor":39,"turns":3},{"damage":26,"enemies":"Nemesis","floor":40,"turns":7},{"damage":0,"enemies":"Sphere and 2 Shapes","floor":41,"turns":1},{"damage":2,"enemies":"Giant Head","floor":45,"turns":5},{"damage":0,"enemies":"Jaw Worm Horde","floor":46,"turns":1},{"damage":0,"enemies":"Reptomancer","floor":48,"turns":2},{"damage":12,"enemies":"Awakened One","floor":50,"turns":4},{"damage":72,"enemies":"Time Eater","floor":51,"turns":6}],"seed_played":"-3827101439639283394","potions_obtained":[{"floor":4.0,"key":"EntropicBrew"},{"floor":4.0,"key":"BottledMiracle"},{"floor":8.0,"key":"DuplicationPotion"},{"floor":13.0,"key":"CultistPotion"},{"floor":14.0,"key":"FairyPotion"},{"floor":24.0,"key":"Ancient Potion"},{"floor":31.0,"key":"Energy Potion"},{"floor":39,"key":"Energy Potion"},{"floor":41,"key":"SmokeBomb"},{"floor":46,"key":"SteroidPotion"},{"floor":48,"key":"FairyPotion"}],"is_trial":false,"path_per_floor":["M","$","?","?","M","E","R","M","T","E","$","?","M","M","R","B",null,"M","?","M","?","?","$","M","R","T","R","M","M","$","M","R","B",null,"M","M","$","M","M","E","M","R","T","R","E","M","$","E","R","B","B"],"character_chosen":"WATCHER","items_purchased":["Akabeko","Adaptation"],"campfire_rested":4,"item_purchase_floors":[23,30],"current_hp_per_floor":[61,61,61,61,61,61,61,63,63,42,42,31,28,30,30,5,52,44,44,45,29,29,29,3,23,23,43,45,47,47,46,46,33,59,61,63,63,48,50,26,28,48,48,48,48,50,50,52,68,56,8,8],"gold":338,"neow_bonus":"THREE_ENEMY_KILL","is_daily":false,"chose_seed":false,"campfire_upgraded":3,"win_rate":0.0,"timestamp":1611460795,"path_taken":["M","$","?","?","?","E","R","?","T","E","$","?","M","M","R","BOSS","M","?","M","?","?","$","M","R","T","R","M","M","$","M","R","BOSS","M","M","$","M","?","E","M","R","T","R","E","M","$","E","R","BOSS","BOSS"],"items_purchased_type":["Relic","Card"],"build_version":"2020-12-22","purchased_purges":5,"victory":false,"max_hp_per_floor":[68,68,68,68,68,68,68,68,68,68,68,68,68,68,68,68,68,68,68,68,68,68,68,68,68,68,68,68,68,68,68,68,68,68,68,68,68,68,68,68,68,68,68,68,68,68,68,68,68,68,68,68],"card_choices":[{"not_picked":["Halt","ThirdEye","DeceiveReality"],"picked":"SKIP","floor":1.0},{"not_picked":["EmptyBody","ForeignInfluence"],"picked":"FollowUp","floor":5.0},{"not_picked":["ClearTheMind","Crescendo"],"picked":"Prostrate","floor":6.0},{"not_picked":["FlyingSleeves","Evaluate"],"picked":"BowlingBash","floor":8.0},{"not_picked":["SashWhip","PathToVictory","Halt"],"picked":"SKIP","floor":10.0},{"not_picked":["WaveOfTheHand","EmptyFist"],"picked":"Scrawl","floor":13.0},{"not_picked":["ClearTheMind","FlyingSleeves"],"picked":"Evaluate","floor":14.0},{"not_picked":["Omniscience","ConjureBlade"],"picked":"LessonLearned","floor":16.0},{"not_picked":["FlyingSleeves","FollowUp","EmptyFist"],"picked":"SKIP","floor":18.0},{"not_picked":["EmptyBody","FollowUp"],"picked":"MentalFortress","floor":20.0},{"not_picked":["Evaluate","EmptyFist","JustLucky"],"picked":"SKIP","floor":24.0},{"not_picked":["Crescendo","DeceiveReality","Worship"],"picked":"SKIP","floor":28.0},{"not_picked":["EmptyMind","Crescendo","Establishment"],"picked":"SKIP","floor":29.0},{"not_picked":["BattleHymn+1","Pray","Protect"],"picked":"SKIP","floor":31.0},{"not_picked":["Omniscience","Wish"],"picked":"Scrawl","floor":33.0},{"not_picked":["Pray","Consecrate","EmptyMind"],"picked":"SKIP","floor":35.0},{"not_picked":["Halt","FollowUp","LikeWater"],"picked":"SKIP","floor":36.0},{"not_picked":["FlurryOfBlows+1","Fasting2+1","WreathOfFlame"],"picked":"SKIP","floor":38},{"not_picked":["EmptyFist","ThirdEye+1","FlyingSleeves+1"],"picked":"SKIP","floor":39},{"not_picked":["Nirvana","SashWhip","Prostrate"],"picked":"SKIP","floor":40},{"not_picked":["Wireheading","FollowUp+1","Tantrum"],"picked":"SKIP","floor":41},{"not_picked":["ForeignInfluence","Pray","TalkToTheHand+1"],"picked":"SKIP","floor":45},{"not_picked":["Weave","Devotion","FollowUp"],"picked":"SKIP","floor":46},{"not_picked":["Weave","Devotion","FollowUp"],"picked":"SKIP","floor":46},{"not_picked":["ThirdEye","SandsOfTime","Weave"],"picked":"SKIP","floor":48}],"player_experience":1440334,"relics_obtained":[{"floor":6.0,"key":"Blood Vial"},{"floor":10.0,"key":"CeramicFish"},{"floor":21.0,"key":"Red Mask"},{"floor":26.0,"key":"Gremlin Horn"},{"floor":40,"key":"TeardropLocket"},{"floor":40,"key":"Dream Catcher"},{"floor":43,"key":"Regal Pillow"},{"floor":45,"key":"PreservedInsect"},{"floor":45,"key":"Darkstone Periapt"},{"floor":48,"key":"Mummified Hand"},{"floor":48,"key":"Bottled Tornado"}],"event_choices":[{"cards_removed":["Defend_P"],"damage_healed":0.0,"max_hp_gain":0.0,"max_hp_loss":0.0,"gold_gain":0.0,"event_name":"Living Wall","player_choice":"Forget","floor":3.0,"gold_loss":0.0,"damage_taken":0.0},{"damage_healed":0.0,"max_hp_gain":0.0,"max_hp_loss":0.0,"gold_gain":0.0,"event_name":"Lab","player_choice":"Got Potions","floor":4.0,"gold_loss":0.0,"damage_taken":0.0},{"damage_healed":0.0,"max_hp_gain":0.0,"max_hp_loss":0.0,"gold_gain":75.0,"event_name":"World of Goop","player_choice":"Gather Gold","floor":12.0,"gold_loss":0.0,"damage_taken":11.0},{"damage_healed":0.0,"max_hp_gain":0.0,"max_hp_loss":0.0,"gold_gain":50.0,"event_name":"Nest","player_choice":"Stole From Cult","floor":19.0,"gold_loss":0.0,"damage_taken":0.0},{"damage_healed":0.0,"max_hp_gain":0.0,"max_hp_loss":0.0,"gold_gain":0.0,"event_name":"Masked Bandits","player_choice":"Fought Bandits","floor":21.0,"gold_loss":0.0,"damage_taken":0.0},{"damage_healed":0.0,"max_hp_gain":0.0,"max_hp_loss":0.0,"gold_gain":250.0,"event_name":"The Joust","player_choice":"Bet on Owner","floor":22.0,"gold_loss":50.0,"damage_taken":0.0}],"is_beta":false,"boss_relics":[{"not_picked":["Busted Crown","Snecko Eye"],"picked":"Pandora\u0027s Box"},{"not_picked":["Calling Bell","SlaversCollar"],"picked":"Black Star"}],"items_purged_floors":[2,11,23,30,37],"is_endless":false,"potions_floor_spawned":[8,13,14,24,31,33,39,41,46,48],"killed_by":"Time Eater","ascension_level":20}}