{"host":"svjtl4dki9uqj609","time":1611467885,"event":{"mods":["BaseMod","Colored Map","Keyboard Shortcuts","Minty Spire (QoL Compilation)","StSLib","SuperFastMode"],"gold_per_floor":[117,136,153,153,153,153,168,200,225,150,150,176,204,266,266,371,371,387,236,236,111,123,123,123,123,174,186,233,345,391,403,415,527,539,563,575,601,123,141,174,199,232,255,270,270,287,92,106,106,106],"floor_reached":51,"language":"KOR","playtime":1584,"items_purged":["Strike_R","Strike_R","Defend_R","Barricade+1","Bash"],"score":957,"play_id":"91d25e92-3d1b-49b7-87b6-5695964ede8d","local_time":"20210124145805","is_ascension_mode":true,"campfire_choices":[{"data":"Searing Blow","floor":6.0,"key":"SMITH"},{"data":"Searing Blow+1","floor":11.0,"key":"SMITH"},{"data":"Searing Blow+2","floor":15.0,"key":"SMITH"},{"data":"Searing Blow+3","floor":23.0,"key":"SMITH"},{"data":"Searing Blow+4","floor":25.0,"key":"SMITH"},{"data":"Searing Blow+5","floor":27.0,"key":"SMITH"},{"floor":32.0,"key":"REST"},{"data":"Searing Blow+6","floor":45,"key":"SMITH"},{"data":"Searing Blow+7","floor":49,"key":"SMITH"}],"circlet_count":0,"master_deck":["Defend_R","Defend_R","Searing Blow+8","Iron Wave","Fire Breathing","Fire Breathing","Shrug It Off","Demon Form+1","Barricade+1","Headbutt","Twin Strike+1","Shockwave+1","Impervious+1","Madness+1","Madness+1","Shrug It Off+1","Uppercut+1","Heavy Blade+1","Shrug It Off+1","Battle Trance+1"],"relics":["Burning Blood","Lantern","Bag of Marbles","Dream Catcher","Odd Mushroom","Boot","Frozen Egg 2","SlaversCollar","MawBank","Red Mask","Mango","Pear","Anchor","Toxic Egg 2","Velvet Choker","TungstenRod","Vajra","Smiling Mask","Mummified Hand","Bag of Preparation","Lee\u0027s Waffle"],"acts_visited":["Exordium","TheCity","TheBeyond"],"potions_floor_usage":[50,50,50],"damage_taken":[{"damage":1.0,"enemies":"2 Louse","floor":1.0,"turns":4.0},{"damage":0.0,"enemies":"Small Slimes","floor":2.0,"turns":3.0},{"damage":11.0,"enemies":"Jaw Worm","floor":3.0,"turns":4.0},{"damage":7.0,"enemies":"Exordium Wildlife","floor":7.0,"turns":4.0},{"damage":15.0,"enemies":"3 Sentries","floor":8.0,"turns":5.0},{"damage":17.0,"enemies":"The Mushroom Lair","floor":12.0,"turns":6.0},{"damage":26.0,"enemies":"Lagavulin","floor":13.0,"turns":7.0},{"damage":6.0,"enemies":"Gremlin Nob","floor":14.0,"turns":3.0},{"damage":20.0,"enemies":"Hexaghost","floor":16.0,"turns":8.0},{"damage":16.0,"enemies":"Chosen","floor":18.0,"turns":5.0},{"damage":34.0,"enemies":"Shell Parasite","floor":22.0,"turns":7.0},{"damage":34.0,"enemies":"Masked Bandits","floor":28.0,"turns":4.0},{"damage":4.0,"enemies":"Colosseum Slavers","floor":29.0,"turns":5.0},{"damage":0.0,"enemies":"Colosseum Nobs","floor":29.0,"turns":2.0},{"damage":0.0,"enemies":"Gremlin Leader","floor":30.0,"turns":3.0},{"damage":2.0,"enemies":"Champ","floor":33.0,"turns":8.0},{"damage":16.0,"enemies":"3 Darklings","floor":35.0,"turns":7.0},{"damage":6.0,"enemies":"3 Shapes","floor":37.0,"turns":4.0},{"damage":0.0,"enemies":"Maw","floor":39.0,"turns":6.0},{"damage":21.0,"enemies":"Nemesis","floor":40.0,"turns":5.0},{"damage":2,"enemies":"Reptomancer","floor":42,"turns":6},{"damage":29,"enemies":"Writhing Mass","floor":44,"turns":5},{"damage":13,"enemies":"Transient","floor":46,"turns":5},{"damage":1,"enemies":"Jaw Worm Horde","floor":48,"turns":4},{"damage":0,"enemies":"Time Eater","floor":50,"turns":7}],"seed_played":"727909022734729548","potions_obtained":[{"floor":1.0,"key":"Fire Potion"},{"floor":2.0,"key":"Fruit Juice"},{"floor":3.0,"key":"ElixirPotion"},{"floor":12.0,"key":"Energy Potion"},{"floor":22.0,"key":"LiquidMemories"},{"floor":28.0,"key":"Strength Potion"},{"floor":30.0,"key":"Weak Potion"},{"floor":35.0,"key":"Ancient Potion"},{"floor":48,"key":"SpeedPotion"}],"is_trial":false,"path_per_floor":["M","M","M","?","?","R","M","E","T","$","R","?","E","?","R","B",null,"M","$","?","$","M","R","$","R","T","R","?","?","E","T","R","B",null,"M","?","M","$","M","E","T","E","T","M","R","M","$","M","R","B",null],"character_chosen":"IRONCLAD","items_purchased":["Swift Potion","Shrug It Off+1","TungstenRod","Lee\u0027s Waffle"],"campfire_rested":1,"item_purchase_floors":[19,38,38,47],"current_hp_per_floor":[72,72,67,60,60,60,59,55,55,55,55,44,24,24,24,10,77,67,67,67,67,39,39,39,39,39,39,11,43,49,49,79,83,101,91,78,78,78,84,69,69,73,73,50,50,43,108,108,108,108],"gold":106,"neow_bonus":"REMOVE_TWO","is_daily":false,"chose_seed":false,"campfire_upgraded":8,"win_rate":0.0,"timestamp":1611467885,"path_taken":["M","M","M","?","?","R","M","E","T","$","R","?","E","?","R","BOSS","M","$","?","$","M","R","$","R","T","R","?","?","E","?","R","BOSS","M","?","M","$","M","E","?","E","T","M","R","M","$","M","R","BOSS"],"items_purchased_type":["Potion","Card","Relic","Relic"],"build_version":"2020-12-22","purchased_purges":5,"victory":true,"max_hp_per_floor":[72,72,72,72,72,72,72,77,77,77,77,77,77,77,77,77,77,77,77,77,77,77,77,77,77,77,77,77,101,101,101,101,101,101,101,101,101,101,101,101,101,101,101,101,101,101,108,108,108,108],"card_choices":[{"not_picked":["Pommel Strike","Thunderclap"],"picked":"Searing Blow","floor":1.0},{"not_picked":["Entrench","Perfected Strike"],"picked":"Iron Wave","floor":2.0},{"not_picked":["Heavy Blade","Clash"],"picked":"Fire Breathing","floor":3.0},{"not_picked":["Warcry","Clash","Perfected Strike"],"picked":"SKIP","floor":7.0},{"not_picked":["Flex","Wild Strike"],"picked":"Fire Breathing","floor":8.0},{"not_picked":["Flex","Rampage"],"picked":"Shrug It Off","floor":13.0},{"not_picked":["Combust+1","Shrug It Off"],"picked":"Demon Form+1","floor":14.0},{"not_picked":["Juggernaut+1","Double Tap"],"picked":"Barricade+1","floor":16.0},{"not_picked":["Clothesline","Dropkick+1","Searing Blow+1"],"picked":"SKIP","floor":18.0},{"not_picked":["Twin Strike+1","Rage","Wild Strike"],"picked":"SKIP","floor":22.0},{"not_picked":["Rage","Wild Strike"],"picked":"Twin Strike+1","floor":22.0},{"not_picked":["Blood for Blood","Thunderclap+1","Searing Blow+1"],"picked":"SKIP","floor":30.0},{"not_picked":["Metallicize+1","Rage+1"],"picked":"Shockwave+1","floor":32.0},{"not_picked":["Double Tap+1","Corruption+1"],"picked":"Impervious+1","floor":33.0},{"not_picked":["Heavy Blade","Burning Pact+1","Clash+1"],"picked":"SKIP","floor":35.0},{"not_picked":["Iron Wave+1","Seeing Red+1","Perfected Strike+1"],"picked":"SKIP","floor":37.0},{"not_picked":["Pommel Strike+1","Rampage","Uppercut+1"],"picked":"SKIP","floor":39.0},{"not_picked":["Pommel Strike+1","Rampage"],"picked":"Uppercut+1","floor":39.0},{"not_picked":["Carnage+1","Pummel+1","Clash"],"picked":"SKIP","floor":40.0},{"not_picked":["Iron Wave","Carnage","Limit Break+1"],"picked":"SKIP","floor":42},{"not_picked":["Thunderclap","Bloodletting+1"],"picked":"Heavy Blade+1","floor":44},{"not_picked":["Pommel Strike+1","Reckless Charge+1"],"picked":"Shrug It Off+1","floor":46},{"not_picked":["Heavy Blade+1","Flame Barrier+1"],"picked":"Battle Trance+1","floor":48}],"player_experience":16266,"relics_obtained":[{"floor":8.0,"key":"Bag of Marbles"},{"floor":9.0,"key":"Dream Catcher"},{"floor":12.0,"key":"Odd Mushroom"},{"floor":13.0,"key":"Boot"},{"floor":26.0,"key":"MawBank"},{"floor":28.0,"key":"Red Mask"},{"floor":29.0,"key":"Mango"},{"floor":29.0,"key":"Pear"},{"floor":30.0,"key":"Anchor"},{"floor":31.0,"key":"Toxic Egg 2"},{"floor":40.0,"key":"Vajra"},{"floor":41.0,"key":"Smiling Mask"},{"floor":42,"key":"Mummified Hand"},{"floor":43,"key":"Bag of Preparation"}],"event_choices":[{"damage_healed":0.0,"max_hp_gain":0.0,"max_hp_loss":0.0,"gold_gain":0.0,"event_name":"Scrap Ooze","player_choice":"Success","floor":4.0,"gold_loss":0.0,"damage_taken":7.0,"relics_obtained":["Lantern"]},{"damage_healed":0.0,"max_hp_gain":0.0,"max_hp_loss":0.0,"gold_gain":0.0,"event_name":"Liars Game","player_choice":"Ignored","floor":5.0,"gold_loss":0.0,"damage_taken":0.0},{"damage_healed":0.0,"max_hp_gain":0.0,"max_hp_loss":0.0,"gold_gain":0.0,"event_name":"Mushrooms","player_choice":"Fought Mushrooms","floor":12.0,"gold_loss":0.0,"damage_taken":0.0},{"damage_healed":0.0,"max_hp_gain":0.0,"max_hp_loss":0.0,"gold_gain":0.0,"event_name":"Dead Adventurer","player_choice":"Searched \u00272\u0027 times","floor":14.0,"gold_loss":0.0,"damage_taken":0.0,"relics_obtained":["Frozen Egg 2"]},{"damage_healed":0.0,"max_hp_gain":0.0,"max_hp_loss":0.0,"gold_gain":0.0,"cards_transformed":["Strike_R","Strike_R"],"event_name":"Drug Dealer","player_choice":"Became Test Subject","floor":20.0,"gold_loss":0.0,"damage_taken":0.0,"cards_obtained":["Barricade","Headbutt"]},{"damage_healed":0.0,"max_hp_gain":0.0,"max_hp_loss":0.0,"gold_gain":0.0,"event_name":"Masked Bandits","player_choice":"Fought Bandits","floor":28.0,"gold_loss":0.0,"damage_taken":0.0},{"damage_healed":0.0,"max_hp_gain":0.0,"max_hp_loss":0.0,"gold_gain":0.0,"event_name":"Colosseum","player_choice":"Fight","floor":29.0,"gold_loss":0.0,"damage_taken":0.0},{"damage_healed":0.0,"max_hp_gain":0.0,"max_hp_loss":0.0,"gold_gain":0.0,"event_name":"Colosseum","player_choice":"Fought Nobs","floor":29.0,"gold_loss":0.0,"damage_taken":0.0},{"damage_healed":0.0,"max_hp_gain":0.0,"max_hp_loss":0.0,"gold_gain":0.0,"event_name":"Winding Halls","player_choice":"Embrace Madness","floor":36.0,"gold_loss":0.0,"damage_taken":13.0,"cards_obtained":["Madness","Madness"]}],"is_beta":false,"boss_relics":[{"not_picked":["Philosopher\u0027s Stone","Sozu"],"picked":"SlaversCollar"},{"not_picked":["Tiny House","Runic Cube"],"picked":"Velvet Choker"}],"items_purged_floors":[10,19,21,38,47],"is_endless":false,"potions_floor_spawned":[1,2,3,12,22,28,29,30,35,40,44,48],"ascension_level":2}}