{"host":"j4g6ia6asvpyu2b0","time":1611502989,"event":{"mods":["BaseMod","Colored Map","Minty Spire (QoL Compilation)","Permanent Neow","Quick Restart","Relic Stats","StSLib","Unceasing Turn Reminder"],"gold_per_floor":[113,123,123,134,149,149,299,299,323,356,356,400,400,413,413,511,511,530,165,188,188,201,201,201,201],"floor_reached":24,"language":"ENG","playtime":1287,"items_purged":["Strike_G"],"score":391,"play_id":"8302c46a-301c-4f0f-b5f0-29b5ef1c15c9","local_time":"20210124084309","is_ascension_mode":true,"campfire_choices":[{"data":"Deadly Poison","floor":6,"key":"SMITH"},{"data":"Well Laid Plans","floor":13,"key":"SMITH"},{"data":"Catalyst","floor":15,"key":"SMITH"},{"floor":23,"key":"REST"}],"circlet_count":0,"master_deck":["AscendersBane","Strike_G","Strike_G","Strike_G","Defend_G","Defend_G","Defend_G","Defend_G","Survivor","Neutralize+1","Poisoned Stab","Endless Agony+1","Deadly Poison+1","Catalyst+1","Well Laid Plans+1","Dagger Spray","Burst","Backflip","Caltrops","All Out Attack","Cloak And Dagger","Footwork"],"relics":["Ring of the Snake","Whetstone","Centennial Puzzle","Bloody Idol","Regal Pillow","Philosopher\u0027s Stone","Medical Kit"],"acts_visited":["Exordium","TheCity"],"potions_floor_usage":[12,22,24],"damage_taken":[{"damage":0,"enemies":"2 Louse","floor":1,"turns":3},{"damage":2,"enemies":"Cultist","floor":2,"turns":6},{"damage":4,"enemies":"Small Slimes","floor":4,"turns":4},{"damage":1,"enemies":"Looter","floor":5,"turns":3},{"damage":17,"enemies":"Gremlin Nob","floor":10,"turns":4},{"damage":20,"enemies":"3 Sentries","floor":12,"turns":8},{"damage":7,"enemies":"Exordium Wildlife","floor":14,"turns":4},{"damage":2,"enemies":"Hexaghost","floor":16,"turns":8},{"damage":11,"enemies":"Shell Parasite","floor":18,"turns":3},{"damage":8,"enemies":"3 Byrds","floor":20,"turns":3},{"damage":14,"enemies":"Centurion and Healer","floor":22,"turns":7},{"damage":62,"enemies":"Slavers","floor":24,"turns":4}],"seed_played":"8353459897315628268","potions_obtained":[{"floor":4,"key":"Explosive Potion"},{"floor":5,"key":"Strength Potion"},{"floor":10,"key":"Strength Potion"},{"floor":18,"key":"AttackPotion"}],"is_trial":false,"path_per_floor":["M","M","?","M","M","R","?","?","T","E","?","E","R","M","R","B",null,"M","$","M","?","M","R","E"],"character_chosen":"THE_SILENT","items_purchased":["Medical Kit","Caltrops","All Out Attack"],"campfire_rested":1,"item_purchase_floors":[19,19,19],"current_hp_per_floor":[44,42,66,62,61,61,61,54,54,37,37,17,17,10,10,8,47,36,36,28,28,19,52,0,0],"gold":201,"neow_bonus":"REMOVE_TWO","is_daily":false,"chose_seed":false,"campfire_upgraded":3,"win_rate":0.0,"timestamp":1611502989,"path_taken":["M","M","?","?","M","R","?","?","T","E","?","E","R","M","R","BOSS","M","$","M","?","M","R","E"],"items_purchased_type":["Relic","Card","Card"],"build_version":"2020-12-22","purchased_purges":1,"victory":false,"max_hp_per_floor":[66,66,66,66,66,66,66,66,66,66,60,60,60,60,60,60,60,60,60,60,60,60,60,60,60],"relic_stats":{"Centennial Puzzle":[23],"Regal Pillow":15,"counters":[12,57],"Bloody Idol":5,"Whetstone":["Neutralize","Endless Agony"],"Medical Kit":[2],"obtain_stats":[{"Centennial Puzzle":10,"Regal Pillow":12,"Golden Idol":11,"Bloody Idol":21,"Philosopher\u0027s Stone":17,"Whetstone":9,"Medical Kit":19,"Ring of the Snake":0},{"Centennial Puzzle":5,"Regal Pillow":6,"Golden Idol":5,"Bloody Idol":10,"Philosopher\u0027s Stone":8,"Whetstone":4,"Medical Kit":9,"Ring of the Snake":0},{"Centennial Puzzle":20,"Regal Pillow":28,"Golden Idol":20,"Bloody Idol":46,"Philosopher\u0027s Stone":40,"Whetstone":16,"Medical Kit":43,"Ring of the Snake":0}],"Ring of the Snake":[24]},"card_choices":[{"not_picked":["Backflip","Bane"],"picked":"Crippling Poison","floor":1},{"not_picked":["Sucker Punch","Tactician"],"picked":"Poisoned Stab","floor":2},{"not_picked":["Underhanded Strike","Deflect"],"picked":"Endless Agony","floor":4},{"not_picked":["Deflect","Poisoned Stab"],"picked":"Deadly Poison","floor":5},{"not_picked":["Bouncing Flask","Backstab"],"picked":"Catalyst","floor":10},{"not_picked":["Skewer","Underhanded Strike"],"picked":"Well Laid Plans","floor":12},{"not_picked":["Finisher","Sucker Punch"],"picked":"Dagger Spray","floor":14},{"not_picked":["Night Terror","Bullet Time"],"picked":"Burst","floor":16},{"not_picked":["Heel Hook","Cloak And Dagger"],"picked":"Backflip","floor":18},{"not_picked":["Poisoned Stab","Reflex"],"picked":"Cloak And Dagger","floor":20},{"not_picked":["Cloak And Dagger","Concentrate"],"picked":"Footwork","floor":22}],"player_experience":980244,"relics_obtained":[{"floor":9,"key":"Whetstone"},{"floor":10,"key":"Centennial Puzzle"},{"floor":12,"key":"Regal Pillow"}],"event_choices":[{"cards_removed":["Crippling Poison"],"damage_healed":24,"gold_gain":0,"player_choice":"Offered Uncommon","damage_taken":0,"max_hp_gain":0,"max_hp_loss":0,"event_name":"Bonfire Elementals","floor":3,"gold_loss":0},{"damage_healed":0,"gold_gain":150,"player_choice":"AGREE","damage_taken":0,"max_hp_gain":0,"max_hp_loss":0,"event_name":"Liars Game","floor":7,"gold_loss":0,"cards_obtained":["Doubt"]},{"cards_removed":["Doubt"],"damage_healed":0,"gold_gain":0,"player_choice":"Card Removal","damage_taken":7,"max_hp_gain":0,"max_hp_loss":0,"event_name":"Golden Wing","floor":8,"gold_loss":0},{"damage_healed":0,"gold_gain":0,"player_choice":"Lose Max HP","damage_taken":0,"relics_obtained":["Golden Idol"],"max_hp_gain":0,"max_hp_loss":6,"event_name":"Golden Idol","floor":11,"gold_loss":0},{"damage_healed":0,"gold_gain":0,"player_choice":"Gave Idol","damage_taken":0,"relics_obtained":["Bloody Idol"],"max_hp_gain":0,"max_hp_loss":0,"event_name":"Forgotten Altar","floor":21,"relics_lost":["Golden Idol"],"gold_loss":0}],"is_beta":false,"boss_relics":[{"not_picked":["Runic Dome","Fusion Hammer"],"picked":"Philosopher\u0027s Stone"}],"items_purged_floors":[19],"is_endless":false,"potions_floor_spawned":[4,5,10,18],"killed_by":"Slavers","ascension_level":18}}