{"host":"p11r1vg7ld7z2n97","time":1611514766,"event":{"mods":["BaseMod","Better Note","Colored Map","Downfall","Minty Spire (QoL Compilation)","Rare Cards Sparkle","StSLib","Waifu the Spire"],"gold_per_floor":[99,115,290,307,307,757,757,784,484,584,602,618,618,631,647,647,647,647],"floor_reached":16,"language":"ENG","playtime":859,"items_purged":[],"score":127,"play_id":"59969883-d8f0-411f-bf92-742e901ee7f1","local_time":"20210124115926","is_ascension_mode":false,"campfire_choices":[{"floor":1.0,"key":"RECALL"},{"data":"bronze:Fortify","floor":9,"key":"SMITH"},{"data":"bronze:Replicate","floor":13,"key":"SMITH"}],"circlet_count":0,"master_deck":["bronze:Strike","bronze:Strike","bronze:Strike","bronze:Defend","bronze:Defend","bronze:Defend","bronze:Defend","bronze:Replicate+1","bronze:Goto","bronze:ForLoop","Doubt","bronze:Fortify+1","downfall:Icky","downfall:Icky","downfall:Icky","bronze:FollowUp","bronze:ClassDefault","bronze:RecursiveStrike"],"relics":["bronze:BronzeCore","bronze:CableSpool","downfall:HeartBlessingRed","downfall:HeartBlessingGreen","downfall:HeartBlessingBlue"],"acts_visited":["Exordium"],"potions_floor_usage":[],"damage_taken":[{"damage":2.0,"enemies":"Small Slimes","floor":2.0,"turns":4.0},{"damage":1.0,"enemies":"2 Louse","floor":4.0,"turns":4.0},{"damage":15,"enemies":"Lagavulin","floor":8,"turns":10},{"damage":6,"enemies":"Cultist","floor":11,"turns":4},{"damage":24,"enemies":"Exordium Wildlife","floor":12,"turns":8},{"damage":14,"enemies":"Red Slaver","floor":14,"turns":4},{"damage":3,"enemies":"Large Slime","floor":15,"turns":4},{"damage":22,"enemies":"SI_SHIV_ARCHETYPE","floor":16,"turns":5}],"seed_played":"-4476055762049059478","potions_obtained":[{"floor":2.0,"key":"EssenceOfSteel"},{"floor":8,"key":"hexamod:SoulburnPotion"},{"floor":12,"key":"bronze:CleanCodePotion"}],"is_trial":false,"path_per_floor":["R","M","?","M","?","?","T","E","R","?","M","M","R","M","M","B"],"character_chosen":"THE_AUTOMATON","items_purchased":[],"campfire_rested":0,"item_purchase_floors":[],"current_hp_per_floor":[77,75,75,74,74,74,74,59,69,69,63,39,39,25,22,0,0,0],"gold":647,"neow_bonus":"TEN_PERCENT_HP_BONUS","is_daily":false,"chose_seed":false,"campfire_upgraded":2,"win_rate":0.0,"timestamp":1611514766,"path_taken":["R","M","?","M","?","?","T","E","R","?","M","M","R","?","M","BOSS"],"items_purchased_type":[],"build_version":"2020-12-22","purchased_purges":0,"victory":false,"max_hp_per_floor":[77,77,77,77,77,77,77,77,87,87,87,87,87,87,87,87,87,87],"card_choices":[{"not_picked":["bronze:Return","bronze:Overload"],"picked":"bronze:ForLoop","floor":2.0},{"not_picked":["bronze:Turbo","bronze:WhirlingStrike"],"picked":"bronze:Fortify","floor":4.0},{"not_picked":["bronze:OilSpill","bronze:Shield"],"picked":"bronze:FollowUp","floor":8},{"not_picked":["bronze:CutThrough","bronze:WhirlingStrike"],"picked":"bronze:ClassDefault","floor":11},{"not_picked":["bronze:OilSpill","bronze:CutThrough","bronze:DelayedSlice"],"picked":"SKIP","floor":12},{"not_picked":["bronze:ClassDefault","bronze:Backtrace","bronze:BitShift"],"picked":"SKIP","floor":14},{"not_picked":["bronze:Deprecate","bronze:Frontload"],"picked":"bronze:RecursiveStrike","floor":15}],"player_experience":668600,"relics_obtained":[{"floor":8,"key":"bronze:CableSpool"}],"event_choices":[{"cards_removed":["bronze:Strike"],"damage_healed":0.0,"max_hp_gain":0.0,"max_hp_loss":0.0,"gold_gain":0.0,"event_name":"The Cleric","player_choice":"Card Removal","floor":5.0,"gold_loss":0.0,"damage_taken":0.0}],"is_beta":false,"boss_relics":[],"items_purged_floors":[],"is_endless":false,"potions_floor_spawned":[2,8,12],"killed_by":"SI_SHIV_ARCHETYPE","ascension_level":0}}