{"host":"y9jgkjnf95sujozk","time":1611498457,"event":{"mods":["2.2 Compatiblity","AchievementEnabler","Act Like it!","BaseMod","BetterRewards","Block Reminder","Colored Map","Colored Powertips","Decade(王小明)","Downfall","Friendly Minions","Gensokyo","GifTheSpireLib","Hallownest","Hermit","Highlight Path","HololiveMod","Hubris","Infinite Spire","Jorbs\u0027s Wanderer Trilogy","Koishi","Marisa（霧雨　魔理沙）","Minty Spire (QoL Compilation)","Quick Restart","Random Character Button","Rare Cards Sparkle","Reimu（博??梦）","Remilia（蕾米莉?）","Shop Mod","StSLib","SuperFastMode","The Animator","The Bug Knight","The Cursed","The Disciple","The Hierophant","The Jungle","The Poker Player","The Runesmith","The Senshi","The Servant 0.9.4"],"gold_per_floor":[115,127,141,105,105,131,131,145,145,158,171,26,26,26,26,124,124,138,153,153,153,166,166,166],"floor_reached":23,"language":"ENG","playtime":507,"items_purged":[],"score":334,"play_id":"9dd18925-27eb-4fe8-b017-64a784b6eef2","local_time":"20210124152737","is_ascension_mode":true,"campfire_choices":[{"data":"Steam","floor":7,"key":"SMITH"},{"floor":13,"key":"REST"},{"data":"Steam Power","floor":15,"key":"SMITH"}],"circlet_count":0,"master_deck":["Strike_B","Strike_B","Strike_B","Strike_B","Defend_B","Defend_B","Defend_B","Defend_B","Zap","Dualcast","Go for the Eyes","Gash","Turbo","Rebound","Redo","hubris:PowerSurge","Scrape","Enlightenment","Force Field","Steam+1","Go for the Eyes","Turbo","Steam Power+1","Thunder Strike","Turbo","Beam Cell","Beam Cell"],"relics":["Cracked Core","Emotion Chip","FossilizedHelix","hubris:RGBLights","hubris:DisguiseKit","TheAbacus","Hololive_Finger","hubris:Towel"],"acts_visited":["Exordium","TheCity"],"potions_floor_usage":[6,6,16,16,16,23,23],"damage_taken":[{"damage":0,"enemies":"Small Slimes","floor":1,"turns":4},{"damage":0,"enemies":"Cultist","floor":2,"turns":3},{"damage":0,"enemies":"2 Louse","floor":3,"turns":2},{"damage":0,"enemies":"Gremlin Nob","floor":6,"turns":3},{"damage":0,"enemies":"Large Slime","floor":8,"turns":3},{"damage":9,"enemies":"2 Fungi Beasts","floor":10,"turns":3},{"damage":4,"enemies":"Blue Slaver","floor":11,"turns":3},{"damage":61,"enemies":"Hexaghost","floor":16,"turns":10},{"damage":0,"enemies":"Chosen","floor":18,"turns":4},{"damage":0,"enemies":"Spheric Guardian","floor":19,"turns":3},{"damage":5,"enemies":"Centurion and Healer","floor":22,"turns":7},{"damage":60,"enemies":"Nightmare","floor":23,"turns":8}],"seed_played":"-182614395100957","potions_obtained":[{"floor":1,"key":"hexamod:SoulburnPotion"},{"floor":3,"key":"champ:CounterPotion"},{"floor":8,"key":"Regen Potion"},{"floor":10,"key":"SteroidPotion"},{"floor":11,"key":"bronze:BurnAndBuffPotion"},{"floor":18,"key":"Dexterity Potion"},{"floor":19,"key":"Explosive Potion"}],"is_trial":false,"path_per_floor":["M","M","M","$","?","E","R","M","T","M","M","$","R","?","R","B",null,"M","M","?","?","M","NM"],"character_chosen":"DEFECT","items_purchased":["Go for the Eyes","Gash","Turbo","FossilizedHelix","Scrape","TheAbacus"],"campfire_rested":1,"item_purchase_floors":[0,0,0,0,4,12],"current_hp_per_floor":[75,75,75,75,75,75,75,75,75,66,62,62,75,80,80,25,80,80,80,80,65,60,0,0],"gold":166,"neow_bonus":"","is_daily":false,"chose_seed":false,"campfire_upgraded":2,"win_rate":0.0,"timestamp":1611498457,"path_taken":["M","M","M","$","?","E","R","M","T","M","M","?","R","?","R","BOSS","M","M","?","?","M","NM"],"items_purchased_type":["Card","Card","Card","Relic","Card","Relic"],"build_version":"2020-12-22","purchased_purges":0,"victory":false,"max_hp_per_floor":[75,75,75,75,75,75,75,75,75,75,75,75,75,80,80,80,80,80,80,80,85,85,85,85],"card_choices":[{"not_picked":["Reprogram","Ball Lightning"],"picked":"Rebound","floor":1},{"not_picked":["Rebound","Force Field"],"picked":"Redo","floor":2},{"not_picked":["Sunder","Chaos"],"picked":"hubris:PowerSurge","floor":3},{"not_picked":["Force Field","Tempest"],"picked":"Steam","floor":6},{"not_picked":["Rip and Tear","Conserve Battery"],"picked":"Go for the Eyes","floor":8},{"not_picked":["Rebound","Leap","bronze:Iterate"],"picked":"Turbo","floor":10},{"not_picked":["Chaos","Redo","bronze:Iterate"],"picked":"Steam Power","floor":11},{"not_picked":["hubris:DoWhile","Creative AI","bronze:HyperBeam"],"picked":"Thunder Strike","floor":16},{"not_picked":["Streamline","Sweeping Beam","bronze:Safeguard"],"picked":"Turbo","floor":18},{"not_picked":["Capacitor","Ball Lightning","bronze:Fortify"],"picked":"Beam Cell","floor":19},{"not_picked":["Reinforced Body","Hello World","bronze:WildBeam"],"picked":"Beam Cell","floor":22}],"player_experience":165390,"relics_obtained":[{"floor":6,"key":"hubris:RGBLights"},{"floor":9,"key":"hubris:DisguiseKit"}],"event_choices":[{"damage_healed":0,"gold_gain":0,"player_choice":"2 cards matched","damage_taken":0,"max_hp_gain":0,"max_hp_loss":0,"event_name":"Match and Keep!","floor":5,"gold_loss":0,"cards_obtained":["Enlightenment","Force Field"]},{"damage_healed":0,"gold_gain":0,"player_choice":"Donut","damage_taken":0,"max_hp_gain":5,"max_hp_loss":0,"event_name":"Big Fish","floor":14,"gold_loss":0},{"damage_healed":0,"gold_gain":0,"player_choice":"Shed Blood","damage_taken":20,"max_hp_gain":5,"max_hp_loss":0,"event_name":"Forgotten Altar","floor":21,"gold_loss":0}],"is_beta":false,"boss_relics":[{"not_picked":["Ectoplasm","hubris:ScarierMask"],"picked":"Hololive_Finger"}],"items_purged_floors":[],"is_endless":false,"potions_floor_spawned":[1,3,8,10,11,18,19],"killed_by":"Nightmare","ascension_level":1}}