{"host":"d54lcqy5t45er8jx","time":1611500809,"event":{"mods":["2.2 Compatiblity","BaseMod","CapriCore","Defuse TimeMaze Blight","Hermit","Hubris","Infinite Spire","Marisa£¨Ùöéë¡¡Øª×âÞÞ£©","Minty Spire (QoL Compilation)","Rare Cards Sparkle","Relic Stats","StSLib","The Animator","The Cursed","The Immortal","The Servant 0.9.4","WarShipGirlsR/??á´Ò³R mod"],"gold_per_floor":[129,142,142,29,48,87,87,119,119,119,165,227,277,296,296,400,400,412,412,423,423,423,423,451,451,451,466,498,510,543,553,553,670,670,670,392,442,442,442],"floor_reached":38,"language":"ENG","playtime":3263,"items_purged":["animator:Strike","animator:Entoma+1"],"score":760,"play_id":"b647768f-8450-499c-b083-1a08a1acccf3","local_time":"20210125000649","is_ascension_mode":false,"campfire_choices":[{"data":"animator:Shalltear","floor":7.0,"key":"SMITH"},{"data":"animator:HomuraAkemi","floor":10.0,"key":"SMITH"},{"data":"animator:NagisaMomoe","floor":15.0,"key":"SMITH"},{"data":"animator:YuiTsuruno","floor":23.0,"key":"SMITH"},{"data":"animator:Guren","floor":25.0,"key":"SMITH"},{"data":"animator:Kyubey","floor":32,"key":"SMITH"},{"data":"animator:Kyubey","floor":35,"key":"SMITH"}],"circlet_count":0,"master_deck":["animator:IrohaTamaki","animator:YuiTsuruno","animator:SuzuneAmano","animator:YuiTsuruno","animator:Shalltear","animator:OrikoMikuni","animator:SayakaMiki","animator:HomuraAkemi","animator:Rimuru","animator:NagisaMomoe","animator:Kyubey","animator:Guren","animator:Kyubey+1","animator:Mitsurugi","animator:Raven","animator:Cocytus","animator:MamiTomoe+1","animator:KyokoSakura","animator:Ain","Echo Form","animator:YachiyoNanami+1","animator:HigakiRinne","animator:HigakiRinne","animator:HigakiRinne","animator:HigakiRinne","animator:Elesis","animator:KyokoSakura"],"relics":["animator:TheEgnaroPiece","animator:AncientMedallion"],"acts_visited":["Exordium","TheCity","TheEnding","EYB:TheUnnamedReign"],"potions_floor_usage":[31,33,33,38],"damage_taken":[{"damage":0.0,"enemies":"Jaw Worm","floor":1.0,"turns":4.0},{"damage":0.0,"enemies":"Cultist","floor":2.0,"turns":3.0},{"damage":0.0,"enemies":"Small Slimes","floor":5.0,"turns":3.0},{"damage":6.0,"enemies":"Lagavulin","floor":6.0,"turns":5.0},{"damage":0.0,"enemies":"3 Sentries","floor":8.0,"turns":5.0},{"damage":11.0,"enemies":"Lagavulin","floor":11.0,"turns":6.0},{"damage":0.0,"enemies":"3 Sentries","floor":12.0,"turns":7.0},{"damage":0.0,"enemies":"3 Sentries","floor":13.0,"turns":6.0},{"damage":0.0,"enemies":"Blue Slaver","floor":14.0,"turns":3.0},{"damage":29.0,"enemies":"The Guardian","floor":16.0,"turns":6.0},{"damage":1.0,"enemies":"Spheric Guardian","floor":18.0,"turns":3.0},{"damage":0.0,"enemies":"2 Thieves","floor":20.0,"turns":3.0},{"damage":0.0,"enemies":"Slavers","floor":24.0,"turns":5.0},{"damage":0.0,"enemies":"Snake Plant","floor":27.0,"turns":2.0},{"damage":0.0,"enemies":"Nightmare","floor":28.0,"turns":6.0},{"damage":0.0,"enemies":"Shelled Parasite and Fungi","floor":29.0,"turns":2.0},{"damage":0,"enemies":"Gremlin Leader","floor":30,"turns":4},{"damage":0,"enemies":"Centurion and Healer","floor":31,"turns":5},{"damage":0,"enemies":"Collector","floor":33,"turns":4},{"damage":0,"enemies":"animator:UNNAMED_HAT","floor":37,"turns":21},{"damage":118,"enemies":"animator:TRIPLE_SHAPES_WEAK","floor":38,"turns":6}],"seed_played":"9161090263970599039","potions_obtained":[{"floor":2.0,"key":"EntropicBrew"},{"floor":6.0,"key":"SteroidPotion"},{"floor":8.0,"key":"Energy Potion"},{"floor":12.0,"key":"Energy Potion"},{"floor":16.0,"key":"DuplicationPotion"},{"floor":27.0,"key":"DistilledChaos"},{"floor":28.0,"key":"LiquidMemories"},{"floor":29.0,"key":"CultistPotion"},{"floor":37,"key":"animator:FalseLifePotion"}],"is_trial":true,"path_per_floor":["M","M","?","$","M","E","R","E","T","R","E","?","E","M","R","B",null,"M","?","M","AVR","?","R","E","R","T","M","NM","M","E","M","R","B",null,"R","??","M","M"],"character_chosen":"THE_ANIMATOR","items_purchased":["animator:Shalltear"],"campfire_rested":0,"item_purchase_floors":[4],"current_hp_per_floor":[74,74,74,74,75,69,69,70,70,70,59,67,67,67,67,52,86,87,1,1,1,1,1,1,1,1,1,1,1,1,1,1,1,1,1,98,98,0,0],"gold":442,"neow_bonus":"","is_daily":false,"chose_seed":false,"campfire_upgraded":7,"win_rate":0.0,"timestamp":1611500809,"path_taken":["M","M","?","$","M","E","R","?","T","R","E","?","E","M","R","BOSS","M","?","M","AVR","?","R","E","R","T","M","NM","M","E","?","R","BOSS","R","??","M","M"],"items_purchased_type":["Card"],"build_version":"2020-12-22","purchased_purges":2,"victory":false,"max_hp_per_floor":[74,74,74,74,75,75,75,76,76,76,76,84,84,84,84,86,86,88,1,1,1,1,1,1,1,1,1,1,1,1,1,1,1,1,1,98,98,98,98],"relic_stats":{"counters":[21,108],"obtain_stats":[{"animator:ShionDessert":30,"animator:TheMissingPiece":0,"Frozen Egg 2":9,"animator:WornHelmet":11,"Smiling Mask":8,"Empty Cage":34,"Mercury Hourglass":6,"animator:TheEgnaroPiece":36,"animator:AncientMedallion":36,"hubris:Spice":0,"hubris:BottledHeart":19,"Pandora\u0027s Box":17,"hubris:DeckOfHolding":28,"animator:LivingPicture":0,"hubris:ToyBattleship":21,"Meat on the Bone":13},{"animator:ShionDessert":17,"animator:TheMissingPiece":0,"Frozen Egg 2":5,"animator:WornHelmet":6,"Smiling Mask":5,"Empty Cage":19,"Mercury Hourglass":4,"animator:TheEgnaroPiece":19,"animator:AncientMedallion":19,"hubris:Spice":0,"hubris:BottledHeart":11,"Pandora\u0027s Box":10,"hubris:DeckOfHolding":15,"animator:LivingPicture":0,"hubris:ToyBattleship":12,"Meat on the Bone":8},{"animator:ShionDessert":72,"animator:TheMissingPiece":0,"Frozen Egg 2":20,"animator:WornHelmet":25,"Smiling Mask":20,"Empty Cage":81,"Mercury Hourglass":15,"animator:TheEgnaroPiece":81,"animator:AncientMedallion":81,"hubris:Spice":0,"hubris:BottledHeart":50,"Pandora\u0027s Box":47,"hubris:DeckOfHolding":66,"animator:LivingPicture":0,"hubris:ToyBattleship":53,"Meat on the Bone":38}]},"card_choices":[{"not_picked":["animator:Chris","animator:Ciel"],"picked":"animator:SuzuneAmano","floor":1.0},{"not_picked":["animator:PandorasActor","animator:GazelDwargon"],"picked":"animator:YuiTsuruno","floor":2.0},{"not_picked":["animator:Yoichi","animator:Kazuma"],"picked":"animator:OrikoMikuni","floor":5.0},{"not_picked":["animator:IrohaTamaki","animator:MamiTomoe"],"picked":"animator:SayakaMiki","floor":6.0},{"not_picked":["animator:Eve","animator:HigakiRinne"],"picked":"animator:HomuraAkemi","floor":8.0},{"not_picked":["animator:Hans+1","animator:Shizu"],"picked":"animator:Rimuru","floor":11.0},{"not_picked":["animator:KyokoSakura","animator:YuiTsuruno"],"picked":"animator:NagisaMomoe","floor":13.0},{"not_picked":["animator:Azekura","animator:Shinoa","animator:Yuuichirou"],"picked":"SKIP","floor":14.0},{"not_picked":["animator:Ainz+1","animator:Wiz"],"picked":"animator:Kyubey","floor":16.0},{"not_picked":["animator:Shigure","animator:Raven"],"picked":"animator:MamiTomoe","floor":18.0},{"not_picked":["animator:Vesta+1","animator:ZankiKiguchi"],"picked":"animator:Togame+1","floor":20.0},{"not_picked":["animator:OrikoMikuni","animator:SayakaMiki"],"picked":"animator:KyokoSakura","floor":24.0},{"not_picked":["animator:Entoma+1","hubris:SpiceAddiction"],"picked":"animator:Ain","floor":27.0},{"not_picked":["infinitespire:SevenWalls","infinitespire:TheBestDefense"],"picked":"hubris:Rewind","floor":28.0},{"not_picked":["animator:Guren","animator:Hans+1"],"picked":"hubris:SpiceAddiction","floor":28.0},{"not_picked":["animator:Togame","animator:Millim+1","animator:Mikaela+1"],"picked":"SKIP","floor":29.0},{"not_picked":["animator:IrohaTamaki","animator:YuiTsuruno"],"picked":"animator:YachiyoNanami+1","floor":30},{"not_picked":["hubris:SpiceAddiction","animator:Yoichi","hubris:SpiceAddiction"],"picked":"SKIP","floor":31},{"not_picked":["hubris:SpiceAddiction","animator:Wiz"],"picked":"animator:Elesis","floor":33},{"not_picked":["animator:Elsword+1","animator:Ciel"],"picked":"animator:KyokoSakura","floor":37}],"player_experience":899645,"relics_obtained":[{"floor":6.0,"key":"Mercury Hourglass"},{"floor":8.0,"key":"Smiling Mask"},{"floor":9.0,"key":"Frozen Egg 2"},{"floor":11.0,"key":"animator:WornHelmet"},{"floor":12.0,"key":"hubris:Spice"},{"floor":13.0,"key":"Meat on the Bone"},{"floor":24.0,"key":"hubris:Spice"},{"floor":26.0,"key":"hubris:Spice"},{"floor":28.0,"key":"hubris:DeckOfHolding"},{"floor":30,"key":"animator:ShionDessert"},{"floor":36,"key":"animator:TheEgnaroPiece"},{"floor":36,"key":"animator:AncientMedallion"}],"event_choices":[{"damage_healed":0.0,"max_hp_gain":0.0,"max_hp_loss":0.0,"gold_gain":0.0,"event_name":"The Woman in Blue","player_choice":"Bought 0 Potions","floor":3.0,"gold_loss":0.0,"damage_taken":0.0},{"damage_healed":0.0,"max_hp_gain":0.0,"max_hp_loss":0.0,"gold_gain":0.0,"event_name":"Dead Adventurer","player_choice":"Searched \u00272\u0027 times","floor":12.0,"gold_loss":0.0,"damage_taken":0.0}],"is_beta":false,"boss_relics":[{"not_picked":["SlaversCollar","Runic Dome"],"picked":"Pandora\u0027s Box"},{"not_picked":["hubris:GrandSneckoEye","Velvet Choker"],"picked":"Empty Cage"}],"items_purged_floors":[4,21],"is_endless":true,"potions_floor_spawned":[2,6,8,12,16,27,28,29],"killed_by":"animator:TRIPLE_SHAPES_WEAK","ascension_level":0}}