{"host":"bq4pt811tk9yrmjl","time":1611525091,"event":{"mods":["AchievementEnabler","BaseMod","Colored Map","Colored Powertips","Defuse TimeMaze Blight","Hermit","Minty Spire (QoL Compilation)","StSLib","SuperFastMode"],"gold_per_floor":[116,134,209,209,209,237,237,252,252,101,101,117,117,117,117,214,214,229,229,80,99,99,129,129,161,161,174,174,174,67,82,82,180,180,191,223,249,267,66,98,114,114,114,114,0,34,34,49,49,49,49],"floor_reached":50,"language":"ENG","playtime":1341,"items_purged":[],"score":591,"play_id":"cec66165-8383-4f3a-90ca-04d845824794","local_time":"20210124195131","is_ascension_mode":true,"campfire_choices":[{"data":"hermit:GoldenBullet","floor":7.0,"key":"SMITH"},{"data":"hermit:GhostlyPresence","floor":11.0,"key":"SMITH"},{"data":"hermit:Snapshot","floor":13.0,"key":"SMITH"},{"data":"hermit:Covet","floor":15,"key":"SMITH"},{"floor":24,"key":"REST"},{"floor":29,"key":"RECALL"},{"data":"hermit:Maintenance","floor":32,"key":"SMITH"},{"floor":42,"key":"REST"},{"floor":49,"key":"REST"}],"circlet_count":0,"master_deck":["hermit:Strike_Hermit","hermit:Strike_Hermit+1","hermit:Strike_Hermit+1","hermit:Strike_Hermit","hermit:Defend_Hermit","hermit:Defend_Hermit","hermit:Defend_Hermit","hermit:Defend_Hermit","hermit:Snapshot+1","hermit:Covet+1","hermit:Glare","hermit:GoldenBullet+1","hermit:GhostlyPresence+1","hermit:DeadOrAlive","hermit:ShadowCloak","hermit:RoundhouseKick","hermit:Deadeye+1","hermit:Quickdraw+1","hermit:TrackingShot+1","hermit:Maintenance+1","hermit:HighNoon","hermit:Headshot+1","hermit:Desperado+1","Dramatic Entrance+1","Writhe"],"relics":["hermit:Momento","NeowsBlessing","CaptainsWheel","Turnip","Membership Card","Sozu","ClockworkSouvenir","Whetstone","Thread and Needle","Molten Egg 2","hermit:PetGhost","SlaversCollar","Mercury Hourglass","TheAbacus","Blood Vial","hermit:Horseshoe","Red Mask","Pen Nib"],"acts_visited":["Exordium","TheCity","TheBeyond"],"potions_floor_usage":[16,16,23],"damage_taken":[{"damage":0.0,"enemies":"2 Louse","floor":1.0,"turns":1.0},{"damage":0.0,"enemies":"Cultist","floor":2.0,"turns":1.0},{"damage":0.0,"enemies":"Gremlin Nob","floor":6.0,"turns":1.0},{"damage":6.0,"enemies":"Jaw Worm","floor":8.0,"turns":4.0},{"damage":2.0,"enemies":"2 Fungi Beasts","floor":12.0,"turns":4.0},{"damage":31,"enemies":"The Guardian","floor":16,"turns":22},{"damage":4,"enemies":"Shell Parasite","floor":18,"turns":6},{"damage":5,"enemies":"Spheric Guardian","floor":21,"turns":4},{"damage":28,"enemies":"Gremlin Leader","floor":23,"turns":10},{"damage":3,"enemies":"Book of Stabbing","floor":25,"turns":6},{"damage":12,"enemies":"Snake Plant","floor":27,"turns":3},{"damage":0,"enemies":"Snecko","floor":31,"turns":4},{"damage":70,"enemies":"Automaton","floor":33,"turns":12},{"damage":0,"enemies":"3 Shapes","floor":35,"turns":7},{"damage":0,"enemies":"Orb Walker","floor":36,"turns":3},{"damage":13,"enemies":"4 Shapes","floor":37,"turns":9},{"damage":0,"enemies":"3 Darklings","floor":38,"turns":12},{"damage":41,"enemies":"Nemesis","floor":40,"turns":11},{"damage":22,"enemies":"Writhing Mass","floor":41,"turns":7},{"damage":23,"enemies":"Giant Head","floor":46,"turns":8},{"damage":12,"enemies":"Spire Growth","floor":48,"turns":6},{"damage":100083,"enemies":"Donu and Deca","floor":50,"turns":7}],"seed_played":"-141942595110332670","potions_obtained":[{"floor":12.0,"key":"EntropicBrew"},{"floor":16,"key":"Ancient Potion"}],"is_trial":false,"path_per_floor":["M","M","?","?","$","E","R","M","T","$","R","M","R","?","R","B",null,"M","?","$","M","?","E","R","E","T","M","?","R","$","M","R","B",null,"M","M","M","M","$","E","M","R","T","?","?","E","?","M","R","B"],"character_chosen":"HERMIT","items_purchased":["Membership Card","ClockworkSouvenir","Whetstone","hermit:Maintenance","hermit:PetGhost","Mercury Hourglass","TheAbacus"],"campfire_rested":3,"item_purchase_floors":[10,20,20,30,30,39,39],"current_hp_per_floor":[75,75,64,64,64,64,64,58,58,58,58,56,56,56,56,25,75,71,71,71,66,66,38,60,57,57,45,85,85,85,85,85,15,85,85,85,72,72,72,31,11,36,36,36,36,15,36,26,51,0,0],"gold":49,"neow_bonus":"THREE_ENEMY_KILL","is_daily":false,"chose_seed":false,"campfire_upgraded":5,"win_rate":0.0,"timestamp":1611525091,"path_taken":["M","M","?","?","$","E","R","M","T","$","R","?","R","?","R","BOSS","M","?","?","M","?","E","R","E","T","?","?","R","$","?","R","BOSS","M","?","M","M","$","E","M","R","T","?","?","E","?","M","R","BOSS"],"items_purchased_type":["Relic","Relic","Relic","Card","Relic","Relic","Relic"],"build_version":"2020-12-22","purchased_purges":0,"victory":false,"max_hp_per_floor":[75,75,75,75,75,75,75,75,75,75,75,75,75,75,75,75,75,75,75,75,75,75,75,75,75,75,75,85,85,85,85,85,85,85,85,85,85,85,85,85,85,85,85,85,85,85,85,85,85,85,85],"card_choices":[{"not_picked":["hermit:SprayPray","hermit:Desperado"],"picked":"hermit:Glare","floor":1.0},{"not_picked":["hermit:Ricochet","hermit:Desperado"],"picked":"hermit:GoldenBullet","floor":2.0},{"not_picked":["hermit:Roulette","hermit:ItchyTrigger","hermit:Combo"],"picked":"SKIP","floor":6.0},{"not_picked":["hermit:SprayPray","hermit:CalledShot"],"picked":"hermit:GhostlyPresence","floor":8.0},{"not_picked":["hermit:FatalDesire","hermit:WideOpen","hermit:HoleUp"],"picked":"SKIP","floor":12.0},{"not_picked":["hermit:FatalDesire","hermit:Magnum"],"picked":"hermit:HighNoon","floor":16},{"not_picked":["hermit:Quickdraw","hermit:SprayPray+1","hermit:WideOpen"],"picked":"SKIP","floor":18},{"not_picked":["hermit:GoldenBullet","hermit:Roulette+1","hermit:SprayPray"],"picked":"SKIP","floor":21},{"not_picked":["hermit:Coalescence+1","hermit:FlashPowder"],"picked":"hermit:Deadeye+1","floor":23},{"not_picked":["hermit:Spite+1","hermit:Snipe+1"],"picked":"hermit:Quickdraw+1","floor":25},{"not_picked":["hermit:HighCaliber+1","hermit:HighNoon"],"picked":"hermit:TrackingShot+1","floor":27},{"not_picked":["hermit:Dive","hermit:HighCaliber+1","hermit:DeadMansHand"],"picked":"SKIP","floor":31},{"not_picked":["hermit:Dissolve","hermit:Reprieve"],"picked":"hermit:HighNoon","floor":33},{"not_picked":["hermit:ItchyTrigger+1","hermit:Quickdraw+1","hermit:Misfire+1"],"picked":"SKIP","floor":35},{"not_picked":["hermit:Manifest","hermit:Misfire+1","hermit:Combo+1"],"picked":"SKIP","floor":36},{"not_picked":["hermit:HighCaliber+1","hermit:PistolWhip+1"],"picked":"hermit:Headshot+1","floor":37},{"not_picked":["hermit:OverwhelmingPower","hermit:TakeCover","hermit:Combo+1"],"picked":"SKIP","floor":38},{"not_picked":["hermit:Horror","hermit:BodyArmor"],"picked":"hermit:Desperado+1","floor":40},{"not_picked":["hermit:Snipe","hermit:SprayPray+1","hermit:Headshot+1"],"picked":"SKIP","floor":41},{"not_picked":["Sadistic Nature","Jack Of All Trades"],"picked":"Dramatic Entrance+1","floor":44},{"not_picked":["hermit:Desperado+1","hermit:TrackingShot+1","hermit:Scavenge+1"],"picked":"SKIP","floor":46},{"not_picked":["hermit:Desperado+1","hermit:Snipe","hermit:HoleUp+1"],"picked":"SKIP","floor":48}],"player_experience":234730,"relics_obtained":[{"floor":6.0,"key":"CaptainsWheel"},{"floor":9.0,"key":"Turnip"},{"floor":23,"key":"Thread and Needle"},{"floor":25,"key":"Molten Egg 2"},{"floor":40,"key":"Blood Vial"},{"floor":43,"key":"hermit:Horseshoe"},{"floor":46,"key":"Pen Nib"}],"event_choices":[{"damage_healed":0.0,"max_hp_gain":0.0,"max_hp_loss":0.0,"gold_gain":75.0,"event_name":"World of Goop","player_choice":"Gather Gold","floor":3.0,"gold_loss":0.0,"damage_taken":11.0},{"damage_healed":0.0,"max_hp_gain":0.0,"max_hp_loss":0.0,"gold_gain":0.0,"event_name":"Transmorgrifier","player_choice":"Ignored","floor":4.0,"gold_loss":0.0,"damage_taken":0.0},{"damage_healed":0,"gold_gain":0,"player_choice":"Ignored","damage_taken":0,"max_hp_gain":0,"max_hp_loss":0,"event_name":"Shining Light","floor":14,"gold_loss":0},{"damage_healed":0,"gold_gain":0,"player_choice":"2 cards matched","damage_taken":0,"max_hp_gain":0,"max_hp_loss":0,"event_name":"Match and Keep!","floor":19,"gold_loss":0,"cards_obtained":["hermit:DeadOrAlive","hermit:ShadowCloak"]},{"damage_healed":0,"gold_gain":0,"player_choice":"Read","damage_taken":0,"max_hp_gain":0,"max_hp_loss":0,"event_name":"The Library","floor":22,"gold_loss":0,"cards_obtained":["hermit:RoundhouseKick"]},{"cards_removed":["hermit:HighNoon"],"damage_healed":30,"gold_gain":0,"player_choice":"Offered Rare","damage_taken":0,"max_hp_gain":10,"max_hp_loss":0,"event_name":"Bonfire Elementals","floor":28,"gold_loss":0},{"damage_healed":0,"gold_gain":0,"player_choice":"Memory 1","damage_taken":0,"max_hp_gain":0,"max_hp_loss":0,"event_name":"SensoryStone","floor":44,"gold_loss":0},{"damage_healed":0,"gold_gain":0,"player_choice":"Paid","damage_taken":0,"relics_obtained":["Red Mask"],"max_hp_gain":0,"max_hp_loss":0,"event_name":"Tomb of Lord Red Mask","floor":45,"gold_loss":114},{"damage_healed":21,"gold_gain":0,"player_choice":"Writhe","damage_taken":0,"max_hp_gain":0,"max_hp_loss":0,"event_name":"Winding Halls","floor":47,"gold_loss":0,"cards_obtained":["Writhe"]}],"is_beta":false,"boss_relics":[{"not_picked":["Black Star","Calling Bell"],"picked":"Sozu"},{"not_picked":["Snecko Eye","Astrolabe"],"picked":"SlaversCollar"}],"items_purged_floors":[],"is_endless":false,"potions_floor_spawned":[12,16,21,27,31,33,35,36,41,46,48],"killed_by":"Donu and Deca","ascension_level":1}}