{"host":"xkmvu47k9fdstweo","time":1611465410,"event":{"mods":["BaseMod","Colored Map","Conspire","Hubris","Minty Spire (QoL Compilation)","Quick Restart","Railgun Mod","Shop Mod","StSLib","The Alterego","The Animator","The Servant 0.9.4","The Wild Card","TheBandit","WarShipGirlsR/??è≠èóR mod","vexMod"],"gold_per_floor":[111,101,123,123,48,48,95,95,150,150,162,176,189,209,209,305,305,297,309,40,52,0,35,35,9,9,9,9,9,9,25,25,122,122,140,140,166,0,16,16,16],"floor_reached":40,"language":"ENG","playtime":2016,"items_purged":["animator:Strike","animator:Strike"],"score":599,"play_id":"94522c5f-805d-4bbf-a611-63b002501e5d","local_time":"20210124001650","is_ascension_mode":true,"campfire_choices":[{"data":"animator:AcuraShin","floor":6,"key":"SMITH"},{"data":"animator:Mikaela","floor":8,"key":"SMITH"},{"data":"animator:Shinoa","floor":10,"key":"SMITH"},{"floor":15,"key":"REST"},{"floor":24,"key":"REST"},{"data":"animator:Albedo","floor":28,"key":"SMITH"},{"floor":32,"key":"REST"}],"circlet_count":0,"master_deck":["animator:Strike_OwariNoSeraph","animator:Defend_OwariNoSeraph","animator:Defend","animator:Defend","animator:Defend","animator:Shinoa+1","animator:Mikaela+1","animator:AcuraShin+1","animator:ChaikaBohdan","animator:Saitama+1","animator:Benimaru","animator:TukaLunaMarceau","animator:Shinoa","animator:SilverFang","animator:MumenRider","animator:Rimuru","animator:Albedo+1","animator:Mitsuba","animator:Mitsurugi","animator:PandorasActor","animator:Albedo+1","animator:Illya","animator:KrulTepes","animator:Wiz","animator:HighElfArcher","animator:YaoHaDucy"],"relics":["animator:LivingPicture","animator:ColorlessFragment","animator:PurgingStone","Strawberry","Potion Belt","SlaversCollar","Tiny Chest","Incense Burner","alterego_mod:FleetingLove","Blood Vial","Busted Crown","vexMod:FocusSash","Red Mask"],"acts_visited":["Exordium","TheCity","TheBeyond"],"potions_floor_usage":[21,23,23,31,31,33,39],"damage_taken":[{"damage":5,"enemies":"Small Slimes","floor":1,"turns":3},{"damage":11,"enemies":"Jaw Worm","floor":3,"turns":6},{"damage":27,"enemies":"Lagavulin","floor":7,"turns":7},{"damage":0,"enemies":"2 Louse","floor":11,"turns":2},{"damage":0,"enemies":"conspire:2 RoseBushes","floor":12,"turns":5},{"damage":4,"enemies":"Lots of Slimes","floor":13,"turns":4},{"damage":0,"enemies":"2 Fungi Beasts","floor":14,"turns":4},{"damage":0,"enemies":"The Guardian","floor":16,"turns":13},{"damage":20,"enemies":"2 Thieves","floor":18,"turns":4},{"damage":9,"enemies":"Shell Parasite","floor":19,"turns":12},{"damage":30,"enemies":"Snecko","floor":21,"turns":7},{"damage":0,"enemies":"conspire:Head Lice","floor":23,"turns":13},{"damage":15,"enemies":"Snake Plant","floor":31,"turns":4},{"damage":14,"enemies":"hubris:MusketHawk","floor":33,"turns":12},{"damage":6,"enemies":"Orb Walker","floor":35,"turns":4},{"damage":48,"enemies":"3 Darklings","floor":39,"turns":11},{"damage":23,"enemies":"Giant Head","floor":40,"turns":7}],"seed_played":"-7682893889828463935","potions_obtained":[{"floor":3,"key":"SneckoOil"},{"floor":11,"key":"DistilledChaos"},{"floor":12,"key":"LiquidBronze"},{"floor":14,"key":"LiquidMemories"},{"floor":18,"key":"Swift Potion"},{"floor":19,"key":"animator:GrowthPotion"},{"floor":23,"key":"Block Potion"},{"floor":33,"key":"BlessingOfTheForge"},{"floor":39,"key":"LiquidBronze"}],"is_trial":false,"path_per_floor":["M","?","M","?","$","R","E","R","T","R","M","M","M","M","R","B",null,"M","M","$","M","?","E","R","$","T","?","R","$","?","M","R","B",null,"M","?","T","?","M","E"],"character_chosen":"THE_ANIMATOR","items_purchased":["animator:ColorlessFragment","animator:Illya"],"campfire_rested":3,"item_purchase_floors":[20,25],"current_hp_per_floor":[61,61,50,50,50,50,30,30,30,30,30,30,26,27,49,49,68,48,39,39,9,9,9,31,31,31,31,31,31,31,17,39,25,63,59,59,59,59,14,0,0],"gold":16,"neow_bonus":"ONE_RANDOM_RARE_CARD","is_daily":false,"chose_seed":false,"campfire_upgraded":4,"win_rate":0.0,"timestamp":1611465410,"path_taken":["M","?","M","?","$","R","E","R","T","R","M","M","M","M","R","BOSS","M","?","$","M","?","E","R","$","T","?","R","$","?","M","R","BOSS","M","?","?","?","M","E"],"items_purchased_type":["Relic","Card"],"build_version":"2020-12-22","purchased_purges":2,"victory":false,"max_hp_per_floor":[66,66,66,66,66,66,73,73,73,73,73,73,73,74,74,74,74,74,74,74,74,74,74,74,74,74,74,74,74,74,75,75,75,75,75,75,75,75,76,76,76],"card_choices":[{"not_picked":["animator:MaesHughes","animator:MamiTomoe"],"picked":"animator:ChaikaBohdan","floor":1},{"not_picked":[],"picked":"animator:Saitama","floor":2},{"not_picked":["animator:Kazuma","animator:Ciel"],"picked":"animator:Benimaru","floor":3},{"not_picked":["animator:Arpeggio","animator:Archer"],"picked":"animator:TukaLunaMarceau","floor":7},{"not_picked":["animator:Mikaela","animator:HiiragiShinya"],"picked":"animator:Shinoa","floor":11},{"not_picked":["animator:AcuraAkari","animator:ChaikaBohdan"],"picked":"animator:SilverFang","floor":12},{"not_picked":["animator:UneriGinkaku","animator:Illya"],"picked":"animator:MumenRider","floor":13},{"not_picked":["animator:Priestess","animator:Alexander"],"picked":"animator:Rimuru","floor":14},{"not_picked":["animator:Gilgamesh","animator:Ainz"],"picked":"animator:Albedo","floor":16},{"not_picked":["animator:HiiragiShinya","animator:Mikaela"],"picked":"animator:Mitsuba","floor":18},{"not_picked":["animator:SayakaMiki+1","animator:Yoichi"],"picked":"animator:Mitsurugi","floor":19},{"not_picked":["animator:Melzalgald+1","animator:ShinjiMatou"],"picked":"animator:PandorasActor","floor":21},{"not_picked":["animator:Yuuichirou","animator:Rena"],"picked":"animator:Albedo","floor":23},{"not_picked":["animator:FeridBathory","animator:Yoichi"],"picked":"animator:KrulTepes","floor":31},{"not_picked":["animator:HomuraAkemi","animator:Boros"],"picked":"animator:Wiz","floor":33},{"not_picked":[],"picked":"animator:HighElfArcher","floor":35},{"not_picked":[],"picked":"animator:YaoHaDucy","floor":39}],"player_experience":366213,"relics_obtained":[{"floor":7,"key":"Strawberry"},{"floor":9,"key":"Potion Belt"},{"floor":23,"key":"Tiny Chest"},{"floor":26,"key":"Incense Burner"},{"floor":33,"key":"Blood Vial"},{"floor":37,"key":"vexMod:FocusSash"}],"event_choices":[{"damage_healed":0,"gold_gain":0,"player_choice":"Upgraded","damage_taken":0,"max_hp_gain":0,"max_hp_loss":0,"event_name":"Upgrade Shrine","floor":4,"gold_loss":0,"cards_upgraded":["animator:Saitama"]},{"damage_healed":0,"gold_gain":0,"player_choice":"Paid Fearfully","damage_taken":0,"max_hp_gain":0,"max_hp_loss":0,"event_name":"Masked Bandits","floor":22,"gold_loss":52},{"damage_healed":0,"gold_gain":0,"player_choice":"Choice 1","damage_taken":0,"relics_obtained":["alterego_mod:FleetingLove"],"max_hp_gain":0,"max_hp_loss":0,"event_name":"Secret Garden","floor":30,"gold_loss":0},{"cards_removed":["animator:Strike"],"damage_healed":0,"gold_gain":0,"player_choice":"Removed Attack","damage_taken":0,"max_hp_gain":0,"max_hp_loss":0,"event_name":"Falling","floor":36,"gold_loss":0},{"damage_healed":0,"gold_gain":0,"player_choice":"Paid","damage_taken":0,"relics_obtained":["Red Mask"],"max_hp_gain":0,"max_hp_loss":0,"event_name":"Tomb of Lord Red Mask","floor":38,"gold_loss":166}],"is_beta":false,"boss_relics":[{"not_picked":["SacredBark","Coffee Dripper"],"picked":"SlaversCollar"},{"not_picked":["vexMod:RockOfEvil","animator:HolyGrailRelic"],"picked":"Busted Crown"}],"items_purged_floors":[5,20],"is_endless":false,"potions_floor_spawned":[3,11,12,14,18,19,23,33,39],"killed_by":"Giant Head","ascension_level":5}}