{"host":"7tcytdkuhw9pmcef","time":1611462152,"event":{"mods":["BaseMod","Downfall","Minty Spire (QoL Compilation)","StSLib"],"gold_per_floor":[149,160,160,173,39,39,39,56,56,56,91,106,206,240,253,253,253,253],"floor_reached":16,"language":"ENG","playtime":1537,"items_purged":[],"score":110,"play_id":"0db093ca-a863-49ff-a7ea-14b10d31c487","local_time":"20210123222232","is_ascension_mode":false,"campfire_choices":[{"floor":1,"key":"RECALL"},{"data":"expansioncontent:InvincibleStrength","floor":6,"key":"SMITH"},{"floor":10,"key":"REST"}],"circlet_count":0,"master_deck":["hexamod:Strike","hexamod:Defend","hexamod:Defend","hexamod:Defend","hexamod:Defend","hexamod:Sear+1","hexamod:Float","hexamod:Incineration","hexamod:HeatMetal","hexamod:RecurringNightmare","hexamod:FirstSeal","hexamod:FourthSeal","expansioncontent:InvincibleStrength+1","hexamod:GhostflameBarrier","hexamod:ExtraCrispy+1","hexamod:FastForward","hexamod:UnlimitedPower","hexamod:PhantomCloak","hexamod:Incineration","hexamod:FastForward"],"relics":["Tiny House","Blood Vial","HornCleat","Unceasing Top","Gambling Chip"],"acts_visited":["Exordium"],"potions_floor_usage":[11,12,13,13,15,16,16,16],"damage_taken":[{"damage":1,"enemies":"Jaw Worm","floor":2,"turns":3},{"damage":2,"enemies":"Small Slimes","floor":4,"turns":3},{"damage":5,"enemies":"downfall:FleeingMerchant","floor":5,"turns":4},{"damage":7,"enemies":"2 Louse","floor":8,"turns":3},{"damage":14,"enemies":"Lagavulin","floor":11,"turns":6},{"damage":8,"enemies":"2 Fungi Beasts","floor":12,"turns":4},{"damage":44,"enemies":"downfall:Heads","floor":13,"turns":6},{"damage":21,"enemies":"Gremlin Nob","floor":14,"turns":6},{"damage":3,"enemies":"3 Louse","floor":15,"turns":5},{"damage":55,"enemies":"WA_ARCHETYPE_RETAIN","floor":16,"turns":8}],"seed_played":"-6298882129115683723","potions_obtained":[{"floor":0,"key":"AttackPotion"},{"floor":2,"key":"LiquidBronze"},{"floor":8,"key":"Weak Potion"},{"floor":8,"key":"Ancient Potion"},{"floor":11,"key":"SpeedPotion"},{"floor":12,"key":"SneckoOil"},{"floor":13,"key":"Guardian:BlockOnCardUsePotion"},{"floor":13,"key":"Weak Potion"},{"floor":14,"key":"AttackPotion"},{"floor":15,"key":"Ancient Potion"},{"floor":15,"key":"Regen Potion"}],"is_trial":false,"path_per_floor":["R","M","?","M","$","R","T","M","?","R","E","M","?","E","M","B"],"character_chosen":"THE_SPIRIT","items_purchased":["hexamod:FourthSeal","expansioncontent:InvincibleStrength"],"campfire_rested":1,"item_purchase_floors":[5,5],"current_hp_per_floor":[75,74,67,67,64,64,64,66,66,75,68,69,34,22,28,0,0,0],"gold":253,"neow_bonus":"BOSS_RELIC","is_daily":false,"chose_seed":false,"campfire_upgraded":1,"win_rate":0.0,"timestamp":1611462152,"path_taken":["R","M","?","M","$","R","T","M","?","R","E","M","?","E","M","BOSS"],"items_purchased_type":["Card","Card"],"build_version":"2020-12-22","purchased_purges":0,"victory":false,"max_hp_per_floor":[75,75,75,75,75,75,75,75,75,75,75,75,75,75,75,75,75,75],"card_choices":[{"not_picked":["hexamod:InspiringFlames","hexamod:HeatMetal"],"picked":"hexamod:Incineration","floor":0},{"not_picked":["hexamod:NightmareStrike","hexamod:HauntingEcho"],"picked":"hexamod:HeatMetal","floor":2},{"not_picked":["hexamod:Firestarter","hexamod:InspiringFlames"],"picked":"hexamod:RecurringNightmare","floor":4},{"not_picked":["hexamod:NightmareGuise","hexamod:NightmareStrike"],"picked":"hexamod:FirstSeal","floor":5},{"not_picked":["hexamod:DynamicBlow","hexamod:Firestarter"],"picked":"hexamod:GhostflameBarrier","floor":8},{"not_picked":["hexamod:RadiantFlame","hexamod:GhostOfSpireFuture"],"picked":"hexamod:ExtraCrispy","floor":11},{"not_picked":["hexamod:CatchUp","hexamod:HeatMetal"],"picked":"hexamod:FastForward","floor":12},{"not_picked":["hexamod:NightmareGuise","hexamod:Incineration"],"picked":"hexamod:PhantomCloak","floor":13},{"not_picked":["hexamod:PhantomCloak","hexamod:StepThrough"],"picked":"hexamod:Incineration","floor":14},{"not_picked":["hexamod:Firestarter","hexamod:HauntingEcho"],"picked":"hexamod:FastForward","floor":15}],"player_experience":531565,"relics_obtained":[{"floor":7,"key":"HornCleat"},{"floor":11,"key":"Unceasing Top"},{"floor":14,"key":"Gambling Chip"}],"event_choices":[{"damage_healed":0,"gold_gain":0,"player_choice":"Success","damage_taken":7,"relics_obtained":["Blood Vial"],"max_hp_gain":0,"max_hp_loss":0,"event_name":"Scrap Ooze","floor":3,"gold_loss":0}],"is_beta":false,"boss_relics":[],"items_purged_floors":[],"is_endless":false,"potions_floor_spawned":[2,8,13,14,15],"killed_by":"WA_ARCHETYPE_RETAIN","ascension_level":0}}