{"host":"50per11302020","time":1611455432,"event":{"mods":["AchievementEnabler","BaseMod","Colored Map","Minty Spire (QoL Compilation)","Relic Stats","StSLib"],"gold_per_floor":[129,159,109,159,237,237,345,365,435,478,478,594,22,87,87,189,189,194,194,239,24,93,93,138,163,163],"floor_reached":25,"language":"ENG","playtime":1916,"items_purged":["Strike_R"],"score":447,"play_id":"2a2369ff-f2a1-4a11-82f4-0bc63a44c296","local_time":"20210123183032","is_ascension_mode":true,"campfire_choices":[{"data":"HandOfGreed","floor":6.0,"key":"SMITH"},{"floor":11.0,"key":"REST"},{"floor":15.0,"key":"REST"},{"data":"Armaments","floor":23.0,"key":"SMITH"}],"circlet_count":0,"master_deck":["AscendersBane","Strike_R","Strike_R","Strike_R","Strike_R","Defend_R","Defend_R","Defend_R","Defend_R","Bash","HandOfGreed+1","True Grit","Dark Embrace","True Grit","Spot Weakness","Evolve","Fire Breathing","Demon Form","Armaments+1","Headbutt","Brutality","Armaments"],"relics":["Burning Blood","Omamori","Pear","Singing Bowl","Potion Belt","Snecko Eye","Charon\u0027s Ashes","Lee\u0027s Waffle"],"acts_visited":["Exordium","TheCity"],"potions_floor_usage":[25,25],"damage_taken":[{"damage":0.0,"enemies":"Cultist","floor":1.0,"turns":3.0},{"damage":7.0,"enemies":"Jaw Worm","floor":2.0,"turns":2.0},{"damage":4.0,"enemies":"Small Slimes","floor":4.0,"turns":5.0},{"damage":12.0,"enemies":"3 Louse","floor":5.0,"turns":7.0},{"damage":24.0,"enemies":"3 Sentries","floor":7.0,"turns":8.0},{"damage":4.0,"enemies":"Looter","floor":8.0,"turns":4.0},{"damage":26.0,"enemies":"Red Slaver","floor":10.0,"turns":7.0},{"damage":34.0,"enemies":"Lots of Slimes","floor":12.0,"turns":15.0},{"damage":11.0,"enemies":"2 Fungi Beasts","floor":14.0,"turns":4.0},{"damage":38.0,"enemies":"Slime Boss","floor":16.0,"turns":10.0},{"damage":32.0,"enemies":"2 Thieves","floor":18.0,"turns":4.0},{"damage":64.0,"enemies":"Spheric Guardian","floor":20.0,"turns":9.0},{"damage":38.0,"enemies":"Shelled Parasite and Fungi","floor":22.0,"turns":7.0},{"damage":30.0,"enemies":"Sentry and Sphere","floor":24.0,"turns":6.0},{"damage":49,"enemies":"3 Cultists","floor":25,"turns":5}],"seed_played":"-9013044305338382148","potions_obtained":[{"floor":2.0,"key":"Strength Potion"},{"floor":4.0,"key":"AttackPotion"},{"floor":7.0,"key":"Block Potion"},{"floor":14.0,"key":"Dexterity Potion"},{"floor":16.0,"key":"FairyPotion"},{"floor":22.0,"key":"Weak Potion"},{"floor":24.0,"key":"LiquidMemories"}],"is_trial":false,"path_per_floor":["M","M","$","M","M","R","E","M","T","M","R","M","$","M","R","B",null,"M","?","M","$","M","R","M","M"],"character_chosen":"IRONCLAD","items_purchased":["True Grit","Singing Bowl","Armaments","Potion Belt","Lee\u0027s Waffle","Armaments"],"campfire_rested":2,"item_purchase_floors":[3,13,13,13,21,21],"current_hp_per_floor":[56,55,55,57,51,51,33,35,45,25,50,22,22,17,42,10,66,42,42,22,96,66,66,44,0,0],"gold":163,"neow_bonus":"RANDOM_COLORLESS_2","is_daily":false,"chose_seed":false,"campfire_upgraded":2,"win_rate":0.0,"timestamp":1611455432,"path_taken":["M","?","?","M","M","R","E","M","T","M","R","M","$","M","R","BOSS","M","?","M","$","M","R","M","?"],"items_purchased_type":["Card","Relic","Card","Relic","Relic","Card"],"build_version":"2020-12-18","purchased_purges":1,"victory":false,"max_hp_per_floor":[75,75,75,75,75,75,75,75,85,85,85,85,85,85,85,85,85,87,87,89,96,98,98,100,100,100],"relic_stats":{"Lee\u0027s Waffle":74,"Singing Bowl":8,"counters":[15,96],"Snecko Eye":[46,62,46,64],"Charon\u0027s Ashes":[27],"obtain_stats":[{"Potion Belt":13,"Lee\u0027s Waffle":21,"Pear":9,"Singing Bowl":13,"Snecko Eye":17,"Charon\u0027s Ashes":19,"Omamori":7,"Burning Blood":0},{"Potion Belt":8,"Lee\u0027s Waffle":12,"Pear":6,"Singing Bowl":8,"Snecko Eye":10,"Charon\u0027s Ashes":11,"Omamori":5,"Burning Blood":0},{"Potion Belt":51,"Lee\u0027s Waffle":78,"Pear":29,"Singing Bowl":51,"Snecko Eye":65,"Charon\u0027s Ashes":69,"Omamori":25,"Burning Blood":0}],"Burning Blood":84},"card_choices":[{"not_picked":["Transmutation","Mayhem"],"picked":"HandOfGreed","floor":0.0},{"not_picked":["Infernal Blade","Hemokinesis"],"picked":"True Grit","floor":1.0},{"not_picked":["Cleave","Flex"],"picked":"Dark Embrace","floor":2.0},{"not_picked":["Havoc","Intimidate"],"picked":"Spot Weakness","floor":4.0},{"not_picked":["Clash","Sword Boomerang","Twin Strike"],"picked":"SKIP","floor":5.0},{"not_picked":["Wild Strike","Dark Embrace"],"picked":"Evolve","floor":7.0},{"not_picked":["Heavy Blade","Pommel Strike"],"picked":"Fire Breathing","floor":8.0},{"not_picked":["Rage","Blood for Blood"],"picked":"Demon Form","floor":10.0},{"not_picked":["Seeing Red","Warcry","Rage"],"picked":"SKIP","floor":12.0},{"not_picked":["Bloodletting","Shockwave"],"picked":"Headbutt","floor":14.0},{"not_picked":["Double Tap","Corruption"],"picked":"Brutality","floor":16.0},{"not_picked":["Anger","Sever Soul","Armaments+1"],"picked":"Singing Bowl","floor":18.0},{"not_picked":["Clash","Havoc","Combust"],"picked":"Singing Bowl","floor":20.0},{"not_picked":["Thunderclap+1","Flex","Clothesline"],"picked":"Singing Bowl","floor":22.0},{"not_picked":["Heavy Blade","Inflame","Sword Boomerang"],"picked":"Singing Bowl","floor":24.0}],"player_experience":351766,"relics_obtained":[{"floor":7.0,"key":"Omamori"},{"floor":9.0,"key":"Pear"},{"floor":19.0,"key":"Charon\u0027s Ashes"}],"event_choices":[{"damage_healed":0.0,"max_hp_gain":0.0,"max_hp_loss":0.0,"gold_gain":0.0,"event_name":"Wheel of Change","player_choice":"Relic","floor":19.0,"gold_loss":0.0,"damage_taken":0.0}],"is_beta":true,"boss_relics":[{"not_picked":["Ectoplasm","Empty Cage"],"picked":"Snecko Eye"}],"items_purged_floors":[13],"is_endless":false,"potions_floor_spawned":[2,4,7,14,16,22,24],"killed_by":"3 Cultists","ascension_level":18}}