{"host":"9jj9tzo2iym4bpat","time":1611529439,"event":{"mods":["Act Like it!","BaseMod","CapriCore","Colored Map","Dark Map","Luminous","Minty Spire (QoL Compilation)","Permanent Neow","StSLib","Td1madao Mod","The Animator","The Immortal","The Marked","The Servant 0.9.4","Yakumo Yukari mod"],"gold_per_floor":[359,377,377,477,489,521,151,151,151,168,186,89,104,116,116,221,221,236,251,251,251,176,176,8,8,33,33,33,63,75,0,0,0,0],"floor_reached":33,"language":"ENG","playtime":1991,"items_purged":[],"score":315,"play_id":"c95b5ae9-2373-4137-821c-036e5dd5a5e6","local_time":"20210124170359","is_ascension_mode":false,"campfire_choices":[{"floor":15,"key":"REST"},{"data":"Buffer","floor":23,"key":"SMITH"},{"data":"Loop","floor":25,"key":"SMITH"},{"floor":32,"key":"REST"}],"circlet_count":0,"master_deck":["Strike_B","Strike_B","Strike_B","Strike_B","Defend_B","Defend_B","Defend_B","Defend_B","Zap+1","Dualcast","White Noise","Defragment","Ball Lightning","Coolheaded+1","Melter","Ball Lightning","Leap+1","Stack+1","Genetic Algorithm+1","Cold Snap","Loop+1","Aggregate+1","Conserve Battery+1","Buffer+1","CurseOfTheBell","Go for the Eyes","Redo+1","RitualDagger","Darkness+1","Double Energy+1","Sweeping Beam"],"relics":["Cracked Core","Toxic Egg 2","Strawberry","Bottled Tornado","Calling Bell","Orichalcum","HornCleat","TungstenRod","Boot","Vajra","The Courier"],"acts_visited":["Exordium","TheCity"],"potions_floor_usage":[6,16,16,16,33,33],"damage_taken":[{"damage":1,"enemies":"Cultist","floor":1,"turns":3},{"damage":5,"enemies":"2 Louse","floor":2,"turns":3},{"damage":6,"enemies":"Jaw Worm","floor":5,"turns":4},{"damage":16,"enemies":"Lagavulin","floor":6,"turns":5},{"damage":17,"enemies":"Lots of Slimes","floor":10,"turns":4},{"damage":0,"enemies":"Large Slime","floor":11,"turns":4},{"damage":7,"enemies":"Blue Slaver","floor":13,"turns":3},{"damage":1,"enemies":"2 Fungi Beasts","floor":14,"turns":3},{"damage":0,"enemies":"Slime Boss","floor":16,"turns":5},{"damage":0,"enemies":"3 Byrds","floor":18,"turns":3},{"damage":7,"enemies":"Shell Parasite","floor":19,"turns":4},{"damage":33,"enemies":"Slavers","floor":29,"turns":6},{"damage":5,"enemies":"Cultist and Chosen","floor":30,"turns":5},{"damage":61,"enemies":"Collector","floor":33,"turns":7}],"seed_played":"1624456211440702890","potions_obtained":[{"floor":1,"key":"Fire Potion"},{"floor":6,"key":"LiquidMemories"},{"floor":10,"key":"SpeedPotion"},{"floor":18,"key":"Strength Potion"}],"is_trial":false,"path_per_floor":["M","M","?","?","M","E","$","?","T","M","M","$","M","M","R","B",null,"M","M","?","?","?","R","$","R","T","?","$","E","M","?","R","B"],"character_chosen":"DEFECT","items_purchased":["Strawberry","DuplicationPotion","Melter","Ball Lightning","Leap+1","Cold Snap","Loop","CultistPotion","Darkness+1"],"campfire_rested":2,"item_purchase_floors":[7,7,7,7,7,12,12,24,24],"current_hp_per_floor":[67,62,62,62,56,40,47,47,47,30,30,30,23,22,44,44,75,75,68,63,63,63,63,63,63,63,50,50,17,12,12,36,0,0],"gold":0,"neow_bonus":"TWO_FIFTY_GOLD","is_daily":false,"chose_seed":false,"campfire_upgraded":2,"win_rate":0.0,"timestamp":1611529439,"path_taken":["M","?","?","?","?","E","$","?","T","M","M","$","M","M","R","BOSS","M","M","?","?","?","R","$","R","T","?","$","E","M","?","R","BOSS"],"items_purchased_type":["Relic","Potion","Card","Card","Card","Card","Card","Potion","Card"],"build_version":"2020-12-22","purchased_purges":0,"victory":false,"max_hp_per_floor":[68,68,68,68,68,68,75,75,75,75,75,75,75,75,75,75,75,75,75,75,75,75,75,75,75,75,80,80,80,80,80,80,80,80],"card_choices":[{"not_picked":["Streamline","Compile Driver"],"picked":"White Noise","floor":1},{"not_picked":["Redo","Capacitor"],"picked":"Defragment","floor":2},{"not_picked":["Steam Power","Reboot"],"picked":"Ball Lightning","floor":5},{"not_picked":["Defragment","Barrage"],"picked":"Coolheaded+1","floor":6},{"not_picked":["Streamline","Coolheaded+1"],"picked":"Stack+1","floor":10},{"not_picked":["Conserve Battery+1","Aggregate+1"],"picked":"Genetic Algorithm+1","floor":11},{"not_picked":["All For One","Lockon"],"picked":"Aggregate+1","floor":13},{"not_picked":["Lockon","Melter"],"picked":"Conserve Battery+1","floor":14},{"not_picked":["Hyperbeam","Fission+1"],"picked":"Buffer","floor":16},{"not_picked":["Barrage","Ball Lightning"],"picked":"Go for the Eyes","floor":18},{"not_picked":["Sunder","Core Surge"],"picked":"Redo+1","floor":19},{"not_picked":["Auto Shields+1","Skim+1"],"picked":"Double Energy+1","floor":29},{"not_picked":["Hologram+1","Coolheaded+1"],"picked":"Sweeping Beam","floor":30}],"player_experience":304868,"relics_obtained":[{"floor":6,"key":"Toxic Egg 2"},{"floor":9,"key":"Bottled Tornado"},{"floor":17,"key":"Orichalcum"},{"floor":17,"key":"HornCleat"},{"floor":17,"key":"TungstenRod"},{"floor":26,"key":"Vajra"},{"floor":29,"key":"The Courier"}],"event_choices":[{"damage_healed":0,"gold_gain":0,"player_choice":"Leave","damage_taken":0,"max_hp_gain":0,"max_hp_loss":0,"event_name":"The Cleric","floor":3,"gold_loss":0},{"damage_healed":0,"gold_gain":100,"player_choice":"Pray","damage_taken":0,"max_hp_gain":0,"max_hp_loss":0,"event_name":"Golden Shrine","floor":4,"gold_loss":0},{"damage_healed":0,"gold_gain":0,"player_choice":"Grow","damage_taken":0,"max_hp_gain":0,"max_hp_loss":0,"event_name":"Living Wall","floor":8,"gold_loss":0,"cards_upgraded":["Zap"]},{"damage_healed":0,"gold_gain":0,"player_choice":"Joined the Cult","damage_taken":6,"max_hp_gain":0,"max_hp_loss":0,"event_name":"Nest","floor":20,"gold_loss":0,"cards_obtained":["RitualDagger"]},{"damage_healed":0,"gold_gain":0,"player_choice":"Opened","damage_taken":0,"relics_obtained":["Boot"],"max_hp_gain":0,"max_hp_loss":0,"event_name":"The Mausoleum","floor":21,"gold_loss":0,"cards_obtained":["Writhe"]},{"cards_removed":["Writhe"],"damage_healed":0,"gold_gain":0,"player_choice":"Gave Gold","damage_taken":0,"max_hp_gain":0,"max_hp_loss":0,"event_name":"Beggar","floor":22,"gold_loss":75},{"damage_healed":0,"gold_gain":0,"player_choice":"Shed Blood","damage_taken":19,"max_hp_gain":5,"max_hp_loss":0,"event_name":"Forgotten Altar","floor":27,"gold_loss":0},{"damage_healed":0,"gold_gain":0,"player_choice":"Paid Fearfully","damage_taken":0,"max_hp_gain":0,"max_hp_loss":0,"event_name":"Masked Bandits","floor":31,"gold_loss":75}],"is_beta":false,"boss_relics":[{"not_picked":["Tiny House","SlaversCollar"],"picked":"Calling Bell"}],"items_purged_floors":[],"is_endless":false,"potions_floor_spawned":[1,6,10,13,18],"killed_by":"Collector","ascension_level":0}}