{"host":"mep2b6vzdxhg46zq","time":1611514358,"event":{"mods":["Aspiration","Bard","BaseMod","Hermit","Hubris","Minty Spire (QoL Compilation)","READ ME - Guardian Mod","Random Character Button","Shade Mod","StSLib","The Animator","The Blackbeard","The Bladedancer","The Clintock","The Cursed","The Disciple","The Exalted","The Forsaken","The Judge","The Runesmith","vexMod"],"gold_per_floor":[114,67,83,98,111,111,111,111,184,194,208,208,218,238,238,339,339,350,335,350,370,370,370],"floor_reached":22,"language":"ENG","playtime":2110,"items_purged":[],"score":184,"play_id":"d4bf4085-48aa-4067-bd19-0e88fdbf024a","local_time":"20210124185238","is_ascension_mode":false,"campfire_choices":[{"floor":6,"key":"REST"},{"data":"Bromod:PressurePoint","floor":8,"key":"SMITH"},{"floor":15,"key":"REST"}],"circlet_count":0,"master_deck":["Bromod:Strike_Bro","Bromod:Strike_Bro","Bromod:Strike_Bro","Bromod:Defend_Bro","Bromod:Defend_Bro","Bromod:Defend_Bro","Bromod:Defend_Bro","Bromod:SlashDash","Bromod:SlashDash","Bromod:SlashDash","Bromod:PressurePoint+1","Bromod:ShatteringImpact","Bromod:HeatedCharge","Bromod:SteelCharge","Bromod:Foundry","Bromod:NoReturn","Bromod:CollisionForce","Bromod:RadialBlind+1","Bromod:VitalSense+1","Bromod:PointBlank+1","Bromod:OrganShatter+1","Bromod:ReflexCoil","Bromod:TargetCracker","Bromod:Foundry"],"relics":["Bromod:Ordis","Bromod:AscarisDevice","theForsaken:ScaryMask","Astrolabe"],"acts_visited":["Exordium","TheCity"],"potions_floor_usage":[14,16,16,22],"damage_taken":[{"damage":1,"enemies":"2 Louse","floor":1,"turns":2},{"damage":11,"enemies":"Jaw Worm","floor":3,"turns":4},{"damage":0,"enemies":"Cultist","floor":4,"turns":4},{"damage":14,"enemies":"Blue Slaver","floor":5,"turns":4},{"damage":20,"enemies":"Exordium Wildlife","floor":10,"turns":5},{"damage":11,"enemies":"Exordium Thugs","floor":11,"turns":5},{"damage":6,"enemies":"Large Slime","floor":13,"turns":7},{"damage":5,"enemies":"Blue Slaver","floor":14,"turns":4},{"damage":61,"enemies":"The Guardian","floor":16,"turns":8},{"damage":3,"enemies":"Chosen","floor":18,"turns":6},{"damage":25,"enemies":"2 Thieves","floor":19,"turns":4},{"damage":24,"enemies":"Snecko","floor":20,"turns":6},{"damage":18,"enemies":"Snake Plant","floor":21,"turns":5},{"damage":12,"enemies":"Centurion and Healer","floor":22,"turns":3}],"seed_played":"6949422110776698785","potions_obtained":[{"floor":5,"key":"Fire Potion"},{"floor":13,"key":"Bromod:HealthRestore"},{"floor":14,"key":"CultistPotion"},{"floor":21,"key":"Strength Potion"}],"is_trial":false,"path_per_floor":["M","$","M","M","M","R","?","R","T","M","M","$","M","M","R","B",null,"M","M","M","M","M"],"character_chosen":"THE_EXALTED","items_purchased":["Bromod:ShatteringImpact"],"campfire_rested":2,"item_purchase_floors":[2],"current_hp_per_floor":[81,81,70,70,56,80,80,80,80,60,49,49,43,42,66,5,82,79,54,30,12,0,0],"gold":370,"neow_bonus":"TEN_PERCENT_HP_BONUS","is_daily":false,"chose_seed":false,"campfire_upgraded":1,"win_rate":0.0,"timestamp":1611514358,"path_taken":["M","$","M","M","M","R","?","R","T","M","M","?","M","M","R","BOSS","M","M","M","M","M"],"items_purchased_type":["Card"],"build_version":"2020-12-22","purchased_purges":0,"victory":false,"max_hp_per_floor":[82,82,82,82,82,82,82,82,82,82,82,82,82,82,82,82,82,82,82,82,82,82,82],"card_choices":[{"not_picked":["Bromod:BodyCount","Bromod:QuickDraw"],"picked":"Bromod:PressurePoint","floor":1},{"not_picked":["Bromod:EnergySiphon","Bromod:Foundry"],"picked":"Bromod:HeatedCharge","floor":3},{"not_picked":["Bromod:Reflection","Bromod:PressurePoint"],"picked":"Bromod:SteelCharge","floor":4},{"not_picked":["Bromod:SlashDash","Bromod:BodyCount"],"picked":"Bromod:Foundry","floor":5},{"not_picked":["Bromod:HornetStrike","Bromod:Stretch"],"picked":"Bromod:NoReturn","floor":10},{"not_picked":["Bromod:Reflection","Bromod:Redirection"],"picked":"Bromod:FinishingTouch","floor":11},{"not_picked":["Bromod:Reflection","Bromod:SlipMagazine"],"picked":"Bromod:BodyCount","floor":13},{"not_picked":["Bromod:QuickThinking","Bromod:Fury"],"picked":"Bromod:QuickDraw","floor":14},{"not_picked":["Bromod:Adaptation","Bromod:LethalTorrent"],"picked":"Bromod:CollisionForce","floor":16},{"not_picked":["Bromod:PressurePoint","Bromod:SeismicWave"],"picked":"Bromod:OrganShatter+1","floor":18},{"not_picked":["Bromod:Redirection","Bromod:BodyCount+1"],"picked":"Bromod:ReflexCoil","floor":19},{"not_picked":["Bromod:PointBlank","Bromod:SlashDash"],"picked":"Bromod:TargetCracker","floor":20},{"not_picked":["Bromod:PressurePoint","Bromod:TacticalPump+1"],"picked":"Bromod:Foundry","floor":21}],"player_experience":39055,"relics_obtained":[{"floor":9,"key":"theForsaken:ScaryMask"}],"event_choices":[{"damage_healed":0,"gold_gain":0,"player_choice":"Leave","damage_taken":0,"max_hp_gain":0,"max_hp_loss":0,"event_name":"The Cleric","floor":7,"gold_loss":0}],"is_beta":false,"boss_relics":[{"not_picked":["Calling Bell","Runic Dome"],"picked":"Astrolabe"}],"items_purged_floors":[],"is_endless":false,"potions_floor_spawned":[5,13,14,21],"killed_by":"Centurion and Healer","ascension_level":0}}