{"host":"y24pqu7jih1n8m3t","time":1611454928,"event":{"mods":["AchievementEnabler","BaseMod","Bestiary","Block Reminder","Colored Map","Colored Powertips","DeckTracker","Highlight Path","Minty Spire (QoL Compilation)","Permanent Neow","Quick Restart","Rare Cards Sparkle","Relic Stats"],"gold_per_floor":[113,130,143,159,174,207,207,234,234,234,254,254,268,283,283,406,406,426,57,81,97,197,197,218,218,218],"floor_reached":25,"language":"ENG","playtime":2663,"items_purged":["Study"],"score":219,"play_id":"3e7bb4cf-680d-4703-85ac-05c38f6e767b","local_time":"20210123212208","is_ascension_mode":false,"campfire_choices":[{"floor":7,"key":"DIG"},{"floor":12,"key":"DIG"},{"floor":15,"key":"REST"},{"floor":23,"key":"REST"}],"circlet_count":0,"master_deck":["Eruption","Vigilance","CrushJoints","Halt","EmptyFist","WindmillStrike","Halt","Evaluate","FollowUp","EmptyFist","ClearTheMind","Swivel","CutThroughFate","Establishment","WindmillStrike","TalkToTheHand","Devotion","FlurryOfBlows","DeceiveReality","ReachHeaven","Collect","Meditate+1","Meditate","WindmillStrike","SandsOfTime+1","Crescendo","ThirdEye+1"],"relics":["VioletLotus","Shovel","Dream Catcher","Pear","Shuriken","Golden Idol","Matryoshka","Pandora\u0027s Box","White Beast Statue"],"acts_visited":["Exordium","TheCity"],"potions_floor_usage":[6,8,8,8,11,13,16,21],"damage_taken":[{"damage":0,"enemies":"2 Louse","floor":1,"turns":4},{"damage":2,"enemies":"Small Slimes","floor":2,"turns":5},{"damage":1,"enemies":"Cultist","floor":3,"turns":4},{"damage":8,"enemies":"Blue Slaver","floor":4,"turns":5},{"damage":13,"enemies":"3 Louse","floor":5,"turns":3},{"damage":12,"enemies":"3 Sentries","floor":6,"turns":11},{"damage":14,"enemies":"Lagavulin","floor":8,"turns":5},{"damage":0,"enemies":"Large Slime","floor":11,"turns":3},{"damage":0,"enemies":"Gremlin Gang","floor":13,"turns":2},{"damage":5,"enemies":"Looter","floor":14,"turns":3},{"damage":30,"enemies":"Hexaghost","floor":16,"turns":7},{"damage":7,"enemies":"Shell Parasite","floor":18,"turns":5},{"damage":21,"enemies":"2 Thieves","floor":20,"turns":3},{"damage":36,"enemies":"Snake Plant","floor":21,"turns":3},{"damage":20,"enemies":"Centurion and Healer","floor":24,"turns":5},{"damage":18,"enemies":"Sentry and Sphere","floor":25,"turns":3}],"seed_played":"-4139820163391931868","potions_obtained":[{"floor":1,"key":"SpeedPotion"},{"floor":4,"key":"Ancient Potion"},{"floor":5,"key":"EntropicBrew"},{"floor":11,"key":"Dexterity Potion"},{"floor":16,"key":"Explosive Potion"},{"floor":20,"key":"ColorlessPotion"},{"floor":21,"key":"FearPotion"},{"floor":24,"key":"Ancient Potion"}],"is_trial":false,"path_per_floor":["M","M","M","M","M","E","R","E","T","?","M","R","M","M","R","B",null,"M","$","M","M","?","R","M","M"],"character_chosen":"WATCHER","items_purchased":["White Beast Statue","Meditate"],"campfire_rested":2,"item_purchase_floors":[19,19],"current_hp_per_floor":[72,70,69,61,48,36,36,32,32,32,32,32,32,27,49,19,76,69,69,48,12,12,34,14,0,0],"gold":218,"neow_bonus":"BOSS_RELIC","is_daily":false,"chose_seed":false,"campfire_upgraded":0,"win_rate":0.0,"timestamp":1611454928,"path_taken":["M","M","M","M","M","E","R","E","T","?","M","R","M","M","R","BOSS","M","$","M","M","?","R","M","M"],"items_purchased_type":["Relic","Card"],"build_version":"2020-12-22","purchased_purges":1,"victory":false,"max_hp_per_floor":[72,72,72,72,72,72,72,82,82,76,76,76,76,76,76,76,76,76,76,76,76,76,76,76,76,76],"relic_stats":{"Dream Catcher":2,"Shovel":2,"counters":[16,71],"Shuriken":[12],"Golden Idol":51,"Pandora\u0027s Box":["WindmillStrike","TalkToTheHand","Devotion","FlurryOfBlows","DeceiveReality","ReachHeaven","Study","Collect"],"VioletLotus":[13],"obtain_stats":[{"Dream Catcher":7,"Shovel":6,"Pear":8,"Matryoshka":12,"Shuriken":9,"Golden Idol":10,"Pandora\u0027s Box":17,"VioletLotus":0,"PureWater":0,"White Beast Statue":19},{"Dream Catcher":6,"Shovel":6,"Pear":7,"Matryoshka":8,"Shuriken":7,"Golden Idol":7,"Pandora\u0027s Box":11,"VioletLotus":0,"PureWater":0,"White Beast Statue":12},{"Dream Catcher":32,"Shovel":32,"Pear":37,"Matryoshka":40,"Shuriken":37,"Golden Idol":37,"Pandora\u0027s Box":52,"VioletLotus":0,"PureWater":0,"White Beast Statue":57}]},"card_choices":[{"not_picked":["BattleHymn","JustLucky"],"picked":"CrushJoints","floor":1},{"not_picked":["JustLucky","ThirdEye"],"picked":"Halt","floor":2},{"not_picked":["BowlingBash","Consecrate"],"picked":"EmptyFist","floor":3},{"not_picked":["CutThroughFate","EmptyBody"],"picked":"WindmillStrike","floor":4},{"not_picked":["FollowUp","FlurryOfBlows"],"picked":"Halt","floor":5},{"not_picked":["Establishment","PathToVictory"],"picked":"Evaluate","floor":6},{"not_picked":["EmptyBody","Consecrate"],"picked":"FollowUp","floor":8},{"not_picked":["ForeignInfluence","JustLucky"],"picked":"EmptyFist","floor":11},{"not_picked":["FollowUp","Evaluate"],"picked":"ClearTheMind","floor":13},{"not_picked":["Nirvana","Weave"],"picked":"Swivel","floor":14},{"not_picked":["Evaluate","Consecrate"],"picked":"CutThroughFate","floor":15},{"not_picked":["Judgement","Omniscience"],"picked":"Establishment","floor":16},{"not_picked":["Adaptation","FlurryOfBlows"],"picked":"Meditate+1","floor":18},{"not_picked":["EmptyFist","EmptyBody"],"picked":"WindmillStrike","floor":20},{"not_picked":["CarveReality+1","Adaptation+1"],"picked":"SandsOfTime+1","floor":21},{"not_picked":["EmptyFist","Adaptation"],"picked":"Crescendo","floor":23},{"not_picked":["JustLucky+1","SignatureMove"],"picked":"ThirdEye+1","floor":24}],"player_experience":150246,"relics_obtained":[{"floor":6,"key":"Shovel"},{"floor":7,"key":"Dream Catcher"},{"floor":8,"key":"Pear"},{"floor":9,"key":"Shuriken"},{"floor":12,"key":"Matryoshka"}],"event_choices":[{"damage_healed":0,"gold_gain":0,"player_choice":"Lose Max HP","damage_taken":0,"relics_obtained":["Golden Idol"],"max_hp_gain":0,"max_hp_loss":6,"event_name":"Golden Idol","floor":10,"gold_loss":0},{"damage_healed":0,"gold_gain":100,"player_choice":"Pray","damage_taken":0,"max_hp_gain":0,"max_hp_loss":0,"event_name":"Golden Shrine","floor":22,"gold_loss":0}],"is_beta":false,"boss_relics":[{"not_picked":["Ectoplasm","Empty Cage"],"picked":"Pandora\u0027s Box"}],"items_purged_floors":[19],"is_endless":false,"potions_floor_spawned":[1,4,5,11,16,20,21,24],"killed_by":"Sentry and Sphere","ascension_level":0}}