{"host":"1tl36azeqm6yhdgj","time":1611488579,"event":{"mods":["AchievementEnabler","BaseMod","Minty Spire (QoL Compilation)","StSLib","The IronCluck","everything is the same but u backflip on backflip"],"gold_per_floor":[114,133,149,149,166,191,205,233,257,257,257,222,266,266,266,266,266],"floor_reached":16,"language":"ENG","playtime":543,"items_purged":[],"score":240,"play_id":"62570db8-bf5d-4781-9c83-98b4a18e0db6","local_time":"20210124064259","is_ascension_mode":true,"campfire_choices":[{"floor":11,"key":"REST"},{"floor":15,"key":"REST"}],"circlet_count":0,"master_deck":["AscendersBane","Strike_R","Strike_R","Strike_R","Strike_R","Defend_R","Defend_R","Defend_R","Defend_R","Bash","Flex","Limit Break","Headbutt","Evolve","Shrug It Off","Reckless Charge","Intimidate","Injury","Fire Breathing"],"relics":["Burning Blood","NeowsBlessing","Orichalcum","Paper Frog","Tiny Chest","Golden Idol","Toy Ornithopter","Blood Vial"],"acts_visited":["Exordium"],"potions_floor_usage":[7,7,8],"damage_taken":[{"damage":0.0,"enemies":"Small Slimes","floor":1.0,"turns":1.0},{"damage":0.0,"enemies":"Jaw Worm","floor":2.0,"turns":1.0},{"damage":0.0,"enemies":"2 Louse","floor":3.0,"turns":1.0},{"damage":0.0,"enemies":"Large Slime","floor":5.0,"turns":4.0},{"damage":64,"enemies":"Gremlin Nob","floor":6,"turns":5},{"damage":10,"enemies":"Blue Slaver","floor":7,"turns":5},{"damage":24,"enemies":"Lagavulin","floor":8,"turns":7},{"damage":27,"enemies":"3 Sentries","floor":13,"turns":9},{"damage":48,"enemies":"Hexaghost","floor":16,"turns":9}],"seed_played":"-7828047756550572659","potions_obtained":[{"floor":2.0,"key":"Fruit Juice"},{"floor":3.0,"key":"Fire Potion"},{"floor":6,"key":"BloodPotion"},{"floor":7,"key":"Fire Potion"}],"is_trial":false,"path_per_floor":["M","M","M","?","M","E","M","E","T","?","R","?","E","?","R","B"],"character_chosen":"IRONCLAD","items_purchased":[],"campfire_rested":2,"item_purchase_floors":[],"current_hp_per_floor":[74,75,75,68,74,16,33,15,15,15,39,59,38,20,44,0,0],"gold":266,"neow_bonus":"THREE_ENEMY_KILL","is_daily":false,"chose_seed":false,"campfire_upgraded":0,"win_rate":0.0,"timestamp":1611488579,"path_taken":["M","M","M","?","M","E","M","E","T","?","R","?","E","?","R","BOSS"],"items_purchased_type":[],"build_version":"2020-12-22","purchased_purges":0,"victory":false,"max_hp_per_floor":[75,75,75,75,75,75,80,80,80,80,80,80,80,80,80,80,80],"card_choices":[{"not_picked":["Perfected Strike","Havoc"],"picked":"Flex","floor":1.0},{"not_picked":["Anger","Cleave"],"picked":"Limit Break","floor":2.0},{"not_picked":["True Grit","Sword Boomerang"],"picked":"Headbutt","floor":3.0},{"not_picked":["Blood for Blood","Hemokinesis"],"picked":"Evolve","floor":5.0},{"not_picked":["Hemokinesis","Blood for Blood"],"picked":"Shrug It Off","floor":6},{"not_picked":["Havoc","Evolve"],"picked":"Reckless Charge","floor":7},{"not_picked":["Rupture","Berserk"],"picked":"Intimidate","floor":8},{"not_picked":["Heavy Blade","Twin Strike"],"picked":"Fire Breathing","floor":13}],"player_experience":2027154,"relics_obtained":[{"floor":6,"key":"Orichalcum"},{"floor":8,"key":"Paper Frog"},{"floor":9,"key":"Tiny Chest"},{"floor":13,"key":"Toy Ornithopter"}],"event_choices":[{"cards_removed":["Strike_R"],"damage_healed":0.0,"max_hp_gain":0.0,"max_hp_loss":0.0,"gold_gain":0.0,"event_name":"Golden Wing","player_choice":"Card Removal","floor":4.0,"gold_loss":0.0,"damage_taken":7.0},{"damage_healed":0,"gold_gain":0,"player_choice":"Take Wound","damage_taken":0,"relics_obtained":["Golden Idol"],"max_hp_gain":0,"max_hp_loss":0,"event_name":"Golden Idol","floor":10,"gold_loss":0,"cards_obtained":["Injury"]},{"damage_healed":20,"gold_gain":0,"player_choice":"Healed","damage_taken":0,"max_hp_gain":0,"max_hp_loss":0,"event_name":"The Cleric","floor":12,"gold_loss":35},{"damage_healed":0,"gold_gain":0,"player_choice":"Success","damage_taken":18,"relics_obtained":["Blood Vial"],"max_hp_gain":0,"max_hp_loss":0,"event_name":"Scrap Ooze","floor":14,"gold_loss":0}],"is_beta":false,"boss_relics":[],"items_purged_floors":[],"is_endless":false,"potions_floor_spawned":[2,3,6,7],"killed_by":"Hexaghost","ascension_level":20}}