{"host":"hf83sijwe64ts2lm","time":1611517378,"event":{"mods":["2.2 Compatiblity","BaseMod","Better Altar","Better Match","Better Note","Better Sensory Stone","Better Skull","Better Third Choice","Colored Map","Colored Powertips","Highlight Path","Hubris","Infinite Spire","Minty Spire (QoL Compilation)","Quick Restart","Rare Cards Sparkle","Relic Stats","Replay The Spire","Shop Mod","Spicy Shops","StSLib","Thieving Mod"],"gold_per_floor":[110,127,127,145,157,191,191,223,223,243,243,243],"floor_reached":11,"language":"ENG","playtime":224,"items_purged":[],"score":106,"play_id":"b0ae8b50-97c7-43ad-8a4c-9c32d588f3a0","local_time":"20210124144258","is_ascension_mode":true,"campfire_choices":[{"floor":7.0,"key":"REST"}],"circlet_count":0,"master_deck":["Strike_R","Strike_R","Strike_R","Strike_R","Strike_R","Defend_R","Defend_R","Defend_R","Defend_R","Bash","hubris:CleavingFinish","Thunderclap","ReplayTheSpireMod:Strike From Hell","Replay:Undeath\u0027s Touch","Ghostly Armor","Thunderclap","Exhume","Sword Boomerang"],"relics":["Burning Blood","hubris:Towel","ReplayTheSpireMod:TigerMarble","Torii","The Courier"],"acts_visited":["Exordium"],"potions_floor_usage":[11],"damage_taken":[{"damage":1.0,"enemies":"Cultist","floor":1.0,"turns":3.0},{"damage":12.0,"enemies":"Jaw Worm","floor":2.0,"turns":2.0},{"damage":7.0,"enemies":"Small Slimes","floor":4.0,"turns":2.0},{"damage":13.0,"enemies":"Red Slaver","floor":5.0,"turns":3.0},{"damage":50.0,"enemies":"Lagavulin","floor":6.0,"turns":6.0},{"damage":30,"enemies":"3 Sentries","floor":8,"turns":6},{"damage":11,"enemies":"3 Louse","floor":10,"turns":3},{"damage":20,"enemies":"Gremlin Nob","floor":11,"turns":3}],"seed_played":"-5917126624488259635","potions_obtained":[{"floor":2.0,"key":"DistilledChaos"},{"floor":8,"key":"LiquidMemories"}],"is_trial":false,"path_per_floor":["M","M","?","M","M","E","R","E","T","M","E"],"character_chosen":"IRONCLAD","items_purchased":[],"campfire_rested":1,"item_purchase_floors":[],"current_hp_per_floor":[80,74,74,73,66,22,46,22,22,17,0,0],"gold":243,"neow_bonus":"THREE_CARDS","is_daily":false,"chose_seed":false,"campfire_upgraded":0,"win_rate":0.0,"timestamp":1611517378,"path_taken":["M","?","?","M","M","E","R","E","T","M","E"],"items_purchased_type":[],"build_version":"2020-12-22","purchased_purges":0,"victory":false,"max_hp_per_floor":[80,80,80,80,80,80,80,80,80,80,80,80],"relic_stats":{"Torii":0,"counters":[8,28],"obtain_stats":[{"Torii":8,"The Courier":9,"ReplayTheSpireMod:TigerMarble":6,"hubris:Towel":3,"Burning Blood":0},{"Torii":6,"The Courier":6,"ReplayTheSpireMod:TigerMarble":5,"hubris:Towel":2,"Burning Blood":0},{"Torii":22,"The Courier":22,"ReplayTheSpireMod:TigerMarble":16,"hubris:Towel":5,"Burning Blood":0}],"Burning Blood":37},"card_choices":[{"not_picked":["Second Wind","Pommel Strike"],"picked":"hubris:CleavingFinish","floor":0.0},{"not_picked":["hubris:SharpeningStone","Clash"],"picked":"Thunderclap","floor":1.0},{"not_picked":["Shrug It Off","Pommel Strike"],"picked":"ReplayTheSpireMod:Strike From Hell","floor":2.0},{"not_picked":["Havoc","Perfected Strike"],"picked":"Replay:Undeath\u0027s Touch","floor":4.0},{"not_picked":["Headbutt","Heavy Blade"],"picked":"Ghostly Armor","floor":5.0},{"not_picked":["Wild Strike","Power Through"],"picked":"Thunderclap","floor":6.0},{"not_picked":["Sword Boomerang","Anger"],"picked":"Exhume","floor":8},{"not_picked":["Pommel Strike","Perfected Strike"],"picked":"Sword Boomerang","floor":10}],"player_experience":138140,"relics_obtained":[{"floor":6.0,"key":"ReplayTheSpireMod:TigerMarble"},{"floor":8,"key":"Torii"},{"floor":9,"key":"The Courier"}],"event_choices":[],"is_beta":false,"boss_relics":[],"items_purged_floors":[],"is_endless":false,"potions_floor_spawned":[2,8],"killed_by":"Gremlin Nob","ascension_level":5}}