{"host":"1ekl8hlbnopmdapi","time":1611448297,"event":{"mods":["AchievementEnabler","BaseMod","Colored Map","Colored Powertips","DeckTracker","Googly Eyes","Highlight Path","Minty Spire (QoL Compilation)","Relic Sorter","StSLib","Synergy Search"],"gold_per_floor":[16,30,30,50,66,94,94,105,130,148,176,141,141,153,153,251,251,262,273,273,286,37,37,67,67,67],"floor_reached":25,"language":"ENG","playtime":680,"items_purged":[],"score":295,"play_id":"7752c411-9c8d-4e7d-a646-13842f9642ae","local_time":"20210123193137","is_ascension_mode":true,"campfire_choices":[{"floor":7,"key":"REST"},{"floor":15,"key":"RECALL"},{"floor":23,"key":"REST"}],"circlet_count":0,"master_deck":["Strike_R","Strike_R","Strike_R","Strike_R","Strike_R","Defend_R","Defend_R","Defend_R","Defend_R","Bash","Iron Wave","Thunderclap","Perfected Strike","Sever Soul","Rampage","Ghostly Armor","Iron Wave","Offering","Armaments","Twin Strike+1","Combust","Power Through+1"],"relics":["Burning Blood","Torii","Oddly Smooth Stone","Juzu Bracelet","Art of War","Philosopher\u0027s Stone","Nilry\u0027s Codex","Eternal Feather","Bottled Tornado"],"acts_visited":["Exordium","TheCity"],"potions_floor_usage":[6,11,16,21,24],"damage_taken":[{"damage":0,"enemies":"Small Slimes","floor":1,"turns":3},{"damage":6,"enemies":"Cultist","floor":2,"turns":3},{"damage":12,"enemies":"Jaw Worm","floor":4,"turns":2},{"damage":17,"enemies":"Large Slime","floor":5,"turns":5},{"damage":50,"enemies":"Lagavulin","floor":6,"turns":6},{"damage":2,"enemies":"Looter","floor":8,"turns":4},{"damage":22,"enemies":"Exordium Wildlife","floor":10,"turns":4},{"damage":12,"enemies":"Gremlin Nob","floor":11,"turns":3},{"damage":2,"enemies":"Blue Slaver","floor":14,"turns":3},{"damage":36,"enemies":"The Guardian","floor":16,"turns":12},{"damage":20,"enemies":"Chosen","floor":18,"turns":3},{"damage":26,"enemies":"Spheric Guardian","floor":19,"turns":4},{"damage":43,"enemies":"Centurion and Healer","floor":21,"turns":5},{"damage":46,"enemies":"Book of Stabbing","floor":24,"turns":6},{"damage":28,"enemies":"Shelled Parasite and Fungi","floor":25,"turns":2}],"seed_played":"-7559151721187223022","potions_obtained":[{"floor":4,"key":"DistilledChaos"},{"floor":6,"key":"PowerPotion"},{"floor":11,"key":"AttackPotion"},{"floor":16,"key":"Weak Potion"},{"floor":19,"key":"Ancient Potion"},{"floor":24,"key":"LiquidBronze"}],"is_trial":false,"path_per_floor":["M","M","?","M","M","E","R","M","T","M","E","?","T","M","R","B",null,"M","M","?","M","$","R","E","M"],"character_chosen":"IRONCLAD","items_purchased":["Eternal Feather"],"campfire_rested":2,"item_purchase_floors":[22],"current_hp_per_floor":[96,96,96,90,79,35,63,67,67,51,45,69,69,73,73,43,96,82,62,46,9,9,49,9,0,0],"gold":67,"neow_bonus":"TWENTY_PERCENT_HP_BONUS","is_daily":false,"chose_seed":false,"campfire_upgraded":0,"win_rate":0.0,"timestamp":1611448297,"path_taken":["M","M","?","M","?","E","R","?","T","M","E","?","?","M","R","BOSS","M","M","?","M","$","R","E","M"],"items_purchased_type":["Relic"],"build_version":"2020-12-22","purchased_purges":0,"victory":false,"max_hp_per_floor":[96,96,96,96,96,96,96,96,96,96,96,96,96,96,96,96,96,96,96,96,96,96,96,96,96,96],"card_choices":[{"not_picked":["Anger","Burning Pact","True Grit"],"picked":"SKIP","floor":1},{"not_picked":["Thunderclap","Pommel Strike"],"picked":"Headbutt","floor":2},{"not_picked":["Searing Blow","Reckless Charge"],"picked":"Iron Wave","floor":4},{"not_picked":["Iron Wave","Flame Barrier"],"picked":"Thunderclap","floor":5},{"not_picked":["Shrug It Off","Clothesline"],"picked":"Perfected Strike","floor":6},{"not_picked":["Anger","Clash"],"picked":"Sever Soul","floor":8},{"not_picked":["Reckless Charge","Searing Blow"],"picked":"Rampage","floor":10},{"not_picked":["Clash","Impervious"],"picked":"Ghostly Armor","floor":11},{"not_picked":["Flame Barrier","Anger"],"picked":"Iron Wave","floor":14},{"not_picked":["Berserk","Fiend Fire"],"picked":"Offering","floor":16},{"not_picked":["Iron Wave","Power Through"],"picked":"Armaments","floor":18},{"not_picked":["Bloodletting","Cleave"],"picked":"Twin Strike+1","floor":19},{"not_picked":["Dual Wield","Feel No Pain"],"picked":"Combust","floor":21},{"not_picked":["Pommel Strike","Wild Strike"],"picked":"Power Through+1","floor":24}],"player_experience":488457,"relics_obtained":[{"floor":6,"key":"Oddly Smooth Stone"},{"floor":9,"key":"Juzu Bracelet"},{"floor":11,"key":"Art of War"},{"floor":20,"key":"Nilry\u0027s Codex"},{"floor":24,"key":"Bottled Tornado"}],"event_choices":[{"cards_removed":["Headbutt"],"damage_healed":0,"gold_gain":0,"player_choice":"Gave Card","damage_taken":0,"relics_obtained":["Torii"],"max_hp_gain":0,"max_hp_loss":0,"event_name":"WeMeetAgain","floor":3,"gold_loss":0},{"damage_healed":24,"gold_gain":0,"player_choice":"Healed","damage_taken":0,"max_hp_gain":0,"max_hp_loss":0,"event_name":"The Cleric","floor":12,"gold_loss":35},{"damage_healed":0,"gold_gain":0,"player_choice":"Obtained Book","damage_taken":16,"max_hp_gain":0,"max_hp_loss":0,"event_name":"Cursed Tome","floor":20,"gold_loss":0}],"is_beta":false,"boss_relics":[{"not_picked":["Cursed Key","Runic Pyramid"],"picked":"Philosopher\u0027s Stone"}],"items_purged_floors":[],"is_endless":false,"potions_floor_spawned":[4,6,11,16,19,24],"killed_by":"Shelled Parasite and Fungi","ascension_level":3}}