{"host":"4eao2pkwlmv012cz","time":1611470979,"event":{"mods":["BaseMod","Colored Powertips","Minty Spire (QoL Compilation)","Permanent Neow","Quick Restart","Random Character Button","StSLib"],"gold_per_floor":[115,265,284,296,310,310,337,337,337,356,381,19,53,53,53,130,130,146,20,30,49,65,65,65,65,65,79,79,90,90,5,5,76,76,86,0,49,49,49],"floor_reached":38,"language":"ENG","playtime":2262,"items_purged":[],"score":938,"play_id":"929fb850-63e3-40d5-8f31-a91a209ff2d1","local_time":"20210124014939","is_ascension_mode":true,"campfire_choices":[{"data":"Defragment","floor":6,"key":"SMITH"},{"floor":8,"key":"REST"},{"data":"Chaos","floor":15,"key":"SMITH"},{"data":"Defragment","floor":23,"key":"SMITH"},{"data":"Hologram","floor":25,"key":"SMITH"},{"floor":28,"key":"REST"},{"data":"Thunder Strike","floor":32,"key":"SMITH"}],"circlet_count":0,"master_deck":["AscendersBane","Strike_B","Strike_B","Strike_B","Strike_B","Defend_B","Defend_B","Defend_B","Defend_B","Zap","Dualcast","Panacea","Defragment+1","Doubt","Chill","Defragment+1","Ball Lightning","Chaos+1","Hologram+1","Core Surge","Leap","Thunder Strike+1","Undo","Coolheaded+1","Streamline+1","Writhe","Parasite","Beam Cell+1","Reboot+1","Compile Driver+1","Normality"],"relics":["Cracked Core","PreservedInsect","Strawberry","The Courier","Thread and Needle","Bronze Scales","Lizard Tail","Cursed Key","Runic Capacitor","StrikeDummy","Bag of Marbles","Juzu Bracelet","Toxic Egg 2","Inserter","Red Mask","Lantern"],"acts_visited":["Exordium","TheCity","TheBeyond"],"potions_floor_usage":[7,7,12,13,27,33],"damage_taken":[{"damage":7,"enemies":"Small Slimes","floor":1,"turns":3},{"damage":2,"enemies":"2 Louse","floor":3,"turns":3},{"damage":4,"enemies":"Cultist","floor":4,"turns":4},{"damage":13,"enemies":"Exordium Wildlife","floor":5,"turns":7},{"damage":19,"enemies":"Lagavulin","floor":7,"turns":5},{"damage":4,"enemies":"Red Slaver","floor":10,"turns":3},{"damage":23,"enemies":"3 Sentries","floor":11,"turns":5},{"damage":0,"enemies":"Gremlin Nob","floor":13,"turns":3},{"damage":32,"enemies":"The Guardian","floor":16,"turns":10},{"damage":0,"enemies":"3 Byrds","floor":18,"turns":3},{"damage":8,"enemies":"Chosen","floor":20,"turns":4},{"damage":5,"enemies":"Centurion and Healer","floor":21,"turns":8},{"damage":12,"enemies":"Shelled Parasite and Fungi","floor":22,"turns":6},{"damage":20,"enemies":"Snake Plant","floor":27,"turns":4},{"damage":18,"enemies":"Centurion and Healer","floor":29,"turns":7},{"damage":26,"enemies":"Automaton","floor":33,"turns":11},{"damage":30,"enemies":"3 Darklings","floor":35,"turns":5},{"damage":28,"enemies":"2 Orb Walkers","floor":38,"turns":3}],"seed_played":"-7655783451726461203","potions_obtained":[{"floor":1,"key":"Dexterity Potion"},{"floor":4,"key":"GamblersBrew"},{"floor":5,"key":"ColorlessPotion"},{"floor":11,"key":"DistilledChaos"},{"floor":21,"key":"PotionOfCapacity"},{"floor":22,"key":"FocusPotion"},{"floor":29,"key":"LiquidMemories"}],"is_trial":false,"path_per_floor":["M","?","M","M","M","R","E","R","T","M","E","$","E","?","R","B",null,"M","$","M","M","M","R","?","R","T","M","R","M","?","?","R","B",null,"M","?","T","?"],"character_chosen":"DEFECT","items_purchased":["Fruit Juice","Thread and Needle","Runic Capacitor"],"campfire_rested":2,"item_purchase_floors":[12,12,19],"current_hp_per_floor":[57,57,55,51,38,38,19,40,47,43,20,25,25,25,25,36,71,71,71,63,58,46,46,46,46,46,26,50,32,32,32,32,6,64,34,34,34,6,6],"gold":49,"neow_bonus":"RANDOM_COLORLESS","is_daily":false,"chose_seed":false,"campfire_upgraded":5,"win_rate":0.0,"timestamp":1611470979,"path_taken":["M","?","M","M","M","R","E","R","T","M","E","$","E","?","R","BOSS","M","$","?","M","M","R","?","R","T","M","R","M","?","?","R","BOSS","M","?","?","?"],"items_purchased_type":["Potion","Relic","Relic"],"build_version":"2020-12-22","purchased_purges":0,"victory":false,"max_hp_per_floor":[71,71,71,71,71,71,71,71,78,78,78,83,83,83,83,83,83,83,83,83,83,83,83,83,83,83,83,83,83,83,83,83,83,83,83,83,83,83,83],"card_choices":[{"not_picked":["Purity","Impatience"],"picked":"Panacea","floor":0},{"not_picked":["Leap","Go for the Eyes"],"picked":"Defragment","floor":1},{"not_picked":["BootSequence","Leap"],"picked":"Chill","floor":3},{"not_picked":["Reinforced Body","Redo"],"picked":"Defragment","floor":4},{"not_picked":["Sweeping Beam","Double Energy"],"picked":"Ball Lightning","floor":5},{"not_picked":["Redo","Barrage"],"picked":"Chaos","floor":7},{"not_picked":["Fusion","Stack"],"picked":"Hologram","floor":10},{"not_picked":["Self Repair","Doom and Gloom"],"picked":"Core Surge","floor":11},{"not_picked":["Go for the Eyes","Streamline"],"picked":"Leap","floor":13},{"not_picked":["Reboot","Core Surge"],"picked":"Thunder Strike","floor":16},{"not_picked":["Stack","Sweeping Beam"],"picked":"Undo","floor":18},{"not_picked":["Go for the Eyes","Skim","Ball Lightning"],"picked":"SKIP","floor":20},{"not_picked":["Consume","Undo"],"picked":"Coolheaded+1","floor":21},{"not_picked":["Redo","Chaos"],"picked":"Streamline+1","floor":22},{"not_picked":["Gash","Cold Snap","Coolheaded"],"picked":"SKIP","floor":27},{"not_picked":["Leap","Chaos"],"picked":"Beam Cell+1","floor":29},{"not_picked":["Core Surge","All For One"],"picked":"Reboot+1","floor":33},{"not_picked":["Barrage+1","Coolheaded+1"],"picked":"Compile Driver+1","floor":35}],"player_experience":2852277,"relics_obtained":[{"floor":7,"key":"PreservedInsect"},{"floor":9,"key":"Strawberry"},{"floor":11,"key":"The Courier"},{"floor":13,"key":"Bronze Scales"},{"floor":14,"key":"Lizard Tail"},{"floor":26,"key":"Bag of Marbles"},{"floor":37,"key":"Lantern"}],"event_choices":[{"damage_healed":0,"gold_gain":150,"player_choice":"AGREE","damage_taken":0,"max_hp_gain":0,"max_hp_loss":0,"event_name":"Liars Game","floor":2,"gold_loss":0,"cards_obtained":["Doubt"]},{"damage_healed":0,"gold_gain":0,"player_choice":"Relic","damage_taken":0,"max_hp_gain":0,"max_hp_loss":0,"event_name":"Wheel of Change","floor":14,"gold_loss":0},{"damage_healed":0,"gold_gain":0,"player_choice":"Opened","damage_taken":0,"relics_obtained":["StrikeDummy"],"max_hp_gain":0,"max_hp_loss":0,"event_name":"The Mausoleum","floor":24,"gold_loss":0,"cards_obtained":["Writhe"]},{"damage_healed":0,"gold_gain":0,"player_choice":"Gave Potion","damage_taken":0,"relics_obtained":["Juzu Bracelet"],"max_hp_gain":0,"max_hp_loss":0,"event_name":"WeMeetAgain","floor":30,"gold_loss":0},{"damage_healed":0,"gold_gain":0,"player_choice":"Obtained Relic","damage_taken":0,"relics_obtained":["Toxic Egg 2"],"max_hp_gain":0,"max_hp_loss":0,"event_name":"Addict","floor":31,"gold_loss":85},{"damage_healed":0,"gold_gain":0,"player_choice":"Paid","damage_taken":0,"relics_obtained":["Red Mask"],"max_hp_gain":0,"max_hp_loss":0,"event_name":"Tomb of Lord Red Mask","floor":36,"gold_loss":86},{"damage_healed":0,"gold_gain":0,"player_choice":"Fight","damage_taken":0,"max_hp_gain":0,"max_hp_loss":0,"event_name":"Mysterious Sphere","floor":38,"gold_loss":0}],"is_beta":false,"boss_relics":[{"not_picked":["Black Star","Astrolabe"],"picked":"Cursed Key"},{"not_picked":["Velvet Choker","Nuclear Battery"],"picked":"Inserter"}],"items_purged_floors":[],"is_endless":false,"potions_floor_spawned":[1,4,5,11,21,22,29],"killed_by":"2 Orb Walkers","ascension_level":20}}