{"host":"lbezuomzcjopy55u","time":1611501681,"event":{"mods":["BaseMod","Bestiary","Minty Spire (QoL Compilation)","Quick Restart","Slay-I","StSLib","Uncapped"],"gold_per_floor":[111,261,144,144,219,253,253,280,280,280,104,122,122,46,46,120,120,131,160,160,179,199,199,199,199,246,246,264,264,280,293,293,367,367,384,384,395,395,194,224,241,273,297,297,326,326,336,355,355,355,355],"floor_reached":50,"language":"ZHS","playtime":2163,"items_purged":["Doubt","Strike_R","Writhe"],"score":1112,"play_id":"9990ae76-9b42-4ff9-8382-f709c68f3b4d","local_time":"20210124232121","is_ascension_mode":true,"campfire_choices":[{"data":"Whirlwind","floor":7.0,"key":"SMITH"},{"data":"Shockwave","floor":10.0,"key":"SMITH"},{"data":"Body Slam","floor":15.0,"key":"SMITH"},{"data":"Body Slam","floor":23.0,"key":"SMITH"},{"data":"Immolate","floor":25.0,"key":"SMITH"},{"data":"Impervious","floor":29.0,"key":"SMITH"},{"data":"Defend_R","floor":32.0,"key":"SMITH"},{"data":"Barricade","floor":44,"key":"SMITH"},{"floor":46,"key":"REST"},{"data":"Entrench","floor":49,"key":"SMITH"}],"circlet_count":0,"master_deck":["AscendersBane","Strike_R+1","Strike_R","Strike_R","Defend_R","Defend_R","Defend_R","Bash+1","Body Slam+1","Whirlwind+1","Immolate+1","Shockwave+1","Power Through","Inflame","Inflame","Impervious+1","Heavy Blade","Inflame","Body Slam+1","Pummel","Metallicize","Ghostly Armor","Power Through","Barricade+1","Shrug It Off","Metallicize","Feel No Pain+1","Uppercut+1","Clumsy","Armaments","Entrench+1"],"relics":["Burning Blood","NeowsBlessing","Shuriken","Torii","StrikeDummy","StoneCalendar","Cursed Key","Red Mask","Calipers","Whetstone","Sozu","Spirit Poop","Frozen Egg 2","Smiling Mask","Centennial Puzzle","Singing Bowl"],"acts_visited":["Exordium","TheCity","TheBeyond"],"potions_floor_usage":[42],"damage_taken":[{"damage":0.0,"enemies":"2 Louse","floor":1.0,"turns":1.0},{"damage":0.0,"enemies":"Gremlin Nob","floor":6.0,"turns":1.0},{"damage":0.0,"enemies":"Lagavulin","floor":8.0,"turns":1.0},{"damage":0.0,"enemies":"Small Slimes","floor":12.0,"turns":2.0},{"damage":40.0,"enemies":"The Guardian","floor":16.0,"turns":8.0},{"damage":0.0,"enemies":"3 Byrds","floor":18.0,"turns":3.0},{"damage":13.0,"enemies":"Masked Bandits","floor":19.0,"turns":4.0},{"damage":22.0,"enemies":"2 Thieves","floor":21.0,"turns":3.0},{"damage":16.0,"enemies":"Centurion and Healer","floor":22.0,"turns":6.0},{"damage":9.0,"enemies":"Cultist and Chosen","floor":28.0,"turns":4.0},{"damage":1.0,"enemies":"Snecko","floor":30.0,"turns":3.0},{"damage":1.0,"enemies":"Centurion and Healer","floor":31.0,"turns":5.0},{"damage":23.0,"enemies":"Champ","floor":33.0,"turns":10.0},{"damage":3.0,"enemies":"3 Shapes","floor":35.0,"turns":5.0},{"damage":1.0,"enemies":"3 Darklings","floor":37.0,"turns":4.0},{"damage":1.0,"enemies":"Nemesis","floor":40.0,"turns":7.0},{"damage":18.0,"enemies":"Maw","floor":41.0,"turns":7.0},{"damage":33,"enemies":"Giant Head","floor":42,"turns":8},{"damage":28,"enemies":"Reptomancer","floor":45,"turns":5},{"damage":13,"enemies":"Sphere and 2 Shapes","floor":47,"turns":7},{"damage":0,"enemies":"4 Shapes","floor":48,"turns":3},{"damage":45,"enemies":"Donu and Deca","floor":50,"turns":4}],"seed_played":"7361743990525975065","potions_obtained":[{"floor":8.0,"key":"SpeedPotion"},{"floor":12.0,"key":"FearPotion"},{"floor":21.0,"key":"EssenceOfSteel"},{"floor":33.0,"key":"BlessingOfTheForge"}],"is_trial":false,"path_per_floor":["M","?","$","?","?","E","R","E","T","R","$","M","T","$","R","B",null,"M","?","?","M","M","R","?","R","T","?","M","R","M","M","R","B",null,"M","?","M","?","$","E","M","E","T","R","E","R","M","M","R","B"],"character_chosen":"IRONCLAD","items_purchased":["Whirlwind","Power Through","Inflame","Metallicize"],"campfire_rested":1,"item_purchase_floors":[3,11,14,39],"current_hp_per_floor":[74,74,74,74,63,69,69,75,75,75,75,75,75,75,75,41,67,73,66,60,44,34,34,34,34,34,34,31,31,36,41,41,24,62,65,65,70,70,70,75,63,36,36,36,16,39,32,38,38,0,0],"gold":355,"neow_bonus":"THREE_ENEMY_KILL","is_daily":false,"chose_seed":false,"campfire_upgraded":9,"win_rate":0.0,"timestamp":1611501681,"path_taken":["M","?","$","?","?","E","R","E","T","R","$","M","?","$","R","BOSS","M","?","?","M","?","R","?","R","T","?","M","R","M","M","R","BOSS","M","?","M","?","$","E","?","E","T","R","E","R","M","M","R","BOSS"],"items_purchased_type":["Card","Card","Card","Card"],"build_version":"2020-12-22","purchased_purges":3,"victory":false,"max_hp_per_floor":[75,75,75,75,75,75,75,75,75,75,75,75,75,75,75,75,75,75,75,75,75,75,75,75,75,75,75,75,75,75,75,75,75,75,75,75,75,75,75,75,75,75,75,75,77,77,77,77,77,77,77],"card_choices":[{"not_picked":["Shrug It Off","Thunderclap"],"picked":"Body Slam","floor":1.0},{"not_picked":["Bloodletting","Cleave"],"picked":"Immolate","floor":6.0},{"not_picked":["Feel No Pain","Thunderclap"],"picked":"Shockwave","floor":8.0},{"not_picked":["Wild Strike","Pommel Strike"],"picked":"Inflame","floor":12.0},{"not_picked":["Barricade","Brutality"],"picked":"Impervious","floor":16.0},{"not_picked":["Sword Boomerang","Wild Strike"],"picked":"Heavy Blade","floor":18.0},{"not_picked":["Reckless Charge","Infernal Blade"],"picked":"Inflame","floor":19.0},{"not_picked":["Thunderclap+1","Pommel Strike"],"picked":"Body Slam","floor":21.0},{"not_picked":["Perfected Strike","Dual Wield"],"picked":"Pummel","floor":22.0},{"not_picked":["Pommel Strike","Dark Embrace"],"picked":"Metallicize","floor":28.0},{"not_picked":["Juggernaut","Flex"],"picked":"Ghostly Armor","floor":30.0},{"not_picked":["Anger","Disarm"],"picked":"Power Through","floor":31.0},{"not_picked":["Berserk","Juggernaut"],"picked":"Barricade","floor":33.0},{"not_picked":["Combust+1","Clash"],"picked":"Shrug It Off","floor":35.0},{"not_picked":["Wild Strike","Clothesline+1","Clash"],"picked":"SKIP","floor":37.0},{"not_picked":["Clash","Sword Boomerang","Iron Wave"],"picked":"SKIP","floor":40.0},{"not_picked":["Rampage+1","Iron Wave"],"picked":"Feel No Pain+1","floor":41.0},{"not_picked":["Combust+1","Exhume"],"picked":"Uppercut+1","floor":42},{"not_picked":["Thunderclap","Bloodletting","Clash"],"picked":"Singing Bowl","floor":45},{"not_picked":["Dark Embrace+1","Carnage"],"picked":"Armaments","floor":47},{"not_picked":["Pummel","Perfected Strike"],"picked":"Entrench","floor":48}],"player_experience":283986,"relics_obtained":[{"floor":6.0,"key":"Shuriken"},{"floor":8.0,"key":"Torii"},{"floor":9.0,"key":"StrikeDummy"},{"floor":13.0,"key":"StoneCalendar"},{"floor":19.0,"key":"Red Mask"},{"floor":26.0,"key":"Whetstone"},{"floor":40.0,"key":"Frozen Egg 2"},{"floor":42,"key":"Smiling Mask"},{"floor":43,"key":"Centennial Puzzle"},{"floor":45,"key":"Singing Bowl"}],"event_choices":[{"damage_healed":0.0,"max_hp_gain":0.0,"max_hp_loss":0.0,"gold_gain":150.0,"event_name":"Liars Game","player_choice":"AGREE","floor":2.0,"gold_loss":0.0,"damage_taken":0.0,"cards_obtained":["Doubt"]},{"cards_removed":["Strike_R"],"damage_healed":0.0,"max_hp_gain":0.0,"max_hp_loss":0.0,"gold_gain":0.0,"event_name":"Living Wall","player_choice":"Forget","floor":4.0,"gold_loss":0.0,"damage_taken":0.0},{"damage_healed":0.0,"max_hp_gain":0.0,"max_hp_loss":0.0,"gold_gain":75.0,"event_name":"World of Goop","player_choice":"Gather Gold","floor":5.0,"gold_loss":0.0,"damage_taken":11.0},{"damage_healed":0.0,"max_hp_gain":0.0,"max_hp_loss":0.0,"gold_gain":0.0,"event_name":"Masked Bandits","player_choice":"Fought Bandits","floor":19.0,"gold_loss":0.0,"damage_taken":0.0},{"damage_healed":0.0,"max_hp_gain":0.0,"max_hp_loss":0.0,"gold_gain":0.0,"event_name":"Knowing Skull","player_choice":"","floor":20.0,"potions_obtained":[],"gold_loss":0.0,"damage_taken":6.0,"cards_obtained":[]},{"damage_healed":0.0,"max_hp_gain":0.0,"max_hp_loss":0.0,"gold_gain":0.0,"event_name":"The Mausoleum","player_choice":"Opened","floor":24.0,"gold_loss":0.0,"damage_taken":0.0,"relics_obtained":["Calipers"],"cards_obtained":["Writhe"]},{"damage_healed":0.0,"max_hp_gain":0.0,"max_hp_loss":0.0,"gold_gain":0.0,"event_name":"Vampires","player_choice":"Ignored","floor":27.0,"gold_loss":0.0,"damage_taken":0.0},{"cards_removed":["Defend_R"],"damage_healed":0.0,"max_hp_gain":0.0,"max_hp_loss":0.0,"gold_gain":0.0,"event_name":"Falling","player_choice":"Removed Skill","floor":36.0,"gold_loss":0.0,"damage_taken":0.0},{"cards_removed":["Normality"],"damage_healed":0.0,"max_hp_gain":0.0,"max_hp_loss":0.0,"gold_gain":0.0,"event_name":"Bonfire Elementals","player_choice":"Offered Curse","floor":38.0,"gold_loss":0.0,"damage_taken":0.0,"relics_obtained":["Spirit Poop"]}],"is_beta":false,"boss_relics":[{"not_picked":["Mark of Pain","Tiny House"],"picked":"Cursed Key"},{"not_picked":["Runic Pyramid","Fusion Hammer"],"picked":"Sozu"}],"items_purged_floors":[3,11,39],"is_endless":false,"potions_floor_spawned":[8,12,21,22,33,35,45,48],"killed_by":"Donu and Deca","ascension_level":18}}