{"host":"dth8fvkfiulu86fi","time":1611485849,"event":{"mods":["2.2 Compatiblity","AchievementEnabler","BaseMod","Better Third Choice","Colored Map","Colored Powertips","Minty Spire (QoL Compilation)","Rare Cards Sparkle","StSLib","SuperFastMode","Synergy Search"],"gold_per_floor":[114,289,304,254,269,18,18,33,108,123,98,128,27,42,42,142,192,207,57,72,87,102,132,147,162,162,162,32,32,32,47,47,147,147,162,0,300,315,330,330,15,30,30,30,30,45,75,96,96,96,96],"floor_reached":50,"language":"ENG","playtime":2058,"items_purged":[],"score":671,"play_id":"25972e15-6c1c-4d7a-8e71-7ea59771bc9b","local_time":"20210124115728","daily_mods":["Draft","Colorless Cards","Terminal"],"is_ascension_mode":false,"campfire_choices":[{"data":"Catalyst","floor":7,"key":"SMITH"},{"data":"Poisoned Stab","floor":15,"key":"SMITH"},{"data":"Deflect","floor":27,"key":"SMITH"},{"data":"Deflect","floor":29,"key":"SMITH"},{"data":"Deflect","floor":32,"key":"SMITH"},{"data":"Noxious Fumes","floor":40,"key":"SMITH"},{"floor":44,"key":"REST"},{"floor":49,"key":"REST"}],"circlet_count":0,"master_deck":["Backflip","Quick Slash+1","PanicButton+1","Trip","Catalyst+1","PiercingWail","Bane","Deadly Poison+1","Quick Slash","Quick Slash","Deadly Poison","Cloak And Dagger","Dodge and Roll","Escape Plan","Cloak And Dagger","Poisoned Stab+1","Bandage Up","Panacea","Bane","Deadly Poison","Panacea","PiercingWail","Poisoned Stab","Bane","Deflect+1","Deflect+1","Dash","Noxious Fumes+1","Deflect+1","Deadly Poison","Slice","Master of Strategy","Writhe","Master of Strategy","Poisoned Stab","Parasite","Poisoned Stab+1","Panache","Bane","Deflect+1","PiercingWail"],"relics":["Ring of the Snake","Membership Card","War Paint","Bottled Flame","Mercury Hourglass","TwistedFunnel","Tiny House","Ice Cream","Oddly Smooth Stone","Darkstone Periapt","Bag of Marbles","Busted Crown","Lizard Tail","Snake Skull","Singing Bowl","Blue Candle","Boot","Torii"],"acts_visited":["Exordium","TheCity","TheBeyond"],"potions_floor_usage":[33,33,33,50,50,50],"damage_taken":[{"damage":0,"enemies":"Small Slimes","floor":1,"turns":2},{"damage":0,"enemies":"2 Louse","floor":3,"turns":2},{"damage":0,"enemies":"Jaw Worm","floor":5,"turns":2},{"damage":0,"enemies":"Lots of Slimes","floor":8,"turns":4},{"damage":3,"enemies":"Gremlin Gang","floor":10,"turns":4},{"damage":15,"enemies":"Lagavulin","floor":12,"turns":4},{"damage":0,"enemies":"2 Fungi Beasts","floor":14,"turns":2},{"damage":7,"enemies":"The Guardian","floor":16,"turns":6},{"damage":5,"enemies":"3 Byrds","floor":18,"turns":3},{"damage":0,"enemies":"Spheric Guardian","floor":20,"turns":3},{"damage":6,"enemies":"Centurion and Healer","floor":21,"turns":3},{"damage":12,"enemies":"Snake Plant","floor":22,"turns":3},{"damage":16,"enemies":"Book of Stabbing","floor":23,"turns":4},{"damage":0,"enemies":"3 Cultists","floor":24,"turns":4},{"damage":0,"enemies":"Snecko","floor":25,"turns":4},{"damage":3,"enemies":"Shelled Parasite and Fungi","floor":31,"turns":3},{"damage":32,"enemies":"Collector","floor":33,"turns":7},{"damage":1,"enemies":"3 Shapes","floor":35,"turns":3},{"damage":0,"enemies":"3 Darklings","floor":38,"turns":4},{"damage":4,"enemies":"Writhing Mass","floor":39,"turns":3},{"damage":23,"enemies":"4 Shapes","floor":42,"turns":3},{"damage":0,"enemies":"Transient","floor":46,"turns":5},{"damage":0,"enemies":"Reptomancer","floor":47,"turns":4},{"damage":18,"enemies":"2 Orb Walkers","floor":48,"turns":3},{"damage":79,"enemies":"Awakened One","floor":50,"turns":10}],"seed_played":"-992185634128019100","potions_obtained":[{"floor":3,"key":"GamblersBrew"},{"floor":5,"key":"LiquidMemories"},{"floor":10,"key":"Explosive Potion"},{"floor":33,"key":"ColorlessPotion"},{"floor":39,"key":"Ancient Potion"},{"floor":42,"key":"FearPotion"},{"floor":48,"key":"Block Potion"}],"is_trial":false,"path_per_floor":["M","?","M","?","M","$","R","M","T","M","$","E","$","M","R","B",null,"M","$","M","M","M","E","M","M","T","R","$","R","?","M","R","B",null,"M","$","?","M","M","R","$","M","T","R","?","M","E","?","R","B"],"character_chosen":"THE_SILENT","items_purchased":["Membership Card","War Paint","Bane","PiercingWail","TwistedFunnel","Poisoned Stab","Ice Cream","Deadly Poison","Slice","Master of Strategy","Lizard Tail","Poisoned Stab","Snake Skull","Panache","Bane","Singing Bowl"],"campfire_rested":2,"item_purchase_floors":[6,6,6,11,13,13,19,28,28,28,36,36,41,41,41,41],"current_hp_per_floor":[68,67,66,65,64,63,62,61,60,59,58,43,43,47,47,44,57,52,52,52,46,38,22,26,30,30,30,30,30,36,37,37,9,46,45,44,43,42,44,44,44,22,22,34,36,42,45,31,43,0,0],"gold":96,"neow_bonus":"","is_daily":true,"chose_seed":false,"campfire_upgraded":6,"win_rate":0.0,"timestamp":1611485848,"path_taken":["M","?","M","?","M","$","R","M","T","M","?","E","$","M","R","BOSS","M","$","M","M","?","E","M","?","T","R","$","R","?","M","R","BOSS","M","$","?","M","M","R","$","?","T","R","?","M","E","?","R","BOSS"],"items_purchased_type":["Relic","Relic","Card","Card","Relic","Card","Relic","Card","Card","Card","Relic","Card","Relic","Card","Card","Relic"],"build_version":"2020-12-22","purchased_purges":0,"victory":false,"max_hp_per_floor":[68,67,66,65,64,63,62,61,60,59,58,57,56,55,54,53,57,56,55,54,53,52,51,50,49,48,47,46,45,50,49,48,47,46,45,44,43,42,47,46,45,44,43,42,43,44,45,44,43,43,43],"card_choices":[{"not_picked":["Acrobatics","Slice"],"picked":"Backflip","floor":0},{"not_picked":["Prepared","Cloak And Dagger"],"picked":"Quick Slash","floor":0},{"not_picked":["Enlightenment","Underhanded Strike"],"picked":"PanicButton","floor":0},{"not_picked":["Flying Knee","Impatience"],"picked":"Trip","floor":0},{"not_picked":["Endless Agony","Finesse"],"picked":"Catalyst","floor":0},{"not_picked":["Finisher","Acrobatics"],"picked":"PiercingWail","floor":0},{"not_picked":["PiercingWail","Dagger Spray"],"picked":"Bane","floor":0},{"not_picked":["Prepared","PiercingWail"],"picked":"Deadly Poison","floor":0},{"not_picked":["Cloak And Dagger","Expertise"],"picked":"Quick Slash","floor":0},{"not_picked":["Cloak And Dagger","Mind Blast"],"picked":"Quick Slash","floor":0},{"not_picked":["Poisoned Stab","Backflip"],"picked":"Deadly Poison","floor":0},{"not_picked":["Dodge and Roll","Flying Knee"],"picked":"Cloak And Dagger","floor":0},{"not_picked":["Underhanded Strike","Acrobatics"],"picked":"Dodge and Roll","floor":0},{"not_picked":["Mind Blast","Predator"],"picked":"Escape Plan","floor":0},{"not_picked":["Caltrops","Flying Knee"],"picked":"Cloak And Dagger","floor":0},{"not_picked":["Bane","Dark Shackles"],"picked":"Poisoned Stab","floor":1},{"not_picked":["Sucker Punch","Outmaneuver"],"picked":"Bandage Up","floor":3},{"not_picked":["PiercingWail","Underhanded Strike"],"picked":"Panacea","floor":5},{"not_picked":["Acrobatics","Finesse"],"picked":"Deadly Poison","floor":8},{"not_picked":["Madness","Purity"],"picked":"Panacea","floor":10},{"not_picked":["Bullet Time","Outmaneuver","Sucker Punch"],"picked":"SKIP","floor":12},{"not_picked":["Underhanded Strike","Masterful Stab"],"picked":"Bane","floor":14},{"not_picked":["Prepared","Blade Dance"],"picked":"Deflect","floor":17},{"not_picked":["Bouncing Flask","Escape Plan+1"],"picked":"Deflect","floor":18},{"not_picked":["Heel Hook","Skewer+1","Mind Blast+1"],"picked":"SKIP","floor":20},{"not_picked":["Dagger Spray+1","Sucker Punch","Outmaneuver"],"picked":"SKIP","floor":21},{"not_picked":["Mind Blast","Expertise"],"picked":"Dash","floor":22},{"not_picked":["Tactician","Outmaneuver"],"picked":"Noxious Fumes","floor":23},{"not_picked":["Endless Agony","Master of Strategy","Heel Hook"],"picked":"SKIP","floor":24},{"not_picked":["Underhanded Strike+1","Flying Knee"],"picked":"Deflect","floor":25},{"not_picked":["Accuracy","Flechettes","Infinite Blades"],"picked":"SKIP","floor":31},{"not_picked":["Apotheosis","Storm of Steel"],"picked":"Master of Strategy","floor":33},{"not_picked":["Caltrops+1"],"picked":"SKIP","floor":35},{"not_picked":["Dagger Throw"],"picked":"SKIP","floor":38},{"not_picked":[],"picked":"Poisoned Stab+1","floor":39},{"not_picked":[],"picked":"Deflect+1","floor":42},{"not_picked":["Thinking Ahead"],"picked":"Singing Bowl","floor":45},{"not_picked":["Flying Knee"],"picked":"Singing Bowl","floor":46},{"not_picked":["Reflex"],"picked":"Singing Bowl","floor":47},{"not_picked":[],"picked":"PiercingWail","floor":48}],"player_experience":1159241,"relics_obtained":[{"floor":9,"key":"Bottled Flame"},{"floor":12,"key":"Mercury Hourglass"},{"floor":23,"key":"Oddly Smooth Stone"},{"floor":26,"key":"Darkstone Periapt"},{"floor":43,"key":"Blue Candle"},{"floor":47,"key":"Boot"},{"floor":48,"key":"Torii"}],"event_choices":[{"damage_healed":0,"gold_gain":175,"player_choice":"AGREE","damage_taken":114,"max_hp_gain":0,"max_hp_loss":0,"event_name":"betterThird:BetterSerpent","floor":2,"gold_loss":0},{"cards_removed":["Doubt"],"damage_healed":0,"gold_gain":0,"player_choice":"Card Removal","damage_taken":0,"max_hp_gain":0,"max_hp_loss":0,"event_name":"The Cleric","floor":4,"gold_loss":50},{"damage_healed":0,"gold_gain":0,"player_choice":"Opened","damage_taken":0,"relics_obtained":["Bag of Marbles"],"max_hp_gain":0,"max_hp_loss":0,"event_name":"The Mausoleum","floor":30,"gold_loss":0,"cards_obtained":["Writhe"]},{"damage_healed":0,"gold_gain":300,"player_choice":"Gold","damage_taken":0,"max_hp_gain":0,"max_hp_loss":0,"event_name":"Wheel of Change","floor":37,"gold_loss":0},{"damage_healed":0,"gold_gain":0,"player_choice":"Memory 1","damage_taken":0,"max_hp_gain":0,"max_hp_loss":0,"event_name":"SensoryStone","floor":45,"gold_loss":0},{"damage_healed":0,"gold_gain":0,"player_choice":"Fight","damage_taken":0,"max_hp_gain":0,"max_hp_loss":0,"event_name":"Mysterious Sphere","floor":48,"gold_loss":0}],"is_beta":false,"boss_relics":[{"not_picked":["Ring of the Serpent","Philosopher\u0027s Stone"],"picked":"Tiny House"},{"not_picked":["WristBlade","Cursed Key"],"picked":"Busted Crown"}],"items_purged_floors":[],"is_endless":false,"potions_floor_spawned":[3,5,10,18,21,24,33,39,42,48],"killed_by":"Awakened One","ascension_level":0}}