{"host":"1zjc08c6hob33401","time":1611454596,"event":{"mods":["AchievementEnabler","Act Like it!","Aspiration","BaseMod","Downfall","Elementarium","Energized Spire","Evolution","Friendly Minions","Gensokyo","GifTheSpireLib","Hubris","Infinite Spire","Jedi Mod","Menagerie","Minty Spire (QoL Compilation)","Pale of the Ancients","Quick Restart","Replay The Spire","Retaliation","Shop Mod","Spire Arcade","StS++","StSLib","Stuff the Spire","The Blue Laboratory","Wandering Minibosses","vexMod","??????REMEMod"],"gold_per_floor":[109,12,46,46,56,56,75,88,162,162,194,206,236,336,336,410,410,443,443,453,453,262,262,7,84,110,166,192,222,222,268,268,367,367,405,463,19,19,19,19,111,111,111,154,170,230,263,263,263,311],"floor_reached":51,"language":"RUS","playtime":3617,"items_purged":[],"score":1175,"play_id":"593fd708-6d71-4bbc-9b04-6d0da8bc8c5c","local_time":"20210124041636","is_ascension_mode":true,"campfire_choices":[{"data":"ReplayRNGCard","floor":6.0,"key":"SMITH"},{"data":"Zap","floor":10.0,"key":"SMITH"},{"floor":23.0,"key":"REST"},{"floor":30,"key":"REST"},{"data":"jedi:meditation","floor":32,"key":"SMITH"},{"data":"StuffTheSpire:Synthwave","floor":40,"key":"SMITH"},{"data":"StSpp:Saturation","floor":42,"key":"SMITH"},{"data":"White Noise","floor":49,"key":"SMITH"}],"circlet_count":0,"master_deck":["AscendersBane","Strike_B+1","Strike_B+1","Strike_B+1","Strike_B+1","Defend_B+1","Defend_B+1","Defend_B+1","Defend_B+1","Zap+1","Dualcast","Scrawl","HandOfGreed","FTL","Double Energy+1","ReplayRNGCard+1","StuffTheSpire:Plugnplay","StuffTheSpire:Plugnplay","StSpp:Channeliser","StuffTheSpire:Synthwave+1","White Noise+1","jedi:meditation+1","Conserve Battery","jedi:reiji+1","Amplify","Cold Snap+1","Chill","Sweeping Beam+1","StSpp:Saturation+1","Panic Button+1","Chill","Core Surge+1","Flash of Steel+1","REME_HeartOfCthun+1","StSpp:Cataclysm+1","Sweeping Beam+1","Beam Cell+1","ReplayTheSpireMod:System Scan+1","Ball Lightning+1","StSpp:Channeliser","Compile Driver+1"],"relics":["Cracked Core","EVO:Axolotl","REME_ComplimentaryCards","infinitespire:CheckeredPen","Gensokyo:Companionship","bronze:MakeshiftBattery","REME_ArchaeologicalTools","ReplayTheSpireMod:Lightbulb","Molten Egg 2","Simple Rune","Strawberry","hubris:Backtick","REME_CardOfGreed","StuffTheSpire:MayFlowers","aspiration:VileToxins","Mummified Hand","aspiration:TomeofQuesting"],"acts_visited":["Gensokyo:Gensokyo","TheCity","TheBeyond"],"potions_floor_usage":[28,36,46],"damage_taken":[{"damage":5.0,"enemies":"Gensokyo:3_Fairies","floor":1.0,"turns":3.0},{"damage":9.0,"enemies":"Gensokyo:Gryphon","floor":3.0,"turns":3.0},{"damage":7.0,"enemies":"Gensokyo:Python","floor":5.0,"turns":3.0},{"damage":0.0,"enemies":"Gensokyo:LivingMonolith","floor":7.0,"turns":3.0},{"damage":13.0,"enemies":"Gensokyo:Kitsune","floor":8.0,"turns":3.0},{"damage":2.0,"enemies":"Gensokyo:Gryphon_and_Rabbit","floor":11.0,"turns":5.0},{"damage":0.0,"enemies":"Gensokyo:5_Fairies","floor":12.0,"turns":3.0},{"damage":11.0,"enemies":"Gensokyo:3_Kodama","floor":13.0,"turns":3.0},{"damage":7.0,"enemies":"Gensokyo:Yukari","floor":16.0,"turns":6.0},{"damage":35.0,"enemies":"Shell Parasite","floor":18.0,"turns":6.0},{"damage":0.0,"enemies":"Chosen","floor":20.0,"turns":3.0},{"damage":11.0,"enemies":"Snecko","floor":25.0,"turns":3.0},{"damage":2,"enemies":"Nightmare","floor":27,"turns":6},{"damage":0,"enemies":"Sentry and Sphere","floor":28,"turns":3},{"damage":6,"enemies":"Snake Plant","floor":29,"turns":2},{"damage":1,"enemies":"3 Cultists","floor":31,"turns":5},{"damage":18,"enemies":"Champ","floor":33,"turns":6},{"damage":9,"enemies":"3 Darklings","floor":35,"turns":5},{"damage":0,"enemies":"3 Shapes","floor":36,"turns":5},{"damage":0,"enemies":"Maw","floor":44,"turns":3},{"damage":0,"enemies":"3 Darklings","floor":45,"turns":2},{"damage":3,"enemies":"Reptomancer","floor":46,"turns":4},{"damage":0,"enemies":"Sphere and 2 Shapes","floor":47,"turns":2},{"damage":68,"enemies":"Time Eater","floor":50,"turns":7}],"seed_played":"-8543718782906472640","potions_obtained":[{"floor":5.0,"key":"blueLaboratory:HorrorPotion"},{"floor":8.0,"key":"blueLaboratory:RelayPotion"},{"floor":11.0,"key":"Explosive Potion"},{"floor":16.0,"key":"Elixir"},{"floor":18.0,"key":"LiquidMemories"},{"floor":27,"key":"AttackPotion"},{"floor":31,"key":"FairyPotion"},{"floor":35,"key":"blueLaboratory:CoolantVial"},{"floor":36,"key":"blueLaboratory:PolymorphPotion"}],"is_trial":false,"path_per_floor":["M","COS","M","?","M","R","M","M","T","R","M","M","M","?","R","B",null,"M","?","M","?","$","R","$","M","T","NM","M","M","R","M","R","B",null,"M","M","$","?","?","R","?","R","T","M","M","E","M","?","R","B",null],"character_chosen":"DEFECT","items_purchased":["ReplayTheSpireMod:Lightbulb","Molten Egg 2","StuffTheSpire:MayFlowers","Core Surge+1"],"campfire_rested":2,"item_purchase_floors":[22,24,37,37],"current_hp_per_floor":[59,59,50,53,46,46,46,33,33,33,31,31,20,20,39,32,56,21,21,21,21,21,40,40,29,29,34,34,28,49,48,48,30,61,52,52,52,52,42,42,42,42,42,42,42,39,39,46,46,28],"gold":311,"neow_bonus":"RANDOM_COLORLESS_2","is_daily":false,"chose_seed":false,"campfire_upgraded":6,"win_rate":0.0,"timestamp":1611454596,"path_taken":["M","COS","M","?","M","R","M","M","T","R","M","?","M","?","R","BOSS","M","?","M","?","?","R","$","?","T","NM","M","M","R","M","R","BOSS","M","M","$","?","?","R","?","R","T","M","M","E","M","?","R","BOSS"],"items_purchased_type":["Relic","Relic","Relic","Card"],"build_version":"2020-12-22","purchased_purges":0,"victory":true,"max_hp_per_floor":[64,64,64,64,64,64,64,64,64,64,64,64,64,64,64,64,64,64,64,64,64,64,64,64,64,64,71,71,71,71,71,71,71,71,71,71,71,71,71,71,71,71,71,71,71,71,71,71,71,71],"card_choices":[{"not_picked":["Thinking Ahead","vexMod:StairwayStrike"],"picked":"HandOfGreed","floor":0.0},{"not_picked":["StuffTheSpire:LoadUp","Compile Driver"],"picked":"FTL","floor":1.0},{"not_picked":["Go for the Eyes","Rebound"],"picked":"Double Energy","floor":3.0},{"not_picked":["Reboot","jedi:BurstDark"],"picked":"ReplayRNGCard","floor":5.0},{"not_picked":["Auto Shields","StuffTheSpire:LoadUp"],"picked":"StuffTheSpire:Plugnplay","floor":5.0},{"not_picked":["Darkness","Redo"],"picked":"StuffTheSpire:Plugnplay","floor":7.0},{"not_picked":["Recycle","Hologram"],"picked":"StSpp:Channeliser","floor":8.0},{"not_picked":["Streamline","Scrape"],"picked":"Coolheaded","floor":11.0},{"not_picked":["Ball Lightning","Glacier"],"picked":"StuffTheSpire:Synthwave","floor":12.0},{"not_picked":["Ball Lightning","Leap"],"picked":"White Noise","floor":13.0},{"not_picked":["ReplayRNGCard","Multi-Cast"],"picked":"jedi:meditation","floor":16.0},{"not_picked":["StuffTheSpire:LoadUp","Fusion"],"picked":"Conserve Battery","floor":18.0},{"not_picked":["BasicCrystalCard","ReplayGash","Panic Button"],"picked":"SKIP","floor":20.0},{"not_picked":["jedi:BurstFrost","Gash+1"],"picked":"jedi:reiji+1","floor":25.0},{"not_picked":["Turbo","REME_Whirling"],"picked":"Amplify","floor":27},{"not_picked":["Leap","Redo"],"picked":"Cold Snap+1","floor":28},{"not_picked":["Tempest","Rebound+1"],"picked":"Chill","floor":29},{"not_picked":["jedi:blockon","Darkness"],"picked":"Sweeping Beam+1","floor":31},{"not_picked":["StuffTheSpire:ForEach","Reboot"],"picked":"StSpp:Saturation","floor":33},{"not_picked":["Steam","jedi:blockon"],"picked":"Panic Button+1","floor":35},{"not_picked":["Gash+1","StuffTheSpire:LoadUp"],"picked":"Chill","floor":36},{"not_picked":["Panacea","Enlightenment"],"picked":"Flash of Steel+1","floor":39},{"not_picked":["jedi:forcepull","Replay:Bootleg Shield Generator"],"picked":"REME_HeartOfCthun+1","floor":39},{"not_picked":["Forethought","Master of Strategy"],"picked":"StSpp:Cataclysm+1","floor":39},{"not_picked":["Defragment","ReplaySort"],"picked":"Sweeping Beam+1","floor":41},{"not_picked":["Rebound+1","ReplayGash+1"],"picked":"Beam Cell+1","floor":41},{"not_picked":["Redo","StuffTheSpire:LoadUp"],"picked":"ReplayTheSpireMod:System Scan+1","floor":44},{"not_picked":["Conserve Battery+1","jedi:BurstLightning+1"],"picked":"Ball Lightning+1","floor":45},{"not_picked":["Compile Driver+1","Panic Button+1"],"picked":"StSpp:Channeliser","floor":46},{"not_picked":["Reprogram+1","Turbo+1"],"picked":"Compile Driver+1","floor":47}],"player_experience":674911,"relics_obtained":[{"floor":9.0,"key":"infinitespire:CheckeredPen"},{"floor":26.0,"key":"Simple Rune"},{"floor":27,"key":"Strawberry"},{"floor":41,"key":"aspiration:VileToxins"},{"floor":43,"key":"Mummified Hand"},{"floor":46,"key":"aspiration:TomeofQuesting"}],"event_choices":[{"damage_healed":0.0,"max_hp_gain":0.0,"max_hp_loss":0.0,"gold_gain":0.0,"event_name":"Back to Basics","player_choice":"Simplicity","floor":19.0,"gold_loss":0.0,"damage_taken":0.0,"cards_upgraded":["Strike_B","Strike_B","Strike_B","Strike_B","Defend_B","Defend_B","Defend_B","Defend_B"]},{"cards_removed":["Coolheaded"],"damage_healed":0,"gold_gain":0,"player_choice":"Removed Skill","damage_taken":0,"max_hp_gain":0,"max_hp_loss":0,"event_name":"Falling","floor":38,"gold_loss":0},{"damage_healed":0,"gold_gain":0,"player_choice":"Memory 3","damage_taken":10,"max_hp_gain":0,"max_hp_loss":0,"event_name":"SensoryStone","floor":39,"gold_loss":0}],"is_beta":false,"boss_relics":[{"not_picked":["vexMod:FluxCapacitor","REME_DemonsWealth"],"picked":"bronze:MakeshiftBattery"},{"not_picked":["Cursed Key","aspiration:WatcherSkillbook"],"picked":"hubris:Backtick"}],"items_purged_floors":[],"is_endless":false,"potions_floor_spawned":[5,8,11,16,18,27,31,35,36],"ascension_level":15}}