{"host":"cvgulky4xr711dtb","time":1611508239,"event":{"mods":["AchievementEnabler","BaseMod","BetterRewards","Highlight Path","Minty Spire (QoL Compilation)"],"gold_per_floor":[114,124,137,41,6,31,51,71,120,139,139,151,151,171,171,271,271,307,102,146,164,164,198,198,198,247,296,320,320,320,63,63,173,173,197,206,216,153,183,183,207,229,252,291,303,358,370,370],"floor_reached":47,"language":"ENG","playtime":2472,"items_purged":["Defend_P","Vault","Worship"],"score":579,"play_id":"fd641d18-5fab-48fd-a5c2-b5b16a4a71ee","local_time":"20210124171039","is_ascension_mode":false,"campfire_choices":[{"floor":11,"key":"REST"},{"data":"CutThroughFate","floor":15,"key":"SMITH"},{"data":"Wish","floor":24,"key":"SMITH"},{"data":"ThirdEye","floor":29,"key":"SMITH"},{"data":"Eruption","floor":32,"key":"SMITH"},{"floor":40,"key":"REST"},{"floor":45,"key":"REST"}],"circlet_count":0,"master_deck":["Strike_P","Defend_P","Eruption+1","Vigilance","Consecrate","ClearTheMind","CutThroughFate+1","FlurryOfBlows","Weave","JustLucky+1","EmptyBody","Crescendo","BowlingBash+1","ThirdEye+1","Wish+1","EmptyFist+1","FlurryOfBlows+1","ConjureBlade","FlurryOfBlows+1","Wireheading","Establishment","Consecrate+1","CutThroughFate+1","Parasite","EmptyFist+1","Weave+1","TalkToTheHand+1","FollowUp+1","CrushJoints+1"],"relics":["PureWater","Bag of Marbles","Kunai","Molten Egg 2","Odd Mushroom","Potion Belt","Philosopher\u0027s Stone","Membership Card","CeramicFish","MealTicket","PreservedInsect","Bronze Scales","TungstenRod","Black Star","MawBank","Orichalcum","Lantern"],"acts_visited":["Exordium","TheCity","TheBeyond"],"potions_floor_usage":[6,16,16,16,16,23,23,33,33,41,46],"damage_taken":[{"damage":0,"enemies":"Cultist","floor":1,"turns":2},{"damage":0,"enemies":"Small Slimes","floor":2,"turns":3},{"damage":0,"enemies":"2 Louse","floor":3,"turns":1},{"damage":18,"enemies":"3 Sentries","floor":6,"turns":4},{"damage":2,"enemies":"Exordium Wildlife","floor":7,"turns":2},{"damage":3,"enemies":"The Mushroom Lair","floor":8,"turns":2},{"damage":0,"enemies":"Looter","floor":10,"turns":2},{"damage":4,"enemies":"Blue Slaver","floor":12,"turns":2},{"damage":0,"enemies":"3 Louse","floor":14,"turns":2},{"damage":0,"enemies":"Slime Boss","floor":16,"turns":7},{"damage":0,"enemies":"Chosen","floor":18,"turns":3},{"damage":0,"enemies":"Spheric Guardian","floor":20,"turns":2},{"damage":3,"enemies":"Cultist and Chosen","floor":21,"turns":2},{"damage":0,"enemies":"Book of Stabbing","floor":23,"turns":4},{"damage":9,"enemies":"Shelled Parasite and Fungi","floor":28,"turns":3},{"damage":26,"enemies":"Automaton","floor":33,"turns":9},{"damage":7,"enemies":"3 Darklings","floor":35,"turns":3},{"damage":0,"enemies":"Orb Walker","floor":37,"turns":2},{"damage":42,"enemies":"Writhing Mass","floor":39,"turns":5},{"damage":20,"enemies":"4 Shapes","floor":41,"turns":2},{"damage":3,"enemies":"Maw","floor":42,"turns":6},{"damage":22,"enemies":"Writhing Mass","floor":44,"turns":5},{"damage":0,"enemies":"Reptomancer","floor":46,"turns":1},{"damage":39,"enemies":"4 Shapes","floor":47,"turns":3}],"seed_played":"-6714241317857818179","potions_obtained":[{"floor":3,"key":"SkillPotion"},{"floor":6,"key":"FearPotion"},{"floor":8,"key":"SkillPotion"},{"floor":10,"key":"GamblersBrew"},{"floor":14,"key":"LiquidBronze"},{"floor":20,"key":"DistilledChaos"},{"floor":21,"key":"SkillPotion"},{"floor":23,"key":"Energy Potion"},{"floor":39,"key":"Explosive Potion"},{"floor":42,"key":"SteroidPotion"}],"is_trial":false,"path_per_floor":["M","M","M","$","?","E","M","?","T","M","R","M","?","M","R","B",null,"M","$","M","M","?","E","R","?","T","T","M","R","?","$","R","B",null,"M","?","M","$","M","R","M","M","T","M","R","E","M"],"character_chosen":"WATCHER","items_purchased":["Bag of Marbles","Kunai","FlurryOfBlows","Weave","Membership Card","EmptyFist+1","TungstenRod","SkillPotion","Dexterity Potion"],"campfire_rested":3,"item_purchase_floors":[0,0,4,4,19,19,31,31,31],"current_hp_per_floor":[58,58,58,58,72,54,52,49,49,49,70,66,71,71,71,71,77,77,77,77,74,74,74,74,74,74,74,65,65,65,77,77,51,77,70,70,70,77,35,58,38,35,35,13,36,36,0,0],"gold":370,"neow_bonus":"","is_daily":false,"chose_seed":false,"campfire_upgraded":4,"win_rate":0.0,"timestamp":1611508239,"path_taken":["M","?","M","?","?","E","M","?","T","M","R","M","?","M","R","BOSS","M","$","M","M","?","E","R","?","T","?","M","R","?","$","R","BOSS","M","?","M","$","M","R","M","M","T","?","R","E","M"],"items_purchased_type":["Relic","Relic","Card","Card","Relic","Card","Relic","Potion","Potion"],"build_version":"2020-12-22","purchased_purges":3,"victory":false,"max_hp_per_floor":[72,72,72,72,72,72,72,72,72,72,72,72,77,77,77,77,77,77,77,77,77,77,77,77,77,77,77,77,77,77,77,77,77,77,77,77,77,77,77,77,77,77,77,77,77,77,77,77],"card_choices":[{"not_picked":["Crescendo","Tantrum"],"picked":"ClearTheMind","floor":1},{"not_picked":["Adaptation","Crescendo"],"picked":"CutThroughFate","floor":2},{"not_picked":["WreathOfFlame","ClearTheMind","Fasting2"],"picked":"SKIP","floor":3},{"not_picked":["Halt","PathToVictory"],"picked":"JustLucky+1","floor":6},{"not_picked":["Study","CutThroughFate+1"],"picked":"EmptyBody","floor":7},{"not_picked":["EmptyBody","Pray"],"picked":"Crescendo","floor":8},{"not_picked":["ClearTheMind","Crescendo"],"picked":"BowlingBash+1","floor":10},{"not_picked":["Evaluate","SpiritShield"],"picked":"ThirdEye","floor":12},{"not_picked":["ThirdEye","Collect"],"picked":"Worship","floor":14},{"not_picked":["Alpha","MasterReality"],"picked":"Wish","floor":16},{"not_picked":["CrushJoints+1","DeceiveReality","EmptyMind+1"],"picked":"SKIP","floor":18},{"not_picked":["BowlingBash+1","SandsOfTime+1"],"picked":"FlurryOfBlows+1","floor":20},{"not_picked":["FearNoEvil+1","PathToVictory","Halt"],"picked":"SKIP","floor":21},{"not_picked":["EmptyFist+1","Crescendo+1"],"picked":"FlurryOfBlows+1","floor":23},{"not_picked":["Protect","Meditate+1"],"picked":"Wireheading","floor":28},{"not_picked":["Judgement","Vault"],"picked":"Establishment","floor":33},{"not_picked":["PathToVictory","EmptyFist+1"],"picked":"Consecrate+1","floor":35},{"not_picked":["ClearTheMind+1","EmptyBody","ThirdEye"],"picked":"SKIP","floor":37},{"not_picked":["ClearTheMind","ThirdEye+1"],"picked":"EmptyFist+1","floor":39},{"not_picked":["PathToVictory","Establishment"],"picked":"Weave+1","floor":41},{"not_picked":["CutThroughFate+1","Protect"],"picked":"TalkToTheHand+1","floor":42},{"not_picked":["Pray","EmptyMind"],"picked":"FollowUp+1","floor":44},{"not_picked":["MasterReality","Protect"],"picked":"CrushJoints+1","floor":46}],"player_experience":211282,"relics_obtained":[{"floor":6,"key":"Molten Egg 2"},{"floor":8,"key":"Odd Mushroom"},{"floor":9,"key":"Potion Belt"},{"floor":23,"key":"CeramicFish"},{"floor":26,"key":"PreservedInsect"},{"floor":27,"key":"Bronze Scales"},{"floor":43,"key":"MawBank"},{"floor":46,"key":"Orichalcum"},{"floor":46,"key":"Lantern"}],"event_choices":[{"damage_healed":18,"gold_gain":0,"player_choice":"Healed","damage_taken":0,"max_hp_gain":0,"max_hp_loss":0,"event_name":"The Cleric","floor":5,"gold_loss":35},{"damage_healed":0,"gold_gain":0,"player_choice":"Fought Mushrooms","damage_taken":0,"max_hp_gain":0,"max_hp_loss":0,"event_name":"Mushrooms","floor":8,"gold_loss":0},{"damage_healed":0,"gold_gain":0,"player_choice":"Donut","damage_taken":0,"max_hp_gain":5,"max_hp_loss":0,"event_name":"Big Fish","floor":13,"gold_loss":0},{"damage_healed":0,"gold_gain":0,"cards_transformed":["Strike_P","Defend_P"],"player_choice":"Became Test Subject","damage_taken":0,"max_hp_gain":0,"max_hp_loss":0,"event_name":"Drug Dealer","floor":22,"gold_loss":0,"cards_obtained":["ConjureBlade","Vault"]},{"damage_healed":0,"gold_gain":0,"player_choice":"Opened","damage_taken":0,"relics_obtained":["MealTicket"],"max_hp_gain":0,"max_hp_loss":0,"event_name":"The Mausoleum","floor":25,"gold_loss":0},{"damage_healed":0,"gold_gain":0,"player_choice":"Ignored","damage_taken":0,"max_hp_gain":0,"max_hp_loss":0,"event_name":"Vampires","floor":30,"gold_loss":0},{"damage_healed":0,"gold_gain":0,"player_choice":"Copied","damage_taken":0,"max_hp_gain":0,"max_hp_loss":0,"event_name":"Duplicator","floor":36,"gold_loss":0,"cards_obtained":["CutThroughFate"]}],"is_beta":false,"boss_relics":[{"not_picked":["SacredBark","Coffee Dripper"],"picked":"Philosopher\u0027s Stone"},{"not_picked":["Fusion Hammer","Calling Bell"],"picked":"Black Star"}],"items_purged_floors":[19,31,38],"is_endless":false,"potions_floor_spawned":[3,6,8,10,14,20,21,23,39,42],"killed_by":"4 Shapes","ascension_level":0}}