{"host":"wogey4gsknv4ot2d","time":1611488224,"event":{"mods":["2.2 Compatiblity","AchievementEnabler","BaseMod","Bestiary","Better Match","Better Third Choice","Colored Map","Colored Powertips","Key Reminder","Minty Spire (QoL Compilation)","Permanent Neow","Rare Cards Sparkle","Relic Stats","StSLib"],"gold_per_floor":[114,133,133,147,164,175,206,206,206,206,225,175,18,36,36,134,134,151,161,107,107,107,107,120,120,145,162,162,0,0,0,0,0,0],"floor_reached":33,"language":"ENG","playtime":1150,"items_purged":[],"score":247,"play_id":"98a1ae48-6171-4124-972e-c0d767529728","local_time":"20210124053704","is_ascension_mode":false,"campfire_choices":[{"floor":8,"key":"RECALL"},{"floor":10,"key":"REST"},{"data":"Consume","floor":15,"key":"SMITH"},{"data":"Cold Snap","floor":23,"key":"SMITH"},{"floor":25,"key":"REST"},{"data":"Cold Snap","floor":28,"key":"SMITH"},{"data":"Streamline","floor":32,"key":"SMITH"}],"circlet_count":0,"master_deck":["Strike_B","Strike_B","Strike_B","Defend_B","Defend_B","Defend_B","Defend_B","Dualcast","Conserve Battery","Cold Snap+1","Glacier","Go for the Eyes","Barrage","Streamline+1","Beam Cell","Cold Snap+1","Consume+1","Coolheaded","Conserve Battery","Leap","Beam Cell+1","Rip and Tear+1","BootSequence"],"relics":["Cracked Core","Prayer Wheel","MealTicket","Sozu","Boot"],"acts_visited":["Exordium","TheCity"],"potions_floor_usage":[16,16,16],"damage_taken":[{"damage":6,"enemies":"Jaw Worm","floor":1,"turns":4},{"damage":0,"enemies":"Cultist","floor":2,"turns":3},{"damage":0,"enemies":"Small Slimes","floor":4,"turns":3},{"damage":0,"enemies":"2 Fungi Beasts","floor":5,"turns":7},{"damage":0,"enemies":"Large Slime","floor":6,"turns":10},{"damage":16,"enemies":"Lagavulin","floor":7,"turns":11},{"damage":0,"enemies":"Exordium Thugs","floor":11,"turns":4},{"damage":5,"enemies":"3 Louse","floor":14,"turns":4},{"damage":21,"enemies":"The Guardian","floor":16,"turns":10},{"damage":4,"enemies":"Shell Parasite","floor":18,"turns":7},{"damage":5,"enemies":"Spheric Guardian","floor":19,"turns":6},{"damage":12,"enemies":"Centurion and Healer","floor":24,"turns":15},{"damage":14,"enemies":"Shelled Parasite and Fungi","floor":27,"turns":7},{"damage":63,"enemies":"Automaton","floor":33,"turns":8}],"seed_played":"-4293331541295543041","potions_obtained":[{"floor":0,"key":"CultistPotion"},{"floor":0,"key":"Swift Potion"},{"floor":0,"key":"Dexterity Potion"},{"floor":5,"key":"BlessingOfTheForge"}],"is_trial":false,"path_per_floor":["M","M","?","M","M","M","E","R","T","R","M","?","$","M","R","B",null,"M","M","$","?","?","R","M","R","T","M","R","?","?","?","R","B"],"character_chosen":"DEFECT","items_purchased":["MealTicket","Leap"],"campfire_rested":2,"item_purchase_floors":[13,20],"current_hp_per_floor":[69,69,69,69,69,69,53,53,53,75,75,75,75,70,70,49,75,71,66,75,75,75,75,63,75,75,61,61,61,61,61,61,0,0],"gold":0,"neow_bonus":"THREE_SMALL_POTIONS","is_daily":false,"chose_seed":false,"campfire_upgraded":4,"win_rate":0.0,"timestamp":1611488224,"path_taken":["M","M","?","M","?","M","E","R","T","R","M","?","$","M","R","BOSS","M","M","$","?","?","R","M","R","T","M","R","?","?","?","R","BOSS"],"items_purchased_type":["Relic","Card"],"build_version":"2020-12-22","purchased_purges":0,"victory":false,"max_hp_per_floor":[75,75,75,75,75,75,75,75,75,75,75,75,75,75,75,75,75,75,75,75,75,75,75,75,75,75,75,75,75,75,75,75,75,75],"relic_stats":{"Sozu":2,"counters":[14,99],"Prayer Wheel":6,"MealTicket":9,"Boot":[24],"obtain_stats":[{"keyreminder:keyreminder":7,"Sozu":17,"Prayer Wheel":7,"MealTicket":13,"Cracked Core":0,"Boot":26},{"keyreminder:keyreminder":6,"Sozu":9,"Prayer Wheel":6,"MealTicket":7,"Cracked Core":0,"Boot":12},{"keyreminder:keyreminder":38,"Sozu":56,"Prayer Wheel":38,"MealTicket":42,"Cracked Core":0,"Boot":84}]},"card_choices":[{"not_picked":["Gash","Leap"],"picked":"Conserve Battery","floor":1},{"not_picked":["Compile Driver","Doom and Gloom"],"picked":"Cold Snap","floor":2},{"not_picked":["Fusion","Heatsinks"],"picked":"Glacier","floor":4},{"not_picked":["Chaos","Ball Lightning"],"picked":"Go for the Eyes","floor":5},{"not_picked":["Hello World","Compile Driver","Gash"],"picked":"SKIP","floor":6},{"not_picked":["Heatsinks","Ball Lightning"],"picked":"Barrage","floor":7},{"not_picked":["Multi-Cast","Chill"],"picked":"Streamline","floor":11},{"not_picked":["Steam","Sunder"],"picked":"Beam Cell","floor":11},{"not_picked":["Darkness","Reinforced Body"],"picked":"Cold Snap","floor":14},{"not_picked":["Leap","Hello World"],"picked":"Consume","floor":14},{"not_picked":["Fusion","Hologram","Heatsinks+1"],"picked":"SKIP","floor":18},{"not_picked":["Gash","Recycle","Ball Lightning"],"picked":"SKIP","floor":18},{"not_picked":["Redo","Reboot"],"picked":"Coolheaded","floor":19},{"not_picked":["Rebound","Leap"],"picked":"Conserve Battery","floor":19},{"not_picked":["Skim","Aggregate"],"picked":"Beam Cell+1","floor":24},{"not_picked":["Ball Lightning","Stack+1"],"picked":"Rip and Tear+1","floor":24},{"not_picked":["Turbo","Heatsinks"],"picked":"BootSequence","floor":27},{"not_picked":["Ball Lightning","Steam Power+1","Force Field+1"],"picked":"SKIP","floor":27}],"player_experience":80674,"relics_obtained":[{"floor":7,"key":"Prayer Wheel"},{"floor":26,"key":"Boot"}],"event_choices":[{"cards_removed":["Strike_B"],"damage_healed":0,"gold_gain":0,"player_choice":"Offered Basic","damage_taken":0,"max_hp_gain":0,"max_hp_loss":0,"event_name":"Bonfire Elementals","floor":3,"gold_loss":0},{"cards_removed":["Zap"],"damage_healed":0,"gold_gain":0,"player_choice":"Card Removal","damage_taken":0,"max_hp_gain":0,"max_hp_loss":0,"event_name":"The Cleric","floor":12,"gold_loss":50},{"damage_healed":0,"gold_gain":0,"player_choice":"Ignored","damage_taken":0,"max_hp_gain":0,"max_hp_loss":0,"event_name":"Vampires","floor":21,"gold_loss":0},{"damage_healed":0,"gold_gain":0,"player_choice":"Ignored","damage_taken":0,"max_hp_gain":0,"max_hp_loss":0,"event_name":"Cursed Tome","floor":22,"gold_loss":0},{"damage_healed":0,"gold_gain":0,"player_choice":"Paid Fearfully","damage_taken":0,"max_hp_gain":0,"max_hp_loss":0,"event_name":"Masked Bandits","floor":29,"gold_loss":162},{"damage_healed":0,"gold_gain":0,"player_choice":"Ignored","damage_taken":0,"max_hp_gain":0,"max_hp_loss":0,"event_name":"Ghosts","floor":30,"gold_loss":0}],"is_beta":false,"boss_relics":[{"not_picked":["Philosopher\u0027s Stone","Empty Cage"],"picked":"Sozu"}],"items_purged_floors":[],"is_endless":false,"potions_floor_spawned":[5,11,16,19,27],"killed_by":"Automaton","ascension_level":0}}