{"host":"ws4mzzemcqsz5e2k","time":1611466070,"event":{"mods":["Act Like it!","BaseMod","Better Synergies","Colored Powertips","Downfall","Minty Spire (QoL Compilation)","Quick Restart","Relic Stats","StSLib","没有小屋子和绿帽子啦"],"gold_per_floor":[99,113,123,123,135,35,35,999999,999899,999899,999153,999168,999168,999199,999218,999294,999294,999194,999204,999219,998543,998562,998579,998606,998639,998667,998694,998694,998725,998725,998738,998754,998828,998828,998828,998828,998828,998828],"floor_reached":36,"language":"ZHS","playtime":2368,"items_purged":["bronze:Strike","bronze:Strike"],"score":1298,"play_id":"2974008e-96ba-4bd3-bf40-867b841c9a57","local_time":"20210124132750","daily_mods":["Heirloom","downfall:Lament","Elite Swarm","Uncertain Future"],"is_ascension_mode":true,"campfire_choices":[{"floor":1.0,"key":"RECALL"},{"data":"bronze:Replicate","floor":6.0,"key":"SMITH"},{"data":"bronze:BurnOut","floor":9.0,"key":"SMITH"},{"data":"bronze:Repulsor","floor":18.0,"key":"SMITH"},{"data":"bronze:Repulsor","floor":30,"key":"SMITH"},{"data":"bronze:Library","floor":35,"key":"SMITH"}],"circlet_count":0,"master_deck":["bronze:Strike","bronze:Strike","bronze:Defend","bronze:Defend","bronze:Defend","bronze:Defend+1","AscendersBane","bronze:Replicate+1","bronze:Goto+1","bronze:BronzeOrb+1","Parasite","bronze:BurnOut+1","Parasite","bronze:Verify","bronze:Iterate","bronze:Repulsor+1","bronze:BuggyMess","bronze:BuggyMess","bronze:FineTuning+1","bronze:Repulsor+1","Normality","Shame","bronze:Library+1","bronze:FunctionCard","bronze:Verify","bronze:FunctionCard","bronze:MaxOutput+1"],"relics":["bronze:BronzeCore","NeowsBlessing","Ice Cream","downfall:HeartBlessingRed","downfall:HeartBlessingBlue","downfall:ExtraCursedKey","champ:Barbells","Ancient Tea Set","bronze:ProtectiveGoggles","Bottled Tornado","Philosopher\u0027s Stone","downfall:HeartBlessingGreen","Pear","Kunai","Akabeko","Bronze Scales","Red Mask","bronze:Timepiece","MealTicket","Runic Pyramid"],"acts_visited":["Exordium","TheCity","TheBeyond"],"potions_floor_usage":[33],"damage_taken":[{"damage":0.0,"enemies":"Jaw Worm","floor":2.0,"turns":1.0},{"damage":0.0,"enemies":"Cultist","floor":3.0,"turns":1.0},{"damage":0.0,"enemies":"2 Louse","floor":5.0,"turns":1.0},{"damage":0.0,"enemies":"Exordium Wildlife","floor":8.0,"turns":2.0},{"damage":0.0,"enemies":"downfall:FleeingMerchant","floor":11.0,"turns":4.0},{"damage":9.0,"enemies":"Exordium Thugs","floor":12.0,"turns":4.0},{"damage":15.0,"enemies":"3 Sentries","floor":14.0,"turns":5.0},{"damage":0.0,"enemies":"2 Fungi Beasts","floor":15.0,"turns":2.0},{"damage":32.0,"enemies":"SI_SHIV_ARCHETYPE","floor":16.0,"turns":7.0},{"damage":18.0,"enemies":"Shell Parasite","floor":19.0,"turns":4.0},{"damage":14.0,"enemies":"Centurion and Healer","floor":20.0,"turns":5.0},{"damage":9.0,"enemies":"downfall:FleeingMerchant","floor":21.0,"turns":4.0},{"damage":0.0,"enemies":"Snake Plant","floor":22.0,"turns":1.0},{"damage":26.0,"enemies":"Cultist and Chosen","floor":23.0,"turns":5.0},{"damage":70.0,"enemies":"Slavers","floor":25.0,"turns":7.0},{"damage":26.0,"enemies":"Masked Bandits","floor":26.0,"turns":5.0},{"damage":0,"enemies":"Book of Stabbing","floor":27,"turns":1},{"damage":38,"enemies":"Slavers","floor":29,"turns":4},{"damage":14,"enemies":"Sentry and Sphere","floor":31,"turns":4},{"damage":82,"enemies":"Shelled Parasite and Fungi","floor":32,"turns":6},{"damage":24,"enemies":"WA_ARCHETYPE_CALM","floor":33,"turns":8},{"damage":0,"enemies":"3 Shapes","floor":36,"turns":1}],"seed_played":"5728949474746872281","potions_obtained":[{"floor":3.0,"key":"Explosive Potion"},{"floor":8.0,"key":"BlessingOfTheForge"},{"floor":14.0,"key":"CultistPotion"}],"is_trial":true,"path_per_floor":["R","M","M","?","M","R","T","M","R","?","$","M","?","E","M","B",null,"R","M","M","$","M","M","T","E","?","E","?","E","R","M","M","B",null,"R","M"],"character_chosen":"THE_AUTOMATON","items_purchased":["champ:Barbells","Ancient Tea Set","bronze:ProtectiveGoggles","bronze:Repulsor","FairyPotion","Pear","Kunai"],"campfire_rested":0,"item_purchase_floors":[11,11,11,11,11,21,21],"current_hp_per_floor":[57,57,57,57,57,57,57,57,67,67,67,58,58,43,43,11,58,58,40,26,83,83,57,57,46,20,20,83,45,45,83,47,23,68,68,68,68,68],"gold":998828,"neow_bonus":"","is_daily":false,"chose_seed":false,"campfire_upgraded":5,"win_rate":0.0,"timestamp":1611466070,"path_taken":["R","M","M","?","M","R","T","M","R","?","$","M","?","E","M","BOSS","R","M","M","$","M","M","T","E","?","E","?","E","R","?","M","BOSS","R","M"],"items_purchased_type":["Relic","Relic","Relic","Card","Potion","Relic","Relic"],"build_version":"2020-12-22","purchased_purges":2,"victory":false,"max_hp_per_floor":[63,63,63,63,63,63,63,63,73,73,73,73,73,73,73,73,73,73,73,73,83,83,83,83,83,83,83,83,83,83,83,83,83,83,83,83,83,83],"relic_stats":{"counters":[22,82],"Bronze Scales":[91],"MealTicket":0,"Kunai":[10],"obtain_stats":[{"Ice Cream":0,"champ:Barbells":11,"bronze:BronzeCore":0,"Pear":21,"NeowsBlessing":0,"downfall:HeartBlessingRed":6,"downfall:HeartBlessingGreen":18,"Bottled Tornado":14,"Ancient Tea Set":11,"Akabeko":24,"bronze:ProtectiveGoggles":11,"downfall:HeartBlessingBlue":9,"Bronze Scales":25,"bronze:Timepiece":27,"Philosopher\u0027s Stone":17,"MealTicket":29,"downfall:ExtraCursedKey":10,"Red Mask":26,"Kunai":21,"Runic Pyramid":34},{"Ice Cream":0,"champ:Barbells":5,"bronze:BronzeCore":0,"Pear":12,"NeowsBlessing":0,"downfall:HeartBlessingRed":3,"downfall:HeartBlessingGreen":9,"Bottled Tornado":7,"Ancient Tea Set":5,"Akabeko":14,"bronze:ProtectiveGoggles":5,"downfall:HeartBlessingBlue":4,"Bronze Scales":15,"bronze:Timepiece":17,"Philosopher\u0027s Stone":9,"MealTicket":18,"downfall:ExtraCursedKey":4,"Red Mask":16,"Kunai":12,"Runic Pyramid":21},{"Ice Cream":0,"champ:Barbells":9,"bronze:BronzeCore":0,"Pear":40,"NeowsBlessing":0,"downfall:HeartBlessingRed":3,"downfall:HeartBlessingGreen":27,"Bottled Tornado":18,"Ancient Tea Set":9,"Akabeko":46,"bronze:ProtectiveGoggles":9,"downfall:HeartBlessingBlue":5,"Bronze Scales":53,"bronze:Timepiece":59,"Philosopher\u0027s Stone":27,"MealTicket":63,"downfall:ExtraCursedKey":5,"Red Mask":58,"Kunai":40,"Runic Pyramid":81}]},"card_choices":[{"not_picked":["bronze:BitShift","bronze:InfiniteBeams","bronze:WhirlingStrike"],"picked":"SKIP","floor":2.0},{"not_picked":["bronze:BitShift","bronze:WhirlingStrike"],"picked":"bronze:BronzeOrb","floor":3.0},{"not_picked":["bronze:CloningBeam","bronze:Shield","bronze:Separator"],"picked":"SKIP","floor":5.0},{"not_picked":["bronze:BugBarrage","bronze:Frontload"],"picked":"bronze:BurnOut","floor":8.0},{"not_picked":["bronze:AlphaBuild","bronze:BronzeOrb"],"picked":"bronze:Iterate","floor":11.0},{"not_picked":["bronze:Frontload","bronze:CutThrough","bronze:WhirlingStrike"],"picked":"SKIP","floor":12.0},{"not_picked":["bronze:ThunderWave","bronze:ShipIt","bronze:Virus"],"picked":"SKIP","floor":14.0},{"not_picked":["bronze:Turbo","bronze:FineTuning"],"picked":"bronze:BuggyMess","floor":15.0},{"not_picked":["bronze:Mutator","bronze:Verify"],"picked":"bronze:Hardcode","floor":16.0},{"not_picked":["bronze:FineTuning","bronze:ChildClass"],"picked":"bronze:BuggyMess","floor":19.0},{"not_picked":["bronze:Safeguard","bronze:WhirlingStrike+1","bronze:BitShift"],"picked":"SKIP","floor":20.0},{"not_picked":["bronze:WhirlingStrike","bronze:BuggyMess"],"picked":"bronze:FineTuning","floor":21.0},{"not_picked":["bronze:Turbo","bronze:CloningBeam"],"picked":"bronze:Repulsor","floor":22.0},{"not_picked":["bronze:DelayedGuard","bronze:BugBarrage","bronze:Shield"],"picked":"SKIP","floor":23.0},{"not_picked":["bronze:ShipIt","bronze:ThunderWave"],"picked":"bronze:Library","floor":25.0},{"not_picked":["bronze:Virus","bronze:Format"],"picked":"bronze:Hardcode","floor":27},{"not_picked":["bronze:BurnOut","bronze:InfiniteLoop"],"picked":"bronze:Verify","floor":29},{"not_picked":["bronze:ForceShield+1","bronze:Overheat","bronze:Branch+1"],"picked":"SKIP","floor":31},{"not_picked":["bronze:ForceShield+1","bronze:Frontload"],"picked":"bronze:MaxOutput+1","floor":32}],"player_experience":1664949,"relics_obtained":[{"floor":14.0,"key":"Bottled Tornado"},{"floor":24.0,"key":"Akabeko"},{"floor":25.0,"key":"Bronze Scales"},{"floor":26.0,"key":"Red Mask"},{"floor":27,"key":"bronze:Timepiece"},{"floor":29,"key":"MealTicket"}],"event_choices":[{"damage_healed":0.0,"max_hp_gain":0.0,"max_hp_loss":0.0,"gold_gain":0.0,"event_name":"Masked Bandits","player_choice":"Fought Bandits","floor":26.0,"gold_loss":0.0,"damage_taken":0.0},{"damage_healed":63,"gold_gain":0,"player_choice":"Full Heal","damage_taken":0,"max_hp_gain":0,"max_hp_loss":0,"event_name":"Wheel of Change","floor":28,"gold_loss":0}],"is_beta":false,"boss_relics":[{"not_picked":["Fusion Hammer","bronze:PlatinumCore"],"picked":"Philosopher\u0027s Stone"},{"not_picked":["bronze:ElectromagneticCoil","expansioncontent:StudyCardRelic"],"picked":"Runic Pyramid"}],"items_purged_floors":[11,21],"is_endless":true,"potions_floor_spawned":[3,8,14,15,19,22,31,32],"killed_by":"3 Shapes","ascension_level":20}}