{"host":"nii9k1idymerq4qj","time":1611461533,"event":{"mods":["Act Like it!","BaseMod","Colored Powertips","Minty Spire (QoL Compilation)","Prisma Mod","Remilia£®¿Ÿ√◊¿Ú—«£©","Replay The Spire","StSLib","Waifu the Spire"],"gold_per_floor":[114,129,129,144,144,144,174,174,249,249,279,294,324,74,74,174,174,189,204,219,234,249,249,279,294,294,324,74,74,74,89,89,189,189,204,219,519,534,549,579,579,204,229,279,0,15,45,60,60,60],"floor_reached":51,"language":"ZHS","playtime":6899,"items_purged":["PrismaMod:IllyaInstallShielder"],"score":1049,"play_id":"b6404e45-4646-4013-9ffa-2e729df250f4","local_time":"20210124121213","daily_mods":["Draft","Purple Cards","Terminal"],"is_ascension_mode":false,"campfire_choices":[{"data":"PrismaMod:IllyaSaphire","floor":6,"key":"SMITH"},{"data":"PrismaMod:IllyaUpgradeOrbs","floor":8,"key":"SMITH"},{"data":"PrismaMod:IllyaHassanGift","floor":10,"key":"SMITH"},{"data":"PrismaMod:IllyaCheapChannelDefend","floor":23,"key":"SMITH"},{"data":"PrismaMod:IllyaUberChannel","floor":29,"key":"SMITH"},{"data":"PrismaMod:IllyaCheapChannelAttack","floor":32,"key":"SMITH"},{"data":"PrismaMod:IllyaUberAttackChannel","floor":41,"key":"SMITH"},{"floor":49,"key":"DIG"}],"circlet_count":0,"master_deck":["PrismaMod:IllyaBride","PrismaMod:IllyaCommandSeal","PrismaMod:IllyaUncommonDefend","PrismaMod:IllyaMinorRapidFire","PrismaMod:IllyaStunPoison","PrismaMod:IllyaCheapChannelPoison","PrismaMod:IllyaBerserCAR","PrismaMod:IllyaRubysPotion","PrismaMod:IllyaCheapChannelAttack+1","PrismaMod:IllyaPoisonTippedWeapons","PrismaMod:IllyaHassanGift+1","PrismaMod:IllyaUpgradeOrbs+1","PrismaMod:IllyaAlice","PrismaMod:IllyaCheapAttack","PrismaMod:IllyaSaphire+1","PrismaMod:IllyaCheapChannelDefend+1","PrismaMod:IllyaInstallRider","PrismaMod:IllyaCheapDefend","PrismaMod:IllyaInstallMoonCancer","PrismaMod:IllyaDevil","PrismaMod:IllyaCommonEvoke+1","PrismaMod:IllyaAOECommonAttack+1","PrismaMod:IllyaMinorZwei+1","PrismaMod:IllyaTestament+1","PrismaMod:IllyaCarnivalAttack","PrismaMod:IllyaUberChannel+1","PrismaMod:IllyaCheapDefend","PrismaMod:IllyaGrail","PrismaMod:IllyaUberAttackChannel+1","PrismaMod:IllyaPoisonBlock","PrismaMod:IllyaPoisonTippedWeapons","PrismaMod:IllyaAssassinRevenge","PrismaMod:IllyaSaphire+1","PrismaMod:IllyaCheapDefend+1","PrismaMod:IllyaTestament","PrismaMod:IllyaGrail","PrismaMod:IllyaFeed","PrismaMod:IllyaDetonatingBlow"],"relics":["PrismaMod:PrismaRuby","Snack Pack","Question Card","Potion Belt","Tiny Chest","Chameleon Ring","Honey Jar","Omamori","Replay:Ringing Soul","White Beast Statue","Kunai","Onion Ring","Busted Crown","Replay:Mystery Machine","ReplayTheSpireMod:TigerMarble","Replay:Baseball","ReplayTheSpireMod:Lightbulb","PreservedInsect","Red Mask","Anchor","ReplayFunnel"],"acts_visited":["Exordium","TheCity","TheBeyond"],"potions_floor_usage":[7,16,16,22,27,33,38,39,40,44,44,46,47,48,50,50,50],"damage_taken":[{"damage":0,"enemies":"Small Slimes","floor":1,"turns":4},{"damage":0,"enemies":"2 Louse","floor":2,"turns":2},{"damage":2,"enemies":"Jaw Worm","floor":4,"turns":5},{"damage":9,"enemies":"Gremlin Nob","floor":7,"turns":5},{"damage":1,"enemies":"3 Sentries","floor":11,"turns":7},{"damage":5,"enemies":"Lots of Slimes","floor":12,"turns":4},{"damage":13,"enemies":"Lagavulin","floor":13,"turns":6},{"damage":0,"enemies":"Fading Forest","floor":16,"turns":11},{"damage":21,"enemies":"3 Byrds","floor":18,"turns":6},{"damage":0,"enemies":"Chosen","floor":19,"turns":6},{"damage":19,"enemies":"Centurion and Healer","floor":20,"turns":4},{"damage":0,"enemies":"Snake Plant","floor":21,"turns":6},{"damage":1,"enemies":"Cultist and Chosen","floor":22,"turns":6},{"damage":0,"enemies":"Gremlin Leader","floor":24,"turns":7},{"damage":2,"enemies":"Centurion and Healer","floor":25,"turns":6},{"damage":10,"enemies":"Replay:Snechameleon","floor":27,"turns":6},{"damage":0,"enemies":"Snake Plant","floor":31,"turns":6},{"damage":4,"enemies":"Pondfish","floor":33,"turns":10},{"damage":2,"enemies":"3 Darklings","floor":35,"turns":4},{"damage":0,"enemies":"Orb Walker","floor":36,"turns":3},{"damage":7,"enemies":"Maw","floor":38,"turns":5},{"damage":1,"enemies":"Writhing Mass","floor":39,"turns":5},{"damage":11,"enemies":"Giant Head","floor":40,"turns":7},{"damage":0,"enemies":"Reptomancer","floor":44,"turns":5},{"damage":0,"enemies":"Jaw Worm Horde","floor":46,"turns":2},{"damage":4,"enemies":"Nemesis","floor":47,"turns":5},{"damage":0,"enemies":"Spire Growth","floor":48,"turns":4},{"damage":9,"enemies":"Replay:Hell Engine","floor":50,"turns":6}],"seed_played":"-992185634128019100","potions_obtained":[{"floor":2,"key":"LiquidMemories"},{"floor":11,"key":"BlessingOfTheForge"},{"floor":13,"key":"ColorlessPotion"},{"floor":19,"key":"Adrenaline Potion"},{"floor":21,"key":"LiquidMemories"},{"floor":25,"key":"EssenceOfSteel"},{"floor":27,"key":"Strength Potion"},{"floor":31,"key":"Explosive Potion"},{"floor":33,"key":"Regen Potion"},{"floor":35,"key":"SteroidPotion"},{"floor":36,"key":"LiquidBronze"},{"floor":38,"key":"ColorlessPotion"},{"floor":39,"key":"SkillPotion"},{"floor":40,"key":"Ancient Potion"},{"floor":46,"key":"SpeedPotion"},{"floor":47,"key":"SpeedPotion"},{"floor":48,"key":"Languid Potion"}],"is_trial":false,"path_per_floor":["M","M","?","M","?","R","E","R","T","R","E","M","E","$","R","B",null,"M","M","M","M","M","R","E","M","T","E","$","R","T","M","R","B",null,"M","M","?","M","M","E","R","$","T","E","?","M","E","M","R","B",null],"character_chosen":"ILLYA","items_purchased":["Chameleon Ring","Kunai","ReplayTheSpireMod:TigerMarble","Replay:Baseball"],"campfire_rested":0,"item_purchase_floors":[14,28,42,42],"current_hp_per_floor":[73,72,71,70,69,68,67,66,65,64,63,61,49,49,49,58,57,36,43,29,44,52,51,50,49,48,48,48,48,47,49,48,50,49,51,53,52,54,56,55,55,55,55,57,56,58,60,62,61,60],"gold":60,"neow_bonus":"","is_daily":true,"chose_seed":false,"campfire_upgraded":7,"win_rate":0.0,"timestamp":1611461533,"path_taken":["M","M","?","M","?","R","E","R","T","R","E","M","E","?","R","BOSS","M","?","M","?","M","R","E","M","T","E","$","R","?","M","R","BOSS","M","M","?","?","M","E","R","$","T","E","?","M","E","M","R","BOSS"],"items_purchased_type":["Relic","Relic","Relic","Relic"],"build_version":"2020-12-22","purchased_purges":1,"victory":true,"max_hp_per_floor":[73,72,71,70,69,68,67,66,65,64,63,62,61,60,59,58,57,56,55,54,53,52,51,50,49,48,50,49,48,47,49,48,50,49,51,53,52,54,56,58,57,56,55,57,56,58,60,62,61,60],"card_choices":[{"not_picked":["PrismaMod:IllyaFeed","PrismaMod:IllyaCheapChannelPoison"],"picked":"PrismaMod:IllyaBride","floor":0},{"not_picked":["PrismaMod:IllyaStunPoison","PrismaMod:IllyaCommonEvoke"],"picked":"PrismaMod:IllyaPartialInstallAssassin","floor":0},{"not_picked":["PrismaMod:IllyaPoisonBlock","PrismaMod:IllyaBlindPoisonToss"],"picked":"PrismaMod:IllyaCommandSeal","floor":0},{"not_picked":["PrismaMod:IllyaAOECommonAttack","PrismaMod:IllyaDetonatingBlow"],"picked":"PrismaMod:IllyaUncommonDefend","floor":0},{"not_picked":["PrismaMod:IllyaAssassinRevenge","PrismaMod:IllyaReinForce"],"picked":"PrismaMod:IllyaMinorRapidFire","floor":0},{"not_picked":["PrismaMod:IllyaCommandSeal","PrismaMod:IllyaAOECommonAttack"],"picked":"PrismaMod:IllyaStunPoison","floor":0},{"not_picked":["PrismaMod:IllyaRubysPotion","PrismaMod:IllyaFriendMaker"],"picked":"PrismaMod:IllyaCheapChannelPoison","floor":0},{"not_picked":["PrismaMod:IllyaCommonEvoke","PrismaMod:IllyaGun"],"picked":"PrismaMod:IllyaBerserCAR","floor":0},{"not_picked":["PrismaMod:IllyaCheapChannelPoison","PrismaMod:IllyaUberPoisonBlock"],"picked":"PrismaMod:IllyaRubysPotion","floor":0},{"not_picked":["PrismaMod:IllyaFeed","PrismaMod:IllyaAssassinRevenge"],"picked":"PrismaMod:IllyaCheapChannelAttack","floor":0},{"not_picked":["PrismaMod:IllyaFeed","PrismaMod:IllyaHassanGift"],"picked":"PrismaMod:IllyaPoisonTippedWeapons","floor":0},{"not_picked":["PrismaMod:IllyaStunPoison","PrismaMod:IllyaFeed"],"picked":"PrismaMod:IllyaHassanGift","floor":0},{"not_picked":["PrismaMod:IllyaCommonEvoke","PrismaMod:IllyaMaid"],"picked":"PrismaMod:IllyaUpgradeOrbs","floor":0},{"not_picked":["PrismaMod:IllyaUncommonAOEAttack","PrismaMod:IllyaMinorReinForce"],"picked":"PrismaMod:IllyaAlice","floor":0},{"not_picked":["PrismaMod:IllyaPartialInstallAssassin","PrismaMod:IllyaGrailKun"],"picked":"PrismaMod:IllyaCheapAttack","floor":0},{"not_picked":["PrismaMod:IllyaMaid","PrismaMod:IllyaPoisonBomb"],"picked":"PrismaMod:IllyaSaphire","floor":1},{"not_picked":["PrismaMod:IllyaStunPoison","PrismaMod:IllyaUncommonEvoke"],"picked":"PrismaMod:IllyaCheapChannelDefend","floor":2},{"not_picked":["PrismaMod:IllyaCommandSeal","PrismaMod:IllyaCheapChannelDefend","PrismaMod:IllyaBride"],"picked":"SKIP","floor":4},{"not_picked":["PrismaMod:IllyaMaid","PrismaMod:IllyaBoysLove"],"picked":"PrismaMod:IllyaInstallRider","floor":7},{"not_picked":["PrismaMod:IllyaUncommonEvoke","PrismaMod:IllyaPoisonTippedWeapons","PrismaMod:IllyaDualEvoke","PrismaMod:IllyaFriendMaker"],"picked":"SKIP","floor":11},{"not_picked":["PrismaMod:IllyaCheapAttack","PrismaMod:IllyaFriendMaker","PrismaMod:IllyaCheapChannelAttack","PrismaMod:IllyaHassanGift"],"picked":"SKIP","floor":12},{"not_picked":["PrismaMod:IllyaCommonEvoke","PrismaMod:IllyaRussianRoulette","PrismaMod:IllyaGrailKun"],"picked":"PrismaMod:IllyaCheapDefend","floor":13},{"not_picked":["PrismaMod:IllyaUberPoisonChannel","PrismaMod:IllyaInstallRider","PrismaMod:IllyaInstallAvenger"],"picked":"PrismaMod:IllyaInstallMoonCancer","floor":16},{"not_picked":["PrismaMod:IllyaBlindPoisonToss","PrismaMod:IllyaUncommonAOEAttack","PrismaMod:IllyaPoisonBlock","PrismaMod:IllyaUncommonEvoke"],"picked":"PrismaMod:IllyaDevil","floor":18},{"not_picked":["PrismaMod:IllyaAlice","PrismaMod:IllyaRubysPotion","PrismaMod:IllyaRussianRoulette+1","PrismaMod:IllyaRapidFire"],"picked":"PrismaMod:IllyaCommonEvoke+1","floor":19},{"not_picked":["PrismaMod:IllyaCheapChannelPoison","PrismaMod:IllyaPartialInstallAssassin+1","PrismaMod:IllyaAlice","PrismaMod:IllyaEvokeAll"],"picked":"PrismaMod:IllyaAOECommonAttack+1","floor":20},{"not_picked":["PrismaMod:IllyaBoysLove","PrismaMod:IllyaUberPoisonBlock","PrismaMod:IllyaUpgradeOrbs","PrismaMod:IllyaReinForce"],"picked":"PrismaMod:IllyaMinorZwei+1","floor":21},{"not_picked":["PrismaMod:IllyaUncommonDefend","PrismaMod:IllyaCheapChannelAttack","PrismaMod:IllyaCheapChannelPoison","PrismaMod:IllyaBoysLove"],"picked":"PrismaMod:IllyaTestament+1","floor":22},{"not_picked":["PrismaMod:IllyaHassanGift+1","PrismaMod:IllyaStunPoison","PrismaMod:IllyaGrailKun","PrismaMod:IllyaCheapChannelPoison"],"picked":"PrismaMod:IllyaCarnivalAttack","floor":24},{"not_picked":["PrismaMod:IllyaRapidFire","PrismaMod:IllyaAOECommonAttack","PrismaMod:IllyaBoysLove","PrismaMod:IllyaUpgradeOrbs"],"picked":"PrismaMod:IllyaUberChannel","floor":25},{"not_picked":["PrismaMod:IllyaCheapChannelPoison","PrismaMod:IllyaBoysLove","PrismaMod:IllyaBride","PrismaMod:IllyaRussianRoulette"],"picked":"PrismaMod:IllyaCheapDefend","floor":27},{"not_picked":["PrismaMod:IllyaDualEvoke","PrismaMod:IllyaGun","PrismaMod:IllyaZwei","PrismaMod:IllyaDevil+1"],"picked":"PrismaMod:IllyaGrail","floor":31},{"not_picked":["PrismaMod:IllyaUberDefendChannel","PrismaMod:IllyaInstallRider","PrismaMod:IllyaInstallLancer","PrismaMod:IllyaInstallRuler"],"picked":"PrismaMod:IllyaUberAttackChannel","floor":33},{"not_picked":["PrismaMod:IllyaEvokeAll","PrismaMod:IllyaGrailKun"],"picked":"PrismaMod:IllyaPoisonBlock","floor":35},{"not_picked":["PrismaMod:IllyaReinForce+1","PrismaMod:IllyaMinorZwei"],"picked":"PrismaMod:IllyaPoisonTippedWeapons","floor":36},{"not_picked":["PrismaMod:IllyaRubysPotion","PrismaMod:IllyaGun"],"picked":"PrismaMod:IllyaAssassinRevenge","floor":38},{"not_picked":["PrismaMod:IllyaBlindPoisonToss+1","PrismaMod:IllyaBerserCAR+1"],"picked":"PrismaMod:IllyaSaphire+1","floor":39},{"not_picked":["PrismaMod:IllyaPoisonTippedWeapons","PrismaMod:IllyaStunPoison+1"],"picked":"PrismaMod:IllyaCheapDefend+1","floor":40},{"not_picked":["PrismaMod:IllyaBlindPoisonToss","PrismaMod:IllyaBoysLove"],"picked":"PrismaMod:IllyaTestament","floor":44},{"not_picked":["PrismaMod:IllyaCheapChannelPoison+1","PrismaMod:IllyaHassanGift+1"],"picked":"PrismaMod:IllyaGrail","floor":46},{"not_picked":["PrismaMod:IllyaInstallAlterEgo","PrismaMod:IllyaMinorZwei"],"picked":"PrismaMod:IllyaFeed","floor":47},{"not_picked":["PrismaMod:IllyaHassanGift","PrismaMod:IllyaFeed+1"],"picked":"PrismaMod:IllyaDetonatingBlow","floor":48}],"player_experience":167273,"relics_obtained":[{"floor":7,"key":"Snack Pack"},{"floor":9,"key":"Question Card"},{"floor":11,"key":"Potion Belt"},{"floor":13,"key":"Tiny Chest"},{"floor":24,"key":"Omamori"},{"floor":26,"key":"Replay:Ringing Soul"},{"floor":27,"key":"White Beast Statue"},{"floor":30,"key":"Onion Ring"},{"floor":40,"key":"Replay:Mystery Machine"},{"floor":43,"key":"ReplayTheSpireMod:Lightbulb"},{"floor":44,"key":"PreservedInsect"},{"floor":47,"key":"Anchor"},{"floor":49,"key":"ReplayFunnel"}],"event_choices":[{"damage_healed":0,"gold_gain":0,"player_choice":"Ignored","damage_taken":0,"max_hp_gain":0,"max_hp_loss":0,"event_name":"Liars Game","floor":5,"gold_loss":0},{"damage_healed":0,"gold_gain":300,"player_choice":"Gold","damage_taken":0,"max_hp_gain":0,"max_hp_loss":0,"event_name":"Wheel of Change","floor":37,"gold_loss":0},{"damage_healed":0,"gold_gain":0,"player_choice":"Paid","damage_taken":0,"relics_obtained":["Red Mask"],"max_hp_gain":0,"max_hp_loss":0,"event_name":"Tomb of Lord Red Mask","floor":45,"gold_loss":279}],"is_beta":false,"boss_relics":[{"not_picked":["Snecko Eye","Replay:Bronze Core"],"picked":"Honey Jar"},{"not_picked":["Painkiller Herb","Cursed Key"],"picked":"Busted Crown"}],"items_purged_floors":[42],"is_endless":false,"potions_floor_spawned":[2,11,13,19,21,25,27,31,33,35,36,38,39,40,44,46,47,48],"ascension_level":0}}