{"host":"rkd2egloqduv8drx","time":1611493644,"event":{"mods":["Act Like it!","BaseMod","CapriCore","Gensokyo","Jedi Mod","Koishi","Minty Spire (QoL Compilation)","Permanent Neow","Prisma Mod","Quick Restart","Robot Space Explorer","Spicy Shops","StSLib","Td1madao Mod","The Administrix","The Bug Knight","The Immortal","WarShipGirlsR/’ΩΩ¢…Ÿ≈ÆR mod","vexMod"],"gold_per_floor":[114,114,39,51,51,51,63,63,63,17,17,34,67,80,80,80,80],"floor_reached":16,"language":"ZHS","playtime":567,"items_purged":["Regret"],"score":100,"play_id":"b0592737-a591-4c41-b253-741f701b9a58","local_time":"20210124210724","is_ascension_mode":false,"campfire_choices":[{"data":"rmod:fuelsupply","floor":6,"key":"SMITH"},{"data":"rmod:basicallowance","floor":8,"key":"SMITH"},{"data":"rmod:expedition","floor":15,"key":"SMITH"}],"circlet_count":0,"master_deck":["rmod:strick","rmod:strick","rmod:strick","rmod:defend","rmod:defend","rmod:defend","rmod:defend","rmod:basicallowance+1","rmod:maingunfire","rmod:expeditionaryescort+1","rmod:fuelsupply+1","rmod:luckystar+1","Regret","rmod:expedition+1","rmod:intelligenceanalysis+1"],"relics":["rmod:firstchargereward","Molten Egg 2","Mercury Hourglass","Orichalcum"],"acts_visited":["Exordium"],"potions_floor_usage":[13],"damage_taken":[{"damage":2,"enemies":"2 Louse","floor":1,"turns":2},{"damage":6,"enemies":"Cultist","floor":4,"turns":3},{"damage":0,"enemies":"Jaw Worm","floor":7,"turns":3},{"damage":6,"enemies":"Looter","floor":12,"turns":2},{"damage":24,"enemies":"Gremlin Nob","floor":13,"turns":4},{"damage":5,"enemies":"Red Slaver","floor":14,"turns":2},{"damage":33,"enemies":"The Guardian","floor":16,"turns":4}],"seed_played":"1266766690807053539","potions_obtained":[{"floor":4,"key":"SteroidPotion"},{"floor":7,"key":"Fire Potion"},{"floor":14,"key":"Strength Potion"}],"is_trial":false,"path_per_floor":["M","?","$","M","?","R","M","R","T","$","?","M","E","M","R","B"],"character_chosen":"PRAEFECT","items_purchased":["rmod:luckystar+1"],"campfire_rested":0,"item_purchase_floors":[10],"current_hp_per_floor":[73,73,73,67,67,67,67,67,67,67,67,61,37,32,32,0,0],"gold":80,"neow_bonus":"THREE_RARE_CARDS","is_daily":false,"chose_seed":false,"campfire_upgraded":3,"win_rate":0.0,"timestamp":1611493644,"path_taken":["M","?","$","?","?","R","?","R","T","$","?","M","E","M","R","BOSS"],"items_purchased_type":["Card"],"build_version":"2020-12-22","purchased_purges":1,"victory":false,"max_hp_per_floor":[75,75,75,75,75,75,75,75,75,75,75,75,75,75,75,75,75],"card_choices":[{"not_picked":["rmod:highspeedmaneuver","rmod:saltedfish"],"picked":"rmod:expeditionaryescort","floor":0},{"not_picked":["rmod:advancebysurprise","rmod:circuitoustactics"],"picked":"rmod:fuelsupply","floor":1},{"not_picked":["rmod:bulid","rmod:supportescort","rmod:guardianhero"],"picked":"SKIP","floor":4},{"not_picked":["rmod:firesupport","rmod:unsinkable","rmod:aluminumsupply"],"picked":"SKIP","floor":7},{"not_picked":["rmod:steelsupply","rmod:u235"],"picked":"rmod:expedition","floor":12},{"not_picked":["rmod:victimresponsibility","rmod:fletcherpendant+1"],"picked":"rmod:intelligenceanalysis+1","floor":13},{"not_picked":["rmod:steelsupply","rmod:diamondstrike+1","rmod:tearstotiara+1"],"picked":"SKIP","floor":14}],"player_experience":321294,"relics_obtained":[{"floor":9,"key":"Molten Egg 2"},{"floor":13,"key":"Orichalcum"}],"event_choices":[{"damage_healed":0,"gold_gain":0,"player_choice":"Forge","damage_taken":0,"max_hp_gain":0,"max_hp_loss":0,"event_name":"Accursed Blacksmith","floor":2,"gold_loss":0,"cards_upgraded":["rmod:expeditionaryescort"]},{"cards_removed":["rmod:strick"],"damage_healed":0,"gold_gain":0,"player_choice":"Offered Basic","damage_taken":0,"max_hp_gain":0,"max_hp_loss":0,"event_name":"Bonfire Elementals","floor":5,"gold_loss":0},{"damage_healed":0,"gold_gain":0,"player_choice":"Box","damage_taken":0,"relics_obtained":["Mercury Hourglass"],"max_hp_gain":0,"max_hp_loss":0,"event_name":"Big Fish","floor":11,"gold_loss":0,"cards_obtained":["Regret"]}],"is_beta":false,"boss_relics":[],"items_purged_floors":[3],"is_endless":false,"potions_floor_spawned":[4,7,14],"killed_by":"The Guardian","ascension_level":0}}