{"host":"xmrw7jl1ir2912vf","time":1611519177,"event":{"mods":["BaseMod","Minty Spire (QoL Compilation)"],"gold_per_floor":[212,212,227,227,247,247,280,296,319,345,70,96,106,168,168,168,168],"floor_reached":16,"language":"ENG","playtime":829,"items_purged":["Strike_R"],"score":204,"play_id":"f0c0464c-89cc-4d9c-8b1c-063ca2e8e9bc","local_time":"20210124151257","is_ascension_mode":true,"campfire_choices":[{"data":"Whirlwind","floor":6.0,"key":"SMITH"},{"floor":15,"key":"REST"}],"circlet_count":0,"master_deck":["AscendersBane","Strike_R","Strike_R","Strike_R","Defend_R","Defend_R","Defend_R","Defend_R","Bash","Iron Wave+1","Cleave","Whirlwind+1","Rampage+1","Shrug It Off","Shrug It Off","Offering","Spot Weakness","Shrug It Off","Wild Strike","Dark Embrace"],"relics":["Burning Blood","Vajra","Smiling Mask","Whetstone","Medical Kit","Dream Catcher","Regal Pillow"],"acts_visited":["Exordium"],"potions_floor_usage":[12,14],"damage_taken":[{"damage":15.0,"enemies":"Jaw Worm","floor":1.0,"turns":5.0},{"damage":5.0,"enemies":"Cultist","floor":3.0,"turns":4.0},{"damage":0.0,"enemies":"Small Slimes","floor":5.0,"turns":3.0},{"damage":20.0,"enemies":"Gremlin Nob","floor":7.0,"turns":4.0},{"damage":7.0,"enemies":"Exordium Wildlife","floor":8.0,"turns":3.0},{"damage":44,"enemies":"Lagavulin","floor":10,"turns":8},{"damage":7,"enemies":"Gremlin Nob","floor":12,"turns":4},{"damage":6,"enemies":"Red Slaver","floor":13,"turns":3},{"damage":6,"enemies":"3 Sentries","floor":14,"turns":3},{"damage":49,"enemies":"Hexaghost","floor":16,"turns":9}],"seed_played":"-4274057711773720172","potions_obtained":[{"floor":3.0,"key":"SpeedPotion"},{"floor":5.0,"key":"AttackPotion"},{"floor":12,"key":"Strength Potion"},{"floor":13,"key":"Strength Potion"}],"is_trial":false,"path_per_floor":["M","?","M","?","M","R","E","M","T","E","$","E","M","?","R","B"],"character_chosen":"IRONCLAD","items_purchased":["Medical Kit","Offering"],"campfire_rested":1,"item_purchase_floors":[11,11],"current_hp_per_floor":[59,59,60,60,66,66,52,51,51,13,13,12,12,12,49,0,0],"gold":168,"neow_bonus":"HUNDRED_GOLD","is_daily":false,"chose_seed":false,"campfire_upgraded":1,"win_rate":0.0,"timestamp":1611519177,"path_taken":["M","?","?","?","M","R","E","M","T","E","$","E","M","?","R","BOSS"],"items_purchased_type":["Relic","Card"],"build_version":"2020-12-22","purchased_purges":1,"victory":false,"max_hp_per_floor":[75,75,75,75,75,75,75,75,75,75,75,75,75,75,75,75,75],"card_choices":[{"not_picked":["Metallicize","Warcry"],"picked":"Iron Wave","floor":1.0},{"not_picked":["Flex","Armaments"],"picked":"Cleave","floor":3.0},{"not_picked":["Wild Strike","Flex"],"picked":"Whirlwind","floor":5.0},{"not_picked":["Fire Breathing","Burning Pact"],"picked":"Rampage","floor":7.0},{"not_picked":["Flex","Fire Breathing"],"picked":"Shrug It Off","floor":8.0},{"not_picked":["Dual Wield","Clash"],"picked":"Shrug It Off","floor":10},{"not_picked":["Pummel","Armaments"],"picked":"Spot Weakness","floor":12},{"not_picked":["Evolve","Body Slam"],"picked":"Shrug It Off","floor":13},{"not_picked":["Bloodletting","Clash"],"picked":"Wild Strike","floor":14},{"not_picked":["Bloodletting","Twin Strike"],"picked":"Dark Embrace","floor":15}],"player_experience":389607,"relics_obtained":[{"floor":7.0,"key":"Vajra"},{"floor":9.0,"key":"Smiling Mask"},{"floor":10,"key":"Whetstone"},{"floor":12,"key":"Dream Catcher"}],"event_choices":[{"cards_removed":["Strike_R"],"damage_healed":0.0,"max_hp_gain":0.0,"max_hp_loss":0.0,"gold_gain":0.0,"event_name":"Purifier","player_choice":"Purged","floor":2.0,"gold_loss":0.0,"damage_taken":0.0},{"damage_healed":0.0,"max_hp_gain":0.0,"max_hp_loss":0.0,"gold_gain":0.0,"event_name":"Liars Game","player_choice":"Ignored","floor":4.0,"gold_loss":0.0,"damage_taken":0.0},{"damage_healed":0,"gold_gain":0,"player_choice":"Searched \u00272\u0027 times","damage_taken":0,"relics_obtained":["Regal Pillow"],"max_hp_gain":0,"max_hp_loss":0,"event_name":"Dead Adventurer","floor":14,"gold_loss":0}],"is_beta":false,"boss_relics":[],"items_purged_floors":[11],"is_endless":false,"potions_floor_spawned":[3,5,12,13],"killed_by":"Hexaghost","ascension_level":14}}