{"host":"n605f8gctjc87d7h","time":1611474741,"event":{"mods":["Aspiration","Bard","BaseMod","Better Match","Better Note","Better Skull","Better Third Choice","Conspire","Halation","Hermit","Infinite Spire","Minty Spire (QoL Compilation)","Replay The Spire","Retaliation","Shade Mod","Spicy Shops","StS++","StSLib","The IronCluck"],"gold_per_floor":[113,133,133,95,112,112,139,139,139,149,168,168,168,203,203,302,302,319,244,244,159,175,200,200,227,250,250,263,263,263,281,313,332,332,432,432,449,460,460,470,180,209,220,220,220,220,220,247,247,247,247,247,247],"floor_reached":52,"language":"ENG","playtime":3653,"items_purged":[],"score":973,"play_id":"378c6ed1-9693-428d-aa38-426c59a41d1e","local_time":"20210123235221","is_ascension_mode":true,"campfire_choices":[{"floor":6.0,"key":"REST"},{"data":"Apotheosis","floor":8.0,"key":"SMITH"},{"floor":13.0,"key":"REST"},{"data":"Strike_G","floor":15.0,"key":"PURGE"},{"data":"Footwork","floor":24.0,"key":"SMITH"},{"floor":27.0,"key":"REST"},{"data":"Fluid Movement","floor":34.0,"key":"SMITH"},{"floor":44,"key":"REST"},{"floor":46,"key":"REST"},{"floor":49,"key":"RECALL"},{"data":"Flying Knee","floor":51,"key":"SMITH"}],"circlet_count":0,"master_deck":["AscendersBane","Strike_G+1","Strike_G","Strike_G","Strike_G+1","Defend_G","Defend_G","Defend_G","Defend_G+1","Survivor","Neutralize+1","Apotheosis+1","Blade Dance","StSpp:StrikeFirst+1","Footwork+1","Fluid Movement+1","Acrobatics","Quick Slash+1","Backstab","Blade Dance","Die Die Die","infinitespire:FutureSight","Quick Slash","StSpp:SpareBlade","Terror+1","Flying Knee+1"],"relics":["Ring of the Snake","PreservedInsect","Orichalcum","ReplayTheSpireMod:Shallot","infinitespire:Satchel","aspiration:PoetsPen_weak","Anchor","Whetstone","Gremlin Food","Happy Flower","conspire:TopHat","conspire:SpecialSausage","halation:Toothbrush","Onion Ring","conspire:GlowingRock","infinitespire:Beetle Shell"],"acts_visited":["Exordium","TheCity","TheBeyond"],"potions_floor_usage":[42,52,52],"damage_taken":[{"damage":0.0,"enemies":"2 Louse","floor":1.0,"turns":6.0},{"damage":1.0,"enemies":"Jaw Worm","floor":2.0,"turns":5.0},{"damage":0.0,"enemies":"Cultist","floor":5.0,"turns":4.0},{"damage":0.0,"enemies":"Lagavulin","floor":7.0,"turns":7.0},{"damage":19.0,"enemies":"Gremlin Gang","floor":10.0,"turns":7.0},{"damage":2.0,"enemies":"Looter","floor":11.0,"turns":4.0},{"damage":1.0,"enemies":"3 Sentries","floor":14.0,"turns":2.0},{"damage":1.0,"enemies":"The Guardian","floor":16.0,"turns":15.0},{"damage":1.0,"enemies":"Spheric Guardian","floor":18.0,"turns":4.0},{"damage":0.0,"enemies":"Chosen","floor":22.0,"turns":4.0},{"damage":4.0,"enemies":"Gremlin Leader","floor":23.0,"turns":5.0},{"damage":19.0,"enemies":"Slavers","floor":25.0,"turns":6.0},{"damage":0.0,"enemies":"Snake Plant","floor":28.0,"turns":5.0},{"damage":0.0,"enemies":"Cultist and Chosen","floor":31.0,"turns":3.0},{"damage":0.0,"enemies":"Gremlin Leader","floor":32.0,"turns":3.0},{"damage":2.0,"enemies":"3 Cultists","floor":33.0,"turns":5.0},{"damage":13.0,"enemies":"Champ","floor":35.0,"turns":8.0},{"damage":9.0,"enemies":"3 Shapes","floor":37.0,"turns":4.0},{"damage":0,"enemies":"3 Darklings","floor":38,"turns":2},{"damage":4,"enemies":"4 Shapes","floor":40,"turns":4},{"damage":20,"enemies":"Nemesis","floor":42,"turns":3},{"damage":0,"enemies":"Jaw Worm Horde","floor":43,"turns":2},{"damage":2,"enemies":"R_Hoarder","floor":48,"turns":5},{"damage":77,"enemies":"Time Eater","floor":52,"turns":8}],"seed_played":"-211595408658516520","potions_obtained":[{"floor":2.0,"key":"DDmod:CleansePotion"},{"floor":10.0,"key":"SkillPotion"},{"floor":11.0,"key":"StSpp:SecondWindPotion"},{"floor":14.0,"key":"Energy Potion"},{"floor":23.0,"key":"ColorlessPotion"},{"floor":25.0,"key":"Strength Potion"},{"floor":31.0,"key":"Fire Potion"},{"floor":38,"key":"CunningPotion"},{"floor":40,"key":"Toxic Potion"},{"floor":48,"key":"CunningPotion"}],"is_trial":false,"path_per_floor":["M","M","?","$","M","R","E","R","T","M","M","$","R","E","R","B",null,"M","?","?","?","M","E","R","E","T","R","M","PTL","PTL","M","E","M","R","B",null,"M","M","AVR","M","$","E","M","R","T","R","?","E","R","?","R","B"],"character_chosen":"THE_SILENT","items_purchased":["Footwork","StSpp:SpareBlade","Onion Ring"],"campfire_rested":5,"item_purchase_floors":[4,41,41],"current_hp_per_floor":[45,44,44,44,44,65,65,65,65,46,44,44,65,64,64,63,68,67,67,67,67,67,63,63,44,44,65,65,65,65,65,65,63,63,50,65,56,56,56,52,52,32,32,53,53,70,70,68,68,68,68,0,0],"gold":247,"neow_bonus":"RANDOM_COLORLESS_2","is_daily":false,"chose_seed":false,"campfire_upgraded":4,"win_rate":0.0,"timestamp":1611474741,"path_taken":["M","M","?","$","M","R","E","R","T","M","M","$","R","E","R","BOSS","M","?","?","?","?","E","R","E","T","R","M","PTL","PTL","M","E","M","R","BOSS","M","?","AVR","M","$","E","?","R","T","R","?","E","R","?","R","BOSS"],"items_purchased_type":["Card","Card","Relic"],"build_version":"2020-12-22","purchased_purges":0,"victory":false,"max_hp_per_floor":[70,70,70,70,70,70,70,70,70,70,70,70,70,70,70,70,70,70,70,70,70,70,70,70,70,70,70,70,70,70,70,70,70,70,70,70,70,70,70,70,70,70,70,70,70,70,70,70,70,70,70,70,70],"card_choices":[{"not_picked":["Crow Ritual","Thinking Ahead"],"picked":"Apotheosis","floor":0.0},{"not_picked":["Calculated Gamble","Acrobatics"],"picked":"Blade Dance","floor":1.0},{"not_picked":["Underhanded Strike","StSpp:PoisonousPunch"],"picked":"StSpp:StrikeFirst","floor":2.0},{"not_picked":["PiercingWail","ReplayTheSpireMod:Tripwire","ReplayTheSpireMod:Speed Training"],"picked":"SKIP","floor":5.0},{"not_picked":["Dash","Underhanded Strike"],"picked":"Fluid Movement","floor":7.0},{"not_picked":["StSpp:SpareBlade","Toxin Wave","Prepared"],"picked":"SKIP","floor":10.0},{"not_picked":["Replay:Poison Smokescreen","Dash","Slice"],"picked":"SKIP","floor":11.0},{"not_picked":["Replay:Poison Smokescreen","StSpp:FiercePoison","Deadly Poison"],"picked":"SKIP","floor":14.0},{"not_picked":["Backflip","StSpp:ChainedTrap+1"],"picked":"Acrobatics","floor":18.0},{"not_picked":["Dagger Throw+1","Reflex+1","Slice"],"picked":"SKIP","floor":22.0},{"not_picked":["Dagger Throw","Setup","Underhanded Strike"],"picked":"SKIP","floor":23.0},{"not_picked":["StSpp:Dive","Toxin Wave+1"],"picked":"Quick Slash+1","floor":25.0},{"not_picked":["StSpp:Dive+1","Dash","Blade Dance"],"picked":"SKIP","floor":28.0},{"not_picked":["Sucker Punch","Night Terror","Deflect"],"picked":"SKIP","floor":31.0},{"not_picked":["Dagger Spray","Outmaneuver"],"picked":"Backstab","floor":32.0},{"not_picked":["StSpp:Dive","Toxin Wave"],"picked":"Blade Dance","floor":33.0},{"not_picked":["Replay:Bag of Tricks","ReplayTheSpireMod:From All Sides"],"picked":"Die Die Die","floor":35.0},{"not_picked":["Underhanded Strike","Cloak And Dagger","Deadly Poison+1"],"picked":"SKIP","floor":37.0},{"not_picked":["Prepared+1","Sucker Punch","StSpp:Throw"],"picked":"SKIP","floor":38},{"not_picked":["Terror","Backflip"],"picked":"Quick Slash","floor":40},{"not_picked":["Cloak And Dagger","StSpp:TimeParadox"],"picked":"Terror+1","floor":42},{"not_picked":["Terror+1","StSpp:Throw","Backflip"],"picked":"SKIP","floor":43},{"not_picked":["Replay:Bag of Tricks","Cloak And Dagger"],"picked":"Flying Knee","floor":48}],"player_experience":636588,"relics_obtained":[{"floor":7.0,"key":"Orichalcum"},{"floor":9.0,"key":"ReplayTheSpireMod:Shallot"},{"floor":14.0,"key":"infinitespire:Satchel"},{"floor":23.0,"key":"Whetstone"},{"floor":25.0,"key":"Gremlin Food"},{"floor":26.0,"key":"Happy Flower"},{"floor":32.0,"key":"conspire:TopHat"},{"floor":42,"key":"conspire:GlowingRock"},{"floor":48,"key":"infinitespire:Beetle Shell"}],"event_choices":[{"cards_removed":["Defend_G"],"damage_healed":0.0,"max_hp_gain":0.0,"max_hp_loss":0.0,"gold_gain":0.0,"event_name":"Beggar","player_choice":"Gave Gold","floor":19.0,"gold_loss":75.0,"damage_taken":0.0},{"damage_healed":0.0,"max_hp_gain":0.0,"max_hp_loss":0.0,"gold_gain":0.0,"event_name":"Ghosts","player_choice":"Ignored","floor":20.0,"gold_loss":0.0,"damage_taken":0.0},{"damage_healed":0.0,"max_hp_gain":0.0,"max_hp_loss":0.0,"gold_gain":0.0,"event_name":"Addict","player_choice":"Obtained Relic","floor":21.0,"gold_loss":85.0,"damage_taken":0.0,"relics_obtained":["Anchor"]},{"damage_healed":0,"gold_gain":0,"player_choice":"Ignored","damage_taken":0,"max_hp_gain":0,"max_hp_loss":0,"event_name":"betterThird:BetterPortal","floor":50,"gold_loss":0}],"is_beta":false,"boss_relics":[{"not_picked":["Busted Crown","Ring of the Serpent"],"picked":"aspiration:PoetsPen_weak"},{"not_picked":["Ring of Chaos","conspire:RoyalGoblet"],"picked":"conspire:SpecialSausage"}],"items_purged_floors":[],"is_endless":false,"potions_floor_spawned":[2,10,11,14,23,25,31,33,38,40,48],"killed_by":"Time Eater","ascension_level":11}}