{"host":"k85tjwrh7mjrrc9a","time":1611526606,"event":{"mods":["AchievementEnabler","BaseMod","Colored Powertips","Highlight Path","Minty Spire (QoL Compilation)","Rare Cards Sparkle","StSLib"],"gold_per_floor":[218,218,235,247,259,259,317,356,394,406,431,368,368,382,382,382,382],"floor_reached":16,"language":"ENG","playtime":780,"items_purged":["Strike_R"],"score":173,"play_id":"0c4429ed-3e29-4c9a-9f9e-ac1cfa48a17c","local_time":"20210124171646","is_ascension_mode":true,"campfire_choices":[{"data":"Bash","floor":6,"key":"SMITH"},{"floor":15,"key":"REST"}],"circlet_count":0,"master_deck":["AscendersBane","Strike_R","Strike_R","Strike_R","Defend_R","Defend_R","Defend_R","Defend_R","Bash+1","Pommel Strike","Headbutt","Evolve","Clothesline","True Grit","Shockwave"],"relics":["Burning Blood","MawBank","Anchor","Lantern"],"acts_visited":["Exordium"],"potions_floor_usage":[11,16],"damage_taken":[{"damage":0,"enemies":"Small Slimes","floor":1,"turns":3},{"damage":1,"enemies":"Cultist","floor":3,"turns":3},{"damage":11,"enemies":"2 Louse","floor":4,"turns":3},{"damage":7,"enemies":"Large Slime","floor":5,"turns":5},{"damage":35,"enemies":"3 Sentries","floor":7,"turns":11},{"damage":26,"enemies":"Gremlin Nob","floor":8,"turns":5},{"damage":3,"enemies":"Lots of Slimes","floor":11,"turns":3},{"damage":1,"enemies":"Looter","floor":14,"turns":4},{"damage":51,"enemies":"Hexaghost","floor":16,"turns":11}],"seed_played":"-6070831526303258410","potions_obtained":[{"floor":7,"key":"Fire Potion"},{"floor":11,"key":"BlessingOfTheForge"}],"is_trial":false,"path_per_floor":["M","?","M","M","M","R","?","E","T","?","M","$","?","M","R","B"],"character_chosen":"IRONCLAD","items_purchased":[],"campfire_rested":1,"item_purchase_floors":[],"current_hp_per_floor":[74,74,75,70,69,69,40,20,20,20,23,23,23,28,50,0,0],"gold":382,"neow_bonus":"HUNDRED_GOLD","is_daily":false,"chose_seed":false,"campfire_upgraded":1,"win_rate":0.0,"timestamp":1611526606,"path_taken":["M","?","?","M","M","R","?","E","T","?","M","$","?","?","R","BOSS"],"items_purchased_type":[],"build_version":"2020-12-22","purchased_purges":1,"victory":false,"max_hp_per_floor":[75,75,75,75,75,75,75,75,75,75,75,75,75,75,75,75,75],"card_choices":[{"not_picked":["Sword Boomerang","Perfected Strike"],"picked":"Pommel Strike","floor":1},{"not_picked":["Sword Boomerang","Clothesline"],"picked":"Headbutt","floor":3},{"not_picked":["Pummel","Searing Blow"],"picked":"Evolve","floor":4},{"not_picked":["Havoc","Perfected Strike"],"picked":"Clothesline","floor":5},{"not_picked":["Iron Wave","Havoc"],"picked":"True Grit","floor":7},{"not_picked":["Rage","Havoc","Bloodletting"],"picked":"SKIP","floor":8},{"not_picked":["Armaments","Reaper"],"picked":"Shockwave","floor":11},{"not_picked":["Headbutt","Havoc","Intimidate"],"picked":"SKIP","floor":14}],"player_experience":215698,"relics_obtained":[{"floor":7,"key":"MawBank"},{"floor":8,"key":"Anchor"},{"floor":9,"key":"Lantern"}],"event_choices":[{"cards_removed":["Strike_R"],"damage_healed":0,"gold_gain":0,"player_choice":"Purged","damage_taken":0,"max_hp_gain":0,"max_hp_loss":0,"event_name":"Purifier","floor":2,"gold_loss":0},{"damage_healed":0,"gold_gain":0,"player_choice":"Searched \u00271\u0027 times","damage_taken":0,"max_hp_gain":0,"max_hp_loss":0,"event_name":"Dead Adventurer","floor":7,"gold_loss":0},{"damage_healed":0,"gold_gain":0,"player_choice":"Fled","damage_taken":0,"max_hp_gain":0,"max_hp_loss":0,"event_name":"Scrap Ooze","floor":10,"gold_loss":0},{"damage_healed":0,"gold_gain":0,"player_choice":"Bought 0 Potions","damage_taken":0,"max_hp_gain":0,"max_hp_loss":0,"event_name":"The Woman in Blue","floor":13,"gold_loss":0}],"is_beta":false,"boss_relics":[],"items_purged_floors":[12],"is_endless":false,"potions_floor_spawned":[7,11],"killed_by":"Hexaghost","ascension_level":14}}