{"host":"ebj6lkgm8suah319","time":1611505750,"event":{"mods":["2.2 Compatiblity","AchievementEnabler","BaseMod","Block Reminder","Colored Map","Colored Powertips","Minty Spire (QoL Compilation)","Quick Restart","Rare Cards Sparkle","Relic Stats","SuperFastMode"],"gold_per_floor":[18,18,32,47,58,58,93,93,93,127,127,162,180,194,194,272,272,288,288,178,151,35,70,70,82,82,115,115,125,142,157,157,230,230,242,82,0,55,74,100,100,100,100,135,155,155,187,187,187,187],"floor_reached":51,"language":"ENG","playtime":1941,"items_purged":["Strike_R"],"score":1650,"play_id":"7077163f-00ba-47a9-9f75-b3d259422f83","local_time":"20210124112910","is_ascension_mode":true,"campfire_choices":[{"data":"Bash","floor":6.0,"key":"SMITH"},{"floor":8.0,"key":"REST"},{"floor":11.0,"key":"REST"},{"data":"Demon Form","floor":15.0,"key":"SMITH"},{"floor":24,"key":"REST"},{"floor":28,"key":"REST"},{"floor":32,"key":"REST"},{"floor":41,"key":"REST"},{"floor":46,"key":"REST"},{"floor":49,"key":"REST"}],"circlet_count":0,"master_deck":["AscendersBane","Strike_R","Defend_R","Defend_R+1","Defend_R+1","Defend_R+1","Bash+1","Burning Pact","Anger","Pommel Strike","Carnage","Uppercut","Demon Form+1","Shockwave","Reaper","Heavy Blade","Uppercut","Battle Trance","Evolve","Reaper","Corruption","True Grit","Dropkick","Disarm","Shrug It Off","Sadistic Nature","Panache"],"relics":["Burning Blood","Matryoshka","InkBottle","Orichalcum","Singing Bowl","FossilizedHelix","War Paint","Fusion Hammer","Champion Belt","Pen Nib","Boot","Eternal Feather","Snecko Eye","Medical Kit","Red Mask","Pocketwatch","Lantern","Bottled Flame","Pear","Dream Catcher"],"acts_visited":["Exordium","TheCity","TheBeyond"],"potions_floor_usage":[23,38],"damage_taken":[{"damage":11.0,"enemies":"Jaw Worm","floor":1.0,"turns":6.0},{"damage":7.0,"enemies":"Cultist","floor":3.0,"turns":4.0},{"damage":1.0,"enemies":"Small Slimes","floor":4.0,"turns":4.0},{"damage":17.0,"enemies":"Exordium Wildlife","floor":5.0,"turns":6.0},{"damage":47.0,"enemies":"Lagavulin","floor":7.0,"turns":6.0},{"damage":20.0,"enemies":"Gremlin Nob","floor":10.0,"turns":4.0},{"damage":9.0,"enemies":"Lagavulin","floor":12.0,"turns":5.0},{"damage":7.0,"enemies":"Blue Slaver","floor":13.0,"turns":3.0},{"damage":0.0,"enemies":"2 Fungi Beasts","floor":14.0,"turns":3.0},{"damage":21.0,"enemies":"The Guardian","floor":16.0,"turns":10.0},{"damage":9.0,"enemies":"Shell Parasite","floor":18.0,"turns":4.0},{"damage":21.0,"enemies":"2 Thieves","floor":21.0,"turns":4.0},{"damage":16,"enemies":"Gremlin Leader","floor":23,"turns":6},{"damage":39,"enemies":"Chosen and Byrds","floor":25,"turns":6},{"damage":55,"enemies":"Slavers","floor":27,"turns":7},{"damage":17,"enemies":"Centurion and Healer","floor":29,"turns":11},{"damage":15,"enemies":"3 Cultists","floor":30,"turns":6},{"damage":0,"enemies":"Snecko","floor":31,"turns":3},{"damage":54,"enemies":"Champ","floor":33,"turns":17},{"damage":0,"enemies":"Orb Walker","floor":35,"turns":2},{"damage":6,"enemies":"2 Orb Walkers","floor":38,"turns":3},{"damage":0,"enemies":"3 Darklings","floor":39,"turns":5},{"damage":27,"enemies":"Nemesis","floor":40,"turns":6},{"damage":0,"enemies":"Giant Head","floor":44,"turns":5},{"damage":15,"enemies":"Sphere and 2 Shapes","floor":45,"turns":7},{"damage":44,"enemies":"Nemesis","floor":47,"turns":7},{"damage":99,"enemies":"Donu and Deca","floor":50,"turns":8}],"seed_played":"-837752160923886146","potions_obtained":[{"floor":1.0,"key":"SkillPotion"},{"floor":7.0,"key":"Fruit Juice"},{"floor":12.0,"key":"Weak Potion"},{"floor":16.0,"key":"SteroidPotion"},{"floor":21.0,"key":"Explosive Potion"},{"floor":23,"key":"Dexterity Potion"},{"floor":30,"key":"DuplicationPotion"},{"floor":40,"key":"SpeedPotion"},{"floor":44,"key":"FearPotion"}],"is_trial":false,"path_per_floor":["M","?","M","M","M","R","E","R","T","E","R","E","M","M","R","B",null,"M","?","?","M","$","E","R","M","T","E","R","M","M","M","R","B",null,"M","$","?","?","M","E","R","?","T","E","M","R","E","?","R","B",null],"character_chosen":"IRONCLAD","items_purchased":["Evolve","Medical Kit"],"campfire_rested":8,"item_purchase_floors":[22,36],"current_hp_per_floor":[77,77,76,81,70,70,29,60,60,46,74,73,72,78,78,63,88,87,87,87,82,82,100,100,84,84,76,104,106,105,110,110,81,103,112,112,112,112,112,93,112,106,106,118,118,118,95,87,122,82],"gold":187,"neow_bonus":"TWENTY_PERCENT_HP_BONUS","is_daily":false,"chose_seed":false,"campfire_upgraded":2,"win_rate":0.0,"timestamp":1611505750,"path_taken":["M","?","M","?","?","R","E","R","T","E","R","E","M","M","R","BOSS","M","?","?","M","$","E","R","?","T","E","R","M","M","M","R","BOSS","M","$","?","?","M","E","R","?","T","E","?","R","E","?","R","BOSS"],"items_purchased_type":["Card","Relic"],"build_version":"2020-12-22","purchased_purges":1,"victory":true,"max_hp_per_floor":[89,89,89,89,89,89,89,94,94,94,94,96,96,96,96,96,96,98,98,98,98,98,100,100,102,102,104,104,106,108,110,110,110,110,112,112,112,112,112,112,112,106,106,118,118,118,118,120,122,122],"relic_stats":{"Singing Bowl":24,"counters":[27,158],"Eternal Feather":36,"Pen Nib":[15],"Orichalcum":[396],"War Paint":["Defend_R","Defend_R"],"Boot":[75],"Medical Kit":[22],"Burning Blood":115,"Dream Catcher":1,"Snecko Eye":[74,113,83,98],"Champion Belt":[76],"obtain_stats":[{"Lantern":40,"Pear":44,"Singing Bowl":9,"Eternal Feather":27,"Pen Nib":26,"Orichalcum":9,"War Paint":12,"Boot":26,"Medical Kit":36,"Burning Blood":0,"Bottled Flame":43,"Dream Catcher":47,"Matryoshka":2,"Snecko Eye":34,"Fusion Hammer":17,"Red Mask":37,"Champion Belt":23,"InkBottle":7,"FossilizedHelix":10,"Pocketwatch":38},{"Lantern":23,"Pear":24,"Singing Bowl":5,"Eternal Feather":15,"Pen Nib":14,"Orichalcum":5,"War Paint":7,"Boot":14,"Medical Kit":20,"Burning Blood":0,"Bottled Flame":23,"Dream Catcher":26,"Matryoshka":1,"Snecko Eye":19,"Fusion Hammer":10,"Red Mask":20,"Champion Belt":13,"InkBottle":5,"FossilizedHelix":6,"Pocketwatch":21},{"Lantern":131,"Pear":136,"Singing Bowl":26,"Eternal Feather":78,"Pen Nib":71,"Orichalcum":26,"War Paint":35,"Boot":71,"Medical Kit":117,"Burning Blood":0,"Bottled Flame":131,"Dream Catcher":150,"Matryoshka":6,"Snecko Eye":115,"Fusion Hammer":51,"Red Mask":117,"Champion Belt":65,"InkBottle":26,"FossilizedHelix":30,"Pocketwatch":120}],"InkBottle":[36],"Pocketwatch":[23]},"card_choices":[{"not_picked":["Flex","Iron Wave"],"picked":"Burning Pact","floor":1.0},{"not_picked":["Seeing Red","Dual Wield"],"picked":"Anger","floor":3.0},{"not_picked":["Brutality","Burning Pact"],"picked":"Pommel Strike","floor":4.0},{"not_picked":["Clash","Havoc","Dual Wield"],"picked":"SKIP","floor":5.0},{"not_picked":["Rupture","Anger"],"picked":"Carnage","floor":7.0},{"not_picked":["Warcry","Havoc"],"picked":"Uppercut","floor":10.0},{"not_picked":["Wild Strike","Iron Wave","Flex"],"picked":"Singing Bowl","floor":12.0},{"not_picked":["Fire Breathing","Thunderclap"],"picked":"Demon Form","floor":13.0},{"not_picked":["Iron Wave","Burning Pact"],"picked":"Shockwave","floor":14.0},{"not_picked":["Impervious","Demon Form"],"picked":"Reaper","floor":16.0},{"not_picked":["Entrench","Twin Strike","Carnage"],"picked":"Singing Bowl","floor":18.0},{"not_picked":["Perfected Strike","Burning Pact"],"picked":"Battle Trance","floor":21.0},{"not_picked":["Pummel","Whirlwind","Iron Wave"],"picked":"Singing Bowl","floor":23},{"not_picked":["Iron Wave","Cleave","Pommel Strike"],"picked":"Singing Bowl","floor":25},{"not_picked":["Metallicize","Headbutt","Whirlwind"],"picked":"Singing Bowl","floor":27},{"not_picked":["Body Slam","Clash","Pummel"],"picked":"Singing Bowl","floor":29},{"not_picked":["Iron Wave","Anger","Juggernaut"],"picked":"Singing Bowl","floor":30},{"not_picked":["Iron Wave","Twin Strike+1","Headbutt"],"picked":"Singing Bowl","floor":31},{"not_picked":["Limit Break","Juggernaut"],"picked":"Reaper","floor":33},{"not_picked":["Clash","Pommel Strike","Heavy Blade"],"picked":"Singing Bowl","floor":35},{"not_picked":["Shrug It Off","Pummel"],"picked":"Corruption","floor":38},{"not_picked":["Flex+1","Heavy Blade"],"picked":"True Grit","floor":39},{"not_picked":["Spot Weakness","Clash"],"picked":"Dropkick","floor":40},{"not_picked":["Twin Strike","Infernal Blade+1","Combust"],"picked":"Singing Bowl","floor":44},{"not_picked":["Rupture+1","Metallicize"],"picked":"Disarm","floor":45},{"not_picked":["Armaments","Infernal Blade"],"picked":"Shrug It Off","floor":47},{"not_picked":["Deep Breath","Finesse"],"picked":"Sadistic Nature","floor":48},{"not_picked":["Purity","Madness"],"picked":"Panache","floor":48},{"not_picked":["Good Instincts","Panacea","Forethought"],"picked":"Singing Bowl","floor":48},{"not_picked":["Warcry","Uppercut","Armaments"],"picked":"Singing Bowl","floor":49}],"player_experience":63809,"relics_obtained":[{"floor":2.0,"key":"Matryoshka"},{"floor":7.0,"key":"InkBottle"},{"floor":9.0,"key":"Orichalcum"},{"floor":9.0,"key":"Singing Bowl"},{"floor":10.0,"key":"FossilizedHelix"},{"floor":12.0,"key":"War Paint"},{"floor":23,"key":"Champion Belt"},{"floor":26,"key":"Pen Nib"},{"floor":26,"key":"Boot"},{"floor":27,"key":"Eternal Feather"},{"floor":38,"key":"Pocketwatch"},{"floor":40,"key":"Lantern"},{"floor":43,"key":"Bottled Flame"},{"floor":44,"key":"Pear"},{"floor":47,"key":"Dream Catcher"}],"event_choices":[{"damage_healed":0.0,"max_hp_gain":0.0,"max_hp_loss":0.0,"gold_gain":0.0,"event_name":"Wheel of Change","player_choice":"Relic","floor":2.0,"gold_loss":0.0,"damage_taken":0.0},{"damage_healed":0.0,"max_hp_gain":0.0,"max_hp_loss":0.0,"gold_gain":0.0,"cards_transformed":["Strike_R","Strike_R"],"event_name":"Drug Dealer","player_choice":"Became Test Subject","floor":19.0,"gold_loss":0.0,"damage_taken":0.0,"cards_obtained":["Heavy Blade","Uppercut"]},{"cards_removed":["Strike_R"],"damage_healed":0.0,"max_hp_gain":0.0,"max_hp_loss":0.0,"gold_gain":0.0,"event_name":"Designer","player_choice":"Upgrade and Remove","floor":20.0,"gold_loss":110.0,"damage_taken":0.0,"cards_upgraded":["Defend_R"]},{"damage_healed":0,"gold_gain":0,"player_choice":"Paid","damage_taken":0,"relics_obtained":["Red Mask"],"max_hp_gain":0,"max_hp_loss":0,"event_name":"Tomb of Lord Red Mask","floor":37,"gold_loss":82},{"damage_healed":0,"gold_gain":0,"player_choice":"Fight","damage_taken":0,"max_hp_gain":0,"max_hp_loss":0,"event_name":"Mysterious Sphere","floor":38,"gold_loss":0},{"damage_healed":0,"gold_gain":0,"player_choice":"Max HP","damage_taken":0,"max_hp_gain":0,"max_hp_loss":6,"event_name":"Winding Halls","floor":42,"gold_loss":0},{"damage_healed":0,"gold_gain":0,"player_choice":"Memory 3","damage_taken":10,"max_hp_gain":0,"max_hp_loss":0,"event_name":"SensoryStone","floor":48,"gold_loss":0}],"is_beta":false,"boss_relics":[{"not_picked":["Cursed Key","Empty Cage"],"picked":"Fusion Hammer"},{"not_picked":["Coffee Dripper","Velvet Choker"],"picked":"Snecko Eye"}],"items_purged_floors":[22],"is_endless":false,"potions_floor_spawned":[1,7,12,16,21,23,30,40,44],"ascension_level":19}}