{"host":"rolltorest","time":1611531526,"event":{"mods":["BaseMod","Minty Spire (QoL Compilation)","Relic Stats","Slay the Relics Exporter","StSLib"],"gold_per_floor":[114,114,189,189,199,199,227,227,297,322,322,322,335,367,367,445,445,463,301,351,371,384,384,400,450,474,374,424,751,751,751],"floor_reached":30,"language":"ENG","playtime":712,"items_purged":["Strike_P","Strike_P"],"score":528,"play_id":"b0a9f3f0-a7ff-4c02-9903-b7cc2f8a04f1","local_time":"20210124153846","is_ascension_mode":true,"campfire_choices":[{"data":"EmptyFist","floor":6,"key":"SMITH"},{"floor":8,"key":"REST"},{"floor":15,"key":"REST"},{"floor":23,"key":"REST"}],"circlet_count":0,"master_deck":["AscendersBane","Strike_P","Strike_P","Defend_P","Defend_P","Defend_P","Defend_P","Eruption","Vigilance","ForeignInfluence","EmptyFist+1","FlurryOfBlows","BowlingBash","Evaluate","FlurryOfBlows","Vault","WheelKick+1","Meditate","Blasphemy","CutThroughFate","WaveOfTheHand"],"relics":["SlaversCollar","Tiny Chest","Mercury Hourglass","TungstenRod","Centennial Puzzle","SsserpentHead","Shuriken","Fusion Hammer","Nilry\u0027s Codex","Gremlin Horn","Juzu Bracelet","Old Coin"],"acts_visited":["Exordium","TheCity"],"potions_floor_usage":[10,29],"damage_taken":[{"damage":1,"enemies":"2 Louse","floor":1,"turns":4},{"damage":3,"enemies":"Small Slimes","floor":5,"turns":4},{"damage":37,"enemies":"3 Sentries","floor":7,"turns":6},{"damage":22,"enemies":"Lagavulin","floor":10,"turns":8},{"damage":5,"enemies":"Cultist","floor":13,"turns":3},{"damage":2,"enemies":"Gremlin Nob","floor":14,"turns":3},{"damage":5,"enemies":"Slime Boss","floor":16,"turns":6},{"damage":3,"enemies":"Chosen","floor":18,"turns":3},{"damage":10,"enemies":"Shell Parasite","floor":21,"turns":5},{"damage":8,"enemies":"Centurion and Healer","floor":22,"turns":3},{"damage":14,"enemies":"Shelled Parasite and Fungi","floor":24,"turns":5},{"damage":12,"enemies":"Gremlin Leader","floor":29,"turns":4},{"damage":12,"enemies":"Snake Plant","floor":30,"turns":1}],"seed_played":"-5507636689883587566","potions_obtained":[{"floor":5,"key":"Dexterity Potion"},{"floor":10,"key":"Ancient Potion"},{"floor":14,"key":"Swift Potion"},{"floor":16,"key":"GamblersBrew"}],"is_trial":false,"path_per_floor":["M","?","?","?","M","R","E","R","T","E","?","?","M","E","R","B",null,"M","$","?","M","M","R","M","T","T","$","?","E","M"],"character_chosen":"WATCHER","items_purchased":["Meditate"],"campfire_rested":3,"item_purchase_floors":[19],"current_hp_per_floor":[60,60,49,54,51,51,14,35,35,13,13,13,8,6,27,22,60,57,57,40,30,22,43,29,29,29,29,24,12,0,0],"gold":751,"neow_bonus":"BOSS_RELIC","is_daily":false,"chose_seed":false,"campfire_upgraded":1,"win_rate":0.0,"timestamp":1611531526,"path_taken":["M","?","?","?","M","R","E","R","T","E","?","?","M","E","R","BOSS","M","$","?","M","M","R","M","?","T","$","?","E","M"],"items_purchased_type":["Card"],"build_version":"2020-12-18","purchased_purges":2,"victory":false,"max_hp_per_floor":[68,68,68,73,73,73,73,73,73,73,73,73,73,73,73,73,73,73,73,73,73,73,73,73,73,73,73,73,73,73,73],"relic_stats":{"SsserpentHead":150,"Centennial Puzzle":[27],"Gremlin Horn":[3,3],"counters":[13,55],"Shuriken":[20],"Tiny Chest":1,"Juzu Bracelet":0,"obtain_stats":[{"Gremlin Horn":25,"Nilry\u0027s Codex":20,"Juzu Bracelet":26,"Mercury Hourglass":9,"Old Coin":29,"SlaversCollar":0,"SsserpentHead":12,"Centennial Puzzle":11,"Shuriken":14,"Tiny Chest":7,"Fusion Hammer":17,"PureWater":0,"TungstenRod":10},{"Gremlin Horn":11,"Nilry\u0027s Codex":8,"Juzu Bracelet":11,"Mercury Hourglass":3,"Old Coin":12,"SlaversCollar":0,"SsserpentHead":4,"Centennial Puzzle":4,"Shuriken":6,"Tiny Chest":3,"Fusion Hammer":7,"PureWater":0,"TungstenRod":4},{"Gremlin Horn":50,"Nilry\u0027s Codex":37,"Juzu Bracelet":50,"Mercury Hourglass":14,"Old Coin":54,"SlaversCollar":0,"SsserpentHead":22,"Centennial Puzzle":22,"Shuriken":28,"Tiny Chest":14,"Fusion Hammer":34,"PureWater":0,"TungstenRod":22}],"TungstenRod":21,"Mercury Hourglass":[144]},"card_choices":[{"not_picked":["ClearTheMind","Vengeance"],"picked":"ForeignInfluence","floor":1},{"not_picked":["FlurryOfBlows","WindmillStrike"],"picked":"EmptyFist","floor":5},{"not_picked":["FlyingSleeves","Brilliance"],"picked":"FlurryOfBlows","floor":7},{"not_picked":["Swivel","Halt"],"picked":"BowlingBash","floor":10},{"not_picked":["ReachHeaven","Consecrate"],"picked":"Evaluate","floor":13},{"not_picked":["Fasting2","FollowUp"],"picked":"FlurryOfBlows","floor":14},{"not_picked":["SpiritShield","Wish"],"picked":"Vault","floor":16},{"not_picked":["FlyingSleeves","BowlingBash"],"picked":"WheelKick+1","floor":18},{"not_picked":["WreathOfFlame","Evaluate","Protect"],"picked":"SKIP","floor":21},{"not_picked":["Prostrate","Collect"],"picked":"Blasphemy","floor":22},{"not_picked":["FollowUp","Prostrate"],"picked":"CutThroughFate","floor":24},{"not_picked":["DevaForm","LikeWater"],"picked":"WaveOfTheHand","floor":29}],"player_experience":1775901,"relics_obtained":[{"floor":7,"key":"Tiny Chest"},{"floor":9,"key":"Mercury Hourglass"},{"floor":10,"key":"TungstenRod"},{"floor":14,"key":"Shuriken"},{"floor":20,"key":"Nilry\u0027s Codex"},{"floor":25,"key":"Gremlin Horn"},{"floor":26,"key":"Juzu Bracelet"},{"floor":29,"key":"Old Coin"}],"event_choices":[{"damage_healed":0,"gold_gain":0,"player_choice":"Leave","damage_taken":0,"max_hp_gain":0,"max_hp_loss":0,"event_name":"The Cleric","floor":2,"gold_loss":0},{"damage_healed":0,"gold_gain":75,"player_choice":"Gather Gold","damage_taken":11,"max_hp_gain":0,"max_hp_loss":0,"event_name":"World of Goop","floor":3,"gold_loss":0},{"damage_healed":0,"gold_gain":0,"player_choice":"Donut","damage_taken":0,"max_hp_gain":5,"max_hp_loss":0,"event_name":"Big Fish","floor":4,"gold_loss":0},{"damage_healed":0,"gold_gain":0,"player_choice":"Searched \u00271\u0027 times","damage_taken":0,"relics_obtained":["Centennial Puzzle"],"max_hp_gain":0,"max_hp_loss":0,"event_name":"Dead Adventurer","floor":11,"gold_loss":0},{"damage_healed":0,"gold_gain":0,"player_choice":"Trade","damage_taken":0,"relics_obtained":["SsserpentHead"],"max_hp_gain":0,"max_hp_loss":0,"event_name":"FaceTrader","floor":12,"gold_loss":0},{"damage_healed":0,"gold_gain":0,"player_choice":"Obtained Book","damage_taken":21,"max_hp_gain":0,"max_hp_loss":0,"event_name":"Cursed Tome","floor":20,"gold_loss":0},{"damage_healed":0,"gold_gain":0,"player_choice":"","damage_taken":6,"max_hp_gain":0,"max_hp_loss":0,"event_name":"Knowing Skull","floor":28,"potions_obtained":[],"gold_loss":0,"cards_obtained":[]}],"is_beta":true,"boss_relics":[{"not_picked":["Velvet Choker","Ectoplasm"],"picked":"Fusion Hammer"}],"items_purged_floors":[19,27],"is_endless":false,"potions_floor_spawned":[5,10,14,16,18,21],"killed_by":"Snake Plant","ascension_level":20}}