{"host":"g6ro9orofrb8aq2e","time":1611473750,"event":{"mods":["BaseMod","Minty Spire (QoL Compilation)","SuperFastMode","noobMod"],"gold_per_floor":[109,59,59,59,79,115,115,156,209,248,263,10,33,76,76,200,200,220,220,244,244,258,258,297,297,297,310,310,348,362,135,135,258,258,281,306,49,49,70,70,114,178,202,202,265,265,281,300,300,300],"floor_reached":51,"language":"ZHS","playtime":1640,"items_purged":["Anger","Flex"],"score":1429,"play_id":"7edeee4a-ed29-46ca-acdc-903666602a52","local_time":"20210123233550","is_ascension_mode":true,"campfire_choices":[{"data":"Strike_R","floor":7,"key":"PURGE"},{"data":"Defend_R","floor":15,"key":"PURGE"},{"data":"Strike_R","floor":23,"key":"PURGE"},{"data":"Strike_R","floor":25,"key":"PURGE"},{"data":"Strike_R","floor":28,"key":"PURGE"},{"data":"Sword Boomerang","floor":32,"key":"PURGE"},{"data":"Double Tap","floor":40,"key":"SMITH"},{"data":"Warcry","floor":46,"key":"SMITH"},{"data":"Strike_R+1","floor":49,"key":"PURGE"}],"circlet_count":0,"master_deck":["AscendersBane","Defend_R+1","Defend_R+1","Bash","Warcry+1","Bludgeon+1","Infernal Blade+1","Double Tap+1","Sword Boomerang+1","Heavy Blade+1"],"relics":["Burning Blood","ice","Peace Pipe","War Paint","Golden Idol","HornCleat","Whetstone","Bronze Scales","InkBottle","Molten Egg 2","White Beast Statue","SlaversCollar","Dream Catcher","Letter Opener","Omamori","Happy Flower","Philosopher\u0027s Stone","Centennial Puzzle","Bottled Lightning","Pocketwatch","Potion Belt","Champion Belt"],"acts_visited":["Exordium","TheCity","TheBeyond"],"potions_floor_usage":[50,50,50],"damage_taken":[{"damage":7,"enemies":"Small Slimes","floor":1,"turns":4},{"damage":12,"enemies":"2 Louse","floor":5,"turns":2},{"damage":20,"enemies":"Lagavulin","floor":6,"turns":6},{"damage":26,"enemies":"3 Sentries","floor":8,"turns":6},{"damage":6,"enemies":"Lagavulin","floor":10,"turns":3},{"damage":6,"enemies":"Jaw Worm","floor":11,"turns":2},{"damage":0,"enemies":"2 Fungi Beasts","floor":13,"turns":2},{"damage":1,"enemies":"3 Sentries","floor":14,"turns":5},{"damage":12,"enemies":"Slime Boss","floor":16,"turns":7},{"damage":7,"enemies":"3 Byrds","floor":18,"turns":4},{"damage":12,"enemies":"Chosen","floor":20,"turns":2},{"damage":22,"enemies":"Sentry and Sphere","floor":22,"turns":4},{"damage":30,"enemies":"Gremlin Leader","floor":24,"turns":3},{"damage":0,"enemies":"Centurion and Healer","floor":27,"turns":3},{"damage":66,"enemies":"Slavers","floor":29,"turns":4},{"damage":0,"enemies":"Snecko","floor":30,"turns":2},{"damage":18,"enemies":"Champ","floor":33,"turns":3},{"damage":12,"enemies":"Orb Walker","floor":35,"turns":2},{"damage":28,"enemies":"3 Shapes","floor":36,"turns":2},{"damage":0,"enemies":"Maw","floor":39,"turns":3},{"damage":0,"enemies":"Giant Head","floor":41,"turns":3},{"damage":12,"enemies":"2 Orb Walkers","floor":42,"turns":2},{"damage":0,"enemies":"Mind Bloom Boss Battle","floor":45,"turns":2},{"damage":26,"enemies":"Sphere and 2 Shapes","floor":47,"turns":2},{"damage":14,"enemies":"Spire Growth","floor":48,"turns":2},{"damage":0,"enemies":"Awakened One","floor":50,"turns":4}],"seed_played":"-4635363154021158520","potions_obtained":[{"floor":1,"key":"HeartOfIron"},{"floor":8,"key":"SpeedPotion"},{"floor":11,"key":"LiquidBronze"},{"floor":29,"key":"BloodPotion"},{"floor":45,"key":"Swift Potion"},{"floor":47,"key":"SmokeBomb"},{"floor":48,"key":"HeartOfIron"}],"is_trial":false,"path_per_floor":["M","?","?","?","M","E","R","E","T","E","M","$","M","E","R","B",null,"M","?","M","?","M","R","E","R","T","M","R","E","M","$","R","B",null,"M","M","$","?","M","R","E","?","T","?","?","R","M","M","R","B",null],"character_chosen":"IRONCLAD","items_purchased":["Molten Egg 2","Happy Flower","Centennial Puzzle"],"campfire_rested":0,"item_purchase_floors":[12,31,37],"current_hp_per_floor":[71,71,59,41,35,72,72,52,52,52,52,52,58,63,63,57,77,76,76,70,92,76,76,52,52,52,58,58,96,102,102,102,90,106,100,78,78,78,84,84,90,84,84,84,90,90,70,62,62,93],"gold":300,"neow_bonus":"ONE_RARE_RELIC","is_daily":false,"chose_seed":false,"campfire_upgraded":2,"win_rate":0.0,"timestamp":1611473750,"path_taken":["M","?","?","?","M","E","R","E","T","E","M","?","M","E","R","BOSS","M","?","?","?","M","R","E","R","T","?","R","E","M","$","R","BOSS","M","M","$","?","M","R","E","?","T","?","?","R","M","M","R","BOSS"],"items_purchased_type":["Relic","Relic","Relic"],"build_version":"2020-12-22","purchased_purges":2,"victory":true,"max_hp_per_floor":[72,72,72,72,72,72,72,77,77,78,79,79,79,82,82,83,83,90,90,92,92,95,95,100,100,100,101,101,109,109,109,109,111,111,112,118,118,112,113,113,114,115,115,115,118,118,124,125,125,127],"card_choices":[{"not_picked":["Dropkick","Thunderclap"],"picked":"Warcry","floor":1},{"not_picked":["Body Slam","Headbutt"],"picked":"Sword Boomerang","floor":5},{"not_picked":["Armaments","Iron Wave"],"picked":"Bludgeon","floor":6},{"not_picked":["Perfected Strike","Entrench","Dark Embrace"],"picked":"SKIP","floor":8},{"not_picked":["Perfected Strike","Entrench","Dark Embrace"],"picked":"SKIP","floor":8},{"not_picked":["Feel No Pain","Disarm"],"picked":"Anger","floor":10},{"not_picked":["Iron Wave","Searing Blow","Clothesline"],"picked":"SKIP","floor":11},{"not_picked":["Cleave+1","Dark Embrace","True Grit"],"picked":"SKIP","floor":13},{"not_picked":["Rampage+1","Shrug It Off"],"picked":"Infernal Blade","floor":14},{"not_picked":["Juggernaut","Barricade"],"picked":"Double Tap","floor":16},{"not_picked":["Clash+1","Anger+1"],"picked":"Flex","floor":18},{"not_picked":["Rupture+1","Perfected Strike+1","Reckless Charge+1"],"picked":"SKIP","floor":20},{"not_picked":["Clash+1","Wild Strike+1","Entrench"],"picked":"SKIP","floor":22},{"not_picked":["Clash+1","Twin Strike+1"],"picked":"Sword Boomerang+1","floor":24},{"not_picked":["Uppercut+1","Feel No Pain","Burning Pact+1"],"picked":"SKIP","floor":27},{"not_picked":["Second Wind","Clothesline+1","Sword Boomerang+1"],"picked":"SKIP","floor":29},{"not_picked":["Flex","Disarm","Havoc"],"picked":"SKIP","floor":30},{"not_picked":["Armaments","Clash+1","Clothesline+1"],"picked":"SKIP","floor":35},{"not_picked":["Shrug It Off","Shockwave","Havoc"],"picked":"SKIP","floor":36},{"not_picked":["Combust","Ghostly Armor"],"picked":"Heavy Blade+1","floor":39},{"not_picked":["Bloodletting+1","Metallicize","Dropkick+1"],"picked":"SKIP","floor":41},{"not_picked":["Fire Breathing","Infernal Blade","Flex"],"picked":"SKIP","floor":47},{"not_picked":["Cleave+1","Bloodletting","Seeing Red+1"],"picked":"SKIP","floor":48}],"player_experience":356943,"relics_obtained":[{"floor":6,"key":"HornCleat"},{"floor":8,"key":"Whetstone"},{"floor":9,"key":"Bronze Scales"},{"floor":10,"key":"InkBottle"},{"floor":14,"key":"White Beast Statue"},{"floor":24,"key":"Dream Catcher"},{"floor":26,"key":"Letter Opener"},{"floor":29,"key":"Omamori"},{"floor":41,"key":"Bottled Lightning"},{"floor":42,"key":"Pocketwatch"},{"floor":43,"key":"Potion Belt"},{"floor":45,"key":"Champion Belt"}],"event_choices":[{"cards_removed":["Defend_R"],"damage_healed":0,"gold_gain":0,"player_choice":"Card Removal","damage_taken":0,"max_hp_gain":0,"max_hp_loss":0,"event_name":"The Cleric","floor":2,"gold_loss":50},{"damage_healed":0,"gold_gain":0,"player_choice":"Success","damage_taken":12,"relics_obtained":["War Paint"],"max_hp_gain":0,"max_hp_loss":0,"event_name":"Scrap Ooze","floor":3,"gold_loss":0},{"damage_healed":0,"gold_gain":0,"player_choice":"Take Damage","damage_taken":18,"relics_obtained":["Golden Idol"],"max_hp_gain":0,"max_hp_loss":0,"event_name":"Golden Idol","floor":4,"gold_loss":0},{"damage_healed":0,"gold_gain":0,"player_choice":"Upgraded","damage_taken":0,"max_hp_gain":0,"max_hp_loss":0,"event_name":"Upgrade Shrine","floor":19,"gold_loss":0,"cards_upgraded":["Infernal Blade"]},{"damage_healed":22,"gold_gain":0,"player_choice":"Full Heal","damage_taken":0,"max_hp_gain":0,"max_hp_loss":0,"event_name":"Wheel of Change","floor":21,"gold_loss":0},{"damage_healed":0,"gold_gain":0,"player_choice":"Max HP","damage_taken":0,"max_hp_gain":0,"max_hp_loss":6,"event_name":"Winding Halls","floor":38,"gold_loss":0},{"damage_healed":0,"gold_gain":0,"player_choice":"Fight","damage_taken":0,"max_hp_gain":0,"max_hp_loss":0,"event_name":"Mysterious Sphere","floor":42,"gold_loss":0},{"damage_healed":0,"gold_gain":0,"player_choice":"Memory 1","damage_taken":0,"max_hp_gain":0,"max_hp_loss":0,"event_name":"SensoryStone","floor":44,"gold_loss":0},{"damage_healed":0,"gold_gain":0,"player_choice":"Fight","damage_taken":0,"max_hp_gain":0,"max_hp_loss":0,"event_name":"MindBloom","floor":45,"gold_loss":0}],"is_beta":false,"boss_relics":[{"not_picked":["Empty Cage","Fusion Hammer"],"picked":"SlaversCollar"},{"not_picked":["Cursed Key","Black Star"],"picked":"Philosopher\u0027s Stone"}],"items_purged_floors":[31,37],"is_endless":false,"potions_floor_spawned":[1,8,10,11,16,18,20,22,24,27,29,30,33,35,36,39,41,42,45,47,48],"ascension_level":11}}