{"host":"8is2j71l4wmybkoi","time":1611488351,"event":{"mods":["AchievementEnabler","BaseMod","Colored Map","Minty Spire (QoL Compilation)","Rare Cards Sparkle","StSLib","SuperFastMode"],"gold_per_floor":[109,120,136,96,106,106,120,120,120,45,73,84,84,100,100,177,177,196,111,123,135,147,159,171,201,213,225,253,265,277,277],"floor_reached":30,"language":"KOR","playtime":1270,"items_purged":["Strike_G"],"score":460,"play_id":"e13828fc-c99b-4f30-a102-58ed543835e4","local_time":"20210124203911","is_ascension_mode":true,"campfire_choices":[{"data":"Noxious Fumes","floor":6,"key":"SMITH"},{"data":"Neutralize","floor":8,"key":"SMITH"},{"floor":15,"key":"REST"},{"data":"Reflex","floor":23,"key":"SMITH"},{"floor":27,"key":"REST"},{"data":"Prepared","floor":29,"key":"SMITH"}],"circlet_count":0,"master_deck":["AscendersBane","Strike_G","Strike_G","Defend_G","Defend_G","Defend_G","Survivor","Neutralize+1","Malaise+1","Outmaneuver+1","Tools of the Trade+1","Poisoned Stab","Reflex+1","Noxious Fumes+1","Distraction","Eviscerate","Adrenaline","Backflip","Prepared+1","Grand Finale","Writhe","Well Laid Plans+1"],"relics":["Astrolabe","HornCleat","Ninja Scroll","Sozu","MawBank","Gambling Chip","Frozen Egg 2","Letter Opener"],"acts_visited":["Exordium","TheCity"],"potions_floor_usage":[7,16,18],"damage_taken":[{"damage":5,"enemies":"Cultist","floor":1,"turns":6},{"damage":1,"enemies":"Small Slimes","floor":2,"turns":5},{"damage":0,"enemies":"2 Louse","floor":3,"turns":3},{"damage":3,"enemies":"Looter","floor":4,"turns":4},{"damage":6,"enemies":"3 Louse","floor":5,"turns":4},{"damage":4,"enemies":"Blue Slaver","floor":7,"turns":4},{"damage":16,"enemies":"3 Sentries","floor":11,"turns":8},{"damage":3,"enemies":"Exordium Wildlife","floor":12,"turns":3},{"damage":6,"enemies":"Looter","floor":14,"turns":2},{"damage":5,"enemies":"The Guardian","floor":16,"turns":8},{"damage":0,"enemies":"Spheric Guardian","floor":18,"turns":3},{"damage":7,"enemies":"Shell Parasite","floor":25,"turns":5},{"damage":15,"enemies":"Snecko","floor":28,"turns":6},{"damage":40,"enemies":"Slavers","floor":30,"turns":4}],"seed_played":"-8815883401457591904","potions_obtained":[{"floor":2,"key":"FearPotion"},{"floor":5,"key":"EssenceOfSteel"},{"floor":11,"key":"Energy Potion"},{"floor":14,"key":"DistilledChaos"},{"floor":16,"key":"BlessingOfTheForge"}],"is_trial":false,"path_per_floor":["M","M","M","M","M","R","M","R","T","$","E","M","?","M","R","B",null,"M","?","?","$","?","R","T","M","T","R","M","R","E"],"character_chosen":"THE_SILENT","items_purchased":[],"campfire_rested":2,"item_purchase_floors":[],"current_hp_per_floor":[54,53,53,50,44,44,40,40,40,40,24,21,14,8,27,22,55,55,55,55,55,37,37,37,30,30,51,36,36,0,0],"gold":277,"neow_bonus":"BOSS_RELIC","is_daily":false,"chose_seed":false,"campfire_upgraded":4,"win_rate":0.0,"timestamp":1611488351,"path_taken":["M","?","M","M","M","R","?","R","T","$","E","M","?","M","R","BOSS","M","?","?","$","?","R","?","M","T","R","M","R","E"],"items_purchased_type":[],"build_version":"2020-12-22","purchased_purges":1,"victory":false,"max_hp_per_floor":[66,66,66,66,66,66,66,66,66,66,66,66,66,66,66,66,66,66,66,66,66,71,71,71,71,71,71,71,71,71,71],"card_choices":[{"not_picked":["Dodge and Roll","Cloak And Dagger","Deflect"],"picked":"SKIP","floor":1},{"not_picked":["Choke","Reflex"],"picked":"Poisoned Stab","floor":2},{"not_picked":["Underhanded Strike","Deflect"],"picked":"Reflex","floor":3},{"not_picked":["Accuracy","Deadly Poison"],"picked":"Noxious Fumes","floor":4},{"not_picked":["Malaise","Flying Knee"],"picked":"Distraction","floor":5},{"not_picked":["Acrobatics","Predator"],"picked":"Eviscerate","floor":7},{"not_picked":["Endless Agony","Calculated Gamble"],"picked":"Adrenaline","floor":11},{"not_picked":["Tactician","Quick Slash"],"picked":"Backflip","floor":12},{"not_picked":["Dagger Spray","Sucker Punch"],"picked":"Prepared","floor":14},{"not_picked":["Night Terror","Unload"],"picked":"Grand Finale","floor":16},{"not_picked":["Bane","Tactician","Dodge and Roll"],"picked":"SKIP","floor":18},{"not_picked":["Bouncing Flask","PiercingWail","Terror"],"picked":"SKIP","floor":25},{"not_picked":["Terror","Endless Agony"],"picked":"Well Laid Plans+1","floor":28}],"player_experience":778162,"relics_obtained":[{"floor":9,"key":"HornCleat"},{"floor":11,"key":"Ninja Scroll"},{"floor":24,"key":"Frozen Egg 2"},{"floor":26,"key":"Letter Opener"}],"event_choices":[{"cards_removed":["Defend_G"],"damage_healed":0,"gold_gain":0,"player_choice":"Card Removal","damage_taken":7,"max_hp_gain":0,"max_hp_loss":0,"event_name":"Golden Wing","floor":13,"gold_loss":0},{"damage_healed":0,"gold_gain":0,"player_choice":"Obtained Relic","damage_taken":0,"relics_obtained":["MawBank"],"max_hp_gain":0,"max_hp_loss":0,"event_name":"Addict","floor":19,"gold_loss":85},{"damage_healed":0,"gold_gain":0,"player_choice":"Opened","damage_taken":0,"relics_obtained":["Gambling Chip"],"max_hp_gain":0,"max_hp_loss":0,"event_name":"The Mausoleum","floor":20,"gold_loss":0,"cards_obtained":["Writhe"]},{"damage_healed":0,"gold_gain":0,"player_choice":"Shed Blood","damage_taken":23,"max_hp_gain":5,"max_hp_loss":0,"event_name":"Forgotten Altar","floor":22,"gold_loss":0}],"is_beta":false,"boss_relics":[{"not_picked":["Velvet Choker","Black Star"],"picked":"Sozu"}],"items_purged_floors":[10],"is_endless":false,"potions_floor_spawned":[2,5,11,14,16,25,28],"killed_by":"Slavers","ascension_level":20}}