{"host":"gfmw02tnhhvp9jba","time":1611487767,"event":{"mods":["AchievementEnabler","BaseMod","Colored Map","Conspire","Downfall","Highlight Path","Minty Spire (QoL Compilation)","StSLib"],"gold_per_floor":[99,115,134,134,134,78,78,90,90,106,124,157,307,307,323,420,420,320,334,96,113,129,129,152,180,190,200,213,233,133,164,180,278,278,278,296,311,53,63,63,112,112,144,244,258,158,172,184,196,196,196,196,196,196],"floor_reached":52,"language":"ENG","playtime":4472,"items_purged":["downfall:Icky"],"score":757,"play_id":"12e4ed13-4acb-4d75-9cbb-b61fb3ee403f","local_time":"20210124122927","is_ascension_mode":false,"campfire_choices":[{"floor":1.0,"key":"RECALL"},{"data":"Guardian:FloatingOrbs","floor":9.0,"key":"SMITH"},{"data":"Guardian:StasisStrike","floor":18,"key":"SMITH"},{"data":"Guardian:Suspension","floor":23,"key":"SMITH"},{"data":"Guardian:Suspension","floor":35,"key":"SMITH"},{"floor":46,"key":"REST"}],"circlet_count":0,"master_deck":["Guardian:Strike_Guardian","Guardian:Strike_Guardian","Guardian:Strike_Guardian","Guardian:Defend_Guardian+1","Guardian:Defend_Guardian+1","Guardian:Defend_Guardian","Guardian:Defend_Guardian","Guardian:CurlUp","Guardian:TwinSlam+1","Guardian:ShieldCharger","Guardian:TimeCapacitor+1","Guardian:Suspension+1","Guardian:FloatingOrbs+1","Guardian:Recover","Guardian:Planning","Guardian:Suspension+1","Guardian:StasisStrike+1","CurseOfTheBell","Guardian:ChargeUp+1","Guardian:StasisStrike+1","Guardian:ExploitGems","Guardian:WalkerClaw+1","Guardian:TimeSifter","Guardian:Incinerate+1","Guardian:Orbwalk+1","Guardian:Planning","Guardian:RefractedBeam+1","Guardian:AncientConstruct","Guardian:Clone+1","Guardian:Gem_White","Guardian:StasisField","expansioncontent:PolyBeam+1","expansioncontent:Chronoboost","expansioncontent:Hexaburn","Guardian:BodySlam+1","Guardian:Emergency"],"relics":["Guardian:ModeShifter","Ice Cream","Mummified Hand","Question Card","Calling Bell","Guardian:PickAxe","Ornamental Fan","Bird Faced Urn","downfall:HeartBlessingRed","DollysMirror","Centennial Puzzle","War Paint","downfall:HeartBlessingGreen","Molten Egg 2","Matryoshka","InkBottle","White Beast Statue","Toy Ornithopter","downfall:HeartBlessingBlue"],"acts_visited":["Exordium","TheCity","TheBeyond","TheEnding"],"potions_floor_usage":[16,21,36,38,43,45,50,52,52],"damage_taken":[{"damage":1.0,"enemies":"2 Louse","floor":2.0,"turns":4.0},{"damage":1.0,"enemies":"Jaw Worm","floor":3.0,"turns":5.0},{"damage":0.0,"enemies":"downfall:FleeingMerchant","floor":6.0,"turns":4.0},{"damage":0.0,"enemies":"Cultist","floor":8.0,"turns":4.0},{"damage":0.0,"enemies":"2 Fungi Beasts","floor":10.0,"turns":4.0},{"damage":7.0,"enemies":"Blue Slaver","floor":11.0,"turns":5.0},{"damage":17.0,"enemies":"3 Sentries","floor":12.0,"turns":10.0},{"damage":3.0,"enemies":"Gremlin Gang","floor":15.0,"turns":7.0},{"damage":22,"enemies":"WA_ARCHETYPE_RETAIN","floor":16,"turns":9},{"damage":9,"enemies":"Chosen","floor":19,"turns":6},{"damage":11,"enemies":"downfall:FleeingMerchant","floor":20,"turns":4},{"damage":11,"enemies":"Spheric Guardian","floor":21,"turns":4},{"damage":8,"enemies":"3 Cultists","floor":22,"turns":5},{"damage":0,"enemies":"conspire:SneckoGhost","floor":25,"turns":7},{"damage":5,"enemies":"Chosen and Byrds","floor":26,"turns":6},{"damage":4,"enemies":"Sentry and Sphere","floor":27,"turns":5},{"damage":0,"enemies":"3 Cultists","floor":28,"turns":5},{"damage":11,"enemies":"conspire:HollyBat","floor":29,"turns":7},{"damage":16,"enemies":"Book of Stabbing","floor":31,"turns":5},{"damage":6,"enemies":"Snecko","floor":32,"turns":5},{"damage":28,"enemies":"IC_MUSHROOM_ARCHETYPE","floor":33,"turns":5},{"damage":12,"enemies":"3 Shapes","floor":36,"turns":5},{"damage":9,"enemies":"Orb Walker","floor":37,"turns":3},{"damage":0,"enemies":"downfall:FleeingMerchant","floor":38,"turns":4},{"damage":13,"enemies":"Sphere and 2 Shapes","floor":39,"turns":4},{"damage":67,"enemies":"Reptomancer","floor":43,"turns":9},{"damage":0,"enemies":"downfall:LadyInBlue","floor":44,"turns":8},{"damage":9,"enemies":"3 Darklings","floor":45,"turns":5},{"damage":14,"enemies":"Jaw Worm Horde","floor":47,"turns":5},{"damage":40,"enemies":"Transient","floor":48,"turns":5},{"damage":7,"enemies":"Maw","floor":49,"turns":6},{"damage":40,"enemies":"SI_POISON_ARCHETYPE","floor":50,"turns":15},{"damage":128,"enemies":"downfall:CharBossMerchant","floor":52,"turns":11}],"seed_played":"-7968714189202580033","potions_obtained":[{"floor":2.0,"key":"champ:CounterPotion"},{"floor":15.0,"key":"Energy Potion"},{"floor":16,"key":"Fire Potion"},{"floor":22,"key":"bronze:BurnAndBuffPotion"},{"floor":25,"key":"hexamod:SoulburnPotion"},{"floor":26,"key":"FearPotion"},{"floor":32,"key":"Guardian:DefensiveModePotion"},{"floor":33,"key":"DistilledChaos"},{"floor":44,"key":"SmokeBomb"},{"floor":44,"key":"Slimebound:ThreeZeroPotion"},{"floor":44,"key":"Guardian:BlockOnCardUsePotion"},{"floor":44,"key":"DuplicationPotion"},{"floor":45,"key":"Explosive Potion"},{"floor":47,"key":"BlessingOfTheForge"}],"is_trial":false,"path_per_floor":["R","M","M","?","?","$","T","M","R","M","M","E","?","?","M","B",null,"R","M","$","M","M","R","T","E","M","M","M","M","R","E","M","B",null,"R","M","M","$","M","?","T","?","E","?","M","R","M","M","M","B",null,"E"],"character_chosen":"GUARDIAN","items_purchased":["Guardian:FloatingOrbs","DollysMirror","Matryoshka"],"campfire_rested":1,"item_purchase_floors":[6,20,38],"current_hp_per_floor":[88,87,86,74,74,74,74,74,74,74,67,50,50,50,47,25,88,88,81,74,67,63,63,63,67,68,70,76,73,73,65,63,43,88,88,80,73,83,78,68,68,68,7,19,25,64,58,26,31,10,98,0,0,0],"gold":196,"neow_bonus":"TEN_PERCENT_HP_BONUS","is_daily":false,"chose_seed":false,"campfire_upgraded":4,"win_rate":0.0,"timestamp":1611487767,"path_taken":["R","M","M","?","?","?","T","?","R","M","M","E","?","?","M","BOSS","R","M","$","M","M","R","T","E","M","M","M","M","R","E","M","BOSS","R","M","?","$","M","?","T","?","E","?","M","R","?","M","M","BOSS","E"],"items_purchased_type":["Card","Relic","Relic"],"build_version":"2020-12-22","purchased_purges":1,"victory":false,"max_hp_per_floor":[88,88,88,88,88,88,88,88,88,88,88,88,88,88,88,88,88,88,88,88,88,88,88,88,88,88,88,88,88,88,88,88,88,88,88,88,88,88,88,88,88,88,88,88,88,98,98,98,98,98,98,98,98,98],"card_choices":[{"not_picked":["Guardian:DecasProtection","Guardian:Suspension"],"picked":"Guardian:ShieldCharger","floor":2.0},{"not_picked":["Guardian:Gem_Green","Guardian:MultiBeam"],"picked":"Guardian:TimeCapacitor","floor":3.0},{"not_picked":["Guardian:WalkerClaw","Guardian:ChargeCore"],"picked":"Guardian:Suspension","floor":6.0},{"not_picked":["Guardian:Gem_Crimson","Guardian:CrystalBeam"],"picked":"Guardian:Gem_Yellow","floor":8.0},{"not_picked":["Guardian:Gem_Lightblue","Guardian:DonusPower"],"picked":"Guardian:Recover","floor":10.0},{"not_picked":["Guardian:Recover","Guardian:Gem_Fragmented"],"picked":"Guardian:Planning","floor":11.0},{"not_picked":["Guardian:GuardianWhirl","Guardian:WalkerClaw"],"picked":"Guardian:Suspension","floor":12.0},{"not_picked":["Guardian:Reroute","Guardian:EvasiveProtocol","Guardian:PrismaticBeam","Guardian:PolyBeam"],"picked":"SKIP","floor":15.0},{"not_picked":["Guardian:ConstructionForm","Guardian:BaubleBeam","Guardian:GemFire"],"picked":"Guardian:StasisStrike","floor":16},{"not_picked":["Guardian:WalkerClaw","Guardian:FloatingOrbs","Guardian:DecasProtection"],"picked":"Guardian:ChargeUp+1","floor":19},{"not_picked":["Guardian:TimeCapacitor","Guardian:ChargeCore","Guardian:Suspension+1"],"picked":"Guardian:Gem_Cyan","floor":20},{"not_picked":["Guardian:ChargeCore+1","Guardian:VentSteam","Guardian:Emergency"],"picked":"Guardian:ExploitGems","floor":21},{"not_picked":["Guardian:PiercingHide+1","Guardian:VentSteam","Guardian:Suspension"],"picked":"Guardian:WalkerClaw+1","floor":22},{"not_picked":["Guardian:MultiBeam+1","Guardian:Preprogram","Guardian:BronzeOrb"],"picked":"Guardian:TimeSifter","floor":25},{"not_picked":["Guardian:Gem_Yellow","Guardian:RollAttack+1","Guardian:GuardianWhirl"],"picked":"Guardian:Incinerate+1","floor":26},{"not_picked":["Guardian:Recover","Guardian:Suspension","Guardian:Planning"],"picked":"Guardian:Gem_Lightblue","floor":27},{"not_picked":["Guardian:RollAttack","Guardian:SentryBeam+1","Guardian:DecasProtection"],"picked":"Guardian:Orbwalk+1","floor":28},{"not_picked":["Guardian:TemporalStrike+1","Guardian:PiercingHide+1","Guardian:Repulse"],"picked":"Guardian:Planning","floor":29},{"not_picked":["Guardian:Recover","Guardian:SphericShield","Guardian:ChargeCore+1"],"picked":"Guardian:Gem_Fragmented","floor":31},{"not_picked":["Guardian:Emergency","Guardian:Gem_Crimson","Guardian:PiercingHide"],"picked":"Guardian:RefractedBeam+1","floor":32},{"not_picked":["Guardian:GatlingBeam+1","Guardian:GemFinder","Guardian:StasisField"],"picked":"Guardian:AncientConstruct","floor":33},{"not_picked":["Guardian:VentSteam","Guardian:SpikerProtocol+1","Guardian:Gem_Cyan"],"picked":"Guardian:Clone+1","floor":36},{"not_picked":["Guardian:DonusPower+1","Guardian:Gem_Green","Guardian:Gem_Cyan"],"picked":"Guardian:Gem_White","floor":37},{"not_picked":["Guardian:Reroute+1","Guardian:HyperBeam_Guardian+1","Guardian:Gem_Fragmented"],"picked":"Guardian:StasisField","floor":38},{"not_picked":["Guardian:Harden+1","Guardian:CrystalBeam+1","Guardian:Gem_Lightblue"],"picked":"Guardian:Gem_Green","floor":39},{"not_picked":["expansioncontent:Hexaburn","expansioncontent:LastStand","expansioncontent:HyperBeam+1"],"picked":"expansioncontent:PolyBeam+1","floor":40},{"not_picked":["expansioncontent:AwakenDeath","expansioncontent:HyperBeam+1","expansioncontent:PrepareCrush"],"picked":"expansioncontent:Chronoboost","floor":40},{"not_picked":["expansioncontent:AwakenDeath","expansioncontent:Chronoboost","expansioncontent:LastStand"],"picked":"expansioncontent:Hexaburn","floor":40},{"not_picked":["Guardian:RollAttack+1","Guardian:ChargeCore+1","Guardian:BronzeArmor","Guardian:Gem_Cyan"],"picked":"SKIP","floor":43},{"not_picked":["Guardian:CrystalBeam+1","Guardian:ShieldSpikes","Guardian:Gem_Fragmented"],"picked":"Guardian:BodySlam+1","floor":44},{"not_picked":["Guardian:Planning+1","Guardian:PrimingBeam+1","Guardian:ArmoredProtocol+1","Guardian:PiercingHide"],"picked":"SKIP","floor":45},{"not_picked":["Guardian:RollAttack+1","Guardian:Suspension","Guardian:TemporalShield+1","Guardian:Recover"],"picked":"SKIP","floor":47},{"not_picked":["Guardian:ChargeUp+1","Guardian:Gem_Green","Guardian:DonusPower","Guardian:Planning"],"picked":"SKIP","floor":48},{"not_picked":["Guardian:GuardianWhirl+1","Guardian:CrystalBeam+1","Guardian:ChargeCore+1"],"picked":"Guardian:Emergency","floor":49}],"player_experience":70882,"relics_obtained":[{"floor":7.0,"key":"Mummified Hand"},{"floor":12.0,"key":"Question Card"},{"floor":17,"key":"Guardian:PickAxe"},{"floor":17,"key":"Ornamental Fan"},{"floor":17,"key":"Bird Faced Urn"},{"floor":24,"key":"Centennial Puzzle"},{"floor":25,"key":"War Paint"},{"floor":31,"key":"Molten Egg 2"},{"floor":41,"key":"InkBottle"},{"floor":43,"key":"White Beast Statue"},{"floor":44,"key":"Toy Ornithopter"}],"event_choices":[{"damage_healed":0.0,"max_hp_gain":0.0,"max_hp_loss":0.0,"gold_gain":0.0,"event_name":"conspire:LoneGhost","player_choice":"Disagree","floor":5.0,"gold_loss":0.0,"damage_taken":0.0}],"is_beta":false,"boss_relics":[{"not_picked":["Pandora\u0027s Box","Snecko Eye"],"picked":"Calling Bell"},{"not_picked":["Velvet Choker","Runic Dome","Guardian:StasisSlotReductionRelic"]}],"items_purged_floors":[20],"is_endless":false,"potions_floor_spawned":[2,15,16,22,25,26,27,32,33,44,45,47,48,49],"killed_by":"downfall:CharBossMerchant","ascension_level":0}}