{"host":"yncvxcxtq9dkce9q","time":1611483340,"event":{"mods":["ATMod(°¢èªMod)","AchievementEnabler","Act Like it!","Arknights The Spire","Ascension Reborn","Aspiration","Bard","BaseMod","BetterRewards","ChefMod","Chen","Colored Powertips","Conspire","Custom Start","Defuse TimeMaze Blight","Dota2Spire","Energized Spire","Friendly Minions","Gensokyo","GifTheSpireLib","Gremlin Mod","Halation","Hermit","Hubris","Infinite Spire","Jedi Mod","Jorbs\u0027s Wanderer Trilogy","Lobotomy","LobotomyExtend","Marisa£¨ìFÓê¡¡Ä§ÀíÉ³£©","Marked Mod","Minty Spire (QoL Compilation)","MostiFishMod","Pale of the Ancients","Potionbrewer","Rare Cards Sparkle","Reimu£¨²©ÀöÁéÃÎ£©","Relic Sorter","Replay The Spire","RumiaBox-Â¶Ã×æ«µÄÉñÃØºÐ×Ó","Shop Mod","Spicy Shops","StSLib","Stuff the Spire","TestMod","The Administrix","The Blue Laboratory","The Construct","The Gatherer","The Hayseed","The Jungle","The Marked","The Runesmith","The Servant 0.9.4","Waifu the Spire","Wandering Minibosses","Warlord Emblem","Yakumo Yukari mod","Youmu£¨»êÆÇÑýÃÎ£©","[GremlinLeader]The Maniac","noobMod","vexMod","¡¾¹¦ÄÜMod¡¿»ìãçÖ®»·ÐÞ¸´²¹¶¡","¡¾ÒÅÎï¿¨ÅÆ¡¿REMEMod"],"gold_per_floor":[99,29,29,29,29,29,29,29,29,29,29,29,29,29,29,73,73,290,290,317,1127,1127,1254,1262,1271,1271,1378,1396,1405,1405,1420,1420,1526,1526,1537,1551,1469,1469,1520,1643,1643,1782,1805,3305,3432,3469,3490,3613,3613,3613,3613,3613,3613,3649,3760,3760],"floor_reached":57,"language":"ZHS","playtime":4639,"items_purged":["TheSimpletonMod:Strike_TheSimpleton","TheSimpletonMod:Aerate","TheSimpletonMod:Strike_TheSimpleton","TheSimpletonMod:Defend_TheSimpleton","TheSimpletonMod:Defend_TheSimpleton","TheSimpletonMod:Strike_TheSimpleton","TheSimpletonMod:Haymaker","TheSimpletonMod:Strike_TheSimpleton","TheSimpletonMod:Defend_TheSimpleton+1"],"score":2565,"play_id":"f2aafaf4-032c-406d-8af6-4dee369af86b","local_time":"20210124181540","is_ascension_mode":true,"campfire_choices":[{"data":"Pot Of Greed","floor":13.0,"key":"SMITH"},{"data":"TheSimpletonMod:Defend_TheSimpleton","floor":15.0,"key":"PURGE"},{"floor":32,"key":"DIG"},{"floor":49,"key":"RECALL"},{"data":"Regret_ego","floor":53,"key":"SMITH"}],"circlet_count":0,"master_deck":["AscendersBane","TheSimpletonMod:Defend_TheSimpleton+1","TheSimpletonMod:ReapAndSow","Pot Of Greed+1","TheSimpletonMod:Mulch+1","Pot Of Greed+1","TheSimpletonMod:Asparagus+1","StuffTheSpire:Vigor+1","Crow Ritual+1","TheSimpletonMod:Biorefinement+1","Gensokyo:CustomPotion","ReplayTheSpireMod:Private Reserves+1","TheSimpletonMod:Biorefinement+1","Regret_ego+1"],"relics":["TheSimpletonMod:SpudOfTheInnocent","Gensokyo:OccultBall","jedi:ominousloannote","Grinning Jar","Ying","infinitespire:Joker Card","testmod-TheFather","DaveBox","testmod-NegativeEmotionEnhancer","hubris:PeanutButter","Membership Card","TheSimpletonMod:NightSoil","TheSimpletonMod:TheHarvester","testmod-TestBox","ice","DaveBox","REME_ComplimentaryCards","AT_ATBox","StuffTheSpire:TintedRock","testmod-RainbowHikingShoes","DiscerningMonocle","jedi:gremlinknob","aspiration:SeaSaltIceCream","Membership Card","Golden Egg","TheSimpletonMod:GardenGlove","testmod-Charity","MerchantsRug","ChaoDraw","MetatronsCube","LetterFromLob","SynthV:TestCard","StuffTheSpire:CocoNut","Orichalcum","Medical Kit","StuffTheSpire:Expresso","Strawberry","Akabeko","Dota2Spire:ArcaneBoots","StuffTheSpire:Experiment12","aspiration:ChemicalBlood","CeramicFish","hubris:EvacipatedBox","hubris:FruitBowl","testmod-CardMagician","wanderingMiniBosses:MasterThiefsPresence","Gensokyo:SongOfSouls","Smiling Mask","Bottled Lightning","aspiration:ArtOfWarUpgrade","testmod-Register","Happy Flower","hubris:DisguiseKit","GreenFoldingFan","jedi:archwizardhat","AT_BladeRuinedKing","halation:KoshaPiece","halation:Thesaurus","ThornShield","hubris:ToyBattleship","Technique","Pear","halation:BlackBeret","infinitespire:PuzzleCube","potionbrewer:DrinkingBird","Dota2Spire:UrnOfShadows","Nunchaku","GodSword4","Dota2Spire:MantaStyle"],"acts_visited":["Exordium","Gensokyo:Gensokyo","Gensokyo:Gensokyoer","TheEnding"],"potions_floor_usage":[18,39,44,56,56,56],"damage_taken":[{"damage":0.0,"enemies":"Gensokyo:3_Fairies","floor":1.0,"turns":4.0},{"damage":0.0,"enemies":"Gensokyo:Python","floor":4.0,"turns":1.0},{"damage":0.0,"enemies":"Gensokyo:Mamizou","floor":6.0,"turns":5.0},{"damage":0.0,"enemies":"Gensokyo:Gryphon","floor":7.0,"turns":2.0},{"damage":0.0,"enemies":"Gensokyo:CorruptedTreant","floor":10.0,"turns":1.0},{"damage":0.0,"enemies":"Gensokyo:VengefulSpirit","floor":11.0,"turns":1.0},{"damage":0.0,"enemies":"Gensokyo:Cirno","floor":12.0,"turns":4.0},{"damage":0.0,"enemies":"Gensokyo:Yukari","floor":16.0,"turns":2.0},{"damage":20,"enemies":"Gensokyo:2_Gloops","floor":18,"turns":1},{"damage":0,"enemies":"Gensokyo:3_Dogs","floor":20,"turns":1},{"damage":0,"enemies":"Gensokyo:Wraith","floor":21,"turns":2},{"damage":0,"enemies":"Gensokyo:Reisen","floor":23,"turns":1},{"damage":0,"enemies":"Gensokyo:Slime_Group","floor":25,"turns":1},{"damage":0,"enemies":"Gensokyo:Tenshi","floor":27,"turns":1},{"damage":0,"enemies":"Gensokyo:Swordslinger","floor":29,"turns":2},{"damage":0,"enemies":"Gensokyo:Wraith","floor":31,"turns":1},{"damage":0,"enemies":"Gensokyo:Eternal_Rivals","floor":33,"turns":2},{"damage":0,"enemies":"Gensokyo:AncientGuardian","floor":35,"turns":1},{"damage":0,"enemies":"Gensokyo:3_Bats","floor":36,"turns":1},{"damage":0,"enemies":"Gensokyo:Kasen","floor":40,"turns":1},{"damage":0,"enemies":"Gensokyo:Marisa","floor":42,"turns":1},{"damage":149,"enemies":"Gensokyo:3_Boulders","floor":44,"turns":1},{"damage":0,"enemies":"Gensokyo:Doremy","floor":45,"turns":1},{"damage":0,"enemies":"Gensokyo:SeedOfUnknown","floor":47,"turns":1},{"damage":0,"enemies":"Gensokyo:Marisa","floor":48,"turns":1},{"damage":0,"enemies":"Gensokyo:Scarlet_Devils","floor":50,"turns":1},{"damage":0,"enemies":"Shield and Spear","floor":55,"turns":1},{"damage":0,"enemies":"The Heart","floor":56,"turns":3}],"seed_played":"-3624184850363607078","potions_obtained":[{"floor":4.0,"key":"LifebloodPotion"},{"floor":29,"key":"REME_GoldPotion"},{"floor":31,"key":"Explosive Potion"},{"floor":40,"key":"Swift Potion"},{"floor":42,"key":"potionbrewer:StunPotion"},{"floor":55,"key":"blueLaboratory:ImpenetrablePotion"}],"is_trial":false,"path_per_floor":["M","?","$","M","?","E","M","?","T","M","M","E","R","$","R","B",null,"M","?","M","M","?","E","?","M","T","E","$","M","R","M","R","B",null,"M","M","?","?","$","E","R","E","T","M","E","?","M","E","R","B",null,null,"R","$","E","B",null],"character_chosen":"THE_SIMPLETON","items_purchased":["hubris:PeanutButter","StuffTheSpire:TintedRock","DiscerningMonocle","jedi:gremlinknob","aspiration:SeaSaltIceCream","TheSimpletonMod:Aerate","Golden Egg","TheSimpletonMod:GardenGlove","testmod-Charity","MerchantsRug","jedi:ominousloannote","MetatronsCube","StuffTheSpire:CocoNut","Orichalcum","Medical Kit","StuffTheSpire:Expresso","potionbrewer:ToxicPotion","Toxic Potion","Toxic Potion","Secret Weapon","Grinning Jar","Ying","blueLaboratory:BottleOfRum","StuffTheSpire:Experiment12","aspiration:ChemicalBlood","CeramicFish","hubris:EvacipatedBox","hubris:FruitBowl","Art of War","testmod-Register","Happy Flower","Crow Ritual","jedi:purplefairy","blueLaboratory:HummingbirdPotion","GamblersBrew","Adrenaline Potion","SpeedPotion","jedi:archwizardhat","AT_BladeRuinedKing","halation:KoshaPiece","halation:Thesaurus","ReplayTheSpireMod:Private Reserves","hubris:ToyBattleship","Technique","blueLaboratory:BottleOfRum","potionbrewer:SplittingPotion","Dota2Spire:Clarity","ZuzhouPotion:ReiMu","blueLaboratory:BottledHope","Weak Potion","Dota2Spire:HealingSalve","Explosive Potion","Nunchaku","GodSword4"],"campfire_rested":0,"item_purchase_floors":[0,0,0,0,0,0,0,0,0,0,0,0,3,3,3,3,3,3,3,3,3,3,3,14,14,14,14,14,28,28,28,28,28,28,28,28,28,39,39,39,39,39,39,39,39,39,39,39,54,54,54,54,54,54],"current_hp_per_floor":[77,77,84,85,82,88,94,94,94,95,96,97,97,17,17,21,80,69,79,95,104,104,121,122,129,129,135,142,144,144,146,146,156,156,159,162,163,163,170,195,195,201,202,76,94,41,57,73,73,102,102,212,212,217,239,269],"gold":3760,"neow_bonus":"","is_daily":false,"chose_seed":false,"campfire_upgraded":2,"win_rate":0.0,"timestamp":1611483340,"path_taken":["M","?","$","M","?","E","M","?","T","M","M","E","R","?","R","BOSS","M","?","M","?","?","E","?","?","T","E","?","?","R","?","R","BOSS","M","?","?","?","?","E","R","E","T","?","E","?","M","E","R","BOSS","R","$","E","BOSS"],"items_purchased_type":["Relic","Relic","Relic","Relic","Relic","Card","Relic","Relic","Relic","Relic","Relic","Relic","Relic","Relic","Relic","Relic","Potion","Potion","Potion","Card","Relic","Relic","Potion","Relic","Relic","Relic","Relic","Relic","Relic","Relic","Relic","Card","Relic","Potion","Potion","Potion","Potion","Relic","Relic","Relic","Relic","Card","Relic","Relic","Potion","Potion","Potion","Potion","Potion","Potion","Potion","Potion","Relic","Relic"],"build_version":"2020-12-22","purchased_purges":9,"victory":true,"max_hp_per_floor":[77,77,84,85,92,93,94,94,94,95,96,97,97,97,97,100,100,103,103,112,115,115,125,126,129,129,135,142,144,144,146,146,156,156,159,162,163,163,170,195,195,201,202,212,219,220,225,230,230,248,248,248,248,253,263,276],"card_choices":[{"not_picked":["TheSimpletonMod:CropRotation","TheSimpletonMod:PestManagement","TheSimpletonMod:CloseScrape"],"picked":"SKIP","floor":1.0},{"not_picked":["TheSimpletonMod:SoilSample","TheSimpletonMod:PestManagement","TheSimpletonMod:BumperCrop","TheSimpletonMod:Surplus","TheSimpletonMod:Swelter"],"picked":"SKIP","floor":4.0},{"not_picked":["TheSimpletonMod:Potatoes","TheSimpletonMod:DoubleBarrel","TheSimpletonMod:PestManagement","TheSimpletonMod:SlashAndBurn","TheSimpletonMod:SeedCoat"],"picked":"SKIP","floor":6.0},{"not_picked":["TheSimpletonMod:GoToMarket","TheSimpletonMod:BumperCrop","TheSimpletonMod:ErosionControl","TheSimpletonMod:DoubleBarrel"],"picked":"TheSimpletonMod:Mulch","floor":7.0},{"not_picked":["TheSimpletonMod:Aerate","TheSimpletonMod:ControlledBurn","TheSimpletonMod:PestManagement","TheSimpletonMod:GoToMarket","TheSimpletonMod:CropRotation"],"picked":"SKIP","floor":10.0},{"not_picked":["TheSimpletonMod:Sunchoke","TheSimpletonMod:SlashAndBurn","TheSimpletonMod:DigIn","TheSimpletonMod:RootDown","TheSimpletonMod:CropRotation"],"picked":"SKIP","floor":11.0},{"not_picked":["TheSimpletonMod:ControlledBurn","TheSimpletonMod:CullingStrike","TheSimpletonMod:OnionBloom","TheSimpletonMod:VineRipen","TheSimpletonMod:Rake"],"picked":"SKIP","floor":12.0},{"not_picked":["TheSimpletonMod:TakeHeart","TheSimpletonMod:BuzzBomb","TheSimpletonMod:Surplus","TheSimpletonMod:DesperatePlunge"],"picked":"TheSimpletonMod:VolatileFumes","floor":16.0},{"not_picked":["TheSimpletonMod:OnionBloom","TheSimpletonMod:BumperCrop","TheSimpletonMod:Artichokes","TheSimpletonMod:Sunchoke","TheSimpletonMod:DoubleBarrel"],"picked":"SKIP","floor":18},{"not_picked":["TheSimpletonMod:DoubleBarrel+1","TheSimpletonMod:Potatoes","TheSimpletonMod:Innovate","TheSimpletonMod:BumperCrop"],"picked":"TheSimpletonMod:Asparagus","floor":20},{"not_picked":["TheSimpletonMod:DoubleBarrel","TheSimpletonMod:Pruning","TheSimpletonMod:Thresh","TheSimpletonMod:CullingStrike+1","TheSimpletonMod:Aerate"],"picked":"SKIP","floor":21},{"not_picked":["TheSimpletonMod:Pruning","TheSimpletonMod:DesperatePlunge","TheSimpletonMod:Germinate","TheSimpletonMod:SaladShooter","TheSimpletonMod:CullingStrike"],"picked":"SKIP","floor":23},{"not_picked":["StuffTheSpire:Perfection","StuffTheSpire:Innocence"],"picked":"StuffTheSpire:Vigor","floor":24},{"not_picked":["TheSimpletonMod:Rototilling","TheSimpletonMod:CloseScrape","TheSimpletonMod:Sunchoke","TheSimpletonMod:RootDown+1","TheSimpletonMod:Swelter"],"picked":"SKIP","floor":25},{"not_picked":["TheSimpletonMod:DoubleBarrel+1","TheSimpletonMod:Mulch","TheSimpletonMod:GoToMarket","TheSimpletonMod:SpiceUp","TheSimpletonMod:SlashAndBurn"],"picked":"SKIP","floor":27},{"not_picked":["TheSimpletonMod:KeenEdge","TheSimpletonMod:Aerate","TheSimpletonMod:OnionBloom","TheSimpletonMod:Potatoes","TheSimpletonMod:Fertilaser"],"picked":"SKIP","floor":29},{"not_picked":["TheSimpletonMod:CullingStrike","TheSimpletonMod:SoilSample+1","TheSimpletonMod:DesperatePlunge","TheSimpletonMod:Artichokes","TheSimpletonMod:DoubleBarrel"],"picked":"SKIP","floor":31},{"not_picked":["TheSimpletonMod:VolatileFumes","TheSimpletonMod:ErosionControl","TheSimpletonMod:TakeHeart","TheSimpletonMod:Asparagus","CENSORED_ego"],"picked":"TheSimpletonMod:Biorefinement","floor":33},{"not_picked":["TheSimpletonMod:OnionBloom","TheSimpletonMod:SlashAndBurn","TheSimpletonMod:BumperCrop","TheSimpletonMod:SaladShooter","TheSimpletonMod:Potatoes+1","TodaysExpression"],"picked":"SKIP","floor":35},{"not_picked":["TheSimpletonMod:CropRotation","TheSimpletonMod:Sunchoke","TheSimpletonMod:SpiceUp+1","TheSimpletonMod:Ferment","TheSimpletonMod:OnionBloom+1","Ecstasy"],"picked":"SKIP","floor":36},{"not_picked":["TheSimpletonMod:Innovate","TheSimpletonMod:Rake+1","TheSimpletonMod:DoubleBarrel+1","TheSimpletonMod:Potatoes","TodaysExpression"],"picked":"TheSimpletonMod:Biorefinement","floor":40},{"not_picked":["TheSimpletonMod:SaladShooter","TheSimpletonMod:SpiceUp","TheSimpletonMod:Rototilling+1","TheSimpletonMod:Pruning+1","TheSimpletonMod:Mulch","Soda"],"picked":"SKIP","floor":42},{"not_picked":["TheSimpletonMod:StockTheCellar","TheSimpletonMod:GoToMarket","TheSimpletonMod:Swelter","TheSimpletonMod:PestManagement","TheSimpletonMod:DigIn+1","Lantern"],"picked":"SKIP","floor":44},{"not_picked":["TheSimpletonMod:Ferment","TheSimpletonMod:Germinate","TheSimpletonMod:SlashAndBurn","TheSimpletonMod:Rake","TheSimpletonMod:TakeHeart","Diffraction"],"picked":"SKIP","floor":45},{"not_picked":["TheSimpletonMod:Pruning+1","TheSimpletonMod:KeenEdge","TheSimpletonMod:StockTheCellar+1","TheSimpletonMod:Sunchoke","TheSimpletonMod:SaladShooter"],"picked":"Regret_ego","floor":47},{"not_picked":["TheSimpletonMod:Thresh+1","TheSimpletonMod:Asparagus","TheSimpletonMod:Ferment+1","TheSimpletonMod:VineRipen+1","TheSimpletonMod:SoilSample","ParadiseLost"],"picked":"SKIP","floor":48},{"not_picked":["TheSimpletonMod:ToughenUp+1","TheSimpletonMod:BumperCrop","TheSimpletonMod:SaladShooter+1","TheSimpletonMod:Germinate","TheSimpletonMod:DoubleBarrel","Beak"],"picked":"SKIP","floor":55}],"player_experience":444992,"relics_obtained":[{"floor":1.0,"key":"LetterFromLob"},{"floor":1.0,"key":"SynthV:TestCard"},{"floor":6.0,"key":"Akabeko"},{"floor":12.0,"key":"Dota2Spire:ArcaneBoots"},{"floor":16.0,"key":"Gensokyo:OccultBall"},{"floor":21,"key":"wanderingMiniBosses:MasterThiefsPresence"},{"floor":23,"key":"Dota2Spire:ArmletOfMordiggian"},{"floor":26,"key":"Smiling Mask"},{"floor":27,"key":"Bottled Lightning"},{"floor":32,"key":"hubris:DisguiseKit"},{"floor":33,"key":"Gensokyo:OccultBall"},{"floor":40,"key":"Pear"},{"floor":42,"key":"halation:BlackBeret"},{"floor":43,"key":"infinitespire:PuzzleCube"},{"floor":46,"key":"potionbrewer:DrinkingBird"},{"floor":48,"key":"Dota2Spire:UrnOfShadows"},{"floor":55,"key":"Dota2Spire:MantaStyle"}],"event_choices":[],"is_beta":false,"boss_relics":[{"not_picked":["StuffTheSpire:Kangaroo","conspire:RoyalGoblet","energizedSpire:OgreHead"],"picked":"testmod-CardMagician"},{"not_picked":["RedLine:ReiMu","Replay:Fungal Core","vexMod:DeviousBotling"],"picked":"GreenFoldingFan"}],"items_purged_floors":[0,0,3,14,14,28,28,39,54],"is_endless":false,"potions_floor_spawned":[4,10,11,23,25,27,29,31,36,40,42,48,55],"ascension_level":10}}