{"host":"e5u7qs1emxzejr12","time":1611486151,"event":{"mods":["2.2 Compatiblity","Act Like it!","Arknights The Spire","BaseMod","CapriCore","Card Forge","Colored Powertips","Custom Start","Duelist Mod","GifTheSpireLib","Highlight Path","Marisa£¨ìFÓê¡¡Ä§ÀíÉ³£©","Minty Spire (QoL Compilation)","Quick Restart","Replay The Spire","StSLib","SuperFastMode","óô»ðÖ¸ÄÏ"],"gold_per_floor":[142,158,174,187,187,212,14,44,44,71,71,71],"floor_reached":11,"language":"ZHS","playtime":352,"items_purged":[],"score":216,"play_id":"b5cb35bb-615e-4038-9308-d20910745518","local_time":"20210124190231","is_ascension_mode":true,"campfire_choices":[],"circlet_count":0,"master_deck":["theDuelist:DarkMagician+1","theDuelist:MysticalElf+1","theDuelist:MysticalElf+1","theDuelist:NeoMagic+1","theDuelist:Sparks+1","theDuelist:Sparks+1","AscendersBane","theDuelist:FlyingSaucer+1","theDuelist:MindAir+1","theDuelist:SangaThunder+1","theDuelist:Wildfire+1","theDuelist:InjectionFairy+1"],"relics":["theDuelist:MillenniumPuzzle","theDuelist:CardPoolRelic","theDuelist:CardPoolBasicRelic","theDuelist:BoosterPackPoolRelic","theDuelist:CardPoolAddRelic","theDuelist:CardPoolMinusRelic","theDuelist:CardPoolSaveRelic","theDuelist:CardPoolOptionsRelic","Hammer of Thor","Seething Fire","Anvil of the Gods","NeowsBlessing","theDuelist:MetronomeRelicB","Membership Card","Orichalcum","theDuelist:KaibaToken"],"acts_visited":["Exordium"],"potions_floor_usage":[],"damage_taken":[{"damage":0.0,"enemies":"Small Slimes","floor":1.0,"turns":1.0},{"damage":0.0,"enemies":"Cultist","floor":2.0,"turns":1.0},{"damage":0.0,"enemies":"2 Louse","floor":3.0,"turns":3.0},{"damage":8.0,"enemies":"Lots of Slimes","floor":4.0,"turns":4.0},{"damage":0,"enemies":"3 Sentries","floor":6,"turns":6},{"damage":28,"enemies":"Replay:BlueRogue","floor":8,"turns":4},{"damage":0,"enemies":"Lagavulin","floor":11,"turns":2}],"seed_played":"-3830702251829742816","potions_obtained":[{"floor":2.0,"key":"SteroidPotion"},{"floor":3.0,"key":"Block Potion"}],"is_trial":false,"path_per_floor":["M","M","M","M","?","E","$","E","T","?","E"],"character_chosen":"THE_DUELIST","items_purchased":["Membership Card","theDuelist:InjectionFairy"],"campfire_rested":0,"item_purchase_floors":[7,7],"current_hp_per_floor":[63,63,63,55,55,55,55,27,27,27,27,27],"gold":71,"neow_bonus":"THREE_ENEMY_KILL","is_daily":false,"chose_seed":false,"campfire_upgraded":0,"win_rate":0.0,"timestamp":1611486151,"path_taken":["M","M","M","M","?","E","?","E","T","?","E"],"items_purchased_type":["Relic","Card"],"build_version":"2020-12-22","purchased_purges":0,"victory":false,"max_hp_per_floor":[70,70,70,70,70,70,70,70,70,70,70,70],"card_choices":[{"not_picked":["theDuelist:NeoMagic","theDuelist:DarkMagician","theDuelist:AncientElf","theDuelist:ExodiaRA"],"picked":"theDuelist:FlyingSaucer","floor":1.0},{"not_picked":["theDuelist:GoblinSecret","theDuelist:TimeWizard","theDuelist:WonderWand"],"picked":"theDuelist:MindAir","floor":2.0},{"not_picked":["theDuelist:DestroyerGolem","theDuelist:WingedKuriboh","theDuelist:GoldenApples","theDuelist:RedHeadedOni","theDuelist:ReinforcementsArmy"],"picked":"SKIP","floor":3.0},{"not_picked":["theDuelist:LegendaryFlameLord","theDuelist:SangaEarth","theDuelist:Mudballman","theDuelist:WhiteMagicalHat","theDuelist:SpiritHarp"],"picked":"SKIP","floor":4},{"not_picked":["theDuelist:GuardianAngel","theDuelist:ExodiaNecross"],"picked":"theDuelist:Wildfire","floor":6},{"not_picked":["theDuelist:EvilswarmHeliotrope","theDuelist:HammerShot","theDuelist:MudragonSwamp","theDuelist:Mudora","theDuelist:WormWarlord"],"picked":"SKIP","floor":8}],"player_experience":98391,"relics_obtained":[{"floor":6,"key":"theDuelist:MetronomeRelicB"},{"floor":8,"key":"Orichalcum"},{"floor":9,"key":"theDuelist:KaibaToken"}],"event_choices":[{"damage_healed":0,"gold_gain":0,"cards_transformed":["theDuelist:Sparks"],"player_choice":"Transformed","damage_taken":0,"max_hp_gain":0,"max_hp_loss":0,"event_name":"Transmorgrifier","floor":5,"gold_loss":0,"cards_obtained":["theDuelist:SangaThunder"]},{"damage_healed":0,"gold_gain":0,"player_choice":"Sold Neo Magic Swordsman+ for 27 Gold.","duelist":true,"damage_taken":0,"max_hp_gain":0,"max_hp_loss":0,"event_name":"Card Trader","floor":10,"gold_loss":0}],"is_beta":false,"boss_relics":[],"items_purged_floors":[],"is_endless":false,"potions_floor_spawned":[2,3,8],"killed_by":"Lagavulin","ascension_level":20}}