{"host":"xu0zbcebhy6w9mdv","time":1611457303,"event":{"mods":["AchievementEnabler","Act Like it!","Aspiration","BaseMod","Better Match","Better Third Choice","BetterRewards","Colored Powertips","Downfall","Duelist Mod","Friendly Minions","Gensokyo","Hallownest","Hubris","Infinite Spire","Marisa????????","Minty Spire (QoL Compilation)","Potionbrewer","Quick Restart","READ ME - Guardian Mod","READ ME - Snecko Mod","Rare Cards Sparkle","Replay The Spire","Shop Mod","StSLib","The Animator","The Blackbeard","The Bug Knight","The Cursed","The Hierophant","The Necromancer","The Runesmith","The Servant 0.9.4"],"gold_per_floor":[109,120,136,136,155,186,186,204,228,239,239,164,164,164,164,164,164],"floor_reached":16,"language":"ENG","playtime":2113,"items_purged":["Injury"],"score":107,"play_id":"6cc5d6a1-aef0-4b2f-966c-9c10d341eb78","local_time":"20210123220143","is_ascension_mode":true,"campfire_choices":[{"floor":7,"key":"REST"},{"floor":11,"key":"REST"},{"floor":15,"key":"REST"}],"circlet_count":0,"master_deck":["Strike_B","Strike_B","Strike_B","Strike_B","Defend_B","Defend_B","Defend_B","Defend_B","Zap+1","Dualcast","Replay:Dark Deal","Defragment","Ball Lightning","Double Energy","BasicCrystalCard","aspiration:Polymerization","Turbo","Conserve Battery","BootSequence","Hello World+1"],"relics":["Cracked Core","Replay:Accelerometer","hubris:AstralHammer","Frozen Egg 2","potionbrewer:Torch","hubris:Towel"],"acts_visited":["Exordium"],"potions_floor_usage":[6,16,16],"damage_taken":[{"damage":1,"enemies":"Cultist","floor":1,"turns":3},{"damage":0,"enemies":"Small Slimes","floor":2,"turns":3},{"damage":0,"enemies":"Jaw Worm","floor":3,"turns":1},{"damage":15,"enemies":"3 Louse","floor":5,"turns":4},{"damage":18,"enemies":"Replay:BlueRogue","floor":6,"turns":5},{"damage":16,"enemies":"Lots of Slimes","floor":8,"turns":5},{"damage":24,"enemies":"2 Fungi Beasts","floor":10,"turns":4},{"damage":82,"enemies":"Fading Forest","floor":16,"turns":8}],"seed_played":"6682210253720441984","potions_obtained":[{"floor":1,"key":"Elixir"},{"floor":5,"key":"Dexterity Potion"},{"floor":8,"key":"Languid Potion"}],"is_trial":false,"path_per_floor":["M","M","M","?","M","E","R","M","T","M","R","$","?","?","R","B"],"character_chosen":"DEFECT","items_purchased":["Replay:Dark Deal","Replay:Accelerometer","Defragment","Ball Lightning"],"campfire_rested":3,"item_purchase_floors":[0,0,0,0],"current_hp_per_floor":[66,66,66,66,51,33,55,39,39,15,37,37,37,37,59,0,0],"gold":164,"neow_bonus":"","is_daily":false,"chose_seed":false,"campfire_upgraded":0,"win_rate":0.0,"timestamp":1611457303,"path_taken":["M","M","M","?","M","E","R","M","T","M","R","$","?","?","R","BOSS"],"items_purchased_type":["Card","Relic","Card","Card"],"build_version":"2020-12-22","purchased_purges":1,"victory":false,"max_hp_per_floor":[75,75,75,75,75,75,75,75,75,75,75,75,75,75,75,75,75],"card_choices":[{"not_picked":["Rebound","Panic Button"],"picked":"Double Energy","floor":1},{"not_picked":["Glacier","Beam Cell"],"picked":"BasicCrystalCard","floor":2},{"not_picked":["Steam","Steam Power"],"picked":"aspiration:Polymerization","floor":3},{"not_picked":["Stack","Sweeping Beam"],"picked":"Turbo","floor":5},{"not_picked":["Leap","Force Field"],"picked":"Conserve Battery","floor":6},{"not_picked":["ReplayTheSpireMod:Repulse","Auto Shields"],"picked":"BootSequence","floor":8},{"not_picked":["Sweeping Beam","Cold Snap"],"picked":"Hello World+1","floor":10}],"player_experience":651665,"relics_obtained":[{"floor":9,"key":"potionbrewer:Torch"}],"event_choices":[],"is_beta":false,"boss_relics":[],"items_purged_floors":[12],"is_endless":false,"potions_floor_spawned":[1,5,8],"killed_by":"Fading Forest","ascension_level":1}}