{"host":"h77azxdx0evtsxw5","time":1611508558,"event":{"mods":["AchievementEnabler","BaseMod","Better Vampires","Minty Spire (QoL Compilation)","Quick Restart","Rare Cards Sparkle","Relic Stats"],"gold_per_floor":[114,12,93,109,58,58,58,58,58,58,76,76,95,122,122,122,122],"floor_reached":16,"language":"ENG","playtime":452,"items_purged":["Strike_R"],"score":127,"play_id":"08cb69e7-a70b-4149-a10a-ffe027695ea7","local_time":"20210124121558","is_ascension_mode":true,"campfire_choices":[{"data":"Flex","floor":6,"key":"SMITH"},{"data":"Flex","floor":8,"key":"SMITH"},{"data":"Fire Breathing","floor":12,"key":"SMITH"},{"data":"Anger","floor":15,"key":"SMITH"}],"circlet_count":0,"master_deck":["Strike_R","Strike_R","Strike_R","Strike_R","Defend_R","Defend_R","Defend_R","Defend_R","Bash+1","Flex+1","Flex+1","Fire Breathing+1","Anger+1"],"relics":["Burning Blood","NeowsBlessing","Mercury Hourglass","Charon\u0027s Ashes"],"acts_visited":["Exordium"],"potions_floor_usage":[13],"damage_taken":[{"damage":0,"enemies":"Cultist","floor":1,"turns":1},{"damage":0,"enemies":"Jaw Worm","floor":4,"turns":1},{"damage":0,"enemies":"Small Slimes","floor":11,"turns":1},{"damage":0,"enemies":"Exordium Thugs","floor":13,"turns":3},{"damage":30,"enemies":"Lagavulin","floor":14,"turns":5},{"damage":48,"enemies":"The Guardian","floor":16,"turns":10}],"seed_played":"3160342802509469463","potions_obtained":[{"floor":4,"key":"AttackPotion"},{"floor":14,"key":"Ancient Potion"}],"is_trial":false,"path_per_floor":["M","$","T","M","$","R","?","R","T","$","M","R","M","E","R","B"],"character_chosen":"IRONCLAD","items_purchased":["Flex","Flex"],"campfire_rested":0,"item_purchase_floors":[2,5],"current_hp_per_floor":[78,78,78,80,80,80,80,80,80,80,80,80,80,56,56,8,8],"gold":122,"neow_bonus":"THREE_ENEMY_KILL","is_daily":false,"chose_seed":false,"campfire_upgraded":4,"win_rate":0.0,"timestamp":1611508558,"path_taken":["M","?","?","?","$","R","?","R","T","?","M","R","?","E","R","BOSS"],"items_purchased_type":["Card","Card"],"build_version":"2020-12-22","purchased_purges":1,"victory":false,"max_hp_per_floor":[80,80,80,80,80,80,80,80,80,80,80,80,80,80,80,80,80],"relic_stats":{"counters":[6,21],"Charon\u0027s Ashes":[0],"obtain_stats":[{"NeowsBlessing":0,"Charon\u0027s Ashes":14,"Burning Blood":0,"Mercury Hourglass":9},{"NeowsBlessing":0,"Charon\u0027s Ashes":5,"Burning Blood":0,"Mercury Hourglass":2},{"NeowsBlessing":0,"Charon\u0027s Ashes":11,"Burning Blood":0,"Mercury Hourglass":2}],"Burning Blood":14,"Mercury Hourglass":[47]},"card_choices":[{"not_picked":["Sword Boomerang","Disarm","Clash"],"picked":"SKIP","floor":1},{"not_picked":["Twin Strike","Iron Wave","Havoc"],"picked":"SKIP","floor":4},{"not_picked":["Warcry","True Grit"],"picked":"Fire Breathing","floor":11},{"not_picked":["Inflame","Power Through"],"picked":"Anger","floor":13},{"not_picked":["Perfected Strike","Fiend Fire","Heavy Blade"],"picked":"SKIP","floor":14}],"player_experience":278870,"relics_obtained":[{"floor":9,"key":"Mercury Hourglass"},{"floor":14,"key":"Charon\u0027s Ashes"}],"event_choices":[{"damage_healed":0,"gold_gain":0,"player_choice":"Grow","damage_taken":0,"max_hp_gain":0,"max_hp_loss":0,"event_name":"Living Wall","floor":7,"gold_loss":0,"cards_upgraded":["Bash"]}],"is_beta":false,"boss_relics":[],"items_purged_floors":[2],"is_endless":false,"potions_floor_spawned":[4,14],"killed_by":"The Guardian","ascension_level":6}}