{"host":"n9lc5i44t98l6pio","time":1611521223,"event":{"mods":["BaseMod","Curses Come First","Downfall","Minty Spire (QoL Compilation)","Replay The Spire","Say the Spire","StSLib"],"gold_per_floor":[116,116,116,116,141,141,141,141,141,141,175,175,190,228,228,348,348,369,44,44,44,44,44,80,80,80,80,179,223,247,271,271,271,271],"floor_reached":33,"language":"ENG","playtime":1254,"items_purged":["Regret"],"score":428,"play_id":"41b99c28-b098-4761-b4c2-7e9bd1055f91","local_time":"20210124214703","is_ascension_mode":true,"campfire_choices":[{"data":"Outmaneuver","floor":6,"key":"SMITH"},{"data":"Poison Darts","floor":8,"key":"SMITH"},{"data":"Terror","floor":10,"key":"SMITH"},{"floor":12,"key":"RECALL"},{"floor":15,"key":"REST"},{"data":"Envenom","floor":23,"key":"SMITH"},{"floor":25,"key":"REST"},{"data":"After Image","floor":27,"key":"SMITH"},{"floor":32,"key":"REST"}],"circlet_count":0,"master_deck":["Strike_G","Strike_G","Strike_G","Strike_G","Strike_G","Defend_G","Defend_G","Defend_G","Defend_G","Defend_G","Survivor","Neutralize","Outmaneuver+1","Injury","Terror+1","Voices","Poison Darts+1","Normality","Endless Agony","Dodge and Roll","Backflip","Envenom+1","Dash+1","Doubt","Regret","Pot Of Greed","Pot Of Greed","Pot Of Greed","After Image+1","downfall:Haunted","Languid","ReplayTheSpireMod:Tripwire","Flying Knee+1","Outmaneuver"],"relics":["Ring of the Snake","NeowsBlessing","Golden Idol","ReplayTheSpireMod:Lightbulb","Mirror","downfall:ExtraCursedKey","Mercury Hourglass","Replay:Rubber Ducky","Blood Vial","Philosopher\u0027s Stone","Molten Egg 2","Replay:Bottled Eggs","Ring of Fangs","Ring of Peace","Grinning Jar","Bottled Lightning","Snack Pack"],"acts_visited":["Exordium","TheCity"],"potions_floor_usage":[16,29,33,33],"damage_taken":[{"damage":0,"enemies":"Small Slimes","floor":1,"turns":1},{"damage":0,"enemies":"Jaw Worm","floor":5,"turns":1},{"damage":0,"enemies":"3 Sentries","floor":11,"turns":1},{"damage":4,"enemies":"2 Louse","floor":13,"turns":2},{"damage":14,"enemies":"Replay:BlueRogue","floor":14,"turns":2},{"damage":28,"enemies":"Fading Forest","floor":16,"turns":11},{"damage":15,"enemies":"Shell Parasite","floor":18,"turns":4},{"damage":4,"enemies":"Replay:Snechameleon","floor":24,"turns":5},{"damage":31,"enemies":"Slavers","floor":29,"turns":4},{"damage":9,"enemies":"2 Thieves","floor":30,"turns":4},{"damage":10,"enemies":"Sentry and Sphere","floor":31,"turns":6},{"damage":53,"enemies":"Champ","floor":33,"turns":8}],"seed_played":"7937704970088650420","potions_obtained":[{"floor":5,"key":"SmokeBomb"},{"floor":11,"key":"Ancient Potion"},{"floor":14,"key":"Adrenaline Potion"},{"floor":16,"key":"LiquidMemories"},{"floor":30,"key":"Adrenaline Potion"}],"is_trial":false,"path_per_floor":["M","?","?","T","M","R","?","R","T","R","E","R","M","E","R","B",null,"M","$","T","?","$","R","E","R","T","R","?","E","M","M","R","B"],"character_chosen":"THE_SILENT","items_purchased":["Molten Egg 2"],"campfire_rested":3,"item_purchase_floors":[19],"current_hp_per_floor":[70,70,58,58,58,58,58,58,58,58,58,58,54,40,61,35,70,55,55,55,55,55,55,53,70,70,70,70,39,32,24,45,0,0],"gold":271,"neow_bonus":"THREE_ENEMY_KILL","is_daily":false,"chose_seed":false,"campfire_upgraded":5,"win_rate":0.0,"timestamp":1611521223,"path_taken":["M","?","?","?","M","R","?","R","T","R","E","R","?","E","R","BOSS","M","$","?","?","$","R","E","R","T","R","?","E","M","M","R","BOSS"],"items_purchased_type":["Relic"],"build_version":"2020-12-22","purchased_purges":1,"victory":false,"max_hp_per_floor":[70,70,70,70,70,70,70,70,70,70,70,70,70,70,70,70,70,70,70,70,70,70,70,70,70,70,70,70,70,70,70,70,70,70],"card_choices":[{"not_picked":["Acrobatics","Dagger Throw"],"picked":"Outmaneuver","floor":1},{"not_picked":["Poisoned Stab","Dagger Throw"],"picked":"Terror","floor":5},{"not_picked":["Reflex","Masterful Stab"],"picked":"Endless Agony","floor":11},{"not_picked":["ReplayTheSpireMod:Shiv Toss","Slice"],"picked":"Dodge and Roll","floor":13},{"not_picked":["PiercingWail","Blur"],"picked":"Backflip","floor":14},{"not_picked":["Phantasmal Killer","Die Die Die"],"picked":"Envenom","floor":16},{"not_picked":["ReplayTheSpireMod:Exploit Weakness","Dagger Throw+1"],"picked":"Dash","floor":18},{"not_picked":["Escape Plan","Dagger Throw+1"],"picked":"After Image","floor":24},{"not_picked":["Blade Dance","ReplayTheSpireMod:Scrap Shanks"],"picked":"ReplayTheSpireMod:Tripwire","floor":29},{"not_picked":["Acrobatics","Dagger Throw+1"],"picked":"Flying Knee+1","floor":30},{"not_picked":["ReplayTheSpireMod:The Works","Glass Knife+1"],"picked":"Outmaneuver","floor":31}],"player_experience":183969,"relics_obtained":[{"floor":4,"key":"Mirror"},{"floor":9,"key":"Mercury Hourglass"},{"floor":11,"key":"Replay:Rubber Ducky"},{"floor":14,"key":"Blood Vial"},{"floor":20,"key":"Replay:Bottled Eggs"},{"floor":21,"key":"Ring of Fangs"},{"floor":21,"key":"Ring of Peace"},{"floor":24,"key":"Grinning Jar"},{"floor":26,"key":"Bottled Lightning"},{"floor":29,"key":"Snack Pack"}],"event_choices":[{"damage_healed":0,"gold_gain":0,"player_choice":"Take Wound","damage_taken":0,"relics_obtained":["Golden Idol"],"max_hp_gain":0,"max_hp_loss":0,"event_name":"Golden Idol","floor":2,"gold_loss":0,"cards_obtained":["Injury"]},{"damage_healed":0,"gold_gain":0,"player_choice":"Success","damage_taken":12,"relics_obtained":["ReplayTheSpireMod:Lightbulb"],"max_hp_gain":0,"max_hp_loss":0,"event_name":"Scrap Ooze","floor":3,"gold_loss":0},{"damage_healed":0,"gold_gain":99,"player_choice":"Stole From Cult","damage_taken":0,"max_hp_gain":0,"max_hp_loss":0,"event_name":"Nest","floor":28,"gold_loss":0}],"is_beta":false,"boss_relics":[{"not_picked":["Snecko Scales","Velvet Choker"],"picked":"Philosopher\u0027s Stone"}],"items_purged_floors":[19],"is_endless":false,"potions_floor_spawned":[5,11,14,16,18,30],"killed_by":"Champ","ascension_level":1}}