{"host":"8n3a40idg6eftpiu","time":1611459476,"event":{"mods":["Act Like it!","BaseMod","BetterRewards","Block Reminder","Colored Map","Colored Powertips","DeckTracker","GungeonMod","Highlight Path","Hubris","Minty Spire (QoL Compilation)","Practice Mode","Relic Sorter","StSLib","The Blue Laboratory"],"gold_per_floor":[119,119,119,138,156,189,189,222,222,71,89,109,109,127,127,228,228,247,247,262,262,282,282,237,237,237,254,271,282,282,315,315,315,315],"floor_reached":33,"language":"POL","playtime":1252,"items_purged":[],"score":304,"play_id":"8a7a9bd4-434e-400c-9a3b-0a3f2f84d90e","local_time":"20210124043756","is_ascension_mode":false,"campfire_choices":[{"floor":7.0,"key":"RECALL"},{"floor":13.0,"key":"REST"},{"data":"hubris:PowerSurge","floor":15.0,"key":"SMITH"},{"data":"Capacitor","floor":23.0,"key":"SMITH"},{"data":"Cold Snap","floor":25.0,"key":"SMITH"},{"data":"Zap","floor":32.0,"key":"SMITH"}],"circlet_count":0,"master_deck":["Strike_B","Strike_B","Strike_B","Strike_B","Defend_B","Defend_B","Defend_B","Zap+1","Dualcast","Conserve Battery","Ball Lightning","Ball Lightning","Leap","hubris:PowerSurge+1","Capacitor+1","Ball Lightning","Writhe","Ball Lightning","Cold Snap+1","Defragment","Coolheaded+1","Glacier","Ball Lightning"],"relics":["hubris:Backtick","Orichalcum","DemoMod:GundromedaStrain","hubris:Towel","Vajra","Meat on the Bone","MealTicket","Kunai","Tiny Chest","Bottled Lightning"],"acts_visited":["Exordium","TheCity"],"potions_floor_usage":[33,33],"damage_taken":[{"damage":1.0,"enemies":"2 Louse","floor":1.0,"turns":2.0},{"damage":1.0,"enemies":"Cultist","floor":4.0,"turns":3.0},{"damage":0.0,"enemies":"Small Slimes","floor":5.0,"turns":2.0},{"damage":27.0,"enemies":"Gremlin Nob","floor":6.0,"turns":4.0},{"damage":32.0,"enemies":"3 Sentries","floor":8.0,"turns":7.0},{"damage":6.0,"enemies":"3 Louse","floor":11.0,"turns":3.0},{"damage":0.0,"enemies":"Looter","floor":12.0,"turns":2.0},{"damage":1.0,"enemies":"Blue Slaver","floor":14.0,"turns":2.0},{"damage":27.0,"enemies":"Hexaghost","floor":16.0,"turns":8.0},{"damage":1.0,"enemies":"Chosen","floor":18.0,"turns":3.0},{"damage":0.0,"enemies":"Spheric Guardian","floor":20.0,"turns":3.0},{"damage":12.0,"enemies":"Centurion and Healer","floor":22.0,"turns":6.0},{"damage":3.0,"enemies":"Chosen and Byrds","floor":27.0,"turns":3.0},{"damage":14.0,"enemies":"Snake Plant","floor":28.0,"turns":3.0},{"damage":0.0,"enemies":"Snecko","floor":29.0,"turns":3.0},{"damage":9.0,"enemies":"Slavers","floor":31.0,"turns":6.0},{"damage":66,"enemies":"Automaton","floor":33,"turns":6}],"seed_played":"14385","potions_obtained":[{"floor":5.0,"key":"blueLaboratory:NullPotion"},{"floor":8.0,"key":"blueLaboratory:FrostheartPotion"},{"floor":11.0,"key":"blueLaboratory:LouseDecoction"},{"floor":12.0,"key":"blueLaboratory:PyrophylliteBrew"},{"floor":18.0,"key":"LiquidMemories"}],"is_trial":false,"path_per_floor":["M","?","?","M","M","E","R","E","T","$","M","M","R","M","R","B",null,"M","?","M","?","M","R","$","R","T","M","M","M","?","E","R","B"],"character_chosen":"DEFECT","items_purchased":["MealTicket","Cold Snap"],"campfire_rested":1,"item_purchase_floors":[10,24],"current_hp_per_floor":[74,74,74,73,73,46,46,14,14,14,20,32,54,53,53,38,75,74,74,74,60,48,48,63,63,63,60,46,46,49,52,52,0,0],"gold":315,"neow_bonus":"BOSS_RELIC","is_daily":false,"chose_seed":true,"campfire_upgraded":4,"win_rate":0.0,"timestamp":1611459476,"path_taken":["M","?","?","?","M","E","R","E","T","$","M","M","R","M","R","BOSS","M","?","M","?","M","R","$","R","T","M","M","M","?","E","R","BOSS"],"items_purchased_type":["Relic","Card"],"build_version":"2020-12-22","purchased_purges":0,"victory":false,"max_hp_per_floor":[75,75,75,75,75,75,75,75,75,75,75,75,75,75,75,75,75,75,75,75,80,80,80,80,80,80,80,80,80,83,83,83,83,83],"card_choices":[{"not_picked":["Compile Driver","Turbo"],"picked":"Conserve Battery","floor":1.0},{"not_picked":["Go for the Eyes","Compile Driver","Reprogram"],"picked":"SKIP","floor":4.0},{"not_picked":["Cold Snap","Darkness"],"picked":"Ball Lightning","floor":5.0},{"not_picked":["Streamline","Steam","Recycle"],"picked":"SKIP","floor":6.0},{"not_picked":["Hologram","BootSequence"],"picked":"Ball Lightning","floor":8.0},{"not_picked":["Double Energy","Rebound"],"picked":"Leap","floor":11.0},{"not_picked":["Melter","Scrape"],"picked":"hubris:PowerSurge","floor":12.0},{"not_picked":["Streamline","Leap"],"picked":"Capacitor","floor":14.0},{"not_picked":["Rip and Tear","Static Discharge"],"picked":"Ball Lightning","floor":18.0},{"not_picked":["Beam Cell","Doom and Gloom","Go for the Eyes+1"],"picked":"SKIP","floor":20.0},{"not_picked":["White Noise","Coolheaded"],"picked":"Ball Lightning","floor":22.0},{"not_picked":["Aggregate","Ball Lightning"],"picked":"Defragment","floor":27.0},{"not_picked":["Barrage","Skim"],"picked":"Coolheaded+1","floor":28.0},{"not_picked":["Steam","Storm"],"picked":"Glacier","floor":29.0},{"not_picked":["Barrage+1","Thunder Strike"],"picked":"Ball Lightning","floor":31.0}],"player_experience":228572,"relics_obtained":[{"floor":6.0,"key":"Vajra"},{"floor":8.0,"key":"DemoMod:WeirdEgg"},{"floor":9.0,"key":"Meat on the Bone"},{"floor":26.0,"key":"Tiny Chest"},{"floor":31.0,"key":"Bottled Lightning"}],"event_choices":[{"cards_removed":["Defend_B"],"damage_healed":0.0,"max_hp_gain":0.0,"max_hp_loss":0.0,"gold_gain":0.0,"event_name":"Wheel of Change","player_choice":"Card Removal","floor":3.0,"gold_loss":0.0,"damage_taken":0.0},{"damage_healed":0.0,"max_hp_gain":0.0,"max_hp_loss":0.0,"gold_gain":0.0,"event_name":"The Mausoleum","player_choice":"Opened","floor":19.0,"gold_loss":0.0,"damage_taken":0.0,"relics_obtained":["Kunai"],"cards_obtained":["Writhe"]},{"damage_healed":0.0,"max_hp_gain":5.0,"max_hp_loss":0.0,"gold_gain":0.0,"event_name":"Forgotten Altar","player_choice":"Shed Blood","floor":21.0,"gold_loss":0.0,"damage_taken":19.0}],"is_beta":false,"boss_relics":[{"not_picked":["Astrolabe","Runic Dome","hubris:BlackHole"]}],"items_purged_floors":[],"is_endless":false,"potions_floor_spawned":[5,8,11,12,18,28,29,31],"killed_by":"Automaton","ascension_level":0}}