{"host":"0awa854l6bexpjrv","time":1611466713,"event":{"mods":["BaseMod","Block Reminder","Colored Map","Colored Powertips","Downfall","Highlight Path","Minty Spire (QoL Compilation)","Quick Restart","Rare Cards Sparkle","StSLib","SuperFastMode"],"gold_per_floor":[112,123,139,139,149,149,27,52,102,102,119,119,11,21,21,116,116,133,118,18,33,33,33,86,86,134,147,147,13,42,42,42,139,139,156,168,168,168,43,43,43],"floor_reached":40,"language":"ENG","playtime":2049,"items_purged":["Strike_R","Strike_R","Writhe"],"score":485,"play_id":"e966c807-2a93-4fd5-9e33-a6a0bd4ecf3d","local_time":"20210123213833","is_ascension_mode":true,"campfire_choices":[{"data":"Bash","floor":6.0,"key":"SMITH"},{"floor":15.0,"key":"REST"},{"data":"Trip","floor":23.0,"key":"SMITH"},{"data":"Uppercut","floor":25.0,"key":"SMITH"},{"data":"Ghostly Armor","floor":28.0,"key":"SMITH"},{"floor":32.0,"key":"REST"}],"circlet_count":0,"master_deck":["Defend_R","Defend_R","Defend_R","Defend_R","Bash+1","Anger","Ghostly Armor+1","Sword Boomerang","Uppercut+1","Shrug It Off","Anger","Twin Strike","Clothesline","Trip+1","Infernal Blade","Brutality","Disarm","Dropkick","Spot Weakness","Cleave","Double Tap","Corruption","Disarm+1","Panache","Metamorphosis","Purity"],"relics":["Burning Blood","Ornamental Fan","Regal Pillow","Vajra","bronze:MakeshiftBattery","MutagenicStrength","Art of War","Tiny Chest","Bag of Marbles","Oddly Smooth Stone","Cursed Key"],"acts_visited":["Exordium","TheCity","TheBeyond"],"potions_floor_usage":[],"damage_taken":[{"damage":1.0,"enemies":"Cultist","floor":1.0,"turns":3.0},{"damage":2.0,"enemies":"Jaw Worm","floor":2.0,"turns":3.0},{"damage":0.0,"enemies":"2 Louse","floor":3.0,"turns":4.0},{"damage":9.0,"enemies":"Exordium Thugs","floor":5.0,"turns":7.0},{"damage":16.0,"enemies":"Gremlin Nob","floor":8.0,"turns":4.0},{"damage":5.0,"enemies":"Blue Slaver","floor":11.0,"turns":3.0},{"damage":15.0,"enemies":"Exordium Wildlife","floor":14.0,"turns":4.0},{"damage":48.0,"enemies":"The Guardian","floor":16.0,"turns":12.0},{"damage":5.0,"enemies":"Shell Parasite","floor":18.0,"turns":3.0},{"damage":13.0,"enemies":"2 Thieves","floor":19.0,"turns":4.0},{"damage":6.0,"enemies":"Snecko","floor":21.0,"turns":4.0},{"damage":22.0,"enemies":"Centurion and Healer","floor":27.0,"turns":6.0},{"damage":4.0,"enemies":"Book of Stabbing","floor":30.0,"turns":4.0},{"damage":118.0,"enemies":"Champ","floor":33.0,"turns":10.0},{"damage":42.0,"enemies":"3 Darklings","floor":35.0,"turns":5.0},{"damage":19.0,"enemies":"3 Shapes","floor":36.0,"turns":3.0},{"damage":25,"enemies":"Nemesis","floor":40,"turns":3}],"seed_played":"8980565499919156860","potions_obtained":[{"floor":3.0,"key":"DistilledChaos"},{"floor":8.0,"key":"ColorlessPotion"},{"floor":18.0,"key":"FairyPotion"},{"floor":27.0,"key":"Block Potion"}],"is_trial":false,"path_per_floor":["M","M","M","?","M","R","$","E","T","?","M","?","$","M","R","B",null,"M","M","$","M","?","R","T","R","T","M","R","$","E","?","R","B",null,"M","M","?","?","$","E"],"character_chosen":"IRONCLAD","items_purchased":["Shrug It Off","Clothesline","Trip","Spot Weakness","Cleave","Block Potion"],"campfire_rested":2,"item_purchase_floors":[7,13,13,29,29,29],"current_hp_per_floor":[61,65,71,53,50,50,50,40,40,40,41,34,34,25,64,22,80,80,73,73,73,73,73,73,73,73,57,57,57,59,59,80,29,80,44,31,31,21,21,0,0],"gold":43,"neow_bonus":"REMOVE_TWO","is_daily":false,"chose_seed":false,"campfire_upgraded":4,"win_rate":0.0,"timestamp":1611466713,"path_taken":["M","?","M","?","M","R","$","E","T","?","?","?","?","M","R","BOSS","M","M","$","?","?","R","?","R","T","M","R","$","E","?","R","BOSS","M","M","?","?","$","E"],"items_purchased_type":["Card","Card","Card","Card","Card","Potion"],"build_version":"2020-12-22","purchased_purges":3,"victory":false,"max_hp_per_floor":[80,80,80,80,80,80,80,80,80,80,80,80,80,80,80,80,80,80,80,80,80,80,80,80,80,80,80,80,80,80,80,80,80,80,80,80,76,76,76,76,76],"card_choices":[{"not_picked":["Fire Breathing","Headbutt"],"picked":"Anger","floor":1.0},{"not_picked":["Clash","Iron Wave"],"picked":"Ghostly Armor","floor":2.0},{"not_picked":["Fire Breathing","Armaments"],"picked":"Sword Boomerang","floor":3.0},{"not_picked":["Blood for Blood","Cleave"],"picked":"Uppercut","floor":5.0},{"not_picked":["Flex","Clash"],"picked":"Anger","floor":8.0},{"not_picked":["Perfected Strike","Wild Strike"],"picked":"Twin Strike","floor":11.0},{"not_picked":["Rage","Perfected Strike"],"picked":"Infernal Blade","floor":14.0},{"not_picked":["Barricade","Limit Break"],"picked":"Brutality","floor":16.0},{"not_picked":["Cleave","Warcry"],"picked":"Disarm","floor":18.0},{"not_picked":["Combust","Infernal Blade"],"picked":"Dropkick","floor":19.0},{"not_picked":["Heavy Blade+1","Body Slam","Anger"],"picked":"SKIP","floor":21.0},{"not_picked":["Combust","Shrug It Off","Reckless Charge"],"picked":"SKIP","floor":27.0},{"not_picked":["Infernal Blade","Ghostly Armor"],"picked":"Double Tap","floor":30.0},{"not_picked":["Brutality","Bludgeon"],"picked":"Corruption","floor":33.0},{"not_picked":["Body Slam+1","Sword Boomerang+1"],"picked":"Disarm+1","floor":35.0},{"not_picked":["Perfected Strike","Wild Strike+1","Infernal Blade"],"picked":"SKIP","floor":36.0},{"not_picked":["Violence","Swift Strike"],"picked":"Panache","floor":38},{"not_picked":["Transmutation","Violence"],"picked":"Metamorphosis","floor":38},{"not_picked":["Jack Of All Trades","Good Instincts"],"picked":"Purity","floor":38}],"player_experience":621489,"relics_obtained":[{"floor":8.0,"key":"Regal Pillow"},{"floor":9.0,"key":"Vajra"},{"floor":24.0,"key":"Art of War"},{"floor":26.0,"key":"Tiny Chest"},{"floor":30.0,"key":"Bag of Marbles"}],"event_choices":[{"damage_healed":0.0,"max_hp_gain":0.0,"max_hp_loss":0.0,"gold_gain":0.0,"event_name":"Scrap Ooze","player_choice":"Success","floor":4.0,"gold_loss":0.0,"damage_taken":18.0,"relics_obtained":["Ornamental Fan"]},{"damage_healed":0.0,"max_hp_gain":0.0,"max_hp_loss":0.0,"gold_gain":0.0,"event_name":"Liars Game","player_choice":"Ignored","floor":10.0,"gold_loss":0.0,"damage_taken":0.0},{"cards_removed":["Strike_R"],"damage_healed":0.0,"max_hp_gain":0.0,"max_hp_loss":0.0,"gold_gain":0.0,"event_name":"Golden Wing","player_choice":"Card Removal","floor":12.0,"gold_loss":0.0,"damage_taken":7.0},{"damage_healed":0.0,"max_hp_gain":0.0,"max_hp_loss":0.0,"gold_gain":0.0,"event_name":"Drug Dealer","player_choice":"Inject Mutagens","floor":22.0,"gold_loss":0.0,"damage_taken":0.0,"relics_obtained":["MutagenicStrength"]},{"damage_healed":0.0,"max_hp_gain":0.0,"max_hp_loss":0.0,"gold_gain":0.0,"event_name":"The Mausoleum","player_choice":"Opened","floor":31.0,"gold_loss":0.0,"damage_taken":0.0,"relics_obtained":["Oddly Smooth Stone"],"cards_obtained":["Writhe"]},{"damage_healed":0,"gold_gain":0,"player_choice":"Max HP","damage_taken":0,"max_hp_gain":0,"max_hp_loss":4,"event_name":"Winding Halls","floor":37,"gold_loss":0},{"damage_healed":0,"gold_gain":0,"player_choice":"Memory 3","damage_taken":10,"max_hp_gain":0,"max_hp_loss":0,"event_name":"SensoryStone","floor":38,"gold_loss":0}],"is_beta":false,"boss_relics":[{"not_picked":["Empty Cage","Snecko Eye"],"picked":"bronze:MakeshiftBattery"},{"not_picked":["Pandora\u0027s Box","Black Star"],"picked":"Cursed Key"}],"items_purged_floors":[7,20,39],"is_endless":false,"potions_floor_spawned":[3,8,18,27],"killed_by":"Nemesis","ascension_level":4}}