{"host":"dzit4ljil6490tuf","time":1611466335,"event":{"mods":["BaseMod","Downfall","Hermit","Hubris","Minty Spire (QoL Compilation)","StSLib","The Cursed","The Runesmith","The Servant 0.9.4"],"gold_per_floor":[99,116,116,128,141,166,166,180,80,115,115,146,146,162,175,279,279,279,289,289,47,47,47,47,74,105,25,40,40,39,66,81,81,81,81],"floor_reached":33,"language":"ITA","playtime":2422,"items_purged":["Pride"],"score":365,"play_id":"e77d44ea-b424-4e2b-99da-2c880d101f0c","local_time":"20210124063215","is_ascension_mode":true,"campfire_choices":[{"data":"champ:Taunt","floor":1,"key":"SMITH"},{"data":"champ:Improvising","floor":9,"key":"SMITH"},{"floor":11,"key":"REST"},{"data":"champ:FanOfKnives","floor":13,"key":"SMITH"},{"data":"champ:SwordThrow","floor":18,"key":"SMITH"},{"floor":29,"key":"REST"}],"circlet_count":0,"master_deck":["champ:Strike","champ:Strike","champ:Defend","champ:Defend","champ:Defend","champ:Defend","champ:Execute","champ:Taunt+1","champ:Improvising+1","champ:RageSigil","champ:PreciseThrust","champ:TornadoPunch","champ:ViciousMockery","champ:ArenaPreparation","champ:PreciseThrust","champ:FanOfKnives+1","champ:Haymaker","champ:FlashCut","champ:SwordThrow+1","champ:FlashCut","champ:SwordSigil","champ:PreciseThrust+1","champ:Parry+1","champ:Circumvent","champ:ShieldWall","champ:ArenaPreparation+1","champ:Taunt+1"],"relics":["champ:ChampionCrown","WingedGreaves","Kunai","downfall:HeartBlessingGreen","Happy Flower","Pocketwatch","Philosopher\u0027s Stone","HornCleat","Tiny Chest","hubris:Towel","hubris:SphereOfDissonance","The Courier","Bottled Tornado","hubris:MysteriousPyramids","DollysMirror","Anchor"],"acts_visited":["Exordium","TheCity"],"potions_floor_usage":[25,31,33],"damage_taken":[{"damage":10,"enemies":"Small Slimes","floor":2,"turns":5},{"damage":20,"enemies":"Cultist","floor":4,"turns":4},{"damage":21,"enemies":"Jaw Worm","floor":5,"turns":4},{"damage":4,"enemies":"3 Sentries","floor":6,"turns":4},{"damage":10,"enemies":"Large Slime","floor":8,"turns":5},{"damage":38,"enemies":"Gremlin Nob","floor":10,"turns":4},{"damage":15,"enemies":"3 Sentries","floor":12,"turns":6},{"damage":0,"enemies":"3 Louse","floor":14,"turns":3},{"damage":14,"enemies":"Lots of Slimes","floor":15,"turns":3},{"damage":45,"enemies":"WA_ARCHETYPE_RETAIN","floor":16,"turns":6},{"damage":22,"enemies":"Shell Parasite","floor":19,"turns":4},{"damage":30,"enemies":"downfall:FleeingMerchant","floor":21,"turns":4},{"damage":40,"enemies":"Slavers","floor":25,"turns":4},{"damage":21,"enemies":"Book of Stabbing","floor":26,"turns":4},{"damage":0,"enemies":"downfall:FleeingMerchant","floor":27,"turns":4},{"damage":26,"enemies":"Chosen and Byrds","floor":28,"turns":3},{"damage":1,"enemies":"downfall:FleeingMerchant","floor":30,"turns":3},{"damage":20,"enemies":"Gremlin Leader","floor":31,"turns":2},{"damage":1,"enemies":"Snake Plant","floor":32,"turns":2},{"damage":54,"enemies":"DF_ARCHETYPE_CLAW","floor":33,"turns":4}],"seed_played":"8688725468740660460","potions_obtained":[{"floor":2,"key":"Energy Potion"},{"floor":5,"key":"EssenceOfSteel"},{"floor":15,"key":"Weak Potion"},{"floor":25,"key":"champ:TechniquePotion"}],"is_trial":false,"path_per_floor":["R","M","?","M","M","E","T","M","R","E","R","E","R","M","M","B",null,"R","M","?","$","?","?","T","E","E","$","M","R","$","E","M","B"],"character_chosen":"THE_CHAMP","items_purchased":["Tiny Chest","champ:ShieldWall","hubris:MysteriousPyramids","DollysMirror"],"campfire_rested":2,"item_purchase_floors":[21,27,30,30],"current_hp_per_floor":[90,90,90,90,79,75,75,65,65,47,74,59,59,59,55,40,90,90,78,78,78,78,78,78,63,42,42,26,53,52,52,51,0,0,0],"gold":81,"neow_bonus":"ONE_RANDOM_RARE_CARD","is_daily":false,"chose_seed":false,"campfire_upgraded":4,"win_rate":0.0,"timestamp":1611466335,"path_taken":["R","M","?","?","M","E","T","M","R","E","R","E","R","M","M","BOSS","R","M","?","$","?","?","T","E","E","$","M","R","$","E","M","BOSS"],"items_purchased_type":["Relic","Card","Relic","Relic"],"build_version":"2020-12-22","purchased_purges":1,"victory":false,"max_hp_per_floor":[90,90,90,90,90,90,90,90,90,90,90,90,90,90,90,90,90,90,90,90,90,90,90,90,90,90,90,90,90,90,90,90,90,90,90],"card_choices":[{"not_picked":["champ:BladeFlurry","champ:BringItOn"],"picked":"champ:RageSigil","floor":2},{"not_picked":["champ:CrownThrow","champ:SetATrap"],"picked":"champ:PreciseThrust","floor":4},{"not_picked":["champ:Shatter","champ:GutPunch"],"picked":"champ:TornadoPunch","floor":5},{"not_picked":["champ:BerserkersShout","champ:AdrenalArmor"],"picked":"champ:ViciousMockery","floor":6},{"not_picked":["champ:EnGarde","champ:DefensiveShout"],"picked":"champ:ArenaPreparation","floor":8},{"not_picked":["champ:BladeFlurry","champ:ShieldSlam"],"picked":"champ:PreciseThrust","floor":10},{"not_picked":["champ:ShieldWall","champ:UltimateStance"],"picked":"champ:FanOfKnives","floor":12},{"not_picked":["champ:BringItOn","champ:DefensiveStyle"],"picked":"champ:Haymaker","floor":14},{"not_picked":["champ:AdrenalArmor","champ:Parry"],"picked":"champ:FlashCut","floor":15},{"not_picked":["champ:ShieldThrow","champ:Improvising"],"picked":"champ:SwordThrow","floor":16},{"not_picked":["champ:RapidStrikes","champ:AdrenalArmor"],"picked":"champ:FlashCut","floor":19},{"not_picked":["champ:EndlessRage+1","champ:ShieldSlam"],"picked":"champ:SwordSigil","floor":21},{"not_picked":["champ:UltimateStance","champ:ShieldSigil"],"picked":"champ:PreciseThrust+1","floor":25},{"not_picked":["champ:CalledShot","champ:PerfectedStrike"],"picked":"champ:Parry+1","floor":26},{"not_picked":["champ:Shatter+1","champ:IronFortress"],"picked":"champ:Circumvent","floor":27},{"not_picked":["champ:Circumvent+1","champ:Encircle+1"],"picked":"champ:ArenaPreparation+1","floor":28},{"not_picked":["champ:Encircle","champ:Duel","champ:TornadoPunch"],"picked":"SKIP","floor":30},{"not_picked":["champ:Circumvent","champ:AdrenalArmor","champ:Backstep"],"picked":"SKIP","floor":31},{"not_picked":["champ:FocusedBerserking","champ:PerfectedStrike","champ:Backstep"],"picked":"SKIP","floor":32}],"player_experience":592448,"relics_obtained":[{"floor":6,"key":"WingedGreaves"},{"floor":7,"key":"Kunai"},{"floor":10,"key":"Happy Flower"},{"floor":12,"key":"Pocketwatch"},{"floor":24,"key":"hubris:SphereOfDissonance"},{"floor":25,"key":"The Courier"},{"floor":26,"key":"Bottled Tornado"},{"floor":31,"key":"Anchor"}],"event_choices":[{"damage_healed":0,"gold_gain":0,"player_choice":"Stole Relic","damage_taken":0,"relics_obtained":["HornCleat"],"max_hp_gain":0,"max_hp_loss":0,"event_name":"Addict","floor":20,"gold_loss":0,"cards_obtained":["Pride"]}],"is_beta":false,"boss_relics":[{"not_picked":["hubris:TerracottaHorce","Velvet Choker"],"picked":"Philosopher\u0027s Stone"}],"items_purged_floors":[21],"is_endless":false,"potions_floor_spawned":[2,5,15,25,28],"killed_by":"DF_ARCHETYPE_CLAW","ascension_level":1}}