{"host":"y24pqu7jih1n8m3t","time":1611457611,"event":{"mods":["AchievementEnabler","BaseMod","Bestiary","Block Reminder","Colored Map","Colored Powertips","DeckTracker","Highlight Path","Minty Spire (QoL Compilation)","Permanent Neow","Quick Restart","Rare Cards Sparkle","Relic Stats"],"gold_per_floor":[113,113,132,151,171,205,218,218,218,252,252,262,262,273,273,368,368,368,182,199,213,227,227,227,227],"floor_reached":24,"language":"ENG","playtime":2104,"items_purged":["Strike_P"],"score":212,"play_id":"76bdcce7-59d9-440c-8b34-a4e455c3cc50","local_time":"20210123220651","is_ascension_mode":false,"campfire_choices":[{"data":"Eruption","floor":8,"key":"SMITH"},{"data":"Adaptation","floor":11,"key":"SMITH"},{"data":"ClearTheMind","floor":13,"key":"SMITH"},{"data":"Crescendo","floor":15,"key":"SMITH"},{"floor":23,"key":"RECALL"}],"circlet_count":0,"master_deck":["Strike_P","Strike_P","Strike_P","Defend_P","Defend_P","Defend_P","Defend_P","Eruption+1","Vigilance","ClearTheMind+1","DeceiveReality","Adaptation+1","Vengeance","FlurryOfBlows","Sanctity","FlurryOfBlows","Evaluate","Crescendo+1","DevaForm","MentalFortress","WindmillStrike","JustLucky+1","Prostrate+1","ForeignInfluence+1"],"relics":["Philosopher\u0027s Stone","MealTicket","Bottled Lightning","Meat on the Bone","Bottled Tornado","Fusion Hammer"],"acts_visited":["Exordium","TheCity"],"potions_floor_usage":[6,10,10,16,18,24],"damage_taken":[{"damage":0,"enemies":"2 Louse","floor":1,"turns":3},{"damage":0,"enemies":"Jaw Worm","floor":3,"turns":4},{"damage":0,"enemies":"Small Slimes","floor":4,"turns":2},{"damage":2,"enemies":"3 Louse","floor":5,"turns":3},{"damage":7,"enemies":"Lagavulin","floor":6,"turns":6},{"damage":0,"enemies":"2 Fungi Beasts","floor":7,"turns":2},{"damage":13,"enemies":"3 Sentries","floor":10,"turns":7},{"damage":0,"enemies":"Exordium Wildlife","floor":12,"turns":2},{"damage":7,"enemies":"Blue Slaver","floor":14,"turns":2},{"damage":6,"enemies":"The Guardian","floor":16,"turns":6},{"damage":0,"enemies":"2 Thieves","floor":18,"turns":1},{"damage":1,"enemies":"Spheric Guardian","floor":20,"turns":5},{"damage":25,"enemies":"Snecko","floor":21,"turns":5},{"damage":0,"enemies":"Snake Plant","floor":22,"turns":5},{"damage":30,"enemies":"Slavers","floor":24,"turns":3}],"seed_played":"8747270044413127861","potions_obtained":[{"floor":3,"key":"StancePotion"},{"floor":6,"key":"Explosive Potion"},{"floor":7,"key":"PowerPotion"},{"floor":10,"key":"SmokeBomb"},{"floor":12,"key":"PowerPotion"},{"floor":20,"key":"SpeedPotion"}],"is_trial":false,"path_per_floor":["M","?","M","M","M","E","M","R","T","E","R","M","R","M","R","B",null,"M","$","M","M","M","R","E"],"character_chosen":"WATCHER","items_purchased":["MentalFortress","WindmillStrike"],"campfire_rested":0,"item_purchase_floors":[19,19],"current_hp_per_floor":[72,65,65,65,63,56,56,56,56,43,43,43,43,48,48,42,72,72,72,71,46,46,46,16,16],"gold":227,"neow_bonus":"BOSS_RELIC","is_daily":false,"chose_seed":false,"campfire_upgraded":4,"win_rate":0.0,"timestamp":1611457611,"path_taken":["M","?","M","M","M","E","M","R","T","E","R","M","R","M","R","BOSS","M","$","M","M","M","R","E"],"items_purchased_type":["Card","Card"],"build_version":"2020-12-22","purchased_purges":1,"victory":false,"max_hp_per_floor":[72,72,72,72,72,72,72,72,72,72,72,72,72,72,72,72,72,72,72,72,72,72,72,72,72],"relic_stats":{"counters":[15,56],"MealTicket":0,"obtain_stats":[{"Philosopher\u0027s Stone":0,"MealTicket":2,"Fusion Hammer":17,"Bottled Lightning":6,"PureWater":0,"Bottled Tornado":10,"Meat on the Bone":9},{"Philosopher\u0027s Stone":0,"MealTicket":1,"Fusion Hammer":10,"Bottled Lightning":5,"PureWater":0,"Bottled Tornado":7,"Meat on the Bone":6},{"Philosopher\u0027s Stone":0,"MealTicket":3,"Fusion Hammer":37,"Bottled Lightning":18,"PureWater":0,"Bottled Tornado":27,"Meat on the Bone":20}],"Meat on the Bone":12},"card_choices":[{"not_picked":["Protect","CarveReality"],"picked":"ClearTheMind","floor":1},{"not_picked":["PathToVictory","CrushJoints"],"picked":"DeceiveReality","floor":3},{"not_picked":["CutThroughFate","Protect"],"picked":"Adaptation","floor":4},{"not_picked":["ThirdEye","Swivel"],"picked":"Vengeance","floor":5},{"not_picked":["Blasphemy","JustLucky"],"picked":"FlurryOfBlows","floor":6},{"not_picked":["Consecrate","ReachHeaven"],"picked":"Sanctity","floor":7},{"not_picked":["Consecrate","Nirvana"],"picked":"FlurryOfBlows","floor":10},{"not_picked":["CrushJoints","Wallop"],"picked":"Evaluate","floor":12},{"not_picked":["Fasting2","SashWhip"],"picked":"Crescendo","floor":14},{"not_picked":["Alpha","DeusExMachina"],"picked":"DevaForm","floor":16},{"not_picked":["Protect+1","Meditate"],"picked":"JustLucky+1","floor":20},{"not_picked":["Wallop","JustLucky+1"],"picked":"Prostrate+1","floor":21},{"not_picked":["JustLucky+1","SashWhip"],"picked":"ForeignInfluence+1","floor":22}],"player_experience":150246,"relics_obtained":[{"floor":6,"key":"Bottled Lightning"},{"floor":9,"key":"Meat on the Bone"},{"floor":10,"key":"Bottled Tornado"}],"event_choices":[{"damage_healed":0,"gold_gain":0,"player_choice":"Success","damage_taken":7,"relics_obtained":["MealTicket"],"max_hp_gain":0,"max_hp_loss":0,"event_name":"Scrap Ooze","floor":2,"gold_loss":0}],"is_beta":false,"boss_relics":[{"not_picked":["Black Star","Coffee Dripper"],"picked":"Fusion Hammer"}],"items_purged_floors":[19],"is_endless":false,"potions_floor_spawned":[3,6,7,10,12,18,20],"killed_by":"Slavers","ascension_level":0}}