{"host":"t7mx8yfj1no5p62f","time":1611510644,"event":{"mods":["BaseMod","Bestiary","Colored Map","Colored Powertips","Minty Spire (QoL Compilation)","Relic Stats","StSLib","ojb\u0027s Info Mod"],"gold_per_floor":[116,116,129,141,141,141,157,185,210,210,89,102,112,137,137,208,208,180,192,192,6,25,25,60,60,105,105,135,153,167,187,187,265,265,276,288,288,1287,1299,1299,1331,1331,1355,1369,1388,1414,516,527,527,527,527,527,527,34,61,61],"floor_reached":57,"language":"ENG","playtime":3633,"items_purged":["Bite","Bane+1"],"score":2782,"play_id":"24b495eb-dd11-411c-bbb3-6ad3e1eff971","local_time":"20210124125044","is_ascension_mode":true,"campfire_choices":[{"data":"Predator","floor":6.0,"key":"SMITH"},{"data":"Bouncing Flask","floor":10.0,"key":"SMITH"},{"data":"Dagger Spray","floor":15.0,"key":"SMITH"},{"data":"Malaise","floor":23.0,"key":"SMITH"},{"data":"Backflip","floor":25.0,"key":"SMITH"},{"data":"Bane","floor":27.0,"key":"SMITH"},{"data":"Poisoned Stab","floor":32.0,"key":"SMITH"},{"data":"Burst","floor":40,"key":"SMITH"},{"data":"Leg Sweep","floor":42,"key":"SMITH"},{"floor":49,"key":"RECALL"},{"data":"Well Laid Plans","floor":53,"key":"SMITH"}],"circlet_count":0,"master_deck":["AscendersBane","Defend_G","Defend_G+1","Defend_G","Defend_G","Survivor","Neutralize+1","Poisoned Stab+1","Predator+1","Backflip+1","Bouncing Flask+1","Dagger Spray+1","Malaise+1","Footwork+1","Catalyst+1","Bite","Bite","Bite","Bite","Prepared+1","Burst+1","Leg Sweep+1","Catalyst+1","Corpse Explosion","Well Laid Plans+1","PiercingWail","Master of Strategy","Expertise"],"relics":["Ring of the Snake","NeowsBlessing","Whetstone","Centennial Puzzle","Omamori","Toy Ornithopter","Coffee Dripper","FossilizedHelix","Lantern","Molten Egg 2","SlaversCollar","War Paint","Potion Belt","Mummified Hand","OrangePellets","Bag of Marbles","Strange Spoon","Incense Burner"],"acts_visited":["Exordium","TheCity","TheBeyond","TheEnding"],"potions_floor_usage":[50,55,56,56,56],"damage_taken":[{"damage":0.0,"enemies":"Jaw Worm","floor":1.0,"turns":1.0},{"damage":0.0,"enemies":"Small Slimes","floor":3.0,"turns":1.0},{"damage":0.0,"enemies":"2 Louse","floor":4.0,"turns":1.0},{"damage":6.0,"enemies":"Red Slaver","floor":7.0,"turns":3.0},{"damage":10.0,"enemies":"3 Sentries","floor":8.0,"turns":10.0},{"damage":6.0,"enemies":"2 Fungi Beasts","floor":12.0,"turns":3.0},{"damage":1.0,"enemies":"Large Slime","floor":13.0,"turns":5.0},{"damage":7.0,"enemies":"Lagavulin","floor":14.0,"turns":5.0},{"damage":17.0,"enemies":"Slime Boss","floor":16.0,"turns":8.0},{"damage":9.0,"enemies":"2 Thieves","floor":18.0,"turns":4.0},{"damage":0.0,"enemies":"3 Byrds","floor":19.0,"turns":6.0},{"damage":29.0,"enemies":"Centurion and Healer","floor":22.0,"turns":11.0},{"damage":19.0,"enemies":"Gremlin Leader","floor":24.0,"turns":7.0},{"damage":33.0,"enemies":"Book of Stabbing","floor":28.0,"turns":5.0},{"damage":0.0,"enemies":"Snake Plant","floor":29.0,"turns":14.0},{"damage":7.0,"enemies":"Shelled Parasite and Fungi","floor":30.0,"turns":4.0},{"damage":5.0,"enemies":"Centurion and Healer","floor":31.0,"turns":8.0},{"damage":25.0,"enemies":"Champ","floor":33.0,"turns":13.0},{"damage":11.0,"enemies":"3 Shapes","floor":35.0,"turns":7.0},{"damage":12.0,"enemies":"Orb Walker","floor":36.0,"turns":3.0},{"damage":24,"enemies":"4 Shapes","floor":39,"turns":8},{"damage":7,"enemies":"Nemesis","floor":41,"turns":9},{"damage":30,"enemies":"Jaw Worm Horde","floor":44,"turns":7},{"damage":3,"enemies":"Spire Growth","floor":45,"turns":7},{"damage":0,"enemies":"Giant Head","floor":46,"turns":6},{"damage":0,"enemies":"4 Shapes","floor":48,"turns":4},{"damage":59,"enemies":"Awakened One","floor":50,"turns":19},{"damage":24,"enemies":"Time Eater","floor":51,"turns":9},{"damage":61,"enemies":"Shield and Spear","floor":55,"turns":8},{"damage":18,"enemies":"The Heart","floor":56,"turns":9}],"seed_played":"4189857806575828545","potions_obtained":[{"floor":1.0,"key":"DuplicationPotion"},{"floor":3.0,"key":"BlessingOfTheForge"},{"floor":13.0,"key":"SkillPotion"},{"floor":14.0,"key":"SteroidPotion"},{"floor":18.0,"key":"SkillPotion"},{"floor":39,"key":"DistilledChaos"},{"floor":41,"key":"Swift Potion"},{"floor":55,"key":"Strength Potion"}],"is_trial":false,"path_per_floor":["M","?","M","M","?","R","M","E","T","R","?","M","M","E","R","B",null,"M","M","?","$","M","R","E","R","T","R","E","M","M","M","R","B",null,"M","M","?","?","M","R","E","R","T","M","M","E","$","M","R","B","B",null,"R","$","E","B",null],"character_chosen":"THE_SILENT","items_purchased":["BlessingOfTheForge","Dexterity Potion","Mummified Hand","Well Laid Plans","OrangePellets","Bag of Marbles","DuplicationPotion","LiquidMemories","Master of Strategy","Expertise","Strange Spoon","Regen Potion"],"campfire_rested":0,"item_purchase_floors":[21,21,47,47,47,47,47,47,54,54,54,54],"current_hp_per_floor":[59,52,52,52,57,57,51,41,41,41,41,35,34,27,27,20,58,49,54,49,49,46,46,41,41,41,41,16,46,47,49,49,28,44,45,39,39,39,25,25,30,30,30,18,21,33,33,39,39,20,10,39,39,39,12,17],"gold":61,"neow_bonus":"THREE_ENEMY_KILL","is_daily":false,"chose_seed":false,"campfire_upgraded":10,"win_rate":0.0,"timestamp":1611510644,"path_taken":["M","?","M","M","?","R","M","E","T","R","?","?","M","E","R","BOSS","M","M","?","$","M","R","E","R","T","R","E","M","M","M","R","BOSS","M","M","?","?","M","R","E","R","T","M","M","E","$","M","R","BOSS","BOSS","R","$","E","BOSS"],"items_purchased_type":["Potion","Potion","Relic","Card","Relic","Relic","Potion","Potion","Card","Card","Relic","Potion"],"build_version":"2020-12-22","purchased_purges":2,"victory":true,"max_hp_per_floor":[66,66,66,66,71,71,71,71,71,71,71,71,71,71,71,71,71,71,71,49,49,49,49,49,49,49,49,49,49,49,49,49,49,49,49,49,49,49,49,49,49,49,49,49,49,49,49,49,49,49,49,49,49,49,49,49],"relic_stats":{"OrangePellets":[1],"Strange Spoon":[7],"Centennial Puzzle":[63],"counters":[30,205],"Mummified Hand":[11],"Whetstone":["Strike_G","Neutralize"],"War Paint":["Catalyst","Defend_G"],"obtain_stats":[{"Potion Belt":46,"Lantern":26,"NeowsBlessing":0,"Omamori":11,"Incense Burner":55,"Whetstone":8,"War Paint":41,"SlaversCollar":34,"OrangePellets":47,"Strange Spoon":54,"Centennial Puzzle":9,"Mummified Hand":47,"Molten Egg 2":28,"Coffee Dripper":17,"Bag of Marbles":47,"Toy Ornithopter":14,"FossilizedHelix":24,"Ring of the Snake":0},{"Potion Belt":25,"Lantern":13,"NeowsBlessing":0,"Omamori":5,"Incense Burner":29,"Whetstone":5,"War Paint":22,"SlaversCollar":18,"OrangePellets":25,"Strange Spoon":28,"Centennial Puzzle":5,"Mummified Hand":25,"Molten Egg 2":14,"Coffee Dripper":9,"Bag of Marbles":25,"Toy Ornithopter":8,"FossilizedHelix":13,"Ring of the Snake":0},{"Potion Belt":156,"Lantern":65,"NeowsBlessing":0,"Omamori":16,"Incense Burner":196,"Whetstone":16,"War Paint":136,"SlaversCollar":109,"OrangePellets":156,"Strange Spoon":188,"Centennial Puzzle":16,"Mummified Hand":156,"Molten Egg 2":70,"Coffee Dripper":37,"Bag of Marbles":156,"Toy Ornithopter":29,"FossilizedHelix":65,"Ring of the Snake":0}],"Toy Ornithopter":40,"Ring of the Snake":[60]},"card_choices":[{"not_picked":["Tactician","Noxious Fumes"],"picked":"Poisoned Stab","floor":1.0},{"not_picked":["Dagger Throw","Escape Plan"],"picked":"Predator","floor":3.0},{"not_picked":["Setup","Eviscerate","PiercingWail"],"picked":"SKIP","floor":4.0},{"not_picked":["Sucker Punch","Prepared"],"picked":"Backflip","floor":7.0},{"not_picked":["Eviscerate","Dagger Throw"],"picked":"Bouncing Flask","floor":8.0},{"not_picked":["Poisoned Stab","Quick Slash"],"picked":"Bane","floor":12.0},{"not_picked":["Reflex","Cloak And Dagger","Poisoned Stab"],"picked":"SKIP","floor":13.0},{"not_picked":["Night Terror","Deflect"],"picked":"Dagger Spray","floor":14.0},{"not_picked":["Venomology","Die Die Die"],"picked":"Malaise","floor":16.0},{"not_picked":["PiercingWail","Outmaneuver"],"picked":"Footwork+1","floor":18.0},{"not_picked":["Infinite Blades","Accuracy"],"picked":"Catalyst+1","floor":19.0},{"not_picked":["Riddle With Holes","Bane+1","Outmaneuver"],"picked":"SKIP","floor":22.0},{"not_picked":["Distraction","Deflect","Tactician"],"picked":"SKIP","floor":24.0},{"not_picked":["Backstab+1","Quick Slash+1","Setup"],"picked":"SKIP","floor":28.0},{"not_picked":["Flying Knee+1","Dagger Spray+1"],"picked":"Prepared+1","floor":29.0},{"not_picked":["Finisher+1","Dagger Spray+1","Outmaneuver"],"picked":"SKIP","floor":30.0},{"not_picked":["Endless Agony+1","Riddle With Holes+1","Escape Plan"],"picked":"SKIP","floor":31.0},{"not_picked":["Tools of the Trade","Night Terror"],"picked":"Burst","floor":33.0},{"not_picked":["Sucker Punch+1","Flying Knee+1","Cloak And Dagger"],"picked":"SKIP","floor":35.0},{"not_picked":["Quick Slash+1","Prepared","Accuracy"],"picked":"SKIP","floor":36.0},{"not_picked":["Underhanded Strike+1","Finisher+1"],"picked":"Leg Sweep","floor":39},{"not_picked":["Backflip","Envenom"],"picked":"Catalyst","floor":41},{"not_picked":["Finisher+1","Quick Slash+1","Deflect"],"picked":"SKIP","floor":44},{"not_picked":["Finisher+1","Choke+1","Cloak And Dagger"],"picked":"SKIP","floor":45},{"not_picked":["Flying Knee+1","Masterful Stab+1"],"picked":"Corpse Explosion","floor":46},{"not_picked":["Prepared+1","Finisher+1"],"picked":"PiercingWail","floor":48},{"not_picked":["Poisoned Stab+1","Quick Slash+1","Dodge and Roll"],"picked":"SKIP","floor":55}],"player_experience":1845663,"relics_obtained":[{"floor":8.0,"key":"Whetstone"},{"floor":9.0,"key":"Centennial Puzzle"},{"floor":14.0,"key":"Toy Ornithopter"},{"floor":24.0,"key":"FossilizedHelix"},{"floor":26.0,"key":"Lantern"},{"floor":28.0,"key":"Molten Egg 2"},{"floor":41,"key":"War Paint"},{"floor":46,"key":"Potion Belt"},{"floor":55,"key":"Incense Burner"}],"event_choices":[{"cards_removed":["Strike_G"],"damage_healed":0.0,"max_hp_gain":0.0,"max_hp_loss":0.0,"gold_gain":0.0,"event_name":"Golden Wing","player_choice":"Card Removal","floor":2.0,"gold_loss":0.0,"damage_taken":7.0},{"damage_healed":0.0,"max_hp_gain":5.0,"max_hp_loss":0.0,"gold_gain":0.0,"event_name":"Big Fish","player_choice":"Donut","floor":5.0,"gold_loss":0.0,"damage_taken":0.0},{"damage_healed":0.0,"max_hp_gain":0.0,"max_hp_loss":0.0,"gold_gain":0.0,"event_name":"WeMeetAgain","player_choice":"Paid Gold","floor":11.0,"gold_loss":121.0,"damage_taken":0.0,"relics_obtained":["Omamori"]},{"damage_healed":0.0,"max_hp_gain":0.0,"max_hp_loss":22.0,"gold_gain":0.0,"event_name":"Vampires","player_choice":"Became a vampire","floor":20.0,"gold_loss":0.0,"damage_taken":0.0,"cards_obtained":["Bite","Bite","Bite","Bite","Bite"]},{"cards_removed":["Defend_G"],"damage_healed":0.0,"max_hp_gain":0.0,"max_hp_loss":0.0,"gold_gain":0.0,"event_name":"Falling","player_choice":"Removed Skill","floor":37.0,"gold_loss":0.0,"damage_taken":0.0},{"damage_healed":0,"gold_gain":999,"player_choice":"Gold","damage_taken":0,"max_hp_gain":0,"max_hp_loss":0,"event_name":"MindBloom","floor":38,"gold_loss":0,"cards_obtained":["Normality","Normality"]}],"is_beta":false,"boss_relics":[{"not_picked":["Velvet Choker","Fusion Hammer"],"picked":"Coffee Dripper"},{"not_picked":["WristBlade","Ring of the Serpent"],"picked":"SlaversCollar"}],"items_purged_floors":[21,47],"is_endless":false,"potions_floor_spawned":[1,3,13,14,18,28,33,39,41,48,55],"ascension_level":20}}