{"host":"zxd7sxkt31l2m2hb","time":1611526304,"event":{"mods":["AchievementEnabler","BaseMod","BetterRewards","Colored Map","Colored Powertips","Highlight Path","Minty Spire (QoL Compilation)","StSLib","SuperFastMode","The Jungle","slay the spire mod where everything is the same but ironclad has a cowboy hat"],"gold_per_floor":[156,207,51,51,51,51,51,51,132,132,132,132,132,183,183,492,492,537,627,60,60,60,60,60,60,109,109,109,109,109,61,61,361,361,394,394,418,267,12,12,12,12,35,35,35,35,59,89,89,89],"floor_reached":51,"language":"DEU","playtime":2117,"items_purged":[],"score":917,"play_id":"0957de07-1895-4dc1-bd24-92dd8800dbdd","local_time":"20210124231144","daily_mods":["SealedDeck","Vintage","Heirloom","Time Dilation","Flight","Elite Swarm","Midas","Terminal"],"is_ascension_mode":false,"campfire_choices":[{"floor":6,"key":"DIG"},{"floor":8,"key":"DIG"},{"floor":13,"key":"DIG"},{"floor":15,"key":"DIG"},{"floor":23,"key":"DIG"},{"floor":25,"key":"DIG"},{"floor":27,"key":"DIG"},{"floor":29,"key":"DIG"},{"floor":32,"key":"REST"},{"floor":40,"key":"DIG"},{"floor":41,"key":"DIG"},{"floor":45,"key":"DIG"},{"floor":49,"key":"DIG"}],"circlet_count":0,"master_deck":["Capacitor","Hologram","Barrage+1","Cold Snap","Coolheaded","Beam Cell","Conserve Battery","Conserve Battery","All For One","Gash+1","Gash+1","Steam Power","Go for the Eyes","Steam Power+1"],"relics":["Cracked Core","Shovel","InkBottle","Juzu Bracelet","Runic Capacitor","StoneCalendar","Question Card","Cables","Pantograph","Akabeko","Singing Bowl","FossilizedHelix","Fusion Hammer","Tiny Chest","Red Mask","HornCleat","DollysMirror","Boot","Omamori","Mummified Hand","Toy Ornithopter","Bag of Marbles","Dream Catcher","Regal Pillow","Enchiridion","SlaversCollar","Lantern","Bronze Scales","Orrery","Matryoshka","Potion Belt","PreservedInsect","Smiling Mask","MealTicket","Gremlin Horn","Ancient Tea Set","Pen Nib","Vajra","Turnip"],"acts_visited":["Exordium","TheCity","TheBeyond"],"potions_floor_usage":[18],"damage_taken":[{"damage":0,"enemies":"Cultist","floor":1,"turns":3},{"damage":0,"enemies":"Small Slimes","floor":2,"turns":3},{"damage":0,"enemies":"2 Louse","floor":14,"turns":1},{"damage":0,"enemies":"Slime Boss","floor":16,"turns":4},{"damage":10,"enemies":"2 Thieves","floor":18,"turns":2},{"damage":0,"enemies":"Masked Bandits","floor":19,"turns":4},{"damage":0,"enemies":"Collector","floor":33,"turns":6},{"damage":0,"enemies":"3 Shapes","floor":35,"turns":2},{"damage":0,"enemies":"Orb Walker","floor":48,"turns":1},{"damage":0,"enemies":"Time Eater","floor":50,"turns":7}],"seed_played":"-2583263872362184054","potions_obtained":[{"floor":1,"key":"SpeedPotion"},{"floor":2,"key":"SkillPotion"},{"floor":16,"key":"ColorlessPotion"},{"floor":18,"key":"Fruit Juice"}],"is_trial":true,"path_per_floor":["M","M","$","?","?","R","?","R","T","?","$","?","R","M","R","B",null,"M","?","$","?","?","R","T","R","T","R","?","R","?","$","R","B",null,"M","?","T","$","$","R","R","?","T","?","R","?","T","M","R","B",null],"character_chosen":"DEFECT","items_purchased":["Runic Capacitor","HornCleat","DollysMirror","Boot","FocusPotion","Orrery","Matryoshka"],"campfire_rested":1,"item_purchase_floors":[3,20,20,20,31,38,39],"current_hp_per_floor":[73,72,71,53,53,53,53,53,53,53,53,53,53,53,53,58,57,52,52,52,52,57,56,55,54,53,52,51,50,34,34,47,48,47,46,45,44,51,50,49,48,47,46,45,44,43,42,41,40,39],"gold":89,"neow_bonus":"","is_daily":false,"chose_seed":false,"campfire_upgraded":0,"win_rate":0.0,"timestamp":1611526304,"path_taken":["M","?","$","?","?","R","?","R","T","?","$","?","R","M","R","BOSS","M","?","$","?","?","R","?","R","T","R","?","R","?","$","R","BOSS","M","?","?","$","$","R","R","?","T","?","R","?","?","M","R","BOSS"],"items_purchased_type":["Relic","Relic","Relic","Relic","Potion","Relic","Relic"],"build_version":"2020-12-22","purchased_purges":0,"victory":true,"max_hp_per_floor":[73,72,71,70,69,68,67,66,65,64,63,62,61,60,59,58,57,61,60,59,58,57,56,55,54,53,52,51,50,49,48,47,48,47,46,45,44,51,50,49,48,47,46,45,44,43,42,41,40,39],"card_choices":[{"not_picked":["Electrodynamics","Reboot","Echo Form"],"picked":"All For One","floor":16},{"not_picked":["Go for the Eyes","Heatsinks","Ball Lightning"],"picked":"Gash+1","floor":19},{"not_picked":["Beam Cell","Streamline","Redo"],"picked":"Go for the Eyes","floor":32},{"not_picked":["Buffer","Fission","Rainbow","Reboot"],"picked":"Singing Bowl","floor":33},{"not_picked":["Doom and Gloom","Leap+1","Hologram","Double Energy+1"],"picked":"Singing Bowl","floor":38},{"not_picked":["Conserve Battery","Rebound","Beam Cell+1","Rip and Tear"],"picked":"Singing Bowl","floor":38},{"not_picked":["Conserve Battery","Streamline+1","Steam+1"],"picked":"Steam Power+1","floor":38},{"not_picked":["Fusion","Glacier+1","Cold Snap+1","Undo+1"],"picked":"Singing Bowl","floor":38},{"not_picked":["Leap+1","Chaos+1","Meteor Strike","Ball Lightning+1"],"picked":"Singing Bowl","floor":38}],"player_experience":87025,"relics_obtained":[{"floor":1,"key":"InkBottle"},{"floor":2,"key":"Juzu Bracelet"},{"floor":6,"key":"Question Card"},{"floor":8,"key":"Cables"},{"floor":9,"key":"Pantograph"},{"floor":13,"key":"Akabeko"},{"floor":14,"key":"Singing Bowl"},{"floor":15,"key":"FossilizedHelix"},{"floor":18,"key":"Tiny Chest"},{"floor":19,"key":"Red Mask"},{"floor":23,"key":"Omamori"},{"floor":24,"key":"Mummified Hand"},{"floor":25,"key":"Toy Ornithopter"},{"floor":26,"key":"Bag of Marbles"},{"floor":27,"key":"Dream Catcher"},{"floor":29,"key":"Regal Pillow"},{"floor":30,"key":"Enchiridion"},{"floor":35,"key":"Lantern"},{"floor":37,"key":"Bronze Scales"},{"floor":40,"key":"Potion Belt"},{"floor":41,"key":"PreservedInsect"},{"floor":43,"key":"Smiling Mask"},{"floor":43,"key":"MealTicket"},{"floor":45,"key":"Gremlin Horn"},{"floor":47,"key":"Ancient Tea Set"},{"floor":47,"key":"Pen Nib"},{"floor":48,"key":"Vajra"},{"floor":49,"key":"Turnip"}],"event_choices":[{"damage_healed":0,"gold_gain":0,"player_choice":"Success","damage_taken":18,"relics_obtained":["StoneCalendar"],"max_hp_gain":0,"max_hp_loss":0,"event_name":"Scrap Ooze","floor":4,"gold_loss":0},{"damage_healed":0,"gold_gain":0,"player_choice":"Ignored","damage_taken":0,"max_hp_gain":0,"max_hp_loss":0,"event_name":"NoteForYourself","floor":5,"gold_loss":0},{"damage_healed":0,"gold_gain":0,"player_choice":"Ignored","damage_taken":0,"max_hp_gain":0,"max_hp_loss":0,"event_name":"Golden Wing","floor":7,"gold_loss":0},{"damage_healed":0,"gold_gain":0,"player_choice":"Forge","damage_taken":0,"max_hp_gain":0,"max_hp_loss":0,"event_name":"Accursed Blacksmith","floor":10,"gold_loss":0,"cards_upgraded":["Barrage"]},{"damage_healed":0,"gold_gain":0,"player_choice":"Leave","damage_taken":0,"max_hp_gain":0,"max_hp_loss":0,"event_name":"The Cleric","floor":12,"gold_loss":0},{"damage_healed":0,"gold_gain":0,"player_choice":"Fought Bandits","damage_taken":0,"max_hp_gain":0,"max_hp_loss":0,"event_name":"Masked Bandits","floor":19,"gold_loss":0},{"damage_healed":0,"gold_gain":0,"player_choice":"Read","damage_taken":0,"max_hp_gain":0,"max_hp_loss":0,"event_name":"The Library","floor":21,"gold_loss":0,"cards_obtained":["Steam Power"]},{"cards_removed":["Beam Cell"],"damage_healed":5,"gold_gain":0,"player_choice":"Offered Common","damage_taken":0,"max_hp_gain":0,"max_hp_loss":0,"event_name":"Bonfire Elementals","floor":22,"gold_loss":0},{"cards_removed":["Beam Cell"],"damage_healed":5,"gold_gain":0,"player_choice":"Offered Special","damage_taken":0,"max_hp_gain":0,"max_hp_loss":0,"event_name":"Bonfire Elementals","floor":22,"gold_loss":0},{"damage_healed":0,"gold_gain":0,"player_choice":"Simplicity","damage_taken":0,"max_hp_gain":0,"max_hp_loss":0,"event_name":"Back to Basics","floor":28,"gold_loss":0,"cards_upgraded":[]},{"damage_healed":0,"gold_gain":0,"player_choice":"Obtained Book","damage_taken":16,"max_hp_gain":0,"max_hp_loss":0,"event_name":"Cursed Tome","floor":30,"gold_loss":0},{"damage_healed":12,"gold_gain":0,"player_choice":"Writhe","damage_taken":0,"max_hp_gain":0,"max_hp_loss":0,"event_name":"Winding Halls","floor":36,"gold_loss":0,"cards_obtained":["Writhe"]},{"cards_removed":["Coolheaded"],"damage_healed":0,"gold_gain":0,"player_choice":"Removed Skill","damage_taken":0,"max_hp_gain":0,"max_hp_loss":0,"event_name":"Falling","floor":42,"gold_loss":0},{"damage_healed":0,"gold_gain":0,"player_choice":"Ignored","damage_taken":0,"max_hp_gain":0,"max_hp_loss":0,"event_name":"Purifier","floor":44,"gold_loss":0},{"damage_healed":0,"gold_gain":0,"player_choice":"Ignored","damage_taken":0,"max_hp_gain":0,"max_hp_loss":0,"event_name":"Tomb of Lord Red Mask","floor":46,"gold_loss":0}],"is_beta":false,"boss_relics":[{"not_picked":["Nuclear Battery","Runic Pyramid"],"picked":"Fusion Hammer"},{"not_picked":["Snecko Eye","Coffee Dripper"],"picked":"SlaversCollar"}],"items_purged_floors":[],"is_endless":false,"potions_floor_spawned":[1,2,16,18,35],"ascension_level":0}}