{"host":"7qoz5gmva6til3yp","time":1611488324,"event":{"mods":["AchievementEnabler","BaseMod","Minty Spire (QoL Compilation)","StSLib","SuperFastMode"],"gold_per_floor":[119,194,119,130,130,130,30,43,43,43,58,58,68,83,83,187,187,206,99,99,110,110,110,126,126,126,126,126,126],"floor_reached":28,"language":"KOR","playtime":480,"items_purged":["Strike_G","Defend_G"],"score":322,"play_id":"3be32636-7e30-4795-9ad1-9978afdd26a4","local_time":"20210124203844","is_ascension_mode":true,"campfire_choices":[{"floor":6,"key":"REST"},{"floor":12,"key":"DIG"},{"floor":15,"key":"DIG"},{"floor":23,"key":"REST"},{"floor":25,"key":"DIG"},{"floor":27,"key":"DIG"}],"circlet_count":0,"master_deck":["AscendersBane","Strike_G","Strike_G+1","Strike_G","Defend_G+1","Defend_G","Defend_G","Survivor","Neutralize","Poisoned Stab","Noxious Fumes","Endless Agony","Deadly Poison","Adrenaline","Infinite Blades","Accuracy","Terror","Backstab"],"relics":["Ring of the Snake","Shovel","Mummified Hand","Ancient Tea Set","Shuriken","Empty Cage","Vajra","Omamori","Strawberry","Oddly Smooth Stone"],"acts_visited":["Exordium","TheCity"],"potions_floor_usage":[],"damage_taken":[{"damage":2.0,"enemies":"Small Slimes","floor":1.0,"turns":5.0},{"damage":0,"enemies":"Cultist","floor":4,"turns":4},{"damage":2,"enemies":"Jaw Worm","floor":8,"turns":4},{"damage":0,"enemies":"Looter","floor":11,"turns":3},{"damage":0,"enemies":"Blue Slaver","floor":13,"turns":4},{"damage":2,"enemies":"3 Louse","floor":14,"turns":4},{"damage":37,"enemies":"Hexaghost","floor":16,"turns":8},{"damage":16,"enemies":"Chosen","floor":18,"turns":4},{"damage":6,"enemies":"3 Byrds","floor":21,"turns":4},{"damage":21,"enemies":"Shelled Parasite and Fungi","floor":24,"turns":4},{"damage":27,"enemies":"Book of Stabbing","floor":28,"turns":3}],"seed_played":"7884600289149572965","potions_obtained":[{"floor":4,"key":"Explosive Potion"},{"floor":13,"key":"Energy Potion"},{"floor":21,"key":"DistilledChaos"}],"is_trial":false,"path_per_floor":["M","?","$","M","?","R","$","M","T","?","M","R","M","M","R","B",null,"M","$","?","M","?","R","M","R","T","R","E"],"character_chosen":"THE_SILENT","items_purchased":["Accuracy","Terror"],"campfire_rested":2,"item_purchase_floors":[19,19],"current_hp_per_floor":[61,55,55,55,42,60,60,58,58,58,58,58,58,56,56,19,52,36,36,36,30,19,39,18,18,25,25,0,0],"gold":126,"neow_bonus":"ONE_RARE_RELIC","is_daily":false,"chose_seed":false,"campfire_upgraded":0,"win_rate":0.0,"timestamp":1611488324,"path_taken":["M","?","$","?","?","R","$","M","T","?","M","R","M","M","R","BOSS","M","$","?","M","?","R","M","R","T","R","E"],"items_purchased_type":["Card","Card"],"build_version":"2020-12-22","purchased_purges":2,"victory":false,"max_hp_per_floor":[63,63,63,63,63,63,63,63,63,63,63,63,63,63,63,63,63,63,63,63,63,68,68,68,68,75,75,75,75],"card_choices":[{"not_picked":["PiercingWail","Catalyst"],"picked":"Poisoned Stab","floor":1.0},{"not_picked":["PiercingWail","Deflect"],"picked":"Noxious Fumes","floor":4},{"not_picked":["Sucker Punch","Heel Hook","Deflect"],"picked":"SKIP","floor":8},{"not_picked":["Slice","Accuracy"],"picked":"Endless Agony","floor":11},{"not_picked":["Predator","Dagger Throw"],"picked":"Deadly Poison","floor":13},{"not_picked":["Flying Knee","Blur","Setup"],"picked":"SKIP","floor":14},{"not_picked":["Unload","Tools of the Trade"],"picked":"Adrenaline","floor":16},{"not_picked":["Acrobatics","Backstab"],"picked":"Infinite Blades","floor":18},{"not_picked":["Deflect","Poisoned Stab"],"picked":"Backstab","floor":21},{"not_picked":["Acrobatics","Terror","Dagger Spray"],"picked":"SKIP","floor":24}],"player_experience":426845,"relics_obtained":[{"floor":9,"key":"Mummified Hand"},{"floor":12,"key":"Ancient Tea Set"},{"floor":15,"key":"Shuriken"},{"floor":25,"key":"Omamori"},{"floor":26,"key":"Strawberry"},{"floor":27,"key":"Oddly Smooth Stone"}],"event_choices":[{"damage_healed":0,"gold_gain":75,"player_choice":"Touch","damage_taken":6,"max_hp_gain":0,"max_hp_loss":0,"event_name":"FaceTrader","floor":2,"gold_loss":0},{"damage_healed":0,"gold_gain":0,"player_choice":"Entered Light","damage_taken":13,"max_hp_gain":0,"max_hp_loss":0,"event_name":"Shining Light","floor":5,"gold_loss":0,"cards_upgraded":["Defend_G","Strike_G"]},{"damage_healed":0,"gold_gain":0,"player_choice":"Leave","damage_taken":0,"max_hp_gain":0,"max_hp_loss":0,"event_name":"The Cleric","floor":10,"gold_loss":0},{"damage_healed":0,"gold_gain":0,"player_choice":"Opened","damage_taken":0,"relics_obtained":["Vajra"],"max_hp_gain":0,"max_hp_loss":0,"event_name":"The Mausoleum","floor":20,"gold_loss":0},{"damage_healed":0,"gold_gain":0,"player_choice":"Shed Blood","damage_taken":16,"max_hp_gain":5,"max_hp_loss":0,"event_name":"Forgotten Altar","floor":22,"gold_loss":0}],"is_beta":false,"boss_relics":[{"not_picked":["Runic Pyramid","SacredBark"],"picked":"Empty Cage"}],"items_purged_floors":[3,7],"is_endless":false,"potions_floor_spawned":[4,13,16,21],"killed_by":"Book of Stabbing","ascension_level":11}}