{"host":"w2kjv12xyhtt0cv2","time":1611505578,"event":{"mods":["Act Like it!","BaseMod","Colored Map","Friendly Minions","Gensokyo","GifTheSpireLib","Highlight Path","Hubris","Kiyohime（清姬）","Marisa（F雨　魔理沙）","Minty Spire (QoL Compilation)","Quick Restart","Reimu（博丽灵梦）","Relic Stats","Replay The Spire","RumiaBox-露米娅的神秘盒子","Shop Mod","Spicy Shops","StSLib","The Cursed","The Servant 0.9.4","UnlockEverythingMod","Waifu the Spire","[功能]功能增强和修复MOD","vexMod","【功能Mod】Neow奖励","【遗物卡牌】REMEMod","没有小屋子和绿帽子啦"],"gold_per_floor":[359,49,49,65,65,98,109,137,137,165,165,75,75,109,109,190,190,202,202,220,84,97,128,128,128,128,218,288,288,333,397,397,659,659,731,113,166,67,67,215,93,260,311,370,454,554,554,81,81,74,74,74,45,45],"floor_reached":53,"language":"ZHS","playtime":3560,"items_purged":["TheCursedMod:Defend_TheCursed","TheCursedMod:Defend_TheCursed","TheCursedMod:Defend_TheCursed","TheCursedMod:Strike_TheCursed","TheCursedMod:Strike_TheCursed","TheCursedMod:Strike_TheCursed","TheCursedMod:Strike_TheCursed"],"score":1621,"play_id":"9d2604c5-b0d4-4097-9ce9-565166a2d53e","local_time":"20210125002618","is_ascension_mode":true,"campfire_choices":[{"data":"ReplayTheSpireMod:Uncanny Aura","floor":11.0,"key":"SMITH"},{"data":"ReplayTheSpireMod:Uncanny Aura","floor":15.0,"key":"SMITH"},{"data":"TheCursedMod:CursedRelics","floor":29.0,"key":"SMITH"},{"data":"TheCursedMod:ShockAndAwe","floor":32.0,"key":"SMITH"},{"data":"TheCursedMod:SpitefulPray","floor":32.0,"key":"SMITH"},{"floor":47,"key":"RECALL"},{"data":"TheCursedMod:ManaCirculation","floor":49,"key":"SMITH"},{"data":"TheCursedMod:CursedSpellbook","floor":49,"key":"SMITH"},{"data":"TheCursedMod:CleanUpWorkshop","floor":52,"key":"SMITH"},{"data":"TheCursedMod:RapidMovement","floor":52,"key":"SMITH"}],"circlet_count":0,"master_deck":["TheCursedMod:CursedWand","TheCursedMod:CleanUpWorkshop+1","TheCursedMod:Dregs","ReplayTheSpireMod:Uncanny Aura+1","Spreading Infection","TheCursedMod:RapidMovement+1","ReplayTheSpireMod:Uncanny Aura+1","TheCursedMod:SpitefulPlan+1","TheCursedMod:ShockAndAwe+1","TheCursedMod:CursedAmulet","TheCursedMod:NeowsMight+1","TheCursedMod:CursedSpellbook+1","TheCursedMod:PrepareRite","TheCursedMod:CursedBoomerang+1","TheCursedMod:CursedRelics+1","TheCursedMod:SpitefulPray+1","TheCursedMod:WearCloak+1","Clumsy","ReplayTheSpireMod:IOU","ReplayTheSpireMod:IOU","ReplayTheSpireMod:IOU","ReplayTheSpireMod:IOU","ReplayTheSpireMod:IOU","ReplayTheSpireMod:IOU","TheCursedMod:ManaCirculation+1","REME_MawOfCthun+1","ReplayTheSpireMod:IOU","ReplayTheSpireMod:IOU","ReplayTheSpireMod:IOU","ReplayTheSpireMod:IOU","ReplayTheSpireMod:IOU","ReplayTheSpireMod:IOU","ReplayTheSpireMod:IOU","TheCursedMod:CursedBlade+1","TheCursedMod:ManaBullet+1","TheCursedMod:BlessingInDisguise+1","ReplayTheSpireMod:IOU","ReplayTheSpireMod:IOU","ReplayTheSpireMod:IOU","ReplayTheSpireMod:IOU","Poisoned Strike","ReplayTheSpireMod:IOU","ReplayTheSpireMod:IOU","TheCursedMod:SpitefulPlan"],"relics":["TheCursedMod:BlackMagic101","REME_ComplimentaryCards","DollysMirror","vexMod:MemoryStick","Replay:Accelerometer","TheCursedMod:CrystalBall","Dead Branch","hubris:OldNail","hubris:VirtuousBlindfold","hubris:Towel","PreservedInsect","REME_HandOfSuture","MealTicket","REME_ArchaeologicalTools","Snack Pack","Replay:Arrowhead","Black Star","Toxic Egg 2","hubris:SlimyHat","Replay:Wax Seal","hubris:CrystalStatue","Replay:Rubber Ducky","Toolbox","vexMod:Cooldron","GodSword3","hubris:Icosahedron","Oddly Smooth Stone","TheCursedMod:Tack","Centennial Puzzle","Anchor","vexMod:FocusSash","hubris:MysteriousPyramids","Boot","Strawberry","Bottled Flame","hubris:FunFungus","ClockworkSouvenir","hubris:BottledRain","Bag of Preparation","Singing Bowl"],"acts_visited":["Exordium","TheCity","TheBeyond","TheEnding"],"potions_floor_usage":[46,46,46,46,46,50,50,50],"damage_taken":[{"damage":0.0,"enemies":"Cultist","floor":1.0,"turns":4.0},{"damage":1.0,"enemies":"2 Louse","floor":4.0,"turns":4.0},{"damage":8.0,"enemies":"3 Sentries","floor":6.0,"turns":6.0},{"damage":3.0,"enemies":"Small Slimes","floor":7.0,"turns":4.0},{"damage":0.0,"enemies":"Lagavulin","floor":8.0,"turns":8.0},{"damage":22.0,"enemies":"Gremlin Nob","floor":10.0,"turns":3.0},{"damage":9.0,"enemies":"3 Sentries","floor":14.0,"turns":4.0},{"damage":0.0,"enemies":"Slime Boss","floor":16.0,"turns":5.0},{"damage":0.0,"enemies":"2 Thieves","floor":18.0,"turns":3.0},{"damage":0.0,"enemies":"3 Byrds","floor":20.0,"turns":1.0},{"damage":3.0,"enemies":"Snake Plant","floor":22.0,"turns":3.0},{"damage":24.0,"enemies":"REME_1_Revenger","floor":23.0,"turns":3.0},{"damage":0.0,"enemies":"Replay:Snechameleon","floor":27.0,"turns":1.0},{"damage":0.0,"enemies":"3 Cultists","floor":28.0,"turns":1.0},{"damage":0.0,"enemies":"Book of Stabbing","floor":30.0,"turns":1.0},{"damage":0.0,"enemies":"Chosen and Byrds","floor":31.0,"turns":2.0},{"damage":9.0,"enemies":"Pondfish","floor":33.0,"turns":6.0},{"damage":0.0,"enemies":"3 Darklings","floor":35.0,"turns":1.0},{"damage":0.0,"enemies":"3 Shapes","floor":37.0,"turns":1.0},{"damage":0,"enemies":"Nemesis","floor":40,"turns":1},{"damage":0,"enemies":"Giant Head","floor":42,"turns":5},{"damage":0,"enemies":"Nemesis","floor":44,"turns":1},{"damage":0,"enemies":"2 Orb Walkers","floor":45,"turns":1},{"damage":9,"enemies":"Maw","floor":46,"turns":3},{"damage":60,"enemies":"Replay:Hell Engine","floor":50,"turns":5},{"damage":83,"enemies":"hubris:Merchant","floor":53,"turns":7}],"seed_played":"5720223899818676443","potions_obtained":[{"floor":1.0,"key":"Elixir"},{"floor":4.0,"key":"BlessingOfTheForge"},{"floor":6.0,"key":"DuplicationPotion"},{"floor":8.0,"key":"PowerPotion"},{"floor":16.0,"key":"LiquidMemories"},{"floor":18.0,"key":"Adrenaline Potion"},{"floor":23.0,"key":"Death Potion"},{"floor":28.0,"key":"SkillPotion"},{"floor":30.0,"key":"Swift Potion"},{"floor":33.0,"key":"ColorlessPotion"},{"floor":35.0,"key":"AttackPotion"},{"floor":44,"key":"EntropicBrew"}],"is_trial":false,"path_per_floor":["M","$","?","M","?","E","M","E","T","E","R","$","?","E","R","B",null,"M","?","M","$","M","E","?","?","T","E","M","R","E","M","R","B",null,"M","$","M","$","?","E","$","E","T","E","?","M","R","$","R","B",null,"R","$"],"character_chosen":"THE_CURSED","items_purchased":["DollysMirror","TheCursedMod:SpitefulPlan","PreservedInsect","Toxic Egg 2","hubris:SlimyHat","Replay:Wax Seal","hubris:CrystalStatue","Replay:Rubber Ducky","Toolbox","vexMod:Cooldron","GodSword3","REME_MawOfCthun+1","Centennial Puzzle","Anchor","vexMod:FocusSash","EntropicBrew","ClockworkSouvenir","hubris:BottledRain","Bag of Preparation","Singing Bowl","Poisoned Strike","TheCursedMod:SpitefulPlan"],"campfire_rested":0,"item_purchase_floors":[2,2,21,36,36,38,38,38,38,38,38,41,41,41,41,41,48,48,48,48,48,53],"current_hp_per_floor":[75,75,75,74,74,66,63,63,63,41,41,41,41,32,32,32,64,64,64,64,64,61,37,37,37,37,37,39,39,43,47,47,42,67,71,75,75,75,75,75,75,75,75,82,82,76,76,82,82,43,72,72,0,0],"gold":45,"neow_bonus":"TWO_FIFTY_GOLD","is_daily":false,"chose_seed":false,"campfire_upgraded":9,"win_rate":0.0,"timestamp":1611505578,"path_taken":["M","$","?","?","?","E","M","E","T","E","R","$","?","E","R","BOSS","M","?","M","$","M","E","?","?","T","E","?","R","E","M","R","BOSS","M","$","M","?","?","E","$","E","T","E","?","?","R","?","R","BOSS","R","$"],"items_purchased_type":["Relic","Card","Relic","Relic","Relic","Relic","Relic","Relic","Relic","Relic","Relic","Card","Relic","Relic","Relic","Potion","Relic","Relic","Relic","Relic","Card","Card"],"build_version":"2020-12-22","purchased_purges":7,"victory":false,"max_hp_per_floor":[75,75,75,75,75,75,75,75,75,75,75,75,75,75,75,75,75,75,75,75,75,75,75,75,75,75,75,75,75,75,75,75,75,75,75,75,75,75,75,75,75,75,75,82,82,82,82,82,82,82,82,82,82,82],"relic_stats":{"Centennial Puzzle":[16],"Singing Bowl":0,"counters":[26,83],"Dead Branch":[196],"MealTicket":20,"PreservedInsect":335,"Black Star":3,"Bag of Preparation":[4],"Boot":[38],"obtain_stats":[{"Replay:Accelerometer":8,"vexMod:MemoryStick":6,"hubris:CrystalStatue":38,"Singing Bowl":48,"TheCursedMod:Tack":40,"hubris:VirtuousBlindfold":17,"hubris:SlimyHat":36,"Bag of Preparation":48,"hubris:MysteriousPyramids":42,"Boot":42,"Replay:Rubber Ducky":38,"ClockworkSouvenir":48,"Centennial Puzzle":41,"hubris:Icosahedron":39,"DollysMirror":2,"Strawberry":44,"Toolbox":38,"TheCursedMod:CrystalBall":9,"MealTicket":25,"hubris:FunFungus":45,"REME_ArchaeologicalTools":26,"Toxic Egg 2":36,"Replay:Wax Seal":38,"TheCursedMod:BlackMagic101":0,"Dead Branch":10,"Oddly Smooth Stone":40,"PreservedInsect":21,"vexMod:FocusSash":41,"hubris:Towel":19,"Replay:Arrowhead":30,"vexMod:Cooldron":38,"Anchor":41,"Bottled Flame":44,"REME_HandOfSuture":23,"Snack Pack":27,"Black Star":34,"GodSword3":38,"hubris:OldNail":14,"REME_ComplimentaryCards":0,"hubris:BottledRain":48},{"Replay:Accelerometer":5,"vexMod:MemoryStick":3,"hubris:CrystalStatue":19,"Singing Bowl":24,"TheCursedMod:Tack":20,"hubris:VirtuousBlindfold":8,"hubris:SlimyHat":18,"Bag of Preparation":24,"hubris:MysteriousPyramids":21,"Boot":21,"Replay:Rubber Ducky":19,"ClockworkSouvenir":24,"Centennial Puzzle":20,"hubris:Icosahedron":19,"DollysMirror":1,"Strawberry":22,"Toolbox":19,"TheCursedMod:CrystalBall":5,"MealTicket":12,"hubris:FunFungus":23,"REME_ArchaeologicalTools":12,"Toxic Egg 2":18,"Replay:Wax Seal":19,"TheCursedMod:BlackMagic101":0,"Dead Branch":6,"Oddly Smooth Stone":20,"PreservedInsect":10,"vexMod:FocusSash":20,"hubris:Towel":9,"Replay:Arrowhead":15,"vexMod:Cooldron":19,"Anchor":20,"Bottled Flame":22,"REME_HandOfSuture":12,"Snack Pack":13,"Black Star":17,"GodSword3":19,"hubris:OldNail":7,"REME_ComplimentaryCards":0,"hubris:BottledRain":24},{"Replay:Accelerometer":26,"vexMod:MemoryStick":14,"hubris:CrystalStatue":61,"Singing Bowl":72,"TheCursedMod:Tack":62,"hubris:VirtuousBlindfold":38,"hubris:SlimyHat":60,"Bag of Preparation":72,"hubris:MysteriousPyramids":67,"Boot":67,"Replay:Rubber Ducky":61,"ClockworkSouvenir":72,"Centennial Puzzle":62,"hubris:Icosahedron":61,"DollysMirror":4,"Strawberry":68,"Toolbox":61,"TheCursedMod:CrystalBall":26,"MealTicket":48,"hubris:FunFungus":69,"REME_ArchaeologicalTools":48,"Toxic Egg 2":60,"Replay:Wax Seal":61,"TheCursedMod:BlackMagic101":0,"Dead Branch":29,"Oddly Smooth Stone":62,"PreservedInsect":42,"vexMod:FocusSash":62,"hubris:Towel":41,"Replay:Arrowhead":51,"vexMod:Cooldron":61,"Anchor":62,"Bottled Flame":68,"REME_HandOfSuture":48,"Snack Pack":49,"Black Star":59,"GodSword3":61,"hubris:OldNail":33,"REME_ComplimentaryCards":0,"hubris:BottledRain":72}]},"card_choices":[{"not_picked":["TheCursedMod:CursedAmulet","TheCursedMod:FleshFromBone"],"picked":"TheCursedMod:RapidMovement","floor":1.0},{"not_picked":["TheCursedMod:SoulCrush","TheCursedMod:AbyssShockwave","TheCursedMod:Wield"],"picked":"SKIP","floor":4.0},{"not_picked":["TheCursedMod:Obscuration","TheCursedMod:CursedShiv"],"picked":"TheCursedMod:ShockAndAwe","floor":6.0},{"not_picked":["TheCursedMod:SmokeScreen","TheCursedMod:FleshFromBone","TheCursedMod:CursedShiv"],"picked":"SKIP","floor":7.0},{"not_picked":["TheCursedMod:StingEye","TheCursedMod:Torture"],"picked":"TheCursedMod:CursedAmulet","floor":8.0},{"not_picked":["TheCursedMod:CircleOfCorruption","TheCursedMod:Grudge"],"picked":"TheCursedMod:NeowsMight","floor":10.0},{"not_picked":["TheCursedMod:Mangle","TheCursedMod:Obscuration"],"picked":"TheCursedMod:CursedSpellbook","floor":14.0},{"not_picked":["TheCursedMod:RapidMovement","TheCursedMod:CircleOfCorruption"],"picked":"TheCursedMod:PrepareRite","floor":18.0},{"not_picked":["TheCursedMod:CursedAmulet","TheCursedMod:CircleOfFlame","TheCursedMod:CursedShiv"],"picked":"SKIP","floor":20.0},{"not_picked":["TheCursedMod:OutForBlood","TheCursedMod:VitalStrike+1","TheCursedMod:CircleOfCorruption"],"picked":"SKIP","floor":22.0},{"not_picked":["TheCursedMod:Wield","TheCursedMod:TacticalStrike","TheCursedMod:RavingStaff"],"picked":"SKIP","floor":23.0},{"not_picked":["TheCursedMod:CircleOfCorruption","TheCursedMod:BloodBarrier+1"],"picked":"TheCursedMod:CursedBoomerang+1","floor":27.0},{"not_picked":["TheCursedMod:StingEye","TheCursedMod:RapidMovement+1"],"picked":"TheCursedMod:CursedRelics","floor":28.0},{"not_picked":["TheCursedMod:CircleOfAmplification","TheCursedMod:SpitefulStrike+1"],"picked":"TheCursedMod:SpitefulPray","floor":30.0},{"not_picked":["TheCursedMod:SpitefulStrike","TheCursedMod:CursedBlade","TheCursedMod:CursedAmulet"],"picked":"SKIP","floor":31.0},{"not_picked":["TheCursedMod:RavingStaff+1","TheCursedMod:Evocation","TheCursedMod:SmokeScreen+1"],"picked":"SKIP","floor":35.0},{"not_picked":["TheCursedMod:Stretching+1","TheCursedMod:SpitefulStrike"],"picked":"TheCursedMod:WearCloak+1","floor":37.0},{"not_picked":["TheCursedMod:SurpriseAttack","TheCursedMod:CircleOfAmplification+1"],"picked":"TheCursedMod:ManaCirculation","floor":40},{"not_picked":["TheCursedMod:SaltUponWound+1","TheCursedMod:TacticalStrike+1"],"picked":"TheCursedMod:CursedBlade+1","floor":42},{"not_picked":["TheCursedMod:CursedMace","TheCursedMod:SpitefulStrike+1"],"picked":"TheCursedMod:ManaBullet+1","floor":44},{"not_picked":["TheCursedMod:BloodBarrier+1","TheCursedMod:Mangle"],"picked":"TheCursedMod:BlessingInDisguise+1","floor":45},{"not_picked":["TheCursedMod:TacticalStrike+1","TheCursedMod:CursedBlade","TheCursedMod:Wield"],"picked":"SKIP","floor":46}],"player_experience":202950,"relics_obtained":[{"floor":6.0,"key":"vexMod:MemoryStick"},{"floor":8.0,"key":"Replay:Accelerometer"},{"floor":9.0,"key":"TheCursedMod:CrystalBall"},{"floor":10.0,"key":"Dead Branch"},{"floor":14.0,"key":"hubris:OldNail"},{"floor":23.0,"key":"REME_HandOfSuture"},{"floor":26.0,"key":"REME_ArchaeologicalTools"},{"floor":27.0,"key":"Snack Pack"},{"floor":30.0,"key":"Replay:Arrowhead"},{"floor":40,"key":"Oddly Smooth Stone"},{"floor":40,"key":"TheCursedMod:Tack"},{"floor":42,"key":"hubris:MysteriousPyramids"},{"floor":42,"key":"Boot"},{"floor":44,"key":"Strawberry"},{"floor":44,"key":"Bottled Flame"},{"floor":45,"key":"hubris:FunFungus"}],"event_choices":[{"cards_removed":["TheCursedMod:Defend_TheCursed"],"damage_healed":0.0,"max_hp_gain":0.0,"max_hp_loss":0.0,"gold_gain":0.0,"event_name":"Purifier","player_choice":"Purged","floor":3.0,"gold_loss":0.0,"damage_taken":0.0},{"damage_healed":0.0,"max_hp_gain":0.0,"max_hp_loss":0.0,"gold_gain":0.0,"event_name":"WeMeetAgain","player_choice":"Gave Potion","floor":25.0,"gold_loss":0.0,"damage_taken":0.0,"relics_obtained":["MealTicket"]},{"damage_healed":0,"gold_gain":0,"player_choice":"Fight","damage_taken":0,"max_hp_gain":0,"max_hp_loss":0,"event_name":"Mysterious Sphere","floor":45,"gold_loss":0}],"is_beta":false,"boss_relics":[{"not_picked":["Snecko Heart","ChewingGum"],"picked":"hubris:VirtuousBlindfold"},{"not_picked":["hubris:GrandSneckoEye","ReplayTheSpireMod:DimensionalGlitch"],"picked":"Black Star"}],"items_purged_floors":[2,12,36,36,38,41,48],"is_endless":false,"potions_floor_spawned":[1,4,6,8,16,18,22,23,28,30,33,35,42,44],"killed_by":"hubris:Merchant","ascension_level":5}}