{"host":"qeogwbudlaqzb6hy","time":1611531858,"event":{"mods":["BaseMod","Downfall","Minty Spire (QoL Compilation)","StSLib"],"gold_per_floor":[99,118,137,147,52,52,52,72,83,96,129,129,129,157,167,167,167,167],"floor_reached":16,"language":"ENG","playtime":984,"items_purged":[],"score":114,"play_id":"6e0c1501-5e14-44ee-9783-ed6b7b3c94d7","local_time":"20210125094418","is_ascension_mode":false,"campfire_choices":[{"data":"Guardian:TwinSlam","floor":1,"key":"SMITH"},{"floor":13,"key":"REST"}],"circlet_count":0,"master_deck":["Guardian:Strike_Guardian","Guardian:Strike_Guardian","Guardian:Strike_Guardian","Guardian:Strike_Guardian","Guardian:Defend_Guardian","Guardian:Defend_Guardian","Guardian:Defend_Guardian","Guardian:Defend_Guardian","Guardian:CurlUp","Guardian:TwinSlam+1","Guardian:ChargeCore","Guardian:FloatingOrbs","Guardian:PolyBeam","Guardian:VentSteam","Guardian:Incinerate","Guardian:BronzeOrb","Guardian:TemporalStrike","Guardian:HyperBeam_Guardian","Guardian:EvasiveProtocol"],"relics":["Guardian:ModeShifter","downfall:BrokenWingStatue","InkBottle","PreservedInsect","Bird Faced Urn"],"acts_visited":["Exordium"],"potions_floor_usage":[14],"damage_taken":[{"damage":1,"enemies":"Jaw Worm","floor":2,"turns":4},{"damage":0,"enemies":"Small Slimes","floor":3,"turns":3},{"damage":0,"enemies":"Cultist","floor":4,"turns":4},{"damage":5,"enemies":"downfall:FleeingMerchant","floor":5,"turns":4},{"damage":7,"enemies":"Blue Slaver","floor":8,"turns":3},{"damage":13,"enemies":"3 Louse","floor":9,"turns":3},{"damage":0,"enemies":"Large Slime","floor":10,"turns":5},{"damage":38,"enemies":"Gremlin Nob","floor":11,"turns":4},{"damage":13,"enemies":"3 Sentries","floor":14,"turns":5},{"damage":0,"enemies":"Exordium Thugs","floor":15,"turns":1},{"damage":61,"enemies":"DF_ARCHETYPE_STREAMLINE","floor":16,"turns":12}],"seed_played":"-7595745460885818412","potions_obtained":[{"floor":2,"key":"Guardian:AcceleratePotion"},{"floor":8,"key":"DuplicationPotion"},{"floor":10,"key":"Guardian:AcceleratePotion"},{"floor":14,"key":"Fruit Juice"}],"is_trial":false,"path_per_floor":["R","M","M","M","$","?","T","M","M","M","E","?","R","E","M","B"],"character_chosen":"GUARDIAN","items_purchased":["Guardian:PolyBeam"],"campfire_rested":1,"item_purchase_floors":[5],"current_hp_per_floor":[88,87,87,87,82,82,82,75,62,62,24,24,50,42,42,0,0,0],"gold":167,"neow_bonus":"TEN_PERCENT_HP_BONUS","is_daily":false,"chose_seed":false,"campfire_upgraded":1,"win_rate":0.0,"timestamp":1611531858,"path_taken":["R","M","M","M","$","?","T","M","M","M","E","?","R","E","M","BOSS"],"items_purchased_type":["Card"],"build_version":"2020-12-22","purchased_purges":0,"victory":false,"max_hp_per_floor":[88,88,88,88,88,88,88,88,88,88,88,88,88,93,93,93,93,93],"card_choices":[{"not_picked":["Guardian:TemporalStrike","Guardian:GuardianWhirl"],"picked":"Guardian:Gem_Red","floor":2},{"not_picked":["Guardian:FloatingOrbs","Guardian:Gem_Purple"],"picked":"Guardian:Gem_Red","floor":3},{"not_picked":["Guardian:Reroute","Guardian:SpikerProtocol"],"picked":"Guardian:ChargeCore","floor":4},{"not_picked":["Guardian:Gem_Red","Guardian:Reroute"],"picked":"Guardian:FloatingOrbs","floor":5},{"not_picked":["Guardian:Reroute","Guardian:Recover"],"picked":"Guardian:VentSteam","floor":8},{"not_picked":["Guardian:Recover","Guardian:Harden"],"picked":"Guardian:Incinerate","floor":9},{"not_picked":["Guardian:ChargeCore","Guardian:Incinerate"],"picked":"Guardian:Gem_Lightblue","floor":10},{"not_picked":["Guardian:VentSteam","Guardian:BodySlam"],"picked":"Guardian:BronzeOrb","floor":11},{"not_picked":["Guardian:Gem_Yellow","Guardian:Preprogram"],"picked":"Guardian:HyperBeam_Guardian","floor":14},{"not_picked":["Guardian:PrismaticBarrier","Guardian:VentSteam"],"picked":"Guardian:EvasiveProtocol","floor":15}],"player_experience":303985,"relics_obtained":[{"floor":7,"key":"InkBottle"},{"floor":11,"key":"PreservedInsect"},{"floor":14,"key":"Bird Faced Urn"}],"event_choices":[],"is_beta":false,"boss_relics":[],"items_purged_floors":[],"is_endless":false,"potions_floor_spawned":[2,8,10,11,14],"killed_by":"DF_ARCHETYPE_STREAMLINE","ascension_level":0}}