{"host":"Jitters","time":1611532000,"event":{"mods":["BaseMod","Colored Powertips","Curses Come First","Downfall","Minty Spire (QoL Compilation)","Relic Stats","Reliquary","Shop Mod","StSLib"],"gold_per_floor":[99,99,99,99,99,99,99,114,125,125,154,154,174,189,200,200,200,200],"floor_reached":16,"language":"ENG","playtime":627,"items_purged":[],"score":110,"play_id":"c8d5b11e-f8f6-4ab6-8cf2-3d6af7e9f956","local_time":"20210124184640","is_ascension_mode":true,"campfire_choices":[{"data":"bronze:Replicate","floor":1.0,"key":"SMITH"},{"floor":10,"key":"REST"},{"floor":12,"key":"REST"}],"circlet_count":0,"master_deck":["bronze:Strike","bronze:Strike+1","bronze:Strike+1","bronze:Strike","bronze:Defend","bronze:Defend","bronze:Defend","bronze:Defend","bronze:Replicate+1","bronze:Goto","bronze:Separator","bronze:FollowUp","bronze:Spike","bronze:FineTuning","bronze:Iterate","bronze:Frontload","bronze:Frontload","bronze:OilSpill","bronze:Repulsor"],"relics":["bronze:BronzeCore","downfall:HeartsMalice","Whetstone","Potion Belt","reliquary:BoilingFlask"],"acts_visited":["Exordium"],"potions_floor_usage":[9,9,11,16],"damage_taken":[{"damage":0.0,"enemies":"Jaw Worm","floor":2.0,"turns":1.0},{"damage":0,"enemies":"Cultist","floor":3,"turns":1},{"damage":0,"enemies":"2 Louse","floor":4,"turns":1},{"damage":43,"enemies":"2 Louse","floor":5,"turns":5},{"damage":8,"enemies":"Exordium Wildlife","floor":8,"turns":4},{"damage":7,"enemies":"Exordium Thugs","floor":9,"turns":2},{"damage":18,"enemies":"Lagavulin","floor":11,"turns":4},{"damage":15,"enemies":"3 Louse","floor":13,"turns":4},{"damage":8,"enemies":"2 Fungi Beasts","floor":14,"turns":3},{"damage":2,"enemies":"Exordium Wildlife","floor":15,"turns":2},{"damage":12,"enemies":"DF_ARCHETYPE_STREAMLINE","floor":16,"turns":3}],"seed_played":"227207123146358562","potions_obtained":[{"floor":5,"key":"hexamod:SoulburnPotion"},{"floor":8,"key":"Fire Potion"},{"floor":9,"key":"Fire Potion"},{"floor":13,"key":"sneckomod:MuddlingPotion"},{"floor":15,"key":"Explosive Potion"}],"is_trial":false,"path_per_floor":["R","M","M","M","?","T","T","M","M","R","E","R","M","M","M","B"],"character_chosen":"THE_AUTOMATON","items_purchased":[],"campfire_rested":2,"item_purchase_floors":[],"current_hp_per_floor":[70,70,70,70,27,27,27,19,12,33,15,36,21,13,11,0,0,0],"gold":200,"neow_bonus":"THREE_ENEMY_KILL","is_daily":false,"chose_seed":false,"campfire_upgraded":1,"win_rate":0.0,"timestamp":1611532000,"path_taken":["R","M","M","M","?","?","T","M","M","R","E","R","M","?","M","BOSS"],"items_purchased_type":[],"build_version":"2020-11-17","purchased_purges":0,"victory":false,"max_hp_per_floor":[70,70,70,70,70,70,70,70,70,70,70,70,70,70,70,70,70,70],"relic_stats":{"counters":[11,27],"Whetstone":["bronze:Strike","bronze:Strike"],"obtain_stats":[{"Potion Belt":7,"bronze:BronzeCore":0,"reliquary:BoilingFlask":11,"downfall:HeartsMalice":0,"Whetstone":6},{"Potion Belt":4,"bronze:BronzeCore":0,"reliquary:BoilingFlask":7,"downfall:HeartsMalice":0,"Whetstone":4},{"Potion Belt":5,"bronze:BronzeCore":0,"reliquary:BoilingFlask":15,"downfall:HeartsMalice":0,"Whetstone":5}]},"card_choices":[{"not_picked":["bronze:Turbo","bronze:NullPointer","bronze:Shell"],"picked":"SKIP","floor":2.0},{"not_picked":["bronze:Turbo","bronze:Deprecate"],"picked":"bronze:Separator","floor":3},{"not_picked":["bronze:BronzeArmor","bronze:Turbo"],"picked":"bronze:FollowUp","floor":4},{"not_picked":[],"picked":"bronze:Spike","floor":5},{"not_picked":["bronze:Deprecate","bronze:BuggyMess"],"picked":"bronze:FineTuning","floor":5},{"not_picked":["bronze:ChildClass","bronze:Overload"],"picked":"bronze:Iterate","floor":8},{"not_picked":["bronze:Turbo","bronze:Allocate"],"picked":"bronze:Frontload","floor":9},{"not_picked":["bronze:OilSpill","bronze:Terminator"],"picked":"bronze:Frontload","floor":11},{"not_picked":["bronze:Invalidate","bronze:ForceShield"],"picked":"bronze:OilSpill","floor":13},{"not_picked":["bronze:Overload","bronze:DarkDash"],"picked":"bronze:Repulsor","floor":14},{"not_picked":["bronze:ForceShield","bronze:BitShift","bronze:Turbo"],"picked":"SKIP","floor":15}],"player_experience":194567,"relics_obtained":[{"floor":6,"key":"Whetstone"},{"floor":7,"key":"Potion Belt"},{"floor":11,"key":"reliquary:BoilingFlask"}],"event_choices":[],"is_beta":true,"boss_relics":[],"items_purged_floors":[],"is_endless":false,"potions_floor_spawned":[5,8,9,13,15],"killed_by":"DF_ARCHETYPE_STREAMLINE","ascension_level":2}}