{"host":"p7cjtxxrilhp4dw7","time":1611455496,"event":{"mods":["BaseMod","Block Reminder","Colored Map","Curses Come First","Highlight Path","Minty Spire (QoL Compilation)","Replay The Spire","StSLib","The Hierophant"],"gold_per_floor":[115,115,125,73,73,73,102,102,102,128,147,167,179,179,179,279,279,377,477,487,504,454,464,475,475,507,522,522,542,561,579,579,378,378,481,481,500,519,723,648,701,730,747,747,747,747,747],"floor_reached":46,"language":"ENG","playtime":3560,"items_purged":["ReplayTheSpireMod:Splinters"],"score":858,"play_id":"ca694e35-cef3-45be-a3c0-1ccee9c7c7d1","local_time":"20210123193136","is_ascension_mode":true,"campfire_choices":[{"floor":6,"key":"REST"},{"floor":8,"key":"REST"},{"data":"Zap","floor":17,"key":"SMITH"},{"floor":25,"key":"REST"},{"floor":32,"key":"REST"},{"floor":34,"key":"REST"},{"floor":44,"key":"REST"}],"circlet_count":0,"master_deck":["Strike_B+1","Strike_B","Strike_B","Strike_B+1","Defend_B+1","Defend_B+1","Defend_B+1","Defend_B+1","Zap+1","Dualcast","Ball Lightning","Cold Snap+1","Conserve Battery","Electrodynamics+1","Ball Lightning","Coolheaded","Conserve Battery+1","Capacitor+1","Barrage+1","Panic Button+1","Consume","Redo","ReplayRNGCard","Redo+1","Hologram+1"],"relics":["Cracked Core","Gremlin Food","Anchor","Frozen Egg 2","Mango","Replay:Grab Bag","Painkiller Herb","Replay:Wanted Poster","SlaversCollar","Singing Bowl","HornCleat","War Paint","Art of War","Vajra"],"acts_visited":["Exordium","TheCity","TheBeyond"],"potions_floor_usage":[13,18,18,18,26,35,35,42],"damage_taken":[{"damage":5,"enemies":"Small Slimes","floor":1,"turns":4},{"damage":6,"enemies":"Cultist","floor":3,"turns":3},{"damage":23,"enemies":"Lagavulin","floor":7,"turns":6},{"damage":7,"enemies":"3 Sentries","floor":10,"turns":8},{"damage":0,"enemies":"2 Louse","floor":11,"turns":2},{"damage":3,"enemies":"Gremlin Gang","floor":12,"turns":5},{"damage":4,"enemies":"Exordium Thugs","floor":13,"turns":3},{"damage":0,"enemies":"Slime Boss","floor":18,"turns":8},{"damage":17,"enemies":"2 Thieves","floor":20,"turns":3},{"damage":0,"enemies":"Shell Parasite","floor":21,"turns":4},{"damage":13,"enemies":"Cultist and Chosen","floor":23,"turns":5},{"damage":25,"enemies":"Chosen and Byrds","floor":24,"turns":5},{"damage":0,"enemies":"Gremlin Leader","floor":26,"turns":5},{"damage":23,"enemies":"Snake Plant","floor":27,"turns":5},{"damage":8,"enemies":"Shelled Parasite and Fungi","floor":29,"turns":4},{"damage":23,"enemies":"Chosen and Byrds","floor":30,"turns":5},{"damage":2,"enemies":"Snecko","floor":31,"turns":4},{"damage":69,"enemies":"Collector","floor":35,"turns":9},{"damage":0,"enemies":"3 Shapes","floor":37,"turns":2},{"damage":0,"enemies":"Orb Walker","floor":38,"turns":3},{"damage":39,"enemies":"Nemesis","floor":42,"turns":9},{"damage":39,"enemies":"Transient","floor":43,"turns":5},{"damage":52,"enemies":"Giant Head","floor":46,"turns":8}],"seed_played":"3342576764766598656","potions_obtained":[{"floor":3,"key":"Fire Potion"},{"floor":11,"key":"Explosive Potion"},{"floor":12,"key":"FocusPotion"},{"floor":18,"key":"Fruit Juice"},{"floor":20,"key":"PowerPotion"},{"floor":23,"key":"FearPotion"},{"floor":24,"key":"Strength Potion"},{"floor":29,"key":"Regen Potion"},{"floor":37,"key":"SkillPotion"}],"is_trial":false,"path_per_floor":["M","?","M","$","$","R","E","R","T","E","M","M","M","PTL","PTL","?","R","B",null,"?","?","?","?","?","T","E","?","T","?","?","?","T","T","T","B",null,"?","?","?","T","T","E","?","T","T","E"],"character_chosen":"DEFECT","items_purchased":["Conserve Battery","War Paint","Redo"],"campfire_rested":6,"item_purchase_floors":[4,33,33],"current_hp_per_floor":[63,56,50,50,50,72,49,71,71,78,78,75,71,71,71,71,71,76,90,73,73,73,60,35,63,63,40,40,32,9,9,37,37,65,11,75,75,77,79,79,79,40,3,33,33,0,0],"gold":747,"neow_bonus":"RANDOM_COMMON_RELIC","is_daily":false,"chose_seed":false,"campfire_upgraded":1,"win_rate":0.0,"timestamp":1611455496,"path_taken":["M","?","M","?","$","R","E","R","T","E","M","?","M","PTL","PTL","?","R","BOSS","?","?","?","?","?","T","E","?","T","?","?","?","T","T","T","BOSS","?","?","?","T","?","E","?","T","T","E"],"items_purchased_type":["Card","Relic","Card"],"build_version":"2020-12-22","purchased_purges":1,"victory":false,"max_hp_per_floor":[75,75,75,75,75,75,75,75,75,89,89,89,89,89,89,89,89,94,94,94,94,94,94,94,94,94,94,94,94,94,96,96,96,96,96,96,96,98,100,100,100,100,102,102,102,102,102],"card_choices":[{"not_picked":["Stack","Auto Shields"],"picked":"Ball Lightning","floor":1},{"not_picked":["Static Discharge","Steam"],"picked":"Cold Snap","floor":3},{"not_picked":["Doom and Gloom","Coolheaded","Skim"],"picked":"SKIP","floor":7},{"not_picked":["Blizzard","Conserve Battery","Compile Driver"],"picked":"SKIP","floor":10},{"not_picked":["Undo","Steam","FIFO Queue+1"],"picked":"SKIP","floor":11},{"not_picked":["Hyperbeam","Aggregate","Steam"],"picked":"SKIP","floor":12},{"not_picked":["Streamline","Compile Driver","Beam Cell"],"picked":"SKIP","floor":13},{"not_picked":["Biased Cognition+1","Mirror Shield"],"picked":"Electrodynamics+1","floor":18},{"not_picked":["Steam Power","Stack"],"picked":"Ball Lightning","floor":20},{"not_picked":["Turbo","Gash"],"picked":"Coolheaded","floor":21},{"not_picked":["Compile Driver","Beam Cell"],"picked":"Conserve Battery+1","floor":23},{"not_picked":["FIFO Queue+1","Scrape","ReplayTheSpireMod:System Scan"],"picked":"SKIP","floor":24},{"not_picked":["Barrage","Rebound"],"picked":"Capacitor+1","floor":26},{"not_picked":["Leap","FTL"],"picked":"Barrage+1","floor":27},{"not_picked":["Gash","Barrage"],"picked":"Panic Button+1","floor":29},{"not_picked":["Stack+1","ReplayTheSpireMod:GoodbyeWorld+1"],"picked":"Consume","floor":30},{"not_picked":["Reboot","Panic Button","Coolheaded"],"picked":"Singing Bowl","floor":31},{"not_picked":["Hyperbeam","Machine Learning+1"],"picked":"ReplayRNGCard","floor":35},{"not_picked":["Go for the Eyes","Lockon+1"],"picked":"Redo+1","floor":37},{"not_picked":["Cold Snap","Skim","Sunder+1"],"picked":"Singing Bowl","floor":38},{"not_picked":["Melter+1","Steam","Consume"],"picked":"Singing Bowl","floor":39},{"not_picked":["Darkness+1","Reprogram"],"picked":"Hologram","floor":42},{"not_picked":["Auto Shields","Hologram","FTL"],"picked":"Singing Bowl","floor":43}],"player_experience":578781,"relics_obtained":[{"floor":7,"key":"Anchor"},{"floor":9,"key":"Frozen Egg 2"},{"floor":10,"key":"Mango"},{"floor":26,"key":"Singing Bowl"},{"floor":28,"key":"HornCleat"},{"floor":41,"key":"Art of War"},{"floor":45,"key":"Vajra"}],"event_choices":[{"damage_healed":0,"gold_gain":0,"player_choice":"Damaged","damage_taken":7,"max_hp_gain":0,"max_hp_loss":0,"event_name":"Wheel of Change","floor":2,"gold_loss":0},{"damage_healed":0,"gold_gain":100,"player_choice":"Pray","damage_taken":0,"max_hp_gain":0,"max_hp_loss":0,"event_name":"Golden Shrine","floor":16,"gold_loss":0},{"damage_healed":0,"gold_gain":0,"player_choice":"Bet on Murderer","damage_taken":0,"max_hp_gain":0,"max_hp_loss":0,"event_name":"The Joust","floor":22,"gold_loss":50}],"is_beta":false,"boss_relics":[{"not_picked":["ChewingGum","Pandora\u0027s Box"],"picked":"Replay:Grab Bag"},{"not_picked":["Ectoplasm","Abe\u0027s Treasure"],"picked":"Painkiller Herb"},{"not_picked":["ReplayTheSpireMod:Onyx Gauntlets","Coffee Dripper"],"picked":"Replay:Wanted Poster"},{"not_picked":["Replay:Drink Me","Kintsugi"],"picked":"SlaversCollar"},{"not_picked":["Honey Jar","Runic Pyramid","FrozenCore"]}],"items_purged_floors":[40],"is_endless":false,"potions_floor_spawned":[3,11,12,18,20,23,24,29,37],"killed_by":"Giant Head","ascension_level":9}}