{"host":"refsn2q8at3dn95k","time":1611456905,"event":{"mods":["BaseMod","Hubris","Infinite Spire","Minty Spire (QoL Compilation)","Replay The Spire","StSLib","The Jungle"],"gold_per_floor":[109,184,184,242,265,265,279,279,279,279,317,336,351,391,391,391,391],"floor_reached":16,"language":"ENG","playtime":896,"items_purged":[],"score":116,"play_id":"af3dc359-7188-4929-be23-606e630bbedc","local_time":"20210123205505","is_ascension_mode":true,"campfire_choices":[{"floor":6,"key":"REST"},{"data":"Rage","floor":8,"key":"SMITH"},{"data":"Heavy Blade","floor":10,"key":"SMITH"},{"data":"Double Tap","floor":15,"key":"SMITH"}],"circlet_count":0,"master_deck":["Strike_R","Strike_R","Strike_R","Strike_R","Strike_R","Defend_R","Defend_R","Defend_R","Defend_R","Bash","Rage","Heavy Blade+1","Rage+1","Double Tap+1","Metallicize"],"relics":["Burning Blood","Golden Idol","infinitespire:EmpoweringShard","Pantograph","Dream Catcher","Du-Vu Doll"],"acts_visited":["Exordium"],"potions_floor_usage":[13,13,16],"damage_taken":[{"damage":6,"enemies":"Cultist","floor":1,"turns":3},{"damage":6,"enemies":"Jaw Worm","floor":5,"turns":3},{"damage":6,"enemies":"2 Louse","floor":7,"turns":2},{"damage":9,"enemies":"Replay:BlueRogue","floor":11,"turns":6},{"damage":9,"enemies":"2 Fungi Beasts","floor":12,"turns":3},{"damage":0,"enemies":"Red Slaver","floor":13,"turns":3},{"damage":14,"enemies":"Gremlin Nob","floor":14,"turns":4},{"damage":88,"enemies":"The Guardian","floor":16,"turns":16}],"seed_played":"8043030345863160717","potions_obtained":[{"floor":11,"key":"EssenceOfSteel"},{"floor":12,"key":"BlessingOfTheForge"},{"floor":14,"key":"Languid Potion"}],"is_trial":false,"path_per_floor":["M","?","?","?","M","R","M","R","T","R","E","M","M","E","R","B"],"character_chosen":"IRONCLAD","items_purchased":[],"campfire_rested":1,"item_purchase_floors":[],"current_hp_per_floor":[88,77,77,45,45,69,69,69,69,69,66,63,69,61,61,0,0],"gold":391,"neow_bonus":"TEN_PERCENT_HP_BONUS","is_daily":false,"chose_seed":false,"campfire_upgraded":3,"win_rate":0.0,"timestamp":1611456905,"path_taken":["M","?","?","?","?","R","M","R","T","R","E","M","M","E","R","BOSS"],"items_purchased_type":[],"build_version":"2020-12-22","purchased_purges":0,"victory":false,"max_hp_per_floor":[88,88,81,81,81,81,81,81,81,81,81,81,81,81,81,81,81],"card_choices":[{"not_picked":["Intimidate","Pommel Strike"],"picked":"Rage","floor":1},{"not_picked":["Iron Wave","Defy Death"],"picked":"Heavy Blade","floor":4},{"not_picked":["Wild Strike","Thunderclap","ReplayTheSpireMod:Stacked"],"picked":"SKIP","floor":5},{"not_picked":["Searing Blow","hubris:StunningStrike"],"picked":"Rage","floor":7},{"not_picked":["Wild Strike","Entrench"],"picked":"Double Tap","floor":11},{"not_picked":["infinitespire:OneForAll","hubris:CleavingFinish","ReplayTheSpireMod:Limb From Limb"],"picked":"SKIP","floor":12},{"not_picked":["Clash","Body Slam"],"picked":"Metallicize","floor":13},{"not_picked":["Twin Strike","Warcry","Replay:Many Hands"],"picked":"SKIP","floor":14}],"player_experience":1692373,"relics_obtained":[{"floor":4,"key":"infinitespire:EmpoweringShard"},{"floor":9,"key":"Pantograph"},{"floor":11,"key":"Dream Catcher"},{"floor":14,"key":"Du-Vu Doll"}],"event_choices":[{"damage_healed":0,"gold_gain":75,"player_choice":"Gather Gold","damage_taken":11,"max_hp_gain":0,"max_hp_loss":0,"event_name":"World of Goop","floor":2,"gold_loss":0},{"damage_healed":0,"gold_gain":0,"player_choice":"Lose Max HP","damage_taken":0,"relics_obtained":["Golden Idol"],"max_hp_gain":0,"max_hp_loss":7,"event_name":"Golden Idol","floor":3,"gold_loss":0}],"is_beta":false,"boss_relics":[],"items_purged_floors":[],"is_endless":false,"potions_floor_spawned":[11,12,14],"killed_by":"The Guardian","ascension_level":1}}