{"host":"dvpvhz1t6etneyb3","time":1611511414,"event":{"mods":["AchievementEnabler","BaseMod","Colored Map","Highlight Path","Minty Spire (QoL Compilation)","Permanent Neow","Quick Restart"],"gold_per_floor":[110,110,128,139,139,139,168,168,191,219,219,239,239,261,261,347,347,347,347,24,42,60,60,95,95,95,21,21,55,55,66,66,143,143,162,171,171,195,208,208,236,236,236,236,236],"floor_reached":44,"language":"ENG","playtime":2035,"items_purged":["Strike_G"],"score":958,"play_id":"e9c3ad28-18a2-4e9a-81c6-0b414cfff3df","local_time":"20210124130334","is_ascension_mode":true,"campfire_choices":[{"data":"Neutralize","floor":6.0,"key":"SMITH"},{"data":"Flying Knee","floor":8.0,"key":"SMITH"},{"data":"Noxious Fumes","floor":13.0,"key":"SMITH"},{"floor":15.0,"key":"REST"},{"data":"Noxious Fumes","floor":23.0,"key":"SMITH"},{"floor":25.0,"key":"REST"},{"data":"Well Laid Plans","floor":30.0,"key":"SMITH"},{"floor":32.0,"key":"REST"},{"floor":40,"key":"REST"},{"floor":42,"key":"REST"}],"circlet_count":0,"master_deck":["AscendersBane","Strike_G","Strike_G","Defend_G","Defend_G","Defend_G","Defend_G","Defend_G","Survivor","Neutralize+1","Endless Agony","Flying Knee+1","Dagger Spray+1","Noxious Fumes+1","Well Laid Plans+1","Adrenaline","Noxious Fumes+1","Accuracy","Glass Knife","Finisher","Distraction+1","Writhe","Backflip+1","Predator+1"],"relics":["Ring of the Snake","CeramicFish","MealTicket","Orichalcum","Busted Crown","Nilry\u0027s Codex","Akabeko","Vajra","Toxic Egg 2","The Courier","Snecko Eye"],"acts_visited":["Exordium","TheCity","TheBeyond"],"potions_floor_usage":[41],"damage_taken":[{"damage":10.0,"enemies":"Jaw Worm","floor":1.0,"turns":8.0},{"damage":7.0,"enemies":"Small Slimes","floor":3.0,"turns":3.0},{"damage":1.0,"enemies":"2 Louse","floor":4.0,"turns":3.0},{"damage":0.0,"enemies":"Gremlin Nob","floor":7.0,"turns":3.0},{"damage":27.0,"enemies":"3 Sentries","floor":10.0,"turns":11.0},{"damage":0.0,"enemies":"Lots of Slimes","floor":12.0,"turns":1.0},{"damage":6.0,"enemies":"Looter","floor":14.0,"turns":3.0},{"damage":36.0,"enemies":"Slime Boss","floor":16.0,"turns":10.0},{"damage":0.0,"enemies":"2 Thieves","floor":18.0,"turns":1.0},{"damage":12.0,"enemies":"Chosen","floor":21.0,"turns":4.0},{"damage":12.0,"enemies":"Gremlin Leader","floor":24.0,"turns":6.0},{"damage":36.0,"enemies":"Book of Stabbing","floor":29.0,"turns":6.0},{"damage":1.0,"enemies":"Centurion and Healer","floor":31.0,"turns":5.0},{"damage":20.0,"enemies":"Collector","floor":33.0,"turns":6.0},{"damage":5.0,"enemies":"3 Shapes","floor":35.0,"turns":2.0},{"damage":43.0,"enemies":"3 Darklings","floor":38.0,"turns":4.0},{"damage":23,"enemies":"Jaw Worm Horde","floor":39,"turns":5},{"damage":42,"enemies":"Transient","floor":41,"turns":6},{"damage":54,"enemies":"Reptomancer","floor":44,"turns":3}],"seed_played":"-2908662633981903608","potions_obtained":[{"floor":3.0,"key":"Swift Potion"},{"floor":4.0,"key":"PowerPotion"},{"floor":7.0,"key":"Strength Potion"},{"floor":14.0,"key":"Swift Potion"},{"floor":16.0,"key":"SmokeBomb"},{"floor":24.0,"key":"SpeedPotion"},{"floor":29.0,"key":"FairyPotion"},{"floor":31.0,"key":"Weak Potion"},{"floor":33.0,"key":"Swift Potion"},{"floor":39,"key":"AttackPotion"}],"is_trial":false,"path_per_floor":["M","?","M","M","?","R","E","R","T","E","?","M","R","M","R","B",null,"M","?","$","M","?","R","E","R","T","$","?","E","R","M","R","B",null,"M","?","?","M","M","R","M","R","T","E"],"character_chosen":"THE_SILENT","items_purchased":["Akabeko","Noxious Fumes","Distraction+1"],"campfire_rested":5,"item_purchase_floors":[20,20,27],"current_hp_per_floor":[55,60,53,52,52,52,52,52,52,25,25,25,25,19,42,6,59,59,38,53,41,41,41,29,52,52,67,67,31,31,30,53,33,66,61,76,76,33,10,33,23,46,46,0,0],"gold":236,"neow_bonus":"TEN_PERCENT_HP_BONUS","is_daily":false,"chose_seed":false,"campfire_upgraded":5,"win_rate":0.0,"timestamp":1611511414,"path_taken":["M","?","M","M","?","R","E","R","T","E","?","M","R","M","R","BOSS","M","?","$","M","?","R","E","R","T","$","?","E","R","?","R","BOSS","M","?","?","?","M","R","M","R","T","E"],"items_purchased_type":["Relic","Card","Card"],"build_version":"2020-12-22","purchased_purges":1,"victory":false,"max_hp_per_floor":[72,77,77,77,77,77,77,77,77,77,77,77,77,77,77,77,77,77,77,77,77,77,77,77,77,77,77,77,77,77,77,77,77,77,77,77,77,77,77,77,77,77,77,77,77],"card_choices":[{"not_picked":["Quick Slash","Flechettes"],"picked":"Endless Agony","floor":1.0},{"not_picked":["Outmaneuver","Dodge and Roll"],"picked":"Flying Knee","floor":3.0},{"not_picked":["Poisoned Stab","Bane"],"picked":"Dagger Spray","floor":4.0},{"not_picked":["Sucker Punch","Quick Slash","Outmaneuver"],"picked":"SKIP","floor":7.0},{"not_picked":["Terror","Doppelganger","Backflip"],"picked":"SKIP","floor":10.0},{"not_picked":["Dagger Throw","Outmaneuver"],"picked":"Noxious Fumes","floor":12.0},{"not_picked":["Acrobatics","Underhanded Strike"],"picked":"Well Laid Plans","floor":14.0},{"not_picked":["A Thousand Cuts","Envenom"],"picked":"Adrenaline","floor":16.0},{"not_picked":["Setup"],"picked":"SKIP","floor":21.0},{"not_picked":[],"picked":"Finisher","floor":24.0},{"not_picked":["Outmaneuver+1"],"picked":"SKIP","floor":29.0},{"not_picked":["Dagger Throw"],"picked":"SKIP","floor":31.0},{"not_picked":["Underhanded Strike"],"picked":"SKIP","floor":35.0},{"not_picked":[],"picked":"Backflip+1","floor":38.0},{"not_picked":["Outmaneuver+1"],"picked":"SKIP","floor":39},{"not_picked":[],"picked":"Predator+1","floor":41}],"player_experience":2059704,"relics_obtained":[{"floor":7.0,"key":"CeramicFish"},{"floor":9.0,"key":"MealTicket"},{"floor":10.0,"key":"Orichalcum"},{"floor":19.0,"key":"Nilry\u0027s Codex"},{"floor":24.0,"key":"Vajra"},{"floor":26.0,"key":"Toxic Egg 2"},{"floor":29.0,"key":"The Courier"}],"event_choices":[{"damage_healed":0.0,"max_hp_gain":5.0,"max_hp_loss":0.0,"gold_gain":0.0,"event_name":"Big Fish","player_choice":"Donut","floor":2.0,"gold_loss":0.0,"damage_taken":0.0},{"damage_healed":0.0,"max_hp_gain":0.0,"max_hp_loss":0.0,"gold_gain":0.0,"event_name":"Living Wall","player_choice":"Grow","floor":5.0,"gold_loss":0.0,"damage_taken":0.0,"cards_upgraded":["Dagger Spray"]},{"damage_healed":0.0,"max_hp_gain":0.0,"max_hp_loss":0.0,"gold_gain":0.0,"event_name":"Shining Light","player_choice":"Ignored","floor":11.0,"gold_loss":0.0,"damage_taken":0.0},{"damage_healed":0.0,"max_hp_gain":0.0,"max_hp_loss":0.0,"gold_gain":0.0,"event_name":"Cursed Tome","player_choice":"Obtained Book","floor":19.0,"gold_loss":0.0,"damage_taken":21.0},{"damage_healed":0.0,"max_hp_gain":0.0,"max_hp_loss":0.0,"gold_gain":0.0,"cards_transformed":["Strike_G","Strike_G"],"event_name":"Drug Dealer","player_choice":"Became Test Subject","floor":22.0,"gold_loss":0.0,"damage_taken":0.0,"cards_obtained":["Accuracy","Glass Knife"]},{"damage_healed":0.0,"max_hp_gain":0.0,"max_hp_loss":0.0,"gold_gain":0.0,"event_name":"N\u0027loth","player_choice":"Ignored","floor":28.0,"gold_loss":0.0,"damage_taken":0.0},{"damage_healed":15.0,"max_hp_gain":0.0,"max_hp_loss":0.0,"gold_gain":0.0,"event_name":"Winding Halls","player_choice":"Writhe","floor":36.0,"gold_loss":0.0,"damage_taken":0.0,"cards_obtained":["Writhe"]},{"damage_healed":0.0,"max_hp_gain":0.0,"max_hp_loss":0.0,"gold_gain":0.0,"event_name":"Tomb of Lord Red Mask","player_choice":"Ignored","floor":37.0,"gold_loss":0.0,"damage_taken":0.0}],"is_beta":false,"boss_relics":[{"not_picked":["Coffee Dripper","Runic Dome"],"picked":"Busted Crown"},{"not_picked":["HoveringKite","WristBlade"],"picked":"Snecko Eye"}],"items_purged_floors":[20],"is_endless":false,"potions_floor_spawned":[3,4,7,14,16,24,29,31,33,39],"killed_by":"Reptomancer","ascension_level":20}}