{"host":"otf1z5955ddlv5pq","time":1611479639,"event":{"mods":["BaseMod","Better Altar","Better Match","Better Note","Better Sensory Stone","Better Skull","Better Third Choice","Colored Map","Colored Powertips","Downfall","Minty Spire (QoL Compilation)","Rare Cards Sparkle","StSLib","Synergy Search"],"gold_per_floor":[118,43,43,59,59,59,76,88,115,125,151,161,161,175,175,280,280,297,297,257,157,157,157,189,200,224,259,270,270,107,132,132,230,230,247,259,308,308,322,322,336,336,336,336,347,380,53,86,86,86],"floor_reached":51,"language":"ENG","playtime":3299,"items_purged":["Strike_G","Strike_G","Strike_G","Strike_G"],"score":986,"play_id":"f41a7f26-7555-4c90-b45f-f8e10eefe7cc","local_time":"20210124011359","is_ascension_mode":true,"campfire_choices":[{"data":"Neutralize","floor":6,"key":"SMITH"},{"floor":15,"key":"REST"},{"data":"Cloak And Dagger","floor":23,"key":"SMITH"},{"data":"After Image","floor":32,"key":"SMITH"},{"data":"A Thousand Cuts","floor":40,"key":"SMITH"},{"floor":42,"key":"REST"},{"data":"Panache","floor":49,"key":"SMITH"}],"circlet_count":0,"master_deck":["Strike_G","Defend_G","Defend_G","Defend_G","Defend_G","Defend_G","Survivor","Neutralize+1","Dagger Spray","TalkToTheHand+1","Escape Plan","Dagger Spray","Blade Dance","After Image+1","Cloak And Dagger+1","Seek+1","Infinite Blades","A Thousand Cuts+1","Blade Dance+1","Slice+1","Backstab+1","Panache+1"],"relics":["Ring of the Snake","Vajra","CultistMask","Bag of Preparation","InkBottle","WristBlade","Nloth\u0027s Gift","Dream Catcher","Letter Opener","Blood Vial","Toxic Egg 2","Kunai","Sozu","Thread and Needle","Blue Candle","Ornamental Fan","StrikeDummy","Omamori"],"acts_visited":["Exordium","TheCity","TheBeyond"],"potions_floor_usage":[16,16,27,33,46,50],"damage_taken":[{"damage":0,"enemies":"2 Louse","floor":1,"turns":2},{"damage":0,"enemies":"Cultist","floor":4,"turns":4},{"damage":0,"enemies":"Small Slimes","floor":7,"turns":2},{"damage":0,"enemies":"Gremlin Gang","floor":8,"turns":2},{"damage":0,"enemies":"2 Fungi Beasts","floor":10,"turns":1},{"damage":0,"enemies":"3 Sentries","floor":11,"turns":4},{"damage":0,"enemies":"Blue Slaver","floor":12,"turns":2},{"damage":0,"enemies":"Looter","floor":14,"turns":2},{"damage":0,"enemies":"Slime Boss","floor":16,"turns":6},{"damage":7,"enemies":"Spheric Guardian","floor":18,"turns":4},{"damage":0,"enemies":"Book of Stabbing","floor":24,"turns":5},{"damage":0,"enemies":"Chosen","floor":25,"turns":3},{"damage":4,"enemies":"Slavers","floor":27,"turns":4},{"damage":0,"enemies":"Shelled Parasite and Fungi","floor":28,"turns":3},{"damage":0,"enemies":"Book of Stabbing","floor":31,"turns":5},{"damage":12,"enemies":"Automaton","floor":33,"turns":10},{"damage":6,"enemies":"3 Darklings","floor":35,"turns":3},{"damage":1,"enemies":"3 Shapes","floor":36,"turns":4},{"damage":24,"enemies":"2 Orb Walkers","floor":37,"turns":5},{"damage":1,"enemies":"Jaw Worm Horde","floor":39,"turns":3},{"damage":0,"enemies":"Spire Growth","floor":41,"turns":4},{"damage":0,"enemies":"3 Darklings","floor":45,"turns":2},{"damage":3,"enemies":"Reptomancer","floor":46,"turns":4},{"damage":0,"enemies":"Nemesis","floor":48,"turns":5},{"damage":0,"enemies":"Donu and Deca","floor":50,"turns":5}],"seed_played":"830040816267064109","potions_obtained":[{"floor":1,"key":"CunningPotion"},{"floor":4,"key":"BlessingOfTheForge"},{"floor":10,"key":"SpeedPotion"},{"floor":20,"key":"CunningPotion"},{"floor":20,"key":"GhostInAJar"},{"floor":25,"key":"SneckoOil"},{"floor":27,"key":"Explosive Potion"},{"floor":31,"key":"LiquidBronze"},{"floor":33,"key":"Explosive Potion"}],"is_trial":false,"path_per_floor":["M","$","?","M","?","R","M","M","T","M","E","M","?","M","R","B",null,"M","?","?","$","?","R","E","M","T","E","M","?","$","E","R","B",null,"M","M","?","?","M","R","M","R","T","?","M","E","$","E","R","B",null],"character_chosen":"THE_SILENT","items_purchased":["Infinite Blades","Panache"],"campfire_rested":2,"item_purchase_floors":[30,47],"current_hp_per_floor":[70,70,40,40,40,40,40,40,40,40,40,40,44,44,65,65,70,63,63,63,63,63,63,63,63,63,61,63,63,63,65,65,55,70,64,65,43,38,39,39,41,62,62,62,64,63,63,65,65,67],"gold":86,"neow_bonus":"RANDOM_COMMON_RELIC","is_daily":false,"chose_seed":false,"campfire_upgraded":5,"win_rate":0.0,"timestamp":1611479639,"path_taken":["M","$","?","M","?","R","M","M","T","?","E","M","?","?","R","BOSS","M","?","?","$","?","R","E","M","T","E","?","?","$","E","R","BOSS","M","M","?","?","M","R","M","R","T","?","?","E","$","E","R","BOSS"],"items_purchased_type":["Card","Card"],"build_version":"2020-12-22","purchased_purges":4,"victory":true,"max_hp_per_floor":[70,70,70,70,70,70,70,70,70,70,70,70,70,70,70,70,70,70,70,70,70,70,70,70,70,70,70,70,70,70,70,70,70,70,70,70,70,70,70,70,70,70,70,70,70,70,70,70,70,70],"card_choices":[{"not_picked":["Riddle With Holes","Skewer"],"picked":"Dagger Spray","floor":1},{"not_picked":["Leg Sweep","Poisoned Stab"],"picked":"Escape Plan","floor":4},{"not_picked":["Dodge and Roll","Quick Slash"],"picked":"Dagger Spray","floor":7},{"not_picked":["Deadly Poison","Outmaneuver"],"picked":"Blade Dance","floor":8},{"not_picked":["Calculated Gamble","Concentrate","Blade Dance"],"picked":"SKIP","floor":10},{"not_picked":["Dagger Throw","Masterful Stab","Reflex"],"picked":"SKIP","floor":11},{"not_picked":["Quick Slash","Outmaneuver","Dagger Spray"],"picked":"SKIP","floor":12},{"not_picked":["Deflect","Acrobatics","Bouncing Flask"],"picked":"SKIP","floor":14},{"not_picked":["Venomology","Corpse Explosion"],"picked":"After Image","floor":16},{"not_picked":["PiercingWail+1","Slice"],"picked":"Cloak And Dagger","floor":18},{"not_picked":["Wraith Form v2","Underhanded Strike","Outmaneuver+1"],"picked":"SKIP","floor":24},{"not_picked":["Noxious Fumes","Sucker Punch","Expertise"],"picked":"SKIP","floor":25},{"not_picked":["Flechettes","Tactician+1","Accuracy"],"picked":"SKIP","floor":27},{"not_picked":["Sucker Punch+1","Dagger Spray","Bane+1"],"picked":"SKIP","floor":28},{"not_picked":["Night Terror+1","Masterful Stab","Tools of the Trade"],"picked":"SKIP","floor":31},{"not_picked":["After Image","Doppelganger+1"],"picked":"A Thousand Cuts","floor":33},{"not_picked":["Choke","Prepared+1","PiercingWail+1"],"picked":"SKIP","floor":35},{"not_picked":["Catalyst+1","Dagger Spray","Expertise+1"],"picked":"SKIP","floor":36},{"not_picked":["Noxious Fumes","Slice"],"picked":"Blade Dance+1","floor":39},{"not_picked":["Skewer","Poisoned Stab+1","Die Die Die"],"picked":"SKIP","floor":41},{"not_picked":["Deflect+1","Prepared+1"],"picked":"Slice+1","floor":42},{"not_picked":["Quick Slash+1","Concentrate+1","Deflect+1"],"picked":"SKIP","floor":45},{"not_picked":["Caltrops","Masterful Stab+1"],"picked":"Backstab+1","floor":46},{"not_picked":["Acrobatics+1","Underhanded Strike","Well Laid Plans+1"],"picked":"SKIP","floor":48}],"player_experience":1193572,"relics_obtained":[{"floor":9,"key":"Bag of Preparation"},{"floor":11,"key":"InkBottle"},{"floor":24,"key":"Letter Opener"},{"floor":26,"key":"Blood Vial"},{"floor":27,"key":"Toxic Egg 2"},{"floor":31,"key":"Kunai"},{"floor":37,"key":"Thread and Needle"},{"floor":43,"key":"Ornamental Fan"},{"floor":46,"key":"StrikeDummy"},{"floor":48,"key":"Omamori"}],"event_choices":[{"damage_healed":0,"gold_gain":0,"player_choice":"Trade","damage_taken":0,"relics_obtained":["CultistMask"],"max_hp_gain":0,"max_hp_loss":0,"event_name":"FaceTrader","floor":5,"gold_loss":0},{"damage_healed":4,"gold_gain":0,"player_choice":"LEAVE ","damage_taken":0,"relics_obtained":[],"max_hp_gain":0,"max_hp_loss":0,"event_name":"betterSkull:BetterSkull","floor":13,"gold_loss":0,"cards_upgraded":[]},{"damage_healed":0,"gold_gain":0,"player_choice":"Traded Relic","damage_taken":0,"relics_obtained":["Nloth\u0027s Gift"],"max_hp_gain":0,"max_hp_loss":0,"event_name":"N\u0027loth","floor":19,"relics_lost":["Anchor"],"gold_loss":0},{"damage_healed":0,"gold_gain":0,"player_choice":"Bought 3 Potions","damage_taken":0,"max_hp_gain":0,"max_hp_loss":0,"event_name":"The Woman in Blue","floor":20,"gold_loss":0},{"damage_healed":0,"gold_gain":0,"player_choice":"Gave Potion","damage_taken":0,"relics_obtained":["Dream Catcher"],"max_hp_gain":0,"max_hp_loss":0,"event_name":"WeMeetAgain","floor":22,"gold_loss":0},{"damage_healed":0,"gold_gain":2,"player_choice":"4","damage_taken":0,"max_hp_gain":0,"max_hp_loss":0,"event_name":"betterStone:BetterStone","floor":29,"gold_loss":0,"cards_obtained":["Seek"]},{"damage_healed":0,"gold_gain":0,"player_choice":"Fight","damage_taken":0,"max_hp_gain":0,"max_hp_loss":0,"event_name":"Mysterious Sphere","floor":37,"gold_loss":0},{"damage_healed":0,"gold_gain":0,"player_choice":"Got Potions","damage_taken":0,"max_hp_gain":0,"max_hp_loss":0,"event_name":"Lab","floor":44,"gold_loss":0}],"is_beta":false,"boss_relics":[{"not_picked":["Fusion Hammer","bronze:MakeshiftBattery"],"picked":"WristBlade"},{"not_picked":["Velvet Choker","Runic Dome"],"picked":"Sozu"}],"items_purged_floors":[2,21,30,47],"is_endless":false,"potions_floor_spawned":[1,4,10,14,25,27,31,33,36,37,45,46],"ascension_level":1}}