{"host":"j019w4cyowrad0mf","time":1611495923,"event":{"mods":["2.2 Compatiblity","Act Like it!","BaseMod","CapriCore","Gensokyo","HololiveMod","Marisa????????","Minty Spire (QoL Compilation)","Reimu??????","StSLib","Waifu the Spire","WarShipGirlsR/????R mod"],"gold_per_floor":[84,14,32,32,32,62,74,74,99,99,117,145,159,188,200,309,321,350,362,374,386,414,457,469,0,12,35,80,15,43,57,57,162,162,174,174,190,130,130,130,160,34,61,97,97,116,116,132,132,148,148,148,17,66,105],"floor_reached":56,"language":"ENG","playtime":3517,"items_purged":[],"score":1863,"play_id":"92bbee68-a3c3-4e5f-af7b-2b4789e67d11","local_time":"20210124054523","is_ascension_mode":true,"campfire_choices":[{"data":"Hololive_CallAkiRosenthal","floor":8,"key":"SMITH"},{"data":"Hololive_CallCivia","floor":10,"key":"SMITH"},{"data":"Hololive_CallTsunomakiWatame","floor":15,"key":"SMITH"},{"data":"Hololive_RecruitS","floor":24,"key":"SMITH"},{"data":"Hololive_CallShirakamiFubuki","floor":32,"key":"SMITH"},{"data":"Hololive_DDD","floor":40,"key":"SMITH"},{"data":"Hololive_CallFriendA","floor":45,"key":"SMITH"},{"data":"Hololive_CallSpadeEcho","floor":47,"key":"SMITH"},{"floor":49,"key":"RECALL"},{"data":"Hololive_HuntDinosaur","floor":52,"key":"SMITH"}],"circlet_count":0,"master_deck":["Hololive_RecruitS+1","Hololive_RecruitS+1","Hololive_RecruitS+1","Hololive_Strike+1","Hololive_Defend+1","Hololive_CallCivia+1","Hololive_CallAkiRosenthal+1","Clumsy","Hololive_CallHoshimachiSuisei+1","Hololive_CallAiraniIofifteen+1","Hololive_CallYukihanaLamy+1","Hololive_CallShirakamiFubuki+1","Hololive_CallTsunomakiWatame+1","Hololive_CallYogiri","Hololive_DurableLive+1","Hololive_CallMurasakiShion+1","Shame","Hololive_Drill+1","Hololive_CallNatsuiroMatsuri","Shame","Hololive_CallTokoyamiTowa","Hololive_CallInugamiKorone+1","Hololive_CallFriendA+1","Hololive_CallNekomataOkayu","Hololive_CandyCastle+1","Hololive_DDD+1","CurseOfTheBell","Hololive_CallManoAloe","Hololive_Thief","Hololive_CallSakuraMiko","Hololive_CocoNews","Gensokyo:CustomPotion","Regret","Hololive_CallShiranuiFlare+1","Injury","Hololive_CallAkaiHaato+1","Hololive_CallSpadeEcho+1","Hololive_HuntDinosaur+1","Hololive_CallMoonaHoshinova","Hololive_CallAZKi","Hololive_CallHoushouMarine+1"],"relics":["Hololive_TheStar","Hololive_YagooBigFamily","NeowsBlessing","Toy Ornithopter","Gensokyo:Justice","Gensokyo:NagashiBinaDoll","Bronze Scales","Mastiff:ReiMu","Orichalcum","MawBank","Cursed Key","Gensokyo:MosesMiracle","Tiny Chest","Thread and Needle","Potion Belt","Calling Bell","Anchor","Blue Candle","Prayer Wheel","Bird Faced Urn","Pen Nib","Singing Bowl","Strawberry","PreservedInsect","Mango","Ornamental Fan"],"acts_visited":["Exordium","Gensokyo:Gensokyo","Gensokyo:Gensokyoer","TheEnding"],"potions_floor_usage":[16,27,54,55,55,55,55],"damage_taken":[{"damage":0,"enemies":"Gensokyo:Gryphon","floor":1,"turns":1},{"damage":0,"enemies":"Gensokyo:Python","floor":3,"turns":1},{"damage":0,"enemies":"Gensokyo:Mamizou","floor":6,"turns":2},{"damage":0,"enemies":"Gensokyo:3_Fairies","floor":7,"turns":4},{"damage":0,"enemies":"Gensokyo:Python_and_Kodama","floor":11,"turns":5},{"damage":3,"enemies":"Gensokyo:Aya","floor":12,"turns":5},{"damage":0,"enemies":"Gensokyo:3_Kodama","floor":13,"turns":4},{"damage":0,"enemies":"Gensokyo:Cirno","floor":14,"turns":6},{"damage":0,"enemies":"Gensokyo:Reimu","floor":16,"turns":18},{"damage":0,"enemies":"Gensokyo:3_Dogs","floor":18,"turns":4},{"damage":0,"enemies":"Gensokyo:2_Gloops","floor":22,"turns":5},{"damage":0,"enemies":"Gensokyo:Reisen","floor":23,"turns":6},{"damage":0,"enemies":"Gensokyo:Slime_Group","floor":27,"turns":3},{"damage":0,"enemies":"Gensokyo:Tenshi","floor":28,"turns":2},{"damage":0,"enemies":"Gensokyo:Reisen","floor":30,"turns":3},{"damage":0,"enemies":"Gensokyo:Mirror_and_Dog","floor":31,"turns":3},{"damage":0,"enemies":"Gensokyo:Kaguya","floor":33,"turns":6},{"damage":0,"enemies":"Gensokyo:AncientGuardian","floor":35,"turns":4},{"damage":0,"enemies":"Gensokyo:3_Bats","floor":37,"turns":4},{"damage":0,"enemies":"Gensokyo:Marisa","floor":41,"turns":4},{"damage":0,"enemies":"Gensokyo:SeedOfUnknown","floor":44,"turns":5},{"damage":0,"enemies":"Gensokyo:Dusk_and_Dawn","floor":46,"turns":4},{"damage":0,"enemies":"Gensokyo:Rafflesia","floor":48,"turns":4},{"damage":0,"enemies":"Gensokyo:Yuyuko","floor":50,"turns":9},{"damage":0,"enemies":"Shield and Spear","floor":54,"turns":3},{"damage":0,"enemies":"The Heart","floor":55,"turns":8}],"seed_played":"-3886924288399599978","potions_obtained":[{"floor":3,"key":"AttackPotion"},{"floor":6,"key":"Weak Potion"},{"floor":7,"key":"FearPotion"},{"floor":13,"key":"Swift Potion"},{"floor":27,"key":"ZuzhouPotion:ReiMu"},{"floor":28,"key":"PowerPotion"},{"floor":31,"key":"Strength Potion"},{"floor":41,"key":"GrandPatriotsElixir:ReiMu"},{"floor":46,"key":"LiquidBronze"},{"floor":54,"key":"Block Potion"}],"is_trial":false,"path_per_floor":["M","?","M","?","?","E","M","R","T","R","M","E","M","E","R","B",null,"M","?","?","?","M","E","R","?","T","M","E","$","E","M","R","B",null,"M","?","M","?","T","R","E","COS","T","M","R","M","R","M","R","B",null,"R","$","E","B",null],"character_chosen":"Hololive_HololiveCharacter","items_purchased":["Hololive_CallFriendA","Hololive_CallAZKi","Energy Potion"],"campfire_rested":0,"item_purchase_floors":[29,53,53],"current_hp_per_floor":[35,35,35,35,35,35,35,35,35,35,35,32,32,32,32,35,35,35,35,35,35,35,35,35,35,35,35,35,35,35,35,35,35,35,35,21,35,35,35,35,35,35,42,44,44,44,44,46,46,46,60,60,60,60,60],"gold":105,"neow_bonus":"THREE_ENEMY_KILL","is_daily":false,"chose_seed":false,"campfire_upgraded":9,"win_rate":0.0,"timestamp":1611495923,"path_taken":["M","?","?","?","?","E","M","R","T","R","M","E","M","E","R","BOSS","M","?","?","?","?","E","R","?","T","M","E","$","E","M","R","BOSS","M","?","M","?","?","R","E","COS","T","M","R","M","R","?","R","BOSS","R","$","E","BOSS"],"items_purchased_type":["Card","Card","Potion"],"build_version":"2020-12-22","purchased_purges":0,"victory":true,"max_hp_per_floor":[35,35,35,35,35,35,35,35,35,35,35,35,35,35,35,35,35,35,35,35,35,35,35,35,35,35,35,35,35,35,35,35,35,35,35,35,35,35,35,35,35,35,42,44,44,44,44,46,46,60,60,60,60,60,60],"card_choices":[{"not_picked":["Hololive_Sequa","Hololive_StrengthChampion","Hololive_Rebound"],"picked":"Hololive_CallCivia","floor":1},{"not_picked":["Hololive_CallYuzukiChoco","Hololive_CallHimemoriLuna","Hololive_CallTokoyamiTowa"],"picked":"Hololive_CallAkiRosenthal","floor":3},{"not_picked":["Hololive_Rebound","Hololive_HuntDinosaur","Hololive_DevilCharm"],"picked":"Hololive_CallHoshimachiSuisei","floor":6},{"not_picked":["Hololive_FlyingPonyTail","Hololive_RevenueBasedLive","Hololive_CallMoonaHoshinova"],"picked":"Hololive_CallAiraniIofifteen","floor":7},{"not_picked":["Hololive_CallAyundaRisu","Hololive_StrengthChampion","Hololive_Rebound"],"picked":"Hololive_CallYukihanaLamy","floor":11},{"not_picked":["Hololive_CallUruhaRushia","Hololive_RevenueBasedLive","Hololive_Drill"],"picked":"Hololive_CallShirakamiFubuki","floor":12},{"not_picked":["Hololive_Breathe","Hololive_StrengthChampion","Hololive_Trident"],"picked":"Hololive_CallTsunomakiWatame","floor":13},{"not_picked":["Hololive_CallArtia","Hololive_CallMoonaHoshinova","Hololive_LuckPotion"],"picked":"Hololive_CallYogiri","floor":14},{"not_picked":["Hololive_IdolExercise","Hololive_HighAtkLowDef","Hololive_ASMR"],"picked":"Hololive_DurableLive","floor":16},{"not_picked":["Hololive_CocoNews","Hololive_HuntDinosaur","Hololive_Rebound"],"picked":"Hololive_CallMurasakiShion+1","floor":18},{"not_picked":["Hololive_FlyingPonyTail","Hololive_LuckPotion","Hololive_CallShirakamiFubuki+1"],"picked":"Hololive_Drill+1","floor":22},{"not_picked":["Hololive_Trident","Hololive_Psychosis","Hololive_CallRoboco+1"],"picked":"Hololive_CallNatsuiroMatsuri","floor":23},{"not_picked":["Hololive_LuckPotion","Hololive_Drill","Hololive_FlyingPonyTail+1"],"picked":"Hololive_CallTokoyamiTowa","floor":27},{"not_picked":["Hololive_LuckPotion","Hololive_AWSL","Hololive_StrengthChampion"],"picked":"Hololive_CallInugamiKorone+1","floor":28},{"not_picked":["Hololive_Nanodesu","Hololive_CallAiraniIofifteen","Hololive_CallArtia+1"],"picked":"Hololive_CallNekomataOkayu","floor":30},{"not_picked":["Hololive_StrengthChampion","Hololive_Breathe+1","Hololive_Psychosis"],"picked":"Hololive_CandyCastle+1","floor":31},{"not_picked":["Hololive_AWSL","Hololive_ScarfAndHalo","Hololive_IdolExercise"],"picked":"Hololive_DDD","floor":33},{"not_picked":["Hololive_CallCivia","Hololive_CallYuzukiChoco","Hololive_CallTokoyamiTowa"],"picked":"Hololive_CallManoAloe","floor":35},{"not_picked":["Hololive_Trident+1","Hololive_Drill","Hololive_RevenueBasedLive"],"picked":"Hololive_Thief","floor":35},{"not_picked":["Hololive_Rebound","Hololive_FlyingPonyTail+1","Hololive_LuckPotion"],"picked":"Hololive_CallSakuraMiko","floor":37},{"not_picked":["Hololive_Drill","Hololive_LuckPotion+1","Hololive_OvertimeWork+1"],"picked":"Hololive_CocoNews","floor":37},{"not_picked":["Hololive_DDD","Hololive_Rebound","Hololive_Drill+1"],"picked":"Hololive_CallShiranuiFlare+1","floor":41},{"not_picked":["Hololive_CallDoris","Hololive_CallAiraniIofifteen+1","Hololive_Trident+1"],"picked":"Hololive_CallAkaiHaato+1","floor":44},{"not_picked":["Hololive_CallMurasakiShion","Hololive_CallYukihanaLamy","Hololive_Rebound","Hololive_OvertimeWork+1"],"picked":"Singing Bowl","floor":44},{"not_picked":["Hololive_Breathe+1","Hololive_CallYukihanaLamy","Hololive_SoulCatcher+1"],"picked":"Hololive_CallSpadeEcho","floor":46},{"not_picked":["Hololive_CallRosalyn+1","Hololive_FlyingPonyTail","Hololive_RevenueBasedLive+1"],"picked":"Hololive_HuntDinosaur","floor":46},{"not_picked":["Hololive_Trident+1","Hololive_Sequa+1","Hololive_FlyingPonyTail+1","Hololive_CocoNews+1"],"picked":"Singing Bowl","floor":48},{"not_picked":["Hololive_Rebound+1","Hololive_Drill+1","Hololive_FlareMind"],"picked":"Hololive_CallMoonaHoshinova","floor":48},{"not_picked":["Hololive_HighAtkLowDef","Hololive_Rebound","Hololive_FlyingPonyTail"],"picked":"Hololive_CallHoushouMarine+1","floor":54}],"player_experience":332169,"relics_obtained":[{"floor":6,"key":"Bronze Scales"},{"floor":9,"key":"Mastiff:ReiMu"},{"floor":12,"key":"Orichalcum"},{"floor":14,"key":"MawBank"},{"floor":23,"key":"Tiny Chest"},{"floor":27,"key":"Gensokyo:MosesMiracle"},{"floor":28,"key":"Thread and Needle"},{"floor":30,"key":"Potion Belt"},{"floor":34,"key":"Anchor"},{"floor":34,"key":"Blue Candle"},{"floor":34,"key":"Prayer Wheel"},{"floor":39,"key":"Pen Nib"},{"floor":41,"key":"Singing Bowl"},{"floor":43,"key":"Strawberry"},{"floor":54,"key":"Ornamental Fan"}],"event_choices":[],"is_beta":false,"boss_relics":[{"not_picked":["Busted Crown","Coffee Dripper"],"picked":"Cursed Key"},{"not_picked":["Astrolabe","Tiny House"],"picked":"Calling Bell"}],"items_purged_floors":[],"is_endless":false,"potions_floor_spawned":[3,6,7,13,14,27,28,31,41,46,48,54],"ascension_level":1}}