{"host":"684z1xpuwaoqmmh1","time":1611494903,"event":{"mods":["BaseMod","Downfall","Hermit","Jorbs\u0027s Wanderer Trilogy","Marisa????????","Minty Spire (QoL Compilation)","Robot Space Explorer","Shade Mod","StSLib","The Bug Knight","The Cursed","The Dragon Tamer","The Hayseed","The Hierophant","The Marked","The Mystic","The Runesmith","The Senshi"],"gold_per_floor":[111,124,199,44,57,86,86,121,121,135,103,129,143,143,143,239,239,258,278,294,310,310,342,342,342,342],"floor_reached":25,"language":"ENG","playtime":2270,"items_purged":[],"score":316,"play_id":"5980cb21-bf14-4350-8194-1b8b66ce2d48","local_time":"20210124152823","is_ascension_mode":true,"campfire_choices":[{"floor":7,"key":"REST"},{"data":"TheSimpletonMod:DoubleDigging","floor":15,"key":"SMITH"},{"data":"TheSimpletonMod:BirdFeeder","floor":24,"key":"SMITH"}],"circlet_count":0,"master_deck":["TheSimpletonMod:Strike_TheSimpleton","TheSimpletonMod:Strike_TheSimpleton","TheSimpletonMod:Defend_TheSimpleton","TheSimpletonMod:Defend_TheSimpleton","TheSimpletonMod:Defend_TheSimpleton","TheSimpletonMod:Haymaker","TheSimpletonMod:ReapAndSow","TheSimpletonMod:Pruning","TheSimpletonMod:SlashAndBurn","TheSimpletonMod:SeedCoat","TheSimpletonMod:RootDown","TheSimpletonMod:DoubleDigging+1","TheSimpletonMod:BirdFeeder+1","TheSimpletonMod:CrackOfDawn","TheSimpletonMod:Aerate","TheSimpletonMod:ResistantStrain","TheSimpletonMod:Ferment+1","TheSimpletonMod:Chilis+1","TheSimpletonMod:Turnips+1","TheSimpletonMod:Corn+1","TheSimpletonMod:Rake+1","TheSimpletonMod:PestManagement+1"],"relics":["TheSimpletonMod:SpudOfTheInnocent","TheSimpletonMod:NightSoil","TheSimpletonMod:TheHarvester","ClockworkSouvenir","Sundial","Bronze Scales","The Courier","Boot","Astrolabe","Strawberry"],"acts_visited":["Exordium","TheCity"],"potions_floor_usage":[25],"damage_taken":[{"damage":12,"enemies":"Small Slimes","floor":1,"turns":3},{"damage":0,"enemies":"Cultist","floor":2,"turns":2},{"damage":7,"enemies":"Jaw Worm","floor":5,"turns":2},{"damage":37,"enemies":"3 Sentries","floor":6,"turns":8},{"damage":23,"enemies":"Lagavulin","floor":8,"turns":4},{"damage":0,"enemies":"2 Fungi Beasts","floor":10,"turns":3},{"damage":25,"enemies":"3 Sentries","floor":12,"turns":7},{"damage":0,"enemies":"3 Louse","floor":13,"turns":2},{"damage":8,"enemies":"Hexaghost","floor":16,"turns":9},{"damage":2,"enemies":"Chosen","floor":18,"turns":4},{"damage":4,"enemies":"3 Byrds","floor":19,"turns":2},{"damage":27,"enemies":"Centurion and Healer","floor":20,"turns":3},{"damage":22,"enemies":"Sentry and Sphere","floor":21,"turns":4},{"damage":48,"enemies":"Book of Stabbing","floor":23,"turns":6},{"damage":70,"enemies":"Gremlin Leader","floor":25,"turns":6}],"seed_played":"-1288577604650468953","potions_obtained":[{"floor":8,"key":"FairyPotion"},{"floor":12,"key":"Energy Potion"},{"floor":20,"key":"FearPotion"},{"floor":23,"key":"Block Potion"}],"is_trial":false,"path_per_floor":["M","M","?","$","M","E","R","E","T","M","?","E","M","?","R","B",null,"M","M","M","M","?","E","R","E"],"character_chosen":"THE_SIMPLETON","items_purchased":["ClockworkSouvenir"],"campfire_rested":1,"item_purchase_floors":[4],"current_hp_per_floor":[60,64,57,57,54,17,39,20,20,24,24,3,3,3,3,7,58,68,64,45,35,45,16,16,0,0],"gold":342,"neow_bonus":"THREE_CARDS","is_daily":false,"chose_seed":false,"campfire_upgraded":2,"win_rate":0.0,"timestamp":1611494903,"path_taken":["M","M","?","$","?","E","R","E","T","M","?","E","M","?","R","BOSS","M","M","M","M","?","E","R","E"],"items_purchased_type":["Relic"],"build_version":"2020-12-22","purchased_purges":0,"victory":false,"max_hp_per_floor":[75,75,75,75,75,75,75,75,75,75,75,75,75,75,75,75,75,75,75,75,75,75,82,82,82,82],"card_choices":[{"not_picked":["TheSimpletonMod:Ferment","TheSimpletonMod:Rototilling"],"picked":"TheSimpletonMod:Pruning","floor":0},{"not_picked":["TheSimpletonMod:SeedCoat","TheSimpletonMod:Polyculture"],"picked":"TheSimpletonMod:SlashAndBurn","floor":1},{"not_picked":["TheSimpletonMod:Rototilling","TheSimpletonMod:SpiceUp"],"picked":"TheSimpletonMod:SeedCoat","floor":2},{"not_picked":["TheSimpletonMod:GoToMarket","TheSimpletonMod:SeedCoat"],"picked":"TheSimpletonMod:RootDown","floor":5},{"not_picked":["TheSimpletonMod:Germinate","TheSimpletonMod:CropDiversity"],"picked":"TheSimpletonMod:DoubleDigging","floor":6},{"not_picked":["TheSimpletonMod:OnionBloom","TheSimpletonMod:Ferment"],"picked":"TheSimpletonMod:BirdFeeder","floor":8},{"not_picked":["TheSimpletonMod:CropRotation","TheSimpletonMod:DoubleBarrel","TheSimpletonMod:CullingStrike"],"picked":"SKIP","floor":10},{"not_picked":["TheSimpletonMod:Fertilaser","TheSimpletonMod:ControlledBurn"],"picked":"TheSimpletonMod:CrackOfDawn","floor":12},{"not_picked":["TheSimpletonMod:BumperCrop","TheSimpletonMod:CloseScrape"],"picked":"TheSimpletonMod:Aerate","floor":13},{"not_picked":["TheSimpletonMod:Fecundity","TheSimpletonMod:BuzzBomb"],"picked":"TheSimpletonMod:ResistantStrain","floor":16},{"not_picked":["TheSimpletonMod:Squash","TheSimpletonMod:Fertilaser+1"],"picked":"TheSimpletonMod:Corn+1","floor":18},{"not_picked":["TheSimpletonMod:SpiceUp+1","TheSimpletonMod:ToughenUp","TheSimpletonMod:Rake+1"],"picked":"SKIP","floor":19},{"not_picked":["TheSimpletonMod:SpiceUp+1","TheSimpletonMod:ToughenUp"],"picked":"TheSimpletonMod:Rake+1","floor":19},{"not_picked":["TheSimpletonMod:Polyculture","TheSimpletonMod:PestManagement+1","TheSimpletonMod:Innovate"],"picked":"SKIP","floor":20},{"not_picked":["TheSimpletonMod:Polyculture","TheSimpletonMod:Innovate"],"picked":"TheSimpletonMod:PestManagement+1","floor":20},{"not_picked":["TheSimpletonMod:ControlledBurn","TheSimpletonMod:CullingStrike","TheSimpletonMod:BumperCrop"],"picked":"SKIP","floor":21},{"not_picked":["TheSimpletonMod:Rototilling","TheSimpletonMod:Fertilaser","TheSimpletonMod:VineRipen"],"picked":"SKIP","floor":23}],"player_experience":2934613,"relics_obtained":[{"floor":6,"key":"Sundial"},{"floor":8,"key":"Bronze Scales"},{"floor":9,"key":"The Courier"},{"floor":12,"key":"Boot"},{"floor":23,"key":"Strawberry"}],"event_choices":[{"damage_healed":0,"gold_gain":75,"player_choice":"Touch","damage_taken":7,"max_hp_gain":0,"max_hp_loss":0,"event_name":"FaceTrader","floor":3,"gold_loss":0},{"damage_healed":0,"gold_gain":0,"player_choice":"Left Gold","damage_taken":0,"max_hp_gain":0,"max_hp_loss":0,"event_name":"World of Goop","floor":11,"gold_loss":32},{"damage_healed":0,"gold_gain":0,"player_choice":"Ignored","damage_taken":0,"max_hp_gain":0,"max_hp_loss":0,"event_name":"Liars Game","floor":14,"gold_loss":0}],"is_beta":false,"boss_relics":[{"not_picked":["Runic Dome","Ectoplasm"],"picked":"Astrolabe"}],"items_purged_floors":[],"is_endless":false,"potions_floor_spawned":[8,12,20,23],"killed_by":"Gremlin Leader","ascension_level":6}}