{"host":"cq2iqt18u9swspes","time":1611529203,"event":{"mods":["AchievementEnabler","BaseMod","BetterRewards","Colored Map","Downfall","Minty Spire (QoL Compilation)","StSLib","The Cursed"],"gold_per_floor":[117,132,52,72,72,106,106,106,188,223,236,38,54,75,75,198,198,211,227,33,49,68,68,68,109,109,109,109,148,148,164,164,288,288,313,413,413,436,35,78,78,119,198,24,60,79,95,110,110,110],"floor_reached":51,"language":"ENG","playtime":4373,"items_purged":["TheCursedMod:Strike_TheCursed","Normality","downfall:Bewildered"],"score":1237,"play_id":"1bd5625a-8daf-40de-a710-b27a2ac4d3ee","local_time":"20210125000003","is_ascension_mode":false,"campfire_choices":[{"floor":8,"key":"REST"},{"floor":15,"key":"REST"},{"floor":23,"key":"REST"},{"floor":28,"key":"REST"},{"floor":30,"key":"REST"},{"floor":32,"key":"REST"},{"floor":41,"key":"REST"},{"floor":49,"key":"REST"}],"circlet_count":0,"master_deck":["TheCursedMod:Strike_TheCursed","TheCursedMod:Strike_TheCursed","TheCursedMod:Strike_TheCursed","TheCursedMod:Defend_TheCursed","TheCursedMod:Defend_TheCursed","TheCursedMod:Defend_TheCursed","TheCursedMod:Defend_TheCursed","TheCursedMod:CursedWand","TheCursedMod:CleanUpWorkshop","TheCursedMod:Dregs","TheCursedMod:CursedShiv","TheCursedMod:LuckyCharm","TheCursedMod:RapidMovement","TheCursedMod:Torture","TheCursedMod:VitalStrike","TheCursedMod:TroublousMinions","TheCursedMod:HellsGateOpen","TheCursedMod:Grudge","Injury","TheCursedMod:WearCloak","TheCursedMod:CollectTribute","TheCursedMod:SpitefulStrike","Apotheosis+1","TheCursedMod:Wield","TheCursedMod:CircleOfBlood+1","TheCursedMod:SpitefulPlan","TheCursedMod:VoidForm","TheCursedMod:Stigma","TheCursedMod:SurpriseAttack","TheCursedMod:BloodBarrier+1","TheCursedMod:SurpriseAttack+1","TheCursedMod:CursedSpellbook+1","TheCursedMod:HellsGateOpen","TheCursedMod:ParallelWorld+1","Clumsy","TheCursedMod:Dregs","TheCursedMod:VoidForm","TheCursedMod:CircleOfFlame+1","TheCursedMod:CircleOfBlood+1","Clumsy","TheCursedMod:Torture+1","TheCursedMod:SpitefulPray+1"],"relics":["TheCursedMod:BlackMagic101","Darkstone Periapt","TheCursedMod:BloodyHarpoon","Golden Idol","Lantern","Toxic Egg 2","Meat on the Bone","Fusion Hammer","Juzu Bracelet","Bottled Tornado","Letter Opener","Sundial","Black Star","downfall:ExtraCursedKey","Ginger","Anchor","Shuriken","Pantograph","Question Card","Bottled Lightning","Boot","Molten Egg 2"],"acts_visited":["Exordium","TheCity","TheBeyond"],"potions_floor_usage":[4,14,21,25,33,40,47],"damage_taken":[{"damage":0,"enemies":"Cultist","floor":1,"turns":4},{"damage":0,"enemies":"Jaw Worm","floor":2,"turns":4},{"damage":8,"enemies":"Small Slimes","floor":4,"turns":3},{"damage":31,"enemies":"3 Sentries","floor":6,"turns":6},{"damage":8,"enemies":"Gremlin Nob","floor":10,"turns":5},{"damage":7,"enemies":"Looter","floor":11,"turns":4},{"damage":1,"enemies":"Exordium Wildlife","floor":13,"turns":4},{"damage":0,"enemies":"2 Fungi Beasts","floor":14,"turns":3},{"damage":2,"enemies":"Slime Boss","floor":16,"turns":11},{"damage":18,"enemies":"2 Thieves","floor":18,"turns":5},{"damage":4,"enemies":"Chosen","floor":19,"turns":4},{"damage":1,"enemies":"Snecko","floor":21,"turns":4},{"damage":1,"enemies":"Cultist and Chosen","floor":22,"turns":5},{"damage":21,"enemies":"Gremlin Leader","floor":25,"turns":6},{"damage":28,"enemies":"Book of Stabbing","floor":29,"turns":5},{"damage":0,"enemies":"Shelled Parasite and Fungi","floor":31,"turns":4},{"damage":45,"enemies":"Collector","floor":33,"turns":6},{"damage":42,"enemies":"3 Darklings","floor":35,"turns":4},{"damage":18,"enemies":"Orb Walker","floor":38,"turns":5},{"damage":35,"enemies":"Reptomancer","floor":40,"turns":6},{"damage":15,"enemies":"Giant Head","floor":42,"turns":6},{"damage":15,"enemies":"Reptomancer","floor":45,"turns":5},{"damage":6,"enemies":"Sphere and 2 Shapes","floor":46,"turns":3},{"damage":17,"enemies":"4 Shapes","floor":47,"turns":4},{"damage":24,"enemies":"Jaw Worm Horde","floor":48,"turns":4},{"damage":29,"enemies":"Donu and Deca","floor":50,"turns":8}],"seed_played":"-1067743964734239871","potions_obtained":[{"floor":4,"key":"Fruit Juice"},{"floor":11,"key":"CultistPotion"},{"floor":13,"key":"Block Potion"},{"floor":14,"key":"FearPotion"},{"floor":16,"key":"GamblersBrew"},{"floor":18,"key":"Ancient Potion"},{"floor":21,"key":"Energy Potion"},{"floor":25,"key":"BlessingOfTheForge"},{"floor":35,"key":"DuplicationPotion"},{"floor":42,"key":"ColorlessPotion"},{"floor":48,"key":"Explosive Potion"}],"is_trial":false,"path_per_floor":["M","M","$","M","?","E","?","R","T","E","M","$","M","M","R","B",null,"M","M","$","M","M","R","$","E","T","T","R","E","R","M","R","B",null,"M","?","?","M","$","E","R","E","T","$","E","M","M","M","R","B",null],"character_chosen":"THE_CURSED","items_purchased":["Darkstone Periapt","TheCursedMod:BloodyHarpoon","TheCursedMod:CursedShiv","TheCursedMod:LuckyCharm","TheCursedMod:RapidMovement","TheCursedMod:Torture","TheCursedMod:HellsGateOpen","Apotheosis+1","TheCursedMod:Wield","TheCursedMod:SurpriseAttack","TheCursedMod:BloodBarrier+1","Ginger","TheCursedMod:Torture+1"],"campfire_rested":8,"item_purchase_floors":[0,0,0,0,0,0,3,12,12,20,20,39,44],"current_hp_per_floor":[49,49,49,46,52,21,21,46,46,38,43,43,54,58,83,84,86,72,68,68,71,78,86,86,65,65,65,86,60,85,86,86,53,86,44,67,95,81,81,58,86,83,95,95,104,101,84,76,107,89],"gold":110,"neow_bonus":"","is_daily":false,"chose_seed":false,"campfire_upgraded":0,"win_rate":0.0,"timestamp":1611529203,"path_taken":["M","?","$","M","?","E","?","R","T","E","M","$","M","M","R","BOSS","M","M","$","?","M","R","?","E","T","?","R","E","R","M","R","BOSS","M","?","?","M","$","E","R","E","T","?","E","M","M","M","R","BOSS"],"items_purchased_type":["Relic","Relic","Card","Card","Card","Card","Card","Card","Card","Card","Card","Relic","Card"],"build_version":"2020-12-22","purchased_purges":3,"victory":true,"max_hp_per_floor":[75,75,75,80,86,86,86,86,86,86,86,86,86,86,86,86,86,86,86,86,86,86,86,86,86,86,86,86,86,86,86,86,86,86,86,109,95,95,95,95,95,95,107,107,107,107,107,107,107,107],"card_choices":[{"not_picked":["TheCursedMod:WearCloak","TheCursedMod:Wield"],"picked":"TheCursedMod:VitalStrike","floor":1},{"not_picked":["TheCursedMod:EmpowerCircles","TheCursedMod:VitalStrike"],"picked":"TheCursedMod:TroublousMinions","floor":2},{"not_picked":["TheCursedMod:CursedMace","TheCursedMod:Evocation"],"picked":"TheCursedMod:Grudge","floor":4},{"not_picked":["TheCursedMod:RavingStaff","TheCursedMod:EmpowerCircles"],"picked":"TheCursedMod:WearCloak","floor":6},{"not_picked":["TheCursedMod:CursedBlade","TheCursedMod:ReleasedKnowledge+1"],"picked":"TheCursedMod:CollectTribute","floor":10},{"not_picked":["TheCursedMod:CursedShiv","TheCursedMod:VitalStrike"],"picked":"TheCursedMod:SpitefulStrike","floor":11},{"not_picked":["TheCursedMod:CursedStaff","TheCursedMod:Stigma"],"picked":"TheCursedMod:CircleOfBlood+1","floor":13},{"not_picked":["TheCursedMod:Stretching+1","TheCursedMod:PrepareRite+1"],"picked":"TheCursedMod:SpitefulPlan","floor":14},{"not_picked":["TheCursedMod:OutForBlood","TheCursedMod:CircleOfAbyss+1"],"picked":"TheCursedMod:VoidForm","floor":16},{"not_picked":["TheCursedMod:Stretching+1","TheCursedMod:VitalStrike"],"picked":"TheCursedMod:Stigma","floor":18},{"not_picked":["TheCursedMod:Evocation+1","TheCursedMod:Wield","TheCursedMod:RavingStaff"],"picked":"SKIP","floor":19},{"not_picked":["TheCursedMod:CursedBlade","TheCursedMod:ReleasedKnowledge+1"],"picked":"TheCursedMod:SurpriseAttack+1","floor":21},{"not_picked":["TheCursedMod:RapidMovement+1","TheCursedMod:CursedBlade","TheCursedMod:Wield"],"picked":"SKIP","floor":22},{"not_picked":["TheCursedMod:CursedMace","TheCursedMod:BlessingInDisguise+1"],"picked":"TheCursedMod:CursedSpellbook+1","floor":25},{"not_picked":["TheCursedMod:VitalStrike","TheCursedMod:Evocation+1","TheCursedMod:RapidMovement+1"],"picked":"SKIP","floor":29},{"not_picked":["TheCursedMod:BlessingInDisguise+1","TheCursedMod:SoulReap"],"picked":"TheCursedMod:HellsGateOpen","floor":31},{"not_picked":["TheCursedMod:UltimatePain+1","TheCursedMod:ForbiddenAlchemy+1"],"picked":"TheCursedMod:ParallelWorld+1","floor":33},{"not_picked":["TheCursedMod:ReleasedKnowledge+1","TheCursedMod:HellsGateOpen","TheCursedMod:VitalStrike+1"],"picked":"SKIP","floor":35},{"not_picked":["TheCursedMod:TroublousMinions+1","TheCursedMod:RavingStaff"],"picked":"TheCursedMod:CircleOfFlame+1","floor":38},{"not_picked":["TheCursedMod:FleshFromBone+1","TheCursedMod:EmpowerCircles+1"],"picked":"TheCursedMod:CircleOfBlood+1","floor":40},{"not_picked":["TheCursedMod:PrepareRite+1","TheCursedMod:TacticalStrike+1","TheCursedMod:CursedMace+1"],"picked":"SKIP","floor":42},{"not_picked":["TheCursedMod:SaltUponWound+1","TheCursedMod:SpitefulStrike+1","TheCursedMod:SoulCrush+1","TheCursedMod:SurpriseAttack+1"],"picked":"SKIP","floor":45},{"not_picked":["TheCursedMod:SpitefulPlan","TheCursedMod:Mangle+1","TheCursedMod:CursedAmulet+1","TheCursedMod:SaltUponWound+1"],"picked":"SKIP","floor":46},{"not_picked":["TheCursedMod:Stretching+1","TheCursedMod:Grudge+1","TheCursedMod:CircleOfCorruption+1"],"picked":"TheCursedMod:SpitefulPray+1","floor":47},{"not_picked":["TheCursedMod:FleshFromBone+1","TheCursedMod:RavingStaff+1","TheCursedMod:Torture+1","TheCursedMod:CursedMace+1"],"picked":"SKIP","floor":48}],"player_experience":43212,"relics_obtained":[{"floor":6,"key":"Lantern"},{"floor":9,"key":"Toxic Egg 2"},{"floor":10,"key":"Meat on the Bone"},{"floor":25,"key":"Juzu Bracelet"},{"floor":26,"key":"Bottled Tornado"},{"floor":27,"key":"Letter Opener"},{"floor":29,"key":"Sundial"},{"floor":40,"key":"Anchor"},{"floor":40,"key":"Shuriken"},{"floor":42,"key":"Pantograph"},{"floor":42,"key":"Question Card"},{"floor":43,"key":"Bottled Lightning"},{"floor":45,"key":"Boot"},{"floor":45,"key":"Molten Egg 2"}],"event_choices":[{"damage_healed":0,"gold_gain":0,"player_choice":"Take Wound","damage_taken":0,"relics_obtained":["Golden Idol"],"max_hp_gain":0,"max_hp_loss":0,"event_name":"Golden Idol","floor":5,"gold_loss":0,"cards_obtained":["Injury"]},{"damage_healed":0,"gold_gain":0,"player_choice":"Ignored","damage_taken":0,"max_hp_gain":0,"max_hp_loss":0,"event_name":"NoteForYourself","floor":7,"gold_loss":0},{"damage_healed":95,"gold_gain":0,"player_choice":"Heal","damage_taken":0,"max_hp_gain":0,"max_hp_loss":14,"event_name":"The Moai Head","floor":37,"gold_loss":0}],"is_beta":false,"boss_relics":[{"not_picked":["Runic Dome","Ectoplasm"],"picked":"Fusion Hammer"},{"not_picked":["Astrolabe","SacredBark"],"picked":"Black Star"}],"items_purged_floors":[20,39,44],"is_endless":false,"potions_floor_spawned":[4,11,13,14,16,18,21,22,25,35,38,42,48],"ascension_level":0}}