{"host":"5nrsd95zehlinljn","time":1611519785,"event":{"mods":["2.2 Compatiblity","BaseMod","Beaked The Cultist","Better Note","Friendly Minions","GifTheSpireLib","GungeonMod","Minty Spire (QoL Compilation)","StS++","StSLib","everything is the same but u backflip on backflip","thorton"],"gold_per_floor":[112,112,34,52,67,103,118,118,142,142,142,160,160,160,160,280,280,305,32,32,53,53,53,82,82,82,94,106,117,167,181,181,181,181],"floor_reached":33,"language":"ENG","playtime":6719,"items_purged":["Strike_B"],"score":267,"play_id":"fdb534b5-7c52-49a7-a59c-880cf2fc7e1d","local_time":"20210124202305","is_ascension_mode":false,"campfire_choices":[{"floor":11.0,"key":"REST"},{"floor":13.0,"key":"REST"},{"data":"StSpp:Igniter","floor":15.0,"key":"SMITH"},{"data":"Zap","floor":23.0,"key":"SMITH"},{"floor":25,"key":"REST"},{"floor":32,"key":"REST"}],"circlet_count":0,"master_deck":["Strike_B","Strike_B","Defend_B","Defend_B","Defend_B","Defend_B","Zap+1","Dualcast","Double Energy","Loop","StSpp:Igniter+1","Streamline","Gash","Defragment","Static Discharge","Rainbow","Ball Lightning","FTL","Bandage Up","Static Discharge","Noxious Fumes+1","Defragment","Leap+1","Gash","Gash","Conserve Battery+1"],"relics":["Cracked Core","Bloody Idol","Juzu Bracelet","Anchor","SlaversCollar","StSpp:Monolith","Question Card"],"acts_visited":["Exordium","TheCity"],"potions_floor_usage":[24,24,33],"damage_taken":[{"damage":6.0,"enemies":"Cultist","floor":1.0,"turns":4.0},{"damage":0.0,"enemies":"2 Louse","floor":4.0,"turns":4.0},{"damage":4.0,"enemies":"Small Slimes","floor":5.0,"turns":2.0},{"damage":42.0,"enemies":"3 Sentries","floor":6.0,"turns":8.0},{"damage":7.0,"enemies":"2 Fungi Beasts","floor":7.0,"turns":4.0},{"damage":6.0,"enemies":"3 Louse","floor":12.0,"turns":3.0},{"damage":43.0,"enemies":"The Guardian","floor":16.0,"turns":9.0},{"damage":15.0,"enemies":"Shell Parasite","floor":18.0,"turns":5.0},{"damage":12.0,"enemies":"3 Byrds","floor":21.0,"turns":4.0},{"damage":46,"enemies":"Gremlin Leader","floor":24,"turns":4},{"damage":24,"enemies":"Snecko","floor":27,"turns":5},{"damage":35,"enemies":"Cultist and Chosen","floor":28,"turns":5},{"damage":19,"enemies":"Snake Plant","floor":29,"turns":2},{"damage":23,"enemies":"Shelled Parasite and Fungi","floor":31,"turns":4},{"damage":60,"enemies":"Automaton","floor":33,"turns":6}],"seed_played":"8626869082876943199","potions_obtained":[{"floor":1.0,"key":"SpeedPotion"},{"floor":4.0,"key":"CultistPotion"},{"floor":7.0,"key":"GamblersBrew"},{"floor":16.0,"key":"FocusPotion"},{"floor":27,"key":"FairyPotion"},{"floor":29,"key":"BlessingOfTheForge"},{"floor":31,"key":"PotionOfCapacity"}],"is_trial":false,"path_per_floor":["M","?","$","M","M","E","M","?","T","?","R","M","R","?","R","B",null,"M","$","?","M","?","R","E","R","T","M","M","M","?","M","R","B"],"character_chosen":"DEFECT","items_purchased":["StSpp:Igniter","FTL","Bandage Up","Static Discharge"],"campfire_rested":4,"item_purchase_floors":[3,19,19,19],"current_hp_per_floor":[69,69,69,69,65,23,16,16,16,16,36,30,50,50,50,7,69,54,54,54,46,46,46,9,29,29,10,25,15,20,6,26,0,0],"gold":181,"neow_bonus":"TRANSFORM_CARD","is_daily":false,"chose_seed":false,"campfire_upgraded":2,"win_rate":0.0,"timestamp":1611519785,"path_taken":["M","?","$","M","M","E","M","?","T","?","R","M","R","?","R","BOSS","M","$","?","M","?","R","E","R","T","M","M","M","?","M","R","BOSS"],"items_purchased_type":["Card","Card","Card","Card"],"build_version":"2020-12-22","purchased_purges":1,"victory":false,"max_hp_per_floor":[75,69,69,69,69,69,69,69,69,69,69,69,69,69,69,69,69,69,69,69,69,69,69,69,69,69,69,69,69,69,69,69,69,69],"card_choices":[{"not_picked":["Leap","Cold Snap"],"picked":"Loop","floor":1.0},{"not_picked":["Rebound","Sweeping Beam"],"picked":"Streamline","floor":4.0},{"not_picked":["Coolheaded","Beam Cell","Rebound"],"picked":"SKIP","floor":5.0},{"not_picked":["Leap","Reboot"],"picked":"Gash","floor":6.0},{"not_picked":["Hologram","Hello World"],"picked":"Defragment","floor":7.0},{"not_picked":["Aggregate","Chaos"],"picked":"Static Discharge","floor":12.0},{"not_picked":["StSpp:Converter","Hyperbeam"],"picked":"Rainbow","floor":16.0},{"not_picked":["Steam+1","Leap"],"picked":"Ball Lightning","floor":18.0},{"not_picked":["Fission","Reinforced Body"],"picked":"Defragment","floor":21.0},{"not_picked":["Hologram","Tempest"],"picked":"Leap+1","floor":24},{"not_picked":["StSpp:Pointer","Coolheaded","Steam+1"],"picked":"Gash","floor":27},{"not_picked":["Double Energy","Beam Cell","Hologram+1"],"picked":"Gash","floor":28},{"not_picked":["Ball Lightning+1","StSpp:Channeliser+1","Turbo+1","Rebound"],"picked":"SKIP","floor":29},{"not_picked":["Melter","Fission","Sweeping Beam"],"picked":"Conserve Battery+1","floor":31}],"player_experience":2701720,"relics_obtained":[{"floor":6.0,"key":"Juzu Bracelet"},{"floor":9.0,"key":"Anchor"},{"floor":24,"key":"StSpp:Monolith"},{"floor":26,"key":"Question Card"}],"event_choices":[{"damage_healed":0.0,"max_hp_gain":0.0,"max_hp_loss":6.0,"gold_gain":0.0,"event_name":"Golden Idol","player_choice":"Lose Max HP","floor":2.0,"gold_loss":0.0,"damage_taken":0.0,"relics_obtained":["Golden Idol"]},{"damage_healed":0.0,"max_hp_gain":0.0,"max_hp_loss":0.0,"gold_gain":0.0,"event_name":"Dead Adventurer","player_choice":"Searched \u00270\u0027 times","floor":8.0,"gold_loss":0.0,"damage_taken":0.0},{"damage_healed":0.0,"max_hp_gain":0.0,"max_hp_loss":0.0,"gold_gain":0.0,"event_name":"Liars Game","player_choice":"Ignored","floor":10.0,"gold_loss":0.0,"damage_taken":0.0},{"damage_healed":0.0,"max_hp_gain":0.0,"max_hp_loss":0.0,"gold_gain":0.0,"event_name":"Scrap Ooze","player_choice":"Fled","floor":14.0,"gold_loss":0.0,"damage_taken":0.0},{"cards_removed":["Bandage Up"],"damage_healed":0.0,"max_hp_gain":0.0,"max_hp_loss":0.0,"gold_gain":0.0,"event_name":"betterNote:BetterNote","player_choice":"Take \u0026 Give","floor":20.0,"gold_loss":0.0,"damage_taken":0.0,"cards_obtained":["Noxious Fumes"]},{"damage_healed":0.0,"max_hp_gain":0.0,"max_hp_loss":0.0,"gold_gain":0.0,"event_name":"Forgotten Altar","player_choice":"Gave Idol","floor":22.0,"relics_lost":["Golden Idol"],"gold_loss":0.0,"damage_taken":0.0,"relics_obtained":["Bloody Idol"]},{"damage_healed":0,"gold_gain":100,"player_choice":"Bet on Murderer","damage_taken":0,"max_hp_gain":0,"max_hp_loss":0,"event_name":"The Joust","floor":30,"gold_loss":50}],"is_beta":false,"boss_relics":[{"not_picked":["Coffee Dripper","StSpp:PileOfSugar"],"picked":"SlaversCollar"}],"items_purged_floors":[19],"is_endless":false,"potions_floor_spawned":[1,4,7,16,27,29,31],"killed_by":"Automaton","ascension_level":0}}