{"host":"J","time":1611521575,"event":{"mods":["AchievementEnabler","BaseMod","Block Reminder","Highlight Path","Minty Spire (QoL Compilation)","Permanent Neow","Quick Restart","Relic Stats"],"gold_per_floor":[115,131,143,158,174,200,218,29,55,55,55],"floor_reached":10,"language":"ENG","playtime":863,"items_purged":[],"score":104,"play_id":"acfab126-5bfc-489a-bf05-31caa61dd42f","local_time":"20210124215255","is_ascension_mode":true,"campfire_choices":[],"circlet_count":0,"master_deck":["Strike_B","Strike_B","Strike_B","Strike_B","Defend_B","Defend_B","Defend_B","Defend_B","Zap","Dualcast","FTL","Beam Cell","Cold Snap","Redo","Reprogram","Go for the Eyes","Panache"],"relics":["Cracked Core","Blood Vial","Omamori"],"acts_visited":[],"potions_floor_usage":[7],"damage_taken":[{"damage":2,"enemies":"2 Louse","floor":1,"turns":3},{"damage":0,"enemies":"Cultist","floor":2,"turns":4},{"damage":0,"enemies":"Small Slimes","floor":3,"turns":3},{"damage":8,"enemies":"3 Louse","floor":4,"turns":4},{"damage":6,"enemies":"Large Slime","floor":5,"turns":6},{"damage":37,"enemies":"3 Sentries","floor":6,"turns":7},{"damage":20,"enemies":"Exordium Wildlife","floor":7,"turns":6},{"damage":20,"enemies":"Lagavulin","floor":10,"turns":5}],"seed_played":"-2893762634525523478","potions_obtained":[{"floor":1,"key":"Explosive Potion"},{"floor":2,"key":"DuplicationPotion"},{"floor":4,"key":"Regen Potion"}],"is_trial":false,"path_per_floor":["M","M","M","M","M","E","M","$","T","E"],"character_chosen":"DEFECT","items_purchased":["Panache"],"campfire_rested":0,"item_purchase_floors":[8],"current_hp_per_floor":[73,73,73,65,59,22,19,19,19,1,1],"gold":55,"neow_bonus":"TEN_PERCENT_HP_BONUS","is_daily":false,"chose_seed":false,"campfire_upgraded":0,"win_rate":0.0,"timestamp":1611521575,"path_taken":["M","M","M","M","M","E","M","$","T","E"],"items_purchased_type":["Card"],"build_version":"2020-12-18","purchased_purges":0,"victory":false,"max_hp_per_floor":[82,82,82,82,82,82,82,82,82,82,82],"relic_stats":{"Blood Vial":4,"counters":[8,38],"obtain_stats":[{"Blood Vial":6,"Omamori":9,"Cracked Core":0},{"Blood Vial":6,"Omamori":7,"Cracked Core":0},{"Blood Vial":27,"Omamori":33,"Cracked Core":0}]},"card_choices":[{"not_picked":["Capacitor","Conserve Battery"],"picked":"FTL","floor":1},{"not_picked":["Force Field","Double Energy","Barrage"],"picked":"SKIP","floor":2},{"not_picked":["Sweeping Beam","Rebound"],"picked":"Beam Cell","floor":3},{"not_picked":["Melter","Sweeping Beam"],"picked":"Cold Snap","floor":4},{"not_picked":["Capacitor","Turbo"],"picked":"Redo","floor":5},{"not_picked":["Conserve Battery","Compile Driver"],"picked":"Reprogram","floor":6},{"not_picked":["Cold Snap","Beam Cell"],"picked":"Go for the Eyes","floor":7}],"player_experience":178287,"relics_obtained":[{"floor":6,"key":"Blood Vial"},{"floor":9,"key":"Omamori"}],"event_choices":[],"is_beta":true,"boss_relics":[],"items_purged_floors":[],"is_endless":false,"potions_floor_spawned":[1,2,4],"killed_by":"Lagavulin","ascension_level":9}}