{"host":"usrgk25etjl0nf5i","time":1611514883,"event":{"mods":["2.2 Compatiblity","BaseMod","Downfall","Hubris","Minty Spire (QoL Compilation)","StSLib","SuperFastMode"],"gold_per_floor":[118,193,193,23,34,67,79,79,79,114,114,114,133,158,158,236,236,255,354,354,368,338,338,318,318,344,344,344],"floor_reached":27,"language":"ENG","playtime":1141,"items_purged":[],"score":411,"play_id":"97221230-7eb9-4728-897a-ac4de3d1a2d5","local_time":"20210124110123","is_ascension_mode":true,"campfire_choices":[{"data":"hubris:ReadiedAction","floor":8,"key":"SMITH"},{"floor":11,"key":"REST"},{"data":"Limit Break","floor":15,"key":"SMITH"},{"data":"Barricade","floor":23,"key":"SMITH"}],"circlet_count":0,"master_deck":["AscendersBane","Strike_R","Strike_R","Strike_R","Strike_R","Defend_R","Defend_R+1","Defend_R","Defend_R","Bash","hubris:ReadiedAction+1","Inflame","Seeing Red","Shrug It Off+1","Metallicize","Clothesline","Flame Barrier","Cleave","Warcry","Limit Break+1","Barricade+1","Armaments","Metallicize","Inflame","Flame Barrier","hubris:NaturalOne"],"relics":["Burning Blood","hubris:Icosahedron","Centennial Puzzle","Blood Vial","Regal Pillow","Art of War","Paper Frog","sneckomod:SneckoTalon","Pen Nib","hubris:Towel","War Paint"],"acts_visited":["Exordium","TheCity"],"potions_floor_usage":[6,6,16,22,22,24,24],"damage_taken":[{"damage":6,"enemies":"2 Louse","floor":1,"turns":3},{"damage":1,"enemies":"Small Slimes","floor":5,"turns":4},{"damage":21,"enemies":"Gremlin Nob","floor":6,"turns":4},{"damage":4,"enemies":"Jaw Worm","floor":7,"turns":3},{"damage":27,"enemies":"3 Sentries","floor":10,"turns":12},{"damage":2,"enemies":"Red Slaver","floor":13,"turns":4},{"damage":28,"enemies":"Gremlin Nob","floor":14,"turns":4},{"damage":18,"enemies":"The Guardian","floor":16,"turns":10},{"damage":19,"enemies":"Spheric Guardian","floor":18,"turns":7},{"damage":4,"enemies":"Chosen","floor":21,"turns":4},{"damage":46,"enemies":"Snake Plant","floor":22,"turns":6},{"damage":47,"enemies":"Slavers","floor":24,"turns":6},{"damage":19,"enemies":"Book of Stabbing","floor":27,"turns":5}],"seed_played":"-2838139959475592711","potions_obtained":[{"floor":1,"key":"champ:CounterPotion"},{"floor":5,"key":"FearPotion"},{"floor":13,"key":"EntropicBrew"},{"floor":14,"key":"LiquidBronze"},{"floor":16,"key":"BloodPotion"},{"floor":22,"key":"ColorlessPotion"}],"is_trial":false,"path_per_floor":["M","?","?","$","M","E","M","R","T","E","R","?","M","E","R","B",null,"M","?","?","M","M","R","E","?","T","E"],"character_chosen":"IRONCLAD","items_purchased":["Inflame","Seeing Red","Shrug It Off"],"campfire_rested":1,"item_purchase_floors":[4,4,4],"current_hp_per_floor":[80,69,69,69,74,59,61,61,61,42,83,80,86,66,66,56,80,69,69,69,73,52,52,13,13,13,0,0],"gold":344,"neow_bonus":"TEN_PERCENT_HP_BONUS","is_daily":false,"chose_seed":false,"campfire_upgraded":3,"win_rate":0.0,"timestamp":1611514883,"path_taken":["M","?","?","$","M","E","M","R","T","E","R","?","M","E","R","BOSS","M","?","?","M","?","R","E","?","T","E"],"items_purchased_type":["Card","Card","Card"],"build_version":"2020-12-22","purchased_purges":0,"victory":false,"max_hp_per_floor":[88,88,88,88,88,88,88,88,88,88,88,88,88,88,88,88,88,88,88,88,88,88,88,88,88,88,88,88],"card_choices":[{"not_picked":["Dropkick","Uppercut"],"picked":"hubris:ReadiedAction","floor":1},{"not_picked":["Sever Soul","Havoc"],"picked":"Metallicize","floor":5},{"not_picked":["Havoc","Body Slam"],"picked":"Clothesline","floor":6},{"not_picked":["Headbutt","Clash"],"picked":"Flame Barrier","floor":7},{"not_picked":["Bloodletting","Intimidate"],"picked":"Cleave","floor":10},{"not_picked":["Sever Soul","Havoc"],"picked":"Warcry","floor":13},{"not_picked":["Armaments","Iron Wave"],"picked":"Limit Break","floor":14},{"not_picked":["Brutality","Impervious"],"picked":"Barricade","floor":16},{"not_picked":["Hemokinesis","Carnage"],"picked":"Armaments","floor":18},{"not_picked":["Twin Strike","Cleave"],"picked":"Inflame","floor":21},{"not_picked":["Power Through","Clothesline","Iron Wave"],"picked":"SKIP","floor":22},{"not_picked":["Shrug It Off","Burning Pact+1"],"picked":"Flame Barrier","floor":24}],"player_experience":667250,"relics_obtained":[{"floor":6,"key":"Centennial Puzzle"},{"floor":9,"key":"Blood Vial"},{"floor":10,"key":"Regal Pillow"},{"floor":14,"key":"Paper Frog"},{"floor":24,"key":"Pen Nib"},{"floor":26,"key":"War Paint"}],"event_choices":[{"damage_healed":0,"gold_gain":75,"player_choice":"Gather Gold","damage_taken":11,"max_hp_gain":0,"max_hp_loss":0,"event_name":"World of Goop","floor":2,"gold_loss":0},{"damage_healed":0,"gold_gain":0,"player_choice":"Success","damage_taken":3,"relics_obtained":["Art of War"],"max_hp_gain":0,"max_hp_loss":0,"event_name":"Scrap Ooze","floor":12,"gold_loss":0},{"damage_healed":0,"gold_gain":99,"player_choice":"Stole From Cult","damage_taken":0,"max_hp_gain":0,"max_hp_loss":0,"event_name":"Nest","floor":19,"gold_loss":0},{"damage_healed":0,"gold_gain":0,"cards_transformed":["Strike_R"],"player_choice":"Transformed","damage_taken":0,"max_hp_gain":0,"max_hp_loss":0,"event_name":"Transmorgrifier","floor":20,"gold_loss":0,"cards_obtained":["Metallicize"]}],"is_beta":false,"boss_relics":[{"not_picked":["hubris:GrandSneckoEye","hubris:TerracottaHorce"],"picked":"sneckomod:SneckoTalon"}],"items_purged_floors":[],"is_endless":false,"potions_floor_spawned":[1,5,13,14,16,22],"killed_by":"Book of Stabbing","ascension_level":13}}