{"host":"aqym1xxr3lb31d9m","time":1611490737,"event":{"mods":["BaseMod","Block Reminder","Colored Map","Colored Powertips","DeckTracker","Highlight Path","Minty Spire (QoL Compilation)","Quick Restart","Random Character Button","StSLib","SuperFastMode","UnlockEverythingMod"],"gold_per_floor":[119,136,136,136,211,211,242,242,242,242,259,259,274,65,65,140,140,155,184,199,199,199,199,233,130,130,159,159,159,26,38,38,111,111,121,176,176,188,10,10,40,40,40,40,51,86,102,135,135,135,135,135,135,7,38,38,38],"floor_reached":56,"language":"JPN","playtime":5382,"items_purged":[],"score":2358,"play_id":"adfc5e85-8077-4e7c-9cdd-a2994cd7ddb3","local_time":"20210124211857","is_ascension_mode":true,"campfire_choices":[{"data":"Zap","floor":6.0,"key":"SMITH"},{"data":"Coolheaded","floor":8.0,"key":"SMITH"},{"data":"Dualcast","floor":10.0,"key":"SMITH"},{"data":"Hologram","floor":15.0,"key":"SMITH"},{"data":"Chill","floor":23.0,"key":"SMITH"},{"data":"Creative AI","floor":29.0,"key":"SMITH"},{"floor":32.0,"key":"REST"},{"data":"Seek","floor":40.0,"key":"SMITH"},{"floor":42.0,"key":"REST"},{"floor":44.0,"key":"RECALL"},{"data":"Master of Strategy","floor":49.0,"key":"SMITH"},{"data":"Purity","floor":53.0,"key":"SMITH"}],"circlet_count":0,"master_deck":["AscendersBane","Zap+1","Dualcast+1","Rip and Tear+1","Gash","Coolheaded+1","Hologram+1","Melter","Master of Strategy+1","Reboot+1","White Noise","Leap+1","Reprogram","Reprogram","Melter","Sweeping Beam","Creative AI+1","Loop","Chill+1","Fusion+1","Turbo","Conserve Battery","Purity+1","Seek+1","Go for the Eyes+1","Rainbow","CurseOfTheBell","Steam+1","Coolheaded+1","Turbo+1","Apotheosis+1","Consume+1","Skim+1","Hologram+1","Fusion+1","Steam Power+1","Turbo+1","Dark Shackles+1","Echo Form"],"relics":["Cracked Core","NeowsBlessing","FossilizedHelix","StoneCalendar","Dead Branch","Pandora\u0027s Box","Red Mask","Bag of Preparation","War Paint","Lizard Tail","Toy Ornithopter","The Courier","Runic Capacitor","Calling Bell","Toxic Egg 2","Regal Pillow","Unceasing Top","WingedGreaves","Spirit Poop","Prayer Wheel","Ginger","Bag of Marbles","Bronze Scales"],"acts_visited":["Exordium","TheCity","TheBeyond","TheEnding"],"potions_floor_usage":[55,56],"damage_taken":[{"damage":0.0,"enemies":"2 Louse","floor":1.0,"turns":1.0},{"damage":0.0,"enemies":"Small Slimes","floor":2.0,"turns":1.0},{"damage":0.0,"enemies":"Gremlin Nob","floor":7.0,"turns":1.0},{"damage":0.0,"enemies":"Cultist","floor":11.0,"turns":3.0},{"damage":0.0,"enemies":"Looter","floor":13.0,"turns":3.0},{"damage":5.0,"enemies":"The Guardian","floor":16.0,"turns":9.0},{"damage":0.0,"enemies":"Spheric Guardian","floor":18.0,"turns":1.0},{"damage":0.0,"enemies":"Masked Bandits","floor":19.0,"turns":3.0},{"damage":1.0,"enemies":"Shell Parasite","floor":20.0,"turns":3.0},{"damage":0.0,"enemies":"Slavers","floor":24.0,"turns":6.0},{"damage":22.0,"enemies":"Gremlin Leader","floor":27.0,"turns":5.0},{"damage":8.0,"enemies":"Snake Plant","floor":31.0,"turns":3.0},{"damage":0.0,"enemies":"Champ","floor":33.0,"turns":9.0},{"damage":0.0,"enemies":"3 Shapes","floor":35.0,"turns":7.0},{"damage":0.0,"enemies":"2 Orb Walkers","floor":36.0,"turns":4.0},{"damage":16.0,"enemies":"3 Darklings","floor":38.0,"turns":7.0},{"damage":20.0,"enemies":"Nemesis","floor":41.0,"turns":11.0},{"damage":0.0,"enemies":"Jaw Worm Horde","floor":45.0,"turns":4.0},{"damage":0.0,"enemies":"Giant Head","floor":46.0,"turns":6.0},{"damage":0.0,"enemies":"Sphere and 2 Shapes","floor":47.0,"turns":6.0},{"damage":0.0,"enemies":"Reptomancer","floor":48.0,"turns":4.0},{"damage":15.0,"enemies":"Donu and Deca","floor":50.0,"turns":7.0},{"damage":0.0,"enemies":"Awakened One","floor":51.0,"turns":15.0},{"damage":48,"enemies":"Shield and Spear","floor":55,"turns":9},{"damage":75,"enemies":"The Heart","floor":56,"turns":3}],"seed_played":"-1447786290183937510","potions_obtained":[{"floor":7.0,"key":"BlessingOfTheForge"},{"floor":12.0,"key":"Energy Potion"},{"floor":13.0,"key":"FairyPotion"},{"floor":18.0,"key":"GamblersBrew"},{"floor":19.0,"key":"PowerPotion"},{"floor":24.0,"key":"EssenceOfSteel"},{"floor":35.0,"key":"SteroidPotion"},{"floor":41.0,"key":"BlessingOfTheForge"},{"floor":45.0,"key":"LiquidMemories"}],"is_trial":false,"path_per_floor":["M","M","?","?","?","R","E","R","T","R","M","?","M","$","R","B",null,"M","?","M","?","?","R","E","$","T","E","T","R","$","M","R","B",null,"M","?","?","M","$","R","E","R","T","R","M","E","M","E","R","B","B",null,"R","$","E","B"],"character_chosen":"DEFECT","items_purchased":["Master of Strategy","Purity","Runic Capacitor","Turbo+1","Apotheosis+1","Energy Potion","Dark Shackles+1"],"campfire_rested":2,"item_purchase_floors":[14,25,30,39,39,54,54],"current_hp_per_floor":[64,64,38,38,27,27,27,27,27,27,27,27,27,27,27,22,59,59,59,58,38,38,38,38,38,38,16,16,16,16,13,35,35,66,66,71,71,55,55,55,35,72,72,72,72,72,72,76,76,61,61,72,72,72,28,0,0],"gold":38,"neow_bonus":"THREE_ENEMY_KILL","is_daily":false,"chose_seed":false,"campfire_upgraded":9,"win_rate":0.0,"timestamp":1611490737,"path_taken":["M","M","?","?","?","R","E","R","T","R","M","?","?","$","R","BOSS","M","?","M","?","?","R","E","?","T","E","?","R","$","M","R","BOSS","M","?","?","M","$","R","E","R","T","R","?","E","?","E","R","BOSS","BOSS","R","$","E","BOSS"],"items_purchased_type":["Card","Card","Relic","Card","Card","Potion","Card"],"build_version":"2020-12-22","purchased_purges":0,"victory":false,"max_hp_per_floor":[71,71,71,71,71,71,71,71,71,71,71,71,71,71,71,71,71,71,71,71,76,76,76,76,76,76,76,76,76,76,76,76,76,76,76,76,76,76,76,76,76,76,76,76,76,76,76,76,76,76,76,76,76,76,76,76,76],"card_choices":[{"not_picked":["Conserve Battery","Redo"],"picked":"Rip and Tear","floor":1.0},{"not_picked":["Undo","Storm"],"picked":"Gash","floor":2.0},{"not_picked":["Barrage","Beam Cell"],"picked":"Coolheaded","floor":7.0},{"not_picked":["Storm","Ball Lightning"],"picked":"Hologram","floor":11.0},{"not_picked":["Leap","Redo"],"picked":"Melter","floor":13.0},{"not_picked":["Amplify","Thunder Strike"],"picked":"Reboot","floor":16.0},{"not_picked":["Reinforced Body","Hologram"],"picked":"Chill","floor":18.0},{"not_picked":["Hello World","Lockon"],"picked":"Fusion+1","floor":19.0},{"not_picked":["Hologram","Stack"],"picked":"Turbo","floor":20.0},{"not_picked":["Rebound","Genetic Algorithm"],"picked":"Conserve Battery","floor":24.0},{"not_picked":["Leap","Beam Cell"],"picked":"Seek","floor":27.0},{"not_picked":["Streamline+1","Stack+1"],"picked":"Go for the Eyes+1","floor":31.0},{"not_picked":["Thunder Strike","Amplify"],"picked":"Rainbow","floor":33.0},{"not_picked":["Sweeping Beam+1","Self Repair"],"picked":"Steam+1","floor":35.0},{"not_picked":["FTL","Undo+1"],"picked":"Coolheaded+1","floor":36.0},{"not_picked":["Streamline+1","Stack+1","Storm"],"picked":"SKIP","floor":38.0},{"not_picked":["FTL","Hyperbeam"],"picked":"Consume+1","floor":41.0},{"not_picked":["Rebound+1","Ball Lightning"],"picked":"Skim+1","floor":45.0},{"not_picked":["Barrage+1","Streamline"],"picked":"Hologram+1","floor":45.0},{"not_picked":["Rip and Tear+1","Conserve Battery+1"],"picked":"Fusion+1","floor":46.0},{"not_picked":["Heatsinks","Steam+1"],"picked":"Steam Power+1","floor":47.0},{"not_picked":["Rebound","Cold Snap","Streamline"],"picked":"SKIP","floor":47.0},{"not_picked":["Rebound","Cold Snap","Streamline"],"picked":"SKIP","floor":47.0},{"not_picked":["Reinforced Body+1","Cold Snap"],"picked":"Turbo+1","floor":48.0},{"not_picked":["Go for the Eyes+1","Beam Cell"],"picked":"Echo Form","floor":55}],"player_experience":4011829,"relics_obtained":[{"floor":7.0,"key":"StoneCalendar"},{"floor":9.0,"key":"Dead Branch"},{"floor":19.0,"key":"Red Mask"},{"floor":24.0,"key":"War Paint"},{"floor":26.0,"key":"Lizard Tail"},{"floor":27.0,"key":"Toy Ornithopter"},{"floor":28.0,"key":"The Courier"},{"floor":34.0,"key":"Toxic Egg 2"},{"floor":34.0,"key":"Regal Pillow"},{"floor":34.0,"key":"Unceasing Top"},{"floor":36.0,"key":"WingedGreaves"},{"floor":41.0,"key":"Prayer Wheel"},{"floor":46.0,"key":"Ginger"},{"floor":48.0,"key":"Bag of Marbles"},{"floor":55,"key":"Bronze Scales"}],"event_choices":[{"damage_healed":0.0,"max_hp_gain":0.0,"max_hp_loss":0.0,"gold_gain":0.0,"event_name":"Scrap Ooze","player_choice":"Success","floor":3.0,"gold_loss":0.0,"damage_taken":26.0,"relics_obtained":["FossilizedHelix"]},{"damage_healed":0.0,"max_hp_gain":0.0,"max_hp_loss":0.0,"gold_gain":0.0,"event_name":"Living Wall","player_choice":"Grow","floor":4.0,"gold_loss":0.0,"damage_taken":0.0,"cards_upgraded":["Rip and Tear"]},{"damage_healed":0.0,"max_hp_gain":0.0,"max_hp_loss":0.0,"gold_gain":75.0,"event_name":"World of Goop","player_choice":"Gather Gold","floor":5.0,"gold_loss":0.0,"damage_taken":11.0},{"damage_healed":0.0,"max_hp_gain":0.0,"max_hp_loss":0.0,"gold_gain":0.0,"event_name":"Lab","player_choice":"Got Potions","floor":12.0,"gold_loss":0.0,"damage_taken":0.0},{"damage_healed":0.0,"max_hp_gain":0.0,"max_hp_loss":0.0,"gold_gain":0.0,"event_name":"Masked Bandits","player_choice":"Fought Bandits","floor":19.0,"gold_loss":0.0,"damage_taken":0.0},{"damage_healed":0.0,"max_hp_gain":5.0,"max_hp_loss":0.0,"gold_gain":0.0,"event_name":"Forgotten Altar","player_choice":"Shed Blood","floor":21.0,"gold_loss":0.0,"damage_taken":25.0},{"damage_healed":0.0,"max_hp_gain":0.0,"max_hp_loss":0.0,"gold_gain":0.0,"event_name":"The Mausoleum","player_choice":"Opened","floor":22.0,"gold_loss":0.0,"damage_taken":0.0,"relics_obtained":["Bag of Preparation"],"cards_obtained":["Writhe"]},{"damage_healed":0.0,"max_hp_gain":0.0,"max_hp_loss":0.0,"gold_gain":0.0,"event_name":"Mysterious Sphere","player_choice":"Fight","floor":36.0,"gold_loss":0.0,"damage_taken":0.0},{"cards_removed":["Writhe"],"damage_healed":0.0,"max_hp_gain":0.0,"max_hp_loss":0.0,"gold_gain":0.0,"event_name":"Bonfire Elementals","player_choice":"Offered Curse","floor":37.0,"gold_loss":0.0,"damage_taken":0.0,"relics_obtained":["Spirit Poop"]}],"is_beta":false,"boss_relics":[{"not_picked":["Runic Pyramid","Inserter"],"picked":"Pandora\u0027s Box"},{"not_picked":["Black Star","Snecko Eye"],"picked":"Calling Bell"}],"items_purged_floors":[],"is_endless":false,"potions_floor_spawned":[7,13,18,19,24,35,41,45],"killed_by":"The Heart","ascension_level":20}}