{"host":"4qkvkh7pd9qr2mca","time":1611501641,"event":{"mods":["AchievementEnabler","Act Like it!","BaseMod","Colored Map","Colored Powertips","Highlight Path","Minty Spire (QoL Compilation)","Pale of the Ancients","Permanent Neow","Quick Restart","Relic Stats","StSLib","SuperFastMode"],"gold_per_floor":[362,362,72,85,85,85,118,135,160,160,160],"floor_reached":10,"language":"ENG","playtime":222,"items_purged":["Defend_G"],"score":132,"play_id":"5b680108-adeb-47d0-a76b-b76fa08e049c","local_time":"20210124162041","is_ascension_mode":true,"campfire_choices":[{"data":"Neutralize","floor":6,"key":"SMITH"}],"circlet_count":0,"master_deck":["AscendersBane","Strike_G","Strike_G+1","Strike_G","Strike_G+1","Strike_G","Defend_G","Defend_G","Defend_G","Defend_G","Survivor","Neutralize+1","Backflip","Dagger Spray","Reflex","PiercingWail"],"relics":["Ring of the Snake","Membership Card","Whetstone","Ancient Tea Set","Nunchaku"],"acts_visited":["Exordium"],"potions_floor_usage":[],"damage_taken":[{"damage":1,"enemies":"2 Louse","floor":1,"turns":3},{"damage":2,"enemies":"Jaw Worm","floor":4,"turns":5},{"damage":38,"enemies":"Gremlin Nob","floor":7,"turns":5},{"damage":0,"enemies":"Cultist","floor":8,"turns":3},{"damage":20,"enemies":"Lagavulin","floor":10,"turns":5}],"seed_played":"2407051847157985844","potions_obtained":[{"floor":4,"key":"Energy Potion"}],"is_trial":false,"path_per_floor":["M","?","$","M","?","R","E","M","T","E"],"character_chosen":"THE_SILENT","items_purchased":["Membership Card","Whetstone"],"campfire_rested":0,"item_purchase_floors":[3,3],"current_hp_per_floor":[58,58,58,56,61,61,23,23,23,3,3],"gold":160,"neow_bonus":"TWO_FIFTY_GOLD","is_daily":false,"chose_seed":false,"campfire_upgraded":1,"win_rate":0.0,"timestamp":1611501641,"path_taken":["M","?","$","M","?","R","E","M","T","E"],"items_purchased_type":["Relic","Relic"],"build_version":"2020-12-22","purchased_purges":1,"victory":false,"max_hp_per_floor":[60,60,60,60,65,65,65,65,65,65,65],"relic_stats":{"Nunchaku":[1],"counters":[5,20],"Whetstone":["Strike_G","Strike_G"],"obtain_stats":[{"Nunchaku":9,"Membership Card":3,"Whetstone":3,"Ancient Tea Set":7,"Ring of the Snake":0},{"Nunchaku":4,"Membership Card":1,"Whetstone":1,"Ancient Tea Set":3,"Ring of the Snake":0},{"Nunchaku":16,"Membership Card":3,"Whetstone":3,"Ancient Tea Set":13,"Ring of the Snake":0}],"Ring of the Snake":[10]},"card_choices":[{"not_picked":["Cloak And Dagger","Deflect"],"picked":"Backflip","floor":1},{"not_picked":["Slice","Poisoned Stab"],"picked":"Dagger Spray","floor":4},{"not_picked":["Masterful Stab","Underhanded Strike"],"picked":"Reflex","floor":7},{"not_picked":["Quick Slash","Flechettes"],"picked":"PiercingWail","floor":8}],"player_experience":583057,"relics_obtained":[{"floor":7,"key":"Ancient Tea Set"},{"floor":9,"key":"Nunchaku"}],"event_choices":[{"damage_healed":0,"gold_gain":0,"player_choice":"Ignored","damage_taken":0,"max_hp_gain":0,"max_hp_loss":0,"event_name":"Shining Light","floor":2,"gold_loss":0},{"damage_healed":0,"gold_gain":0,"player_choice":"Donut","damage_taken":0,"max_hp_gain":5,"max_hp_loss":0,"event_name":"Big Fish","floor":5,"gold_loss":0}],"is_beta":false,"boss_relics":[],"items_purged_floors":[3],"is_endless":false,"potions_floor_spawned":[4],"killed_by":"Lagavulin","ascension_level":20}}