{"host":"4mwxwqvoirj3cq7x","time":1611452816,"event":{"mods":["BaseMod","Downfall","Minty Spire (QoL Compilation)","Quick Restart","StSLib","The Marked"],"gold_per_floor":[349,360,380,39,24,42,42,67,217,228,242,242,252,265,285,285,285,285],"floor_reached":16,"language":"ZHS","playtime":638,"items_purged":["bronze:Strike"],"score":110,"play_id":"fd1a03b5-6f69-47fd-aaf7-648248e6f6aa","local_time":"20210124094656","is_ascension_mode":true,"campfire_choices":[{"floor":1,"key":"RECALL"}],"circlet_count":0,"master_deck":["bronze:Strike","bronze:Strike","bronze:Strike","bronze:Defend","bronze:Defend","bronze:Defend","bronze:Defend","bronze:Replicate+1","bronze:Goto","bronze:NullPointer+1","bronze:Backtrace","bronze:FollowUp","bronze:BitShift","bronze:ChosenStrike+1","downfall:Icky","bronze:Philosophize","bronze:ChosenStrike","bronze:Iterate","bronze:ForceShield"],"relics":["bronze:BronzeCore","Eternal Feather","MealTicket","Odd Mushroom"],"acts_visited":["Exordium"],"potions_floor_usage":[11,16,16,16],"damage_taken":[{"damage":1,"enemies":"Cultist","floor":2,"turns":4},{"damage":5,"enemies":"Small Slimes","floor":3,"turns":4},{"damage":0,"enemies":"downfall:FleeingMerchant","floor":4,"turns":4},{"damage":5,"enemies":"downfall:FleeingMerchant","floor":5,"turns":4},{"damage":5,"enemies":"2 Louse","floor":6,"turns":3},{"damage":13,"enemies":"The Mushroom Lair","floor":8,"turns":5},{"damage":8,"enemies":"Exordium Thugs","floor":10,"turns":6},{"damage":4,"enemies":"Lots of Slimes","floor":11,"turns":4},{"damage":5,"enemies":"Gremlin Gang","floor":13,"turns":5},{"damage":0,"enemies":"2 Fungi Beasts","floor":14,"turns":2},{"damage":0,"enemies":"Red Slaver","floor":15,"turns":1},{"damage":19,"enemies":"DF_ARCHETYPE_STREAMLINE","floor":16,"turns":4}],"seed_played":"988905047766728007","potions_obtained":[{"floor":2,"key":"Block Potion"},{"floor":6,"key":"Strength Potion"},{"floor":10,"key":"CultistPotion"},{"floor":11,"key":"Dexterity Potion"}],"is_trial":false,"path_per_floor":["R","M","M","$","$","M","T","?","?","M","M","?","M","M","M","B"],"character_chosen":"THE_AUTOMATON","items_purchased":["Eternal Feather"],"campfire_rested":0,"item_purchase_floors":[4],"current_hp_per_floor":[63,62,57,57,52,47,47,34,34,26,22,22,17,17,17,0,0,0],"gold":285,"neow_bonus":"TWO_FIFTY_GOLD","is_daily":false,"chose_seed":false,"campfire_upgraded":0,"win_rate":0.0,"timestamp":1611452816,"path_taken":["R","M","M","?","$","M","T","?","?","M","M","?","?","M","M","BOSS"],"items_purchased_type":["Relic"],"build_version":"2020-12-22","purchased_purges":1,"victory":false,"max_hp_per_floor":[63,63,63,63,63,63,63,63,63,63,63,63,63,63,63,63,63,63],"card_choices":[{"not_picked":["bronze:Constructor","bronze:Turbo"],"picked":"bronze:NullPointer","floor":2},{"not_picked":["bronze:Fortify","bronze:Terminator"],"picked":"bronze:Backtrace","floor":3},{"not_picked":["bronze:WhirlingStrike","bronze:Deprecate"],"picked":"bronze:FollowUp","floor":4},{"not_picked":["bronze:BurnOut","bronze:Format","bronze:DelayedGuard"],"picked":"SKIP","floor":5},{"not_picked":["bronze:Repair","bronze:Deprecate"],"picked":"bronze:BitShift","floor":6},{"not_picked":["bronze:Constructor","bronze:Branch"],"picked":"bronze:ChosenStrike","floor":8},{"not_picked":["bronze:OilSpill","bronze:BitShift"],"picked":"bronze:Philosophize","floor":10},{"not_picked":["bronze:MaxOutput","bronze:Invalidate"],"picked":"bronze:ChosenStrike","floor":11},{"not_picked":["bronze:FollowUp","bronze:BugBarrage"],"picked":"bronze:Iterate","floor":13},{"not_picked":["bronze:CutThrough","bronze:Terminator"],"picked":"bronze:ForceShield","floor":14},{"not_picked":["bronze:Turbo","bronze:InfiniteBeams","bronze:CutThrough"],"picked":"SKIP","floor":15}],"player_experience":620028,"relics_obtained":[{"floor":7,"key":"MealTicket"},{"floor":8,"key":"Odd Mushroom"}],"event_choices":[{"damage_healed":0,"gold_gain":0,"player_choice":"Fought Mushrooms","damage_taken":0,"max_hp_gain":0,"max_hp_loss":0,"event_name":"Mushrooms","floor":8,"gold_loss":0}],"is_beta":false,"boss_relics":[],"items_purged_floors":[4],"is_endless":false,"potions_floor_spawned":[2,6,10,11,14,15],"killed_by":"DF_ARCHETYPE_STREAMLINE","ascension_level":3}}