{"host":"4pckc3u5mqcilakq","time":1611525400,"event":{"mods":["AchievementEnabler","BaseMod","Colored Map","Colored Powertips","Highlight Path","Minty Spire (QoL Compilation)"],"gold_per_floor":[110,123,135,154,154,154,180,355,379,379,399,399,399],"floor_reached":12,"language":"ENG","playtime":452,"items_purged":[],"score":96,"play_id":"fad1fa26-ce93-44dc-92b1-0cb84b48bd17","local_time":"20210125005640","is_ascension_mode":true,"campfire_choices":[{"data":"Bash","floor":6,"key":"SMITH"},{"data":"Anger","floor":10,"key":"SMITH"}],"circlet_count":0,"master_deck":["Strike_R","Strike_R","Strike_R","Strike_R","Strike_R","Defend_R","Defend_R","Defend_R","Defend_R","Bash+1","Doubt","Flex","Clash","Anger+1","Spot Weakness","Doubt"],"relics":["Burning Blood","Unceasing Top","Strawberry","Oddly Smooth Stone"],"acts_visited":["Exordium"],"potions_floor_usage":[11,12],"damage_taken":[{"damage":16,"enemies":"Jaw Worm","floor":1,"turns":6},{"damage":11,"enemies":"2 Louse","floor":2,"turns":3},{"damage":9,"enemies":"Small Slimes","floor":3,"turns":4},{"damage":6,"enemies":"3 Louse","floor":4,"turns":5},{"damage":50,"enemies":"3 Sentries","floor":7,"turns":12},{"damage":10,"enemies":"Lots of Slimes","floor":11,"turns":3},{"damage":36,"enemies":"Gremlin Nob","floor":12,"turns":3}],"seed_played":"-1516082947452663489","potions_obtained":[{"floor":4,"key":"FearPotion"},{"floor":7,"key":"DistilledChaos"},{"floor":11,"key":"SpeedPotion"}],"is_trial":false,"path_per_floor":["M","M","M","M","?","R","E","?","T","R","M","E"],"character_chosen":"IRONCLAD","items_purchased":[],"campfire_rested":0,"item_purchase_floors":[],"current_hp_per_floor":[70,65,62,62,67,67,30,30,30,30,26,0,0],"gold":399,"neow_bonus":"ONE_RARE_RELIC","is_daily":false,"chose_seed":false,"campfire_upgraded":2,"win_rate":0.0,"timestamp":1611525400,"path_taken":["M","M","M","M","?","R","E","?","T","R","M","E"],"items_purchased_type":[],"build_version":"2020-12-22","purchased_purges":0,"victory":false,"max_hp_per_floor":[80,80,80,80,85,85,92,92,92,92,92,92,92],"card_choices":[{"not_picked":["Havoc","Pommel Strike"],"picked":"Flex","floor":1},{"not_picked":["Twin Strike","Heavy Blade"],"picked":"Clash","floor":2},{"not_picked":["Warcry","Carnage","Shrug It Off"],"picked":"SKIP","floor":3},{"not_picked":["Warcry","Sword Boomerang"],"picked":"Anger","floor":4},{"not_picked":["Evolve","Havoc"],"picked":"Spot Weakness","floor":7},{"not_picked":["Headbutt","Iron Wave","Rampage"],"picked":"SKIP","floor":11}],"player_experience":188723,"relics_obtained":[{"floor":7,"key":"Strawberry"},{"floor":9,"key":"Oddly Smooth Stone"}],"event_choices":[{"damage_healed":0,"gold_gain":0,"player_choice":"Donut","damage_taken":0,"max_hp_gain":5,"max_hp_loss":0,"event_name":"Big Fish","floor":5,"gold_loss":0},{"damage_healed":0,"gold_gain":175,"player_choice":"AGREE","damage_taken":0,"max_hp_gain":0,"max_hp_loss":0,"event_name":"Liars Game","floor":8,"gold_loss":0,"cards_obtained":["Doubt"]}],"is_beta":false,"boss_relics":[],"items_purged_floors":[],"is_endless":false,"potions_floor_spawned":[4,7,11],"killed_by":"Gremlin Nob","ascension_level":4}}