{"host":"kexkhla8w40hzbr7","time":1611446568,"event":{"mods":["BaseMod","Colored Map","Highlight Path","Minty Spire (QoL Compilation)","Remove Card Discount Mod"],"gold_per_floor":[118,40,53,71,67,67,96,96,96,106,106,122,140,140,140,243,243,259,358,52,71,71,71,91,102,175,90,104,104,114,39,39,135,135,152,168,168,185,111,111,130,130,155,155,171,185,202,216,216,216,216],"floor_reached":50,"language":"ENG","playtime":1934,"items_purged":["Strike_B","Strike_B","Defend_B","Strike_B","Strike_B","Defend_B","Buffer","Dualcast","Leap+1"],"score":450,"play_id":"455e08db-2220-4331-ac4a-7f9e67f14cdb","local_time":"20210123180248","is_ascension_mode":false,"campfire_choices":[{"data":"Zap","floor":6,"key":"SMITH"},{"data":"Defragment","floor":8,"key":"SMITH"},{"data":"Self Repair","floor":11,"key":"SMITH"},{"floor":15,"key":"REST"},{"data":"Leap","floor":23,"key":"SMITH"},{"data":"Redo","floor":29,"key":"SMITH"},{"data":"Lockon","floor":32,"key":"SMITH"},{"data":"Ball Lightning","floor":40,"key":"SMITH"},{"data":"Cold Snap","floor":42,"key":"SMITH"},{"data":"Cold Snap","floor":44,"key":"SMITH"},{"floor":49,"key":"REST"}],"circlet_count":0,"master_deck":["Zap+1","Defragment+1","Self Repair+1","Ball Lightning+1","Cold Snap+1","Cold Snap+1","Redo+1","Ball Lightning","Lockon+1","Defragment+1","Defragment+1","Parasite","Redo+1"],"relics":["Cracked Core","Juzu Bracelet","White Beast Statue","Ornamental Fan","Runic Pyramid","Orichalcum","PreservedInsect","Frozen Egg 2","InkBottle","SacredBark","Smiling Mask"],"acts_visited":["Exordium","TheCity","TheBeyond"],"potions_floor_usage":[33,33,33,46,47,48],"damage_taken":[{"damage":3,"enemies":"Jaw Worm","floor":1,"turns":4},{"damage":5,"enemies":"Cultist","floor":3,"turns":4},{"damage":11,"enemies":"2 Louse","floor":4,"turns":3},{"damage":21,"enemies":"Gremlin Nob","floor":7,"turns":4},{"damage":6,"enemies":"2 Fungi Beasts","floor":10,"turns":3},{"damage":11,"enemies":"Looter","floor":12,"turns":3},{"damage":4,"enemies":"Exordium Wildlife","floor":13,"turns":3},{"damage":23,"enemies":"The Guardian","floor":16,"turns":8},{"damage":5,"enemies":"Chosen","floor":18,"turns":4},{"damage":0,"enemies":"Spheric Guardian","floor":21,"turns":3},{"damage":14,"enemies":"Snecko","floor":24,"turns":6},{"damage":5,"enemies":"Sentry and Sphere","floor":25,"turns":5},{"damage":3,"enemies":"Chosen and Byrds","floor":28,"turns":4},{"damage":14,"enemies":"Centurion and Healer","floor":30,"turns":4},{"damage":44,"enemies":"Automaton","floor":33,"turns":9},{"damage":7,"enemies":"Orb Walker","floor":35,"turns":3},{"damage":17,"enemies":"3 Shapes","floor":36,"turns":3},{"damage":18,"enemies":"Maw","floor":38,"turns":5},{"damage":25,"enemies":"3 Darklings","floor":41,"turns":4},{"damage":27,"enemies":"Writhing Mass","floor":45,"turns":4},{"damage":20,"enemies":"4 Shapes","floor":46,"turns":4},{"damage":10,"enemies":"Spire Growth","floor":47,"turns":3},{"damage":0,"enemies":"Maw","floor":48,"turns":6},{"damage":53,"enemies":"Awakened One","floor":50,"turns":3}],"seed_played":"7983875634001082252","potions_obtained":[{"floor":4,"key":"Dexterity Potion"},{"floor":10,"key":"SkillPotion"},{"floor":12,"key":"Strength Potion"},{"floor":16,"key":"Regen Potion"},{"floor":33,"key":"LiquidBronze"},{"floor":35,"key":"Energy Potion"},{"floor":36,"key":"Block Potion"},{"floor":38,"key":"Energy Potion"},{"floor":41,"key":"PotionOfCapacity"},{"floor":46,"key":"Explosive Potion"},{"floor":47,"key":"Block Potion"},{"floor":48,"key":"Block Potion"}],"is_trial":false,"path_per_floor":["M","$","M","M","$","R","E","R","T","M","R","M","M","?","R","B",null,"M","?","$","M","?","R","M","M","T","?","M","R","M","$","R","B",null,"M","M","?","M","$","R","M","R","T","R","M","M","M","M","R","B"],"character_chosen":"DEFECT","items_purchased":["Defragment","Orichalcum","PreservedInsect","Lockon","Defragment+1"],"campfire_rested":2,"item_purchase_floors":[2,20,20,31,39],"current_hp_per_floor":[72,72,67,63,63,63,49,49,49,50,50,49,55,55,75,62,75,75,75,75,75,75,75,71,75,75,75,75,75,71,71,71,46,75,75,68,68,60,60,60,45,45,45,45,28,18,18,28,50,0,0],"gold":216,"neow_bonus":"RANDOM_COMMON_RELIC","is_daily":false,"chose_seed":false,"campfire_upgraded":9,"win_rate":0.0,"timestamp":1611446568,"path_taken":["M","$","M","M","$","R","E","R","T","M","R","M","M","?","R","BOSS","M","?","$","M","?","R","M","M","T","?","M","R","M","$","R","BOSS","M","M","?","M","$","R","M","R","T","R","M","M","M","M","R","BOSS"],"items_purchased_type":["Card","Relic","Relic","Card","Card"],"build_version":"2020-12-22","purchased_purges":9,"victory":false,"max_hp_per_floor":[75,75,75,75,75,75,75,75,75,75,75,75,75,75,75,75,75,75,75,75,75,75,75,75,75,75,75,75,75,75,75,75,75,75,75,75,75,75,75,75,75,75,75,75,75,75,75,75,75,75,75],"card_choices":[{"not_picked":["Hologram","Compile Driver","Go for the Eyes"],"picked":"SKIP","floor":1},{"not_picked":["Tempest","Conserve Battery"],"picked":"Self Repair","floor":3},{"not_picked":["White Noise","Hologram","Compile Driver"],"picked":"SKIP","floor":4},{"not_picked":["Coolheaded","Genetic Algorithm"],"picked":"Ball Lightning","floor":7},{"not_picked":["Stack","Storm"],"picked":"Cold Snap","floor":10},{"not_picked":["Streamline","Conserve Battery","Sweeping Beam"],"picked":"SKIP","floor":12},{"not_picked":["Tempest","Blizzard","Go for the Eyes"],"picked":"SKIP","floor":13},{"not_picked":["Rip and Tear","Stack+1"],"picked":"Cold Snap","floor":18},{"not_picked":["Redo","Chill","Coolheaded"],"picked":"SKIP","floor":21},{"not_picked":["Darkness","Steam Power"],"picked":"Redo","floor":24},{"not_picked":["Coolheaded+1","Stack+1"],"picked":"Ball Lightning","floor":25},{"not_picked":["Doom and Gloom","Sweeping Beam","Barrage"],"picked":"SKIP","floor":28},{"not_picked":["Coolheaded","Blizzard","Glacier"],"picked":"SKIP","floor":30},{"not_picked":["Leap","Heatsinks+1","Sweeping Beam"],"picked":"SKIP","floor":35},{"not_picked":["Coolheaded","Conserve Battery","Consume+1"],"picked":"SKIP","floor":36},{"not_picked":["Streamline+1","FTL","Steam+1"],"picked":"SKIP","floor":38},{"not_picked":["Gash+1","Streamline"],"picked":"Defragment+1","floor":41},{"not_picked":["Scrape","Sweeping Beam"],"picked":"Redo+1","floor":45},{"not_picked":["Streamline","Compile Driver","Doom and Gloom+1"],"picked":"SKIP","floor":46},{"not_picked":["Compile Driver","Hologram","Stack"],"picked":"SKIP","floor":47},{"not_picked":["Glacier+1","Chill","Coolheaded"],"picked":"SKIP","floor":48}],"player_experience":23396,"relics_obtained":[{"floor":7,"key":"White Beast Statue"},{"floor":9,"key":"Ornamental Fan"},{"floor":26,"key":"Frozen Egg 2"},{"floor":43,"key":"Smiling Mask"}],"event_choices":[{"damage_healed":0,"gold_gain":0,"cards_transformed":["Defend_B"],"player_choice":"Transformed","damage_taken":0,"max_hp_gain":0,"max_hp_loss":0,"event_name":"Transmorgrifier","floor":14,"gold_loss":0,"cards_obtained":["Doom and Gloom"]},{"damage_healed":0,"gold_gain":99,"player_choice":"Stole From Cult","damage_taken":0,"max_hp_gain":0,"max_hp_loss":0,"event_name":"Nest","floor":19,"gold_loss":0},{"damage_healed":0,"gold_gain":0,"cards_transformed":["Doom and Gloom","Defend_B"],"player_choice":"Became Test Subject","damage_taken":0,"max_hp_gain":0,"max_hp_loss":0,"event_name":"Drug Dealer","floor":22,"gold_loss":0,"cards_obtained":["Buffer","Leap"]},{"damage_healed":0,"gold_gain":0,"player_choice":"Obtained Relic","damage_taken":0,"relics_obtained":["InkBottle"],"max_hp_gain":0,"max_hp_loss":0,"event_name":"Addict","floor":27,"gold_loss":85},{"damage_healed":0,"gold_gain":0,"player_choice":"Memory 1","damage_taken":0,"max_hp_gain":0,"max_hp_loss":0,"event_name":"SensoryStone","floor":37,"gold_loss":0}],"is_beta":false,"boss_relics":[{"not_picked":["Calling Bell","Busted Crown"],"picked":"Runic Pyramid"},{"not_picked":["Runic Dome","Astrolabe"],"picked":"SacredBark"}],"items_purged_floors":[2,5,5,20,20,31,31,31,31],"is_endless":false,"potions_floor_spawned":[4,10,12,13,16,18,21,24,25,28,30,33,35,36,38,41,45,46,47,48],"killed_by":"Awakened One","ascension_level":0}}