{"host":"qsusua7l529r8z9k","time":1611480198,"event":{"mods":["BaseMod","Downfall","Minty Spire (QoL Compilation)","StSLib"],"gold_per_floor":[0,11,30,44,56,56,56,56,69,69,89,138,138,150,168,269,269,269,269,282,282,282,294,321,341,357,357,357,117,117,202,217,322,322,322,335,350,350,350,368,391,391,409,409,293,318,218,229,240,240,240,240],"floor_reached":50,"language":"ZHS","playtime":2798,"items_purged":["Slimebound:Strike_Slimebound","Slimebound:Defend_Slimebound"],"score":668,"play_id":"59171867-7497-4ed2-baad-34eeb4d054d0","local_time":"20210124172318","is_ascension_mode":false,"campfire_choices":[{"data":"Slimebound:CorrosiveSpit","floor":1.0,"key":"SMITH"},{"data":"Slimebound:Split","floor":8.0,"key":"SMITH"},{"data":"Slimebound:RejuvenatingLick","floor":10.0,"key":"SMITH"},{"data":"Slimebound:GoopSpray","floor":13.0,"key":"SMITH"},{"data":"Slimebound:MassRepurpose","floor":18.0,"key":"SMITH"},{"data":"Slimebound:GrowthPunch","floor":27.0,"key":"SMITH"},{"data":"Slimebound:MegaLick","floor":30.0,"key":"SMITH"},{"data":"Slimebound:RainOfGoop","floor":35.0,"key":"SMITH"},{"data":"Slimebound:AcidTongue","floor":42,"key":"SMITH"},{"data":"Slimebound:LeechEnergy","floor":47,"key":"SMITH"}],"circlet_count":0,"master_deck":["Slimebound:Defend_Slimebound","Slimebound:Defend_Slimebound","Slimebound:Split+1","Slimebound:CorrosiveSpit+1","Slimebound:ViciousTackle","Slimebound:GrowthPunch+1","Slimebound:RejuvenatingLick+1","Slimebound:GoopSpray+1","Slimebound:DisruptingSlam","Slimebound:GoopSpray+1","Slimebound:FinishingTackle+1","Slimebound:ComboTackle","Slimebound:AcidTongue+1","Slimebound:SpikyOuterGoop+1","Slimebound:RainOfGoop+1","Slimebound:SlimeTap+1","Slimebound:MegaLick+1","Slimebound:Teamwork","Slimebound:Schlurp+1","expansioncontent:YouAreMine","expansioncontent:AwakenDeath+1","Slimebound:Schlurp+1","Slimebound:Schlurp+1","Slimebound:LeechEnergy+1","Slimebound:Gluttony","Slimebound:LivingWall+1"],"relics":["Slimebound:AbsorbEndCombat","Darkstone Periapt","Ancient Tea Set","bronze:MakeshiftBattery","Regal Pillow","Toy Ornithopter","Orrery","Empty Cage","Pen Nib","Omamori","Strange Spoon","TungstenRod","downfall:HeartBlessingGreen"],"acts_visited":["Exordium","TheCity","TheBeyond"],"potions_floor_usage":[43,45,46,49,50],"damage_taken":[{"damage":0.0,"enemies":"Cultist","floor":2.0,"turns":4.0},{"damage":0.0,"enemies":"Jaw Worm","floor":3.0,"turns":5.0},{"damage":8.0,"enemies":"2 Louse","floor":4.0,"turns":2.0},{"damage":5.0,"enemies":"Gremlin Gang","floor":5.0,"turns":5.0},{"damage":14.0,"enemies":"3 Louse","floor":9.0,"turns":3.0},{"damage":3.0,"enemies":"Blue Slaver","floor":11.0,"turns":3.0},{"damage":0.0,"enemies":"Large Slime","floor":14.0,"turns":4.0},{"damage":0.0,"enemies":"Lots of Slimes","floor":15.0,"turns":2.0},{"damage":47.0,"enemies":"WA_ARCHETYPE_RETAIN","floor":16.0,"turns":14.0},{"damage":19.0,"enemies":"Spheric Guardian","floor":20.0,"turns":5.0},{"damage":6.0,"enemies":"Shell Parasite","floor":23.0,"turns":4.0},{"damage":10.0,"enemies":"Centurion and Healer","floor":25.0,"turns":5.0},{"damage":15.0,"enemies":"Shelled Parasite and Fungi","floor":26.0,"turns":4.0},{"damage":0.0,"enemies":"downfall:FleeingMerchant","floor":29.0,"turns":4.0},{"damage":14.0,"enemies":"Snecko","floor":32.0,"turns":4.0},{"damage":30.0,"enemies":"SI_MIRROR_ARCHETYPE","floor":33.0,"turns":12.0},{"damage":0.0,"enemies":"Orb Walker","floor":36.0,"turns":4.0},{"damage":17.0,"enemies":"3 Darklings","floor":37.0,"turns":12.0},{"damage":12,"enemies":"4 Shapes","floor":40,"turns":10},{"damage":26,"enemies":"Writhing Mass","floor":43,"turns":6},{"damage":3,"enemies":"downfall:FleeingMerchant","floor":45,"turns":4},{"damage":15,"enemies":"Nemesis","floor":46,"turns":3},{"damage":0,"enemies":"Sphere and 2 Shapes","floor":48,"turns":6},{"damage":23,"enemies":"3 Darklings","floor":49,"turns":6}],"seed_played":"-3060457946049412175","potions_obtained":[{"floor":3.0,"key":"Fire Potion"},{"floor":4.0,"key":"Slimebound:ThreeZeroPotion"},{"floor":11.0,"key":"Dexterity Potion"},{"floor":15.0,"key":"champ:CounterPotion"},{"floor":32.0,"key":"ColorlessPotion"},{"floor":33.0,"key":"Fire Potion"},{"floor":36.0,"key":"EssenceOfSteel"},{"floor":46,"key":"FearPotion"},{"floor":48,"key":"Slimebound:ThreeZeroPotion"},{"floor":49,"key":"Regen Potion"}],"is_trial":false,"path_per_floor":["R","M","M","M","M","?","T","R","M","R","M","T","R","M","M","B",null,"R","?","M","T","?","M","T","M","M","R","?","$","R","?","M","B",null,"R","M","M","?","?","M","T","R","M","?","$","E","R","M","M","B"],"character_chosen":"SLIMEBOUND","items_purchased":["Orrery","Omamori","Strange Spoon","Slimebound:Gluttony"],"campfire_rested":0,"item_purchase_floors":[29,45,45,45],"current_hp_per_floor":[65,65,65,59,62,62,62,62,54,54,57,57,57,65,65,18,65,65,65,48,48,48,48,48,46,44,44,44,48,48,36,28,16,65,65,65,48,38,57,51,51,51,32,24,32,28,28,36,26,0,0,0],"gold":240,"neow_bonus":"REMOVE_TWO","is_daily":false,"chose_seed":false,"campfire_upgraded":10,"win_rate":0.0,"timestamp":1611480198,"path_taken":["R","M","M","M","?","?","T","R","M","R","?","?","R","M","M","BOSS","R","?","M","?","?","M","T","?","M","R","?","$","R","?","M","BOSS","R","M","M","?","?","M","T","R","M","?","$","E","R","?","M","BOSS"],"items_purchased_type":["Relic","Relic","Relic","Card"],"build_version":"2020-12-22","purchased_purges":2,"victory":false,"max_hp_per_floor":[65,65,65,65,65,65,65,65,65,65,65,65,65,65,65,65,65,65,65,65,65,65,65,65,65,65,65,65,65,65,65,65,65,65,65,65,65,65,57,57,57,57,57,57,57,57,57,57,57,57,57,57],"card_choices":[{"not_picked":["Slimebound:Prepare","Slimebound:ServeAndProtect","Slimebound:ForwardTackle"],"picked":"SKIP","floor":2.0},{"not_picked":["Slimebound:SplitBruiser","Slimebound:FormOfPuddle"],"picked":"Slimebound:ViciousTackle","floor":3.0},{"not_picked":["Slimebound:ItLooksTasty","Slimebound:LeechingTouch"],"picked":"Slimebound:GrowthPunch","floor":4.0},{"not_picked":["Slimebound:GoopTackle","Slimebound:LeechingTouch","Slimebound:FormOfPuddle"],"picked":"SKIP","floor":5.0},{"not_picked":["Slimebound:SamplingLick","Slimebound:GoopTackle"],"picked":"Slimebound:RejuvenatingLick","floor":9.0},{"not_picked":["Slimebound:SlimeSpikes","Slimebound:PressTheAttack"],"picked":"Slimebound:GoopSpray","floor":11.0},{"not_picked":["Slimebound:SplitMire","Slimebound:ItLooksTasty"],"picked":"Slimebound:DisruptingSlam","floor":14.0},{"not_picked":["Slimebound:DivideAndConquer","Slimebound:Equalize","Slimebound:Prepare"],"picked":"SKIP","floor":15.0},{"not_picked":["Slimebound:OneTwoCombo","Slimebound:FirmFortitude"],"picked":"Slimebound:MassRepurpose","floor":16.0},{"not_picked":["Slimebound:HungryTackle","Slimebound:ServeAndProtect","Slimebound:Replication"],"picked":"SKIP","floor":20.0},{"not_picked":["Slimebound:SplitAcid+1","Slimebound:LeechingTouch+1","Slimebound:DivideAndConquer"],"picked":"SKIP","floor":23.0},{"not_picked":["Slimebound:SplitBruiser","Slimebound:Equalize"],"picked":"Slimebound:FinishingTackle+1","floor":25.0},{"not_picked":["Slimebound:LevelUp","Slimebound:DivideAndConquer","Slimebound:FinishingTackle"],"picked":"SKIP","floor":26.0},{"not_picked":["Slimebound:SlimeBarrage","Slimebound:RallyTheTroops"],"picked":"Slimebound:ComboTackle","floor":29.0},{"not_picked":["Slimebound:LivingWall","Slimebound:SplitAcid"],"picked":"Slimebound:AcidTongue","floor":29.0},{"not_picked":["Slimebound:PressTheAttack+1","Slimebound:ItLooksTasty"],"picked":"Slimebound:SpikyOuterGoop+1","floor":29.0},{"not_picked":["Slimebound:Recollect+1","Slimebound:FlameTackle"],"picked":"Slimebound:RainOfGoop","floor":29.0},{"not_picked":["Slimebound:GoopTackle+1","Slimebound:SplitAcid"],"picked":"Slimebound:SlimeTap+1","floor":29.0},{"not_picked":["Slimebound:LivingWall","Slimebound:RollThrough"],"picked":"Slimebound:MegaLick","floor":29.0},{"not_picked":["Slimebound:ComboTackle","Slimebound:SplitAcid","Slimebound:BestDefense"],"picked":"SKIP","floor":32.0},{"not_picked":["Slimebound:OneTwoCombo","Slimebound:FirmFortitude"],"picked":"Slimebound:Teamwork","floor":33.0},{"not_picked":["Slimebound:HungryTackle+1","Slimebound:SlimeBarrage","Slimebound:Nibble"],"picked":"SKIP","floor":36.0},{"not_picked":["Slimebound:SplitBruiser+1","Slimebound:Prepare"],"picked":"Slimebound:Schlurp+1","floor":37.0},{"not_picked":["expansioncontent:PolyBeam","expansioncontent:HyperBeam"],"picked":"expansioncontent:YouAreMine","floor":38.0},{"not_picked":["expansioncontent:PolyBeam","expansioncontent:Hexaburn"],"picked":"expansioncontent:AwakenDeath","floor":38.0},{"not_picked":["Slimebound:RollThrough","Slimebound:SplitBruiser+1"],"picked":"Slimebound:Schlurp+1","floor":40},{"not_picked":["Slimebound:ComboTackle+1","Slimebound:LivingWall+1"],"picked":"Slimebound:Schlurp+1","floor":43},{"not_picked":["Slimebound:GrowthPunch+1","Slimebound:ComboTackle"],"picked":"Slimebound:LeechEnergy","floor":45},{"not_picked":["Slimebound:SplitLeeching+1","Slimebound:SplitBruiser+1","Slimebound:LevelUp"],"picked":"SKIP","floor":46},{"not_picked":["Slimebound:SplitBruiser","Slimebound:MinionMaster","Slimebound:PressTheAttack+1"],"picked":"SKIP","floor":48},{"not_picked":["Slimebound:Recollect","Slimebound:SlimeSpikes"],"picked":"Slimebound:LivingWall+1","floor":49}],"player_experience":519601,"relics_obtained":[{"floor":7.0,"key":"Darkstone Periapt"},{"floor":12.0,"key":"Ancient Tea Set"},{"floor":21.0,"key":"Regal Pillow"},{"floor":24.0,"key":"Toy Ornithopter"},{"floor":41,"key":"Pen Nib"},{"floor":46,"key":"TungstenRod"}],"event_choices":[{"damage_healed":0.0,"max_hp_gain":0.0,"max_hp_loss":0.0,"gold_gain":0.0,"event_name":"NoteForYourself","player_choice":"Ignored","floor":6.0,"gold_loss":0.0,"damage_taken":0.0}],"is_beta":false,"boss_relics":[{"not_picked":["SlaversCollar","Slimebound:AbsorbEndCombatUpgraded"],"picked":"bronze:MakeshiftBattery"},{"not_picked":["Philosopher\u0027s Stone","Tiny House"],"picked":"Empty Cage"}],"items_purged_floors":[29,45],"is_endless":false,"potions_floor_spawned":[3,4,11,15,16,23,32,33,36,46,48,49],"killed_by":"DF_ARCHETYPE_ORBS","ascension_level":0}}