{"host":"l5xpox9cbdko122s","time":1611516363,"event":{"mods":["AchievementEnabler","BaseMod","Better Skull","Colored Map","Colored Powertips","Curses Come First","Displayed Cursed Tome","Hermit","Highlight Path","Minty Spire (QoL Compilation)","Quick Restart","Shop Mod","StSLib"],"gold_per_floor":[115,115,131,148,223,256,38,55,100,100,100,115,115,125,125,229,229,244,319,319,36,47,47,64,64,143,143,177,177,187,204,204,300,300,313,313,313,313,313,31,64,64,64],"floor_reached":42,"language":"ENG","playtime":1902,"items_purged":["Zap","Doom and Gloom","Defend_B"],"score":614,"play_id":"bd7e0507-4eaf-4fca-872e-7e31b78d02d0","local_time":"20210124142603","is_ascension_mode":false,"campfire_choices":[{"floor":10,"key":"RECALL"},{"floor":13,"key":"REST"},{"data":"Redo","floor":15,"key":"SMITH"},{"data":"Loop","floor":23,"key":"SMITH"},{"data":"Defragment","floor":25,"key":"SMITH"},{"floor":29,"key":"REST"},{"floor":32,"key":"REST"},{"data":"Dualcast","floor":39,"key":"SMITH"}],"circlet_count":0,"master_deck":["Strike_B","Strike_B","Strike_B","Defend_B","Defend_B","Dualcast+1","Conserve Battery","Melter","Redo+1","Defragment+1","Loop+1","Redo+1"],"relics":["NeowsBlessing","MerchantsRug","Oddly Smooth Stone","Runic Pyramid","Symbiotic Virus","The Courier","StrikeDummy","Frozen Eye","Akabeko","Bag of Marbles"],"acts_visited":["Exordium","TheCity","TheBeyond","TheEnding"],"potions_floor_usage":[6,6,16,28,33],"damage_taken":[{"damage":0,"enemies":"2 Louse","floor":1,"turns":1},{"damage":0,"enemies":"Cultist","floor":3,"turns":1},{"damage":0,"enemies":"Jaw Worm","floor":4,"turns":1},{"damage":21,"enemies":"Lagavulin","floor":6,"turns":6},{"damage":0,"enemies":"2 Fungi Beasts","floor":8,"turns":2},{"damage":0,"enemies":"Exordium Thugs","floor":12,"turns":5},{"damage":13,"enemies":"Red Slaver","floor":14,"turns":3},{"damage":30,"enemies":"The Guardian","floor":16,"turns":8},{"damage":0,"enemies":"Spheric Guardian","floor":18,"turns":3},{"damage":7,"enemies":"3 Byrds","floor":22,"turns":4},{"damage":0,"enemies":"Cultist and Chosen","floor":24,"turns":4},{"damage":45,"enemies":"Slavers","floor":28,"turns":4},{"damage":12,"enemies":"Centurion and Healer","floor":30,"turns":3},{"damage":1,"enemies":"Sentry and Sphere","floor":31,"turns":3},{"damage":24,"enemies":"Collector","floor":33,"turns":5},{"damage":8,"enemies":"3 Shapes","floor":35,"turns":4},{"damage":66,"enemies":"Donu and Deca","floor":37,"turns":6},{"damage":68,"enemies":"Shield and Spear","floor":41,"turns":4},{"damage":7,"enemies":"The Heart","floor":42,"turns":2}],"seed_played":"-3704351212452304763","potions_obtained":[{"floor":1,"key":"Fire Potion"},{"floor":4,"key":"Ancient Potion"},{"floor":8,"key":"PotionOfCapacity"},{"floor":14,"key":"DistilledChaos"},{"floor":24,"key":"LiquidBronze"},{"floor":30,"key":"Swift Potion"}],"is_trial":false,"path_per_floor":["M","?","M","M","?","E","$","M","T","R","?","M","R","M","R","B",null,"M","T","?","$","M","R","M","R","T","?","E","R","M","M","R","B",null,"M","?","B",null,"R","$","E","B"],"character_chosen":"DEFECT","items_purchased":["MerchantsRug","Doom and Gloom","Symbiotic Virus","Loop","Frozen Eye","Akabeko"],"campfire_rested":3,"item_purchase_floors":[7,7,21,21,40,40],"current_hp_per_floor":[75,75,75,75,64,43,43,43,43,43,36,36,58,45,45,15,75,75,75,75,75,68,68,68,68,68,68,23,45,33,32,54,30,75,67,67,1,75,75,75,7,0,0],"gold":64,"neow_bonus":"THREE_ENEMY_KILL","is_daily":false,"chose_seed":false,"campfire_upgraded":4,"win_rate":0.0,"timestamp":1611516363,"path_taken":["M","?","M","?","?","E","$","M","T","R","?","?","R","M","R","BOSS","M","?","?","$","M","R","?","R","T","?","E","R","M","M","R","BOSS","M","?","BOSS","R","$","E","BOSS"],"items_purchased_type":["Relic","Card","Relic","Card","Relic","Relic"],"build_version":"2020-12-22","purchased_purges":3,"victory":false,"max_hp_per_floor":[75,75,75,75,75,75,75,75,75,75,75,75,75,75,75,75,75,75,75,75,75,75,75,75,75,75,75,75,75,75,75,75,75,75,75,75,75,75,75,75,75,75,75],"card_choices":[{"not_picked":["Darkness","Hello World"],"picked":"Conserve Battery","floor":1},{"not_picked":["Reinforced Body","Stack","Steam Power"],"picked":"SKIP","floor":3},{"not_picked":["Stack","Turbo"],"picked":"Streamline","floor":4},{"not_picked":["Storm","Force Field"],"picked":"Melter","floor":6},{"not_picked":["Chill","Conserve Battery"],"picked":"Redo","floor":8},{"not_picked":["Blizzard","Go for the Eyes","Streamline"],"picked":"SKIP","floor":12},{"not_picked":["Compile Driver","Go for the Eyes","Darkness"],"picked":"SKIP","floor":14},{"not_picked":["Hologram","Fusion"],"picked":"Defragment","floor":18},{"not_picked":["Cold Snap","Steam","BootSequence"],"picked":"SKIP","floor":22},{"not_picked":["Cold Snap","Compile Driver+1"],"picked":"Redo+1","floor":24},{"not_picked":["Undo","Conserve Battery","Turbo"],"picked":"SKIP","floor":28},{"not_picked":["Steam+1","Conserve Battery","Compile Driver"],"picked":"SKIP","floor":30},{"not_picked":["Leap","Cold Snap","Streamline"],"picked":"SKIP","floor":31},{"not_picked":["Storm","Redo","Stack+1"],"picked":"SKIP","floor":35},{"not_picked":["Hologram","White Noise","Leap+1"],"picked":"SKIP","floor":41}],"player_experience":187181,"relics_obtained":[{"floor":6,"key":"Mercury Hourglass"},{"floor":19,"key":"Molten Egg 2"},{"floor":26,"key":"The Courier"},{"floor":28,"key":"StrikeDummy"},{"floor":41,"key":"Bag of Marbles"}],"event_choices":[{"damage_healed":4,"gold_gain":0,"player_choice":"LEAVE ","damage_taken":0,"relics_obtained":[],"max_hp_gain":0,"max_hp_loss":0,"event_name":"betterSkull:BetterSkull","floor":2,"gold_loss":0,"cards_upgraded":[]},{"damage_healed":0,"gold_gain":75,"player_choice":"Gather Gold","damage_taken":11,"max_hp_gain":0,"max_hp_loss":0,"event_name":"World of Goop","floor":5,"gold_loss":0},{"damage_healed":0,"gold_gain":0,"player_choice":"Success","damage_taken":7,"relics_obtained":["Oddly Smooth Stone"],"max_hp_gain":0,"max_hp_loss":0,"event_name":"Scrap Ooze","floor":11,"gold_loss":0},{"cards_removed":["Strike_B"],"damage_healed":0,"gold_gain":0,"player_choice":"Purged","damage_taken":0,"max_hp_gain":0,"max_hp_loss":0,"event_name":"Purifier","floor":20,"gold_loss":0},{"damage_healed":0,"gold_gain":0,"player_choice":"Ignored","damage_taken":0,"max_hp_gain":0,"max_hp_loss":0,"event_name":"Cursed Tome","floor":27,"gold_loss":0},{"damage_healed":0,"gold_gain":0,"player_choice":"Took Portal","damage_taken":0,"max_hp_gain":0,"max_hp_loss":0,"event_name":"SecretPortal","floor":36,"gold_loss":0}],"is_beta":false,"boss_relics":[{"not_picked":["Fusion Hammer","Ectoplasm"],"picked":"Runic Pyramid"},{"not_picked":["SlaversCollar","Inserter"],"picked":"Empty Cage"}],"items_purged_floors":[7,21,40],"is_endless":false,"potions_floor_spawned":[1,4,8,14,24,30],"killed_by":"The Heart","ascension_level":0}}