{"host":"0s686iw3hprdrk8c","time":1611532537,"event":{"mods":["BaseMod","Bestiary","Downfall","Marisa????????","Minty Spire (QoL Compilation)","Replay The Spire","StSLib","The Hierophant","The Servant 0.9.4"],"gold_per_floor":[114,114,114,184,195,221,271,52,79,111,111,180,180,305,305,407,407,422,472,489,14,82,82,99,112,139,139,165,215,235,235,235],"floor_reached":31,"language":"ENG","playtime":2460,"items_purged":["Pain"],"score":355,"play_id":"1502fc44-18df-48d9-ae90-d0c205ad9337","local_time":"20210124185537","is_ascension_mode":true,"campfire_choices":[{"data":"Armaments","floor":11,"key":"SMITH"},{"floor":15,"key":"REST"},{"floor":23,"key":"RECALL"},{"floor":27,"key":"REST"}],"circlet_count":0,"master_deck":["Strike_R","Strike_R","Strike_R","Strike_R","Strike_R","Defend_R+1","Defend_R","Defend_R","Defend_R+1","Bash","ReplayTheSpireMod:Limb From Limb","Second Wind","ReplayTheSpireMod:Corrosion Curse","Iron Wave","Armaments+1","Replay:Undeath\u0027s Touch","Iron Wave","Juggernaut","ReplayTheSpireMod:Strike From Hell","Run Through","Thunderclap","The Bomb","Replay:BasicMightCard","Discovery","Flex+1","ReplayTheSpireMod:Limb From Limb+1","Pot Of Greed","Pot Of Greed","Pot Of Greed","Sever Soul+1","Juggernaut","Shrug It Off+1"],"relics":["Burning Blood","NeowsBlessing","Ring of Misfortune","SsserpentHead","War Paint","WarpedTongs","Lee\u0027s Waffle","Incense Burner","Painkiller Herb","Durian","ReplayTheSpireMod:ShopPack","ReplayTheSpireMod:TigerMarble","Grinning Jar"],"acts_visited":["Exordium","TheCity"],"potions_floor_usage":[6,19,25,25,30],"damage_taken":[{"damage":0.0,"enemies":"2 Louse","floor":1.0,"turns":1.0},{"damage":0.0,"enemies":"Cultist","floor":4.0,"turns":1.0},{"damage":0.0,"enemies":"Jaw Worm","floor":5.0,"turns":1.0},{"damage":27,"enemies":"3 Sentries","floor":6,"turns":11},{"damage":32,"enemies":"Lagavulin","floor":10,"turns":6},{"damage":21,"enemies":"Exordium Thugs","floor":12,"turns":4},{"damage":12,"enemies":"Hexaghost","floor":16,"turns":13},{"damage":11,"enemies":"2 Thieves","floor":18,"turns":4},{"damage":2,"enemies":"Chosen","floor":20,"turns":4},{"damage":35,"enemies":"Snake Plant","floor":22,"turns":4},{"damage":7,"enemies":"Snecko","floor":24,"turns":4},{"damage":12,"enemies":"Centurion and Healer","floor":25,"turns":5},{"damage":67,"enemies":"Gremlin Leader","floor":28,"turns":7},{"damage":19,"enemies":"3 Cultists","floor":30,"turns":6},{"damage":22,"enemies":"Slavers","floor":31,"turns":1}],"seed_played":"1508825452665978253","potions_obtained":[{"floor":4.0,"key":"ColorlessPotion"},{"floor":5.0,"key":"Dexterity Potion"},{"floor":18,"key":"BlessingOfTheForge"},{"floor":19,"key":"Fruit Juice"},{"floor":19,"key":"Dexterity Potion"}],"is_trial":false,"path_per_floor":["M","?","?","M","M","E","?","$","T","E","R","M","?","?","R","B",null,"?","?","?","T","?","T","?","?","T","T","E","?","?","E"],"character_chosen":"IRONCLAD","items_purchased":["Armaments","Lee\u0027s Waffle","Durian","ReplayTheSpireMod:ShopPack","Thunderclap"],"campfire_rested":2,"item_purchase_floors":[8,8,21,21,21],"current_hp_per_floor":[80,80,80,80,80,59,59,87,87,61,61,46,46,35,61,55,87,82,87,91,96,67,67,66,60,60,89,28,28,15,0,0],"gold":235,"neow_bonus":"THREE_ENEMY_KILL","is_daily":false,"chose_seed":false,"campfire_upgraded":1,"win_rate":0.0,"timestamp":1611532537,"path_taken":["M","?","?","?","M","E","?","?","T","E","R","?","?","?","R","BOSS","?","?","?","T","?","T","?","?","T","T","E","?","?","E"],"items_purchased_type":["Card","Relic","Relic","Relic","Card"],"build_version":"2020-12-22","purchased_purges":1,"victory":false,"max_hp_per_floor":[80,80,80,80,80,80,80,87,87,87,87,87,87,87,87,87,87,87,92,92,97,97,97,97,97,97,97,97,97,97,97,97],"card_choices":[{"not_picked":["True Grit","Battle Trance"],"picked":"ReplayTheSpireMod:Limb From Limb","floor":1.0},{"not_picked":["Iron Wave","Body Slam"],"picked":"Second Wind","floor":4.0},{"not_picked":["Evolve","True Grit"],"picked":"ReplayTheSpireMod:Corrosion Curse","floor":5.0},{"not_picked":["Anger","Uppercut"],"picked":"Iron Wave","floor":6},{"not_picked":["Feed","Impervious"],"picked":"Replay:Undeath\u0027s Touch","floor":10},{"not_picked":["Carnage","Battle Trance"],"picked":"Iron Wave","floor":12},{"not_picked":["Offering","Hemogenesis"],"picked":"Juggernaut","floor":16},{"not_picked":["Bloodletting+1","Headbutt"],"picked":"ReplayTheSpireMod:Strike From Hell","floor":18},{"not_picked":["Clothesline","True Grit"],"picked":"Run Through","floor":20},{"not_picked":["Panache","Sadistic Nature"],"picked":"The Bomb","floor":21},{"not_picked":["Dramatic Entrance","Violence"],"picked":"Replay:BasicMightCard","floor":21},{"not_picked":["Violence","Blind"],"picked":"Discovery","floor":21},{"not_picked":["Havoc","Armaments"],"picked":"Flex+1","floor":22},{"not_picked":["Perfected Strike","Rampage"],"picked":"ReplayTheSpireMod:Limb From Limb+1","floor":24},{"not_picked":["Armaments","ReplayTheSpireMod:Strike From Hell","Havoc"],"picked":"SKIP","floor":25},{"not_picked":["Clothesline+1","Rupture+1"],"picked":"Sever Soul+1","floor":28},{"not_picked":["Perfected Strike","Cleave"],"picked":"Shrug It Off+1","floor":30}],"player_experience":233226,"relics_obtained":[{"floor":2.0,"key":"Ring of Misfortune"},{"floor":6,"key":"War Paint"},{"floor":10,"key":"Incense Burner"},{"floor":26,"key":"ReplayTheSpireMod:TigerMarble"},{"floor":28,"key":"Grinning Jar"}],"event_choices":[{"damage_healed":0.0,"max_hp_gain":0.0,"max_hp_loss":0.0,"gold_gain":0.0,"event_name":"FaceTrader","player_choice":"Trade","floor":3.0,"gold_loss":0.0,"damage_taken":0.0,"relics_obtained":["SsserpentHead"]},{"damage_healed":0,"gold_gain":0,"player_choice":"Rummage","damage_taken":0,"relics_obtained":["WarpedTongs"],"max_hp_gain":0,"max_hp_loss":0,"event_name":"Accursed Blacksmith","floor":7,"gold_loss":0,"cards_obtained":["Pain"]},{"cards_removed":["Voices"],"damage_healed":0,"gold_gain":0,"player_choice":"Card Removal","damage_taken":0,"max_hp_gain":0,"max_hp_loss":0,"event_name":"The Cleric","floor":13,"gold_loss":50},{"damage_healed":0,"gold_gain":75,"player_choice":"Gather Gold","damage_taken":11,"max_hp_gain":0,"max_hp_loss":0,"event_name":"World of Goop","floor":14,"gold_loss":0},{"damage_healed":0,"gold_gain":0,"player_choice":"Got Potions","damage_taken":0,"max_hp_gain":0,"max_hp_loss":0,"event_name":"Lab","floor":19,"gold_loss":0},{"damage_healed":0,"gold_gain":0,"player_choice":"Copied","damage_taken":0,"max_hp_gain":0,"max_hp_loss":0,"event_name":"Duplicator","floor":29,"gold_loss":0,"cards_obtained":["Juggernaut"]}],"is_beta":false,"boss_relics":[{"not_picked":["Tiny House","Empty Cage"],"picked":"Painkiller Herb"}],"items_purged_floors":[8],"is_endless":false,"potions_floor_spawned":[4,5,18,20],"killed_by":"Slavers","ascension_level":3}}