{"host":"uv5ws9rdk87e8i5k","time":1611463592,"event":{"mods":["AchievementEnabler","BaseMod","Colored Map","Minty Spire (QoL Compilation)","StSLib","SuperFastMode"],"gold_per_floor":[16,29,41,55,66,98,98,125,125,137,137,148,177,207,207,207,207],"floor_reached":16,"language":"ENG","playtime":313,"items_purged":[],"score":155,"play_id":"1f9cd212-5d0f-4537-88c4-f65ee1d20b7b","local_time":"20210123224632","is_ascension_mode":true,"campfire_choices":[{"data":"Pommel Strike","floor":7,"key":"SMITH"},{"data":"Sword Boomerang","floor":11,"key":"SMITH"},{"data":"Havoc","floor":15,"key":"SMITH"}],"circlet_count":0,"master_deck":["Strike_R","Strike_R","Strike_R","Strike_R","Defend_R","Defend_R","Defend_R","Bash","Sword Boomerang","Anger","Cleave","Pommel Strike+1","Warcry","Anger","Sword Boomerang+1","Havoc+1"],"relics":["Burning Blood","Shuriken","HornCleat","Centennial Puzzle","Ancient Tea Set"],"acts_visited":["Exordium"],"potions_floor_usage":[6,8,13],"damage_taken":[{"damage":7,"enemies":"Jaw Worm","floor":1,"turns":3},{"damage":5,"enemies":"2 Louse","floor":2,"turns":4},{"damage":0,"enemies":"Small Slimes","floor":3,"turns":3},{"damage":7,"enemies":"Exordium Thugs","floor":4,"turns":4},{"damage":9,"enemies":"Gremlin Gang","floor":5,"turns":3},{"damage":20,"enemies":"Gremlin Nob","floor":6,"turns":4},{"damage":15,"enemies":"3 Sentries","floor":8,"turns":5},{"damage":9,"enemies":"Exordium Wildlife","floor":10,"turns":2},{"damage":9,"enemies":"3 Louse","floor":12,"turns":2},{"damage":20,"enemies":"Lagavulin","floor":13,"turns":4},{"damage":0,"enemies":"Hexaghost","floor":16,"turns":1}],"seed_played":"-2077385446876130525","potions_obtained":[{"floor":1,"key":"Dexterity Potion"},{"floor":5,"key":"SkillPotion"},{"floor":6,"key":"SpeedPotion"},{"floor":10,"key":"BlessingOfTheForge"}],"is_trial":false,"path_per_floor":["M","M","M","M","M","E","R","E","T","M","R","M","E","?","R","B"],"character_chosen":"IRONCLAD","items_purchased":[],"campfire_rested":0,"item_purchase_floors":[],"current_hp_per_floor":[79,80,80,79,76,62,62,53,53,50,50,47,33,33,33,33,33],"gold":207,"neow_bonus":"REMOVE_TWO","is_daily":false,"chose_seed":false,"campfire_upgraded":3,"win_rate":0.0,"timestamp":1611463592,"path_taken":["M","M","M","M","M","E","R","E","T","M","R","M","E","?","R","BOSS"],"items_purchased_type":[],"build_version":"2020-12-22","purchased_purges":0,"victory":false,"max_hp_per_floor":[80,80,80,80,80,80,80,80,80,80,80,80,80,80,80,80,80],"card_choices":[{"not_picked":["Flame Barrier","Thunderclap"],"picked":"Sword Boomerang","floor":1},{"not_picked":["Second Wind","Wild Strike"],"picked":"Anger","floor":2},{"not_picked":["Heavy Blade","Power Through"],"picked":"Cleave","floor":3},{"not_picked":["Armaments","Fire Breathing"],"picked":"Pommel Strike","floor":4},{"not_picked":["Clash","Dual Wield"],"picked":"Warcry","floor":5},{"not_picked":["Metallicize","Sword Boomerang"],"picked":"Anger","floor":6},{"not_picked":["Heavy Blade","Power Through"],"picked":"Sword Boomerang","floor":8},{"not_picked":["Feel No Pain","Berserk","Flex"],"picked":"SKIP","floor":10},{"not_picked":["Shockwave","True Grit","Heavy Blade"],"picked":"SKIP","floor":12},{"not_picked":["Iron Wave","Metallicize"],"picked":"Havoc","floor":13}],"player_experience":218721,"relics_obtained":[{"floor":6,"key":"Shuriken"},{"floor":8,"key":"HornCleat"},{"floor":9,"key":"Centennial Puzzle"},{"floor":13,"key":"Ancient Tea Set"}],"event_choices":[{"damage_healed":0,"gold_gain":30,"player_choice":"Searched \u00271\u0027 times","damage_taken":0,"max_hp_gain":0,"max_hp_loss":0,"event_name":"Dead Adventurer","floor":14,"gold_loss":0}],"is_beta":false,"boss_relics":[],"items_purged_floors":[],"is_endless":false,"potions_floor_spawned":[1,5,6,10],"killed_by":"Hexaghost","ascension_level":5}}