{"host":"l5xpox9cbdko122s","time":1611521754,"event":{"mods":["AchievementEnabler","BaseMod","Better Skull","Colored Map","Colored Powertips","Curses Come First","Displayed Cursed Tome","Hermit","Highlight Path","Minty Spire (QoL Compilation)","Quick Restart","Shop Mod","StSLib"],"gold_per_floor":[214,389,402,15,31,31,47,70,96,113,113,132,162,179,179,179,179],"floor_reached":16,"language":"ENG","playtime":882,"items_purged":["Doubt"],"score":104,"play_id":"d1c5aadb-4088-43d0-8851-a97242594232","local_time":"20210124155554","is_ascension_mode":false,"campfire_choices":[{"floor":6,"key":"RECALL"},{"floor":15,"key":"REST"}],"circlet_count":0,"master_deck":["hermit:Strike_Hermit","hermit:Strike_Hermit","hermit:Strike_Hermit","hermit:Strike_Hermit","hermit:Defend_Hermit","hermit:Defend_Hermit","hermit:Defend_Hermit","hermit:Defend_Hermit","hermit:Snapshot","hermit:Covet"],"relics":["hermit:Momento","MerchantsRug","Lee\u0027s Waffle","PreservedInsect","Bag of Preparation"],"acts_visited":["Exordium"],"potions_floor_usage":[7,13,16],"damage_taken":[{"damage":3,"enemies":"2 Louse","floor":1,"turns":2},{"damage":1,"enemies":"Jaw Worm","floor":3,"turns":5},{"damage":0,"enemies":"Cultist","floor":5,"turns":3},{"damage":2,"enemies":"2 Fungi Beasts","floor":7,"turns":3},{"damage":0,"enemies":"Exordium Wildlife","floor":10,"turns":4},{"damage":6,"enemies":"Red Slaver","floor":12,"turns":4},{"damage":13,"enemies":"3 Sentries","floor":13,"turns":10},{"damage":17,"enemies":"Gremlin Gang","floor":14,"turns":4},{"damage":69,"enemies":"Slime Boss","floor":16,"turns":8}],"seed_played":"7925832290760058132","potions_obtained":[{"floor":1,"key":"Ancient Potion"},{"floor":7,"key":"hermit:Tonic"},{"floor":14,"key":"Strength Potion"}],"is_trial":false,"path_per_floor":["M","?","M","$","M","R","M","T","T","M","?","M","E","M","R","B"],"character_chosen":"HERMIT","items_purchased":["MerchantsRug","Lee\u0027s Waffle"],"campfire_rested":1,"item_purchase_floors":[4,4],"current_hp_per_floor":[72,72,71,82,82,82,80,80,80,80,80,74,61,44,68,0,0],"gold":179,"neow_bonus":"HUNDRED_GOLD","is_daily":false,"chose_seed":false,"campfire_upgraded":0,"win_rate":0.0,"timestamp":1611521754,"path_taken":["M","?","M","$","M","R","M","?","T","?","?","M","E","M","R","BOSS"],"items_purchased_type":["Relic","Relic"],"build_version":"2020-12-22","purchased_purges":1,"victory":false,"max_hp_per_floor":[75,75,75,82,82,82,82,82,82,82,82,82,82,82,82,82,82],"card_choices":[{"not_picked":["hermit:DeadMansHand","hermit:Dive","hermit:GhostlyPresence"],"picked":"SKIP","floor":1},{"not_picked":["hermit:CalledShot","hermit:Desperado","hermit:FlashPowder"],"picked":"SKIP","floor":3},{"not_picked":["hermit:LowProfile","hermit:PistolWhip","hermit:Dive"],"picked":"SKIP","floor":5},{"not_picked":["hermit:Horror","hermit:Feint","hermit:Deadeye"],"picked":"SKIP","floor":7},{"not_picked":["hermit:LowProfile","hermit:Misfire","hermit:LuckOfTheDraw"],"picked":"SKIP","floor":10},{"not_picked":["hermit:CalledShot","hermit:Cheat","hermit:Dive"],"picked":"SKIP","floor":12},{"not_picked":["hermit:HighCaliber","hermit:HighNoon","hermit:Quickdraw"],"picked":"SKIP","floor":13},{"not_picked":["hermit:Snipe","hermit:Midnight","hermit:Vantage"],"picked":"SKIP","floor":14}],"player_experience":190829,"relics_obtained":[{"floor":9,"key":"PreservedInsect"},{"floor":13,"key":"Bag of Preparation"}],"event_choices":[{"damage_healed":0,"gold_gain":175,"player_choice":"AGREE","damage_taken":0,"max_hp_gain":0,"max_hp_loss":0,"event_name":"Liars Game","floor":2,"gold_loss":0,"cards_obtained":["Doubt"]},{"damage_healed":0,"gold_gain":0,"player_choice":"Leave","damage_taken":0,"max_hp_gain":0,"max_hp_loss":0,"event_name":"The Cleric","floor":11,"gold_loss":0}],"is_beta":false,"boss_relics":[],"items_purged_floors":[4],"is_endless":false,"potions_floor_spawned":[1,7,14],"killed_by":"Slime Boss","ascension_level":0}}