{"host":"32dedufnxebqtmo3","time":1611487873,"event":{"mods":["100% Spire Juice","AchievementEnabler","BaseMod","Better Third Choice","Card Filter","Colored Powertips","Defuse TimeMaze Blight","GifTheSpireLib","Minty Spire (QoL Compilation)","Permanent Neow","Relic Filter","Relic Stats","Remove Card Discount Mod","Shop Mod","StSLib","The Cursed","The Dragonkin","The Marked","Unceasing Turn Reminder"],"gold_per_floor":[117,133,308,129,129,129,164,164,232,281,296,296,323,343,343,440,440,460,68,87,105,115,115,113,113,113,124,124,156,173,16,16,115,115,125,144,154,11,31,63,63,73,142,142,162,162,191,191,191,191],"floor_reached":51,"language":"ENG","playtime":4603,"items_purged":["Doubt","theMarked:Strike","theMarked:Strike","theMarked:Strike","theMarked:Defend","theMarked:Strike"],"score":712,"play_id":"e811c17a-8e76-429a-a33f-fbd6f32e4acd","local_time":"20210124033113","is_ascension_mode":false,"campfire_choices":[{"data":"theMarked:WardOff","floor":6.0,"key":"SMITH"},{"data":"theMarked:ParalyzingBlade","floor":8.0,"key":"SMITH"},{"data":"theMarked:Defend","floor":12.0,"key":"SMITH"},{"data":"theMarked:AttractMetal","floor":15.0,"key":"SMITH"},{"data":"theMarked:ParalyzingBlade","floor":23.0,"key":"SMITH"},{"data":"theMarked:StartUp","floor":25.0,"key":"SMITH"},{"data":"theMarked:ComboAttacks","floor":28,"key":"SMITH"},{"data":"theMarked:Defend","floor":32,"key":"SMITH"},{"data":"theMarked:BindingBlade","floor":41,"key":"SMITH"},{"data":"theMarked:SwordAndMagic","floor":44,"key":"SMITH"},{"floor":46,"key":"REST"},{"data":"theMarked:SelfDefenseTraining","floor":49,"key":"SMITH"}],"circlet_count":0,"master_deck":["theMarked:Strike+1","theMarked:Defend+1","theMarked:Defend+1","theMarked:Defend","theMarked:SoldierOfQuellstein+1","theMarked:Parkour","theMarked:Aftermath","theMarked:WardOff+1","theMarked:ElectricStrings+1","theMarked:ParalyzingBlade+1","theMarked:Overcharge","theMarked:AttractMetal+1","theMarked:MysticalArsenal","theMarked:StartUp+1","theMarked:ParalyzingBlade+1","theMarked:ComboAttacks+1","theMarked:ElementalBlade+1","theMarked:SoldierOfQuellstein+1","theMarked:BindingBlade+1","theMarked:WardOff+1","theMarked:WardOff+1","theMarked:SwordAndMagic+1","theMarked:SelfDefenseTraining+1"],"relics":["theMarked:ArtifactOfAir","Ancient Tea Set","Matryoshka","Whetstone","Centennial Puzzle","Meat on the Bone","Sozu","theMarked:VonisonLock","Bag of Preparation","Bottled Flame","Letter Opener","DollysMirror","theMarked:SpiritSword","Happy Flower","Orichalcum","theMarked:NailFile","Dead Branch"],"acts_visited":["Exordium","TheCity","TheBeyond"],"potions_floor_usage":[],"damage_taken":[{"damage":1.0,"enemies":"Jaw Worm","floor":1.0,"turns":3.0},{"damage":2.0,"enemies":"Small Slimes","floor":2.0,"turns":3.0},{"damage":31.0,"enemies":"Lagavulin","floor":7.0,"turns":7.0},{"damage":0.0,"enemies":"Cultist","floor":11.0,"turns":2.0},{"damage":10.0,"enemies":"Gremlin Nob","floor":13.0,"turns":4.0},{"damage":0.0,"enemies":"Red Slaver","floor":14.0,"turns":3.0},{"damage":5.0,"enemies":"Hexaghost","floor":16.0,"turns":9.0},{"damage":0.0,"enemies":"Shell Parasite","floor":18.0,"turns":4.0},{"damage":17.0,"enemies":"2 Thieves","floor":20.0,"turns":3.0},{"damage":1.0,"enemies":"Centurion and Healer","floor":21.0,"turns":5.0},{"damage":5.0,"enemies":"Snecko","floor":22.0,"turns":4.0},{"damage":0,"enemies":"Shelled Parasite and Fungi","floor":27,"turns":3},{"damage":14,"enemies":"Slavers","floor":29,"turns":5},{"damage":6,"enemies":"Centurion and Healer","floor":30,"turns":3},{"damage":14,"enemies":"Champ","floor":33,"turns":8},{"damage":2,"enemies":"3 Shapes","floor":35,"turns":3},{"damage":8,"enemies":"3 Darklings","floor":36,"turns":3},{"damage":0,"enemies":"Transient","floor":37,"turns":5},{"damage":0,"enemies":"Sphere and 2 Shapes","floor":39,"turns":3},{"damage":23,"enemies":"Reptomancer","floor":40,"turns":6},{"damage":10,"enemies":"Maw","floor":42,"turns":4},{"damage":6,"enemies":"4 Shapes","floor":45,"turns":2},{"damage":23,"enemies":"Nemesis","floor":47,"turns":3},{"damage":10,"enemies":"Time Eater","floor":50,"turns":7}],"seed_played":"-5714430920100710495","potions_obtained":[{"floor":14.0,"key":"SteroidPotion"},{"floor":16.0,"key":"SteroidPotion"}],"is_trial":false,"path_per_floor":["M","M","?","$","?","R","E","R","T","T","M","R","E","M","R","B",null,"M","$","M","M","M","R","$","R","T","M","R","E","M","$","R","B",null,"M","M","M","$","M","E","R","M","T","R","M","R","E","?","R","B",null],"character_chosen":"THE_DEFAULT","items_purchased":["theMarked:WardOff","theMarked:ElectricStrings","Fruit Juice","theMarked:StartUp","theMarked:VonisonLock","DollysMirror","Happy Flower"],"campfire_rested":1,"item_purchase_floors":[4,4,4,19,19,31,38],"current_hp_per_floor":[69,67,67,72,72,72,41,41,41,41,41,41,31,43,43,38,75,75,75,58,57,52,52,52,52,52,52,52,38,44,44,44,42,75,73,65,65,65,65,42,42,44,44,44,38,60,49,49,49,39],"gold":191,"neow_bonus":"UPGRADE_CARD","is_daily":false,"chose_seed":false,"campfire_upgraded":11,"win_rate":0.0,"timestamp":1611487873,"path_taken":["M","M","?","$","?","R","E","R","T","?","M","R","E","M","R","BOSS","M","$","M","M","M","R","$","R","T","M","R","E","M","$","R","BOSS","M","M","M","$","M","E","R","M","T","R","M","R","E","?","R","BOSS"],"items_purchased_type":["Card","Card","Potion","Card","Relic","Relic","Relic"],"build_version":"2020-12-22","purchased_purges":6,"victory":true,"max_hp_per_floor":[70,70,70,75,75,75,75,75,75,75,75,75,75,75,75,75,75,75,75,75,75,75,75,75,75,75,75,75,75,75,75,75,75,75,75,75,75,75,75,75,75,75,75,75,75,75,75,75,75,75],"relic_stats":{"Sozu":8,"Centennial Puzzle":[42],"Happy Flower":[8],"counters":[24,102],"Dead Branch":[18],"Bag of Preparation":[26],"Whetstone":["theMarked:Strike","theMarked:ElectricStrings"],"Letter Opener":[177],"Orichalcum":[6],"obtain_stats":[{"theMarked:NailFile":43,"Happy Flower":38,"Dead Branch":47,"theMarked:SpiritSword":34,"Bag of Preparation":26,"Whetstone":10,"Letter Opener":29,"Orichalcum":40,"Ancient Tea Set":7,"Sozu":17,"theMarked:ArtifactOfAir":0,"Centennial Puzzle":10,"Bottled Flame":26,"Matryoshka":9,"DollysMirror":31,"theMarked:VonisonLock":19,"Meat on the Bone":13},{"theMarked:NailFile":21,"Happy Flower":18,"Dead Branch":23,"theMarked:SpiritSword":15,"Bag of Preparation":11,"Whetstone":3,"Letter Opener":13,"Orichalcum":20,"Ancient Tea Set":3,"Sozu":7,"theMarked:ArtifactOfAir":0,"Centennial Puzzle":3,"Bottled Flame":11,"Matryoshka":3,"DollysMirror":14,"theMarked:VonisonLock":8,"Meat on the Bone":5},{"theMarked:NailFile":90,"Happy Flower":77,"Dead Branch":95,"theMarked:SpiritSword":66,"Bag of Preparation":47,"Whetstone":13,"Letter Opener":55,"Orichalcum":86,"Ancient Tea Set":13,"Sozu":31,"theMarked:ArtifactOfAir":0,"Centennial Puzzle":13,"Bottled Flame":47,"Matryoshka":13,"DollysMirror":58,"theMarked:VonisonLock":35,"Meat on the Bone":19}],"Meat on the Bone":60},"card_choices":[{"not_picked":["theMarked:Aftermath","theMarked:Overthink"],"picked":"theMarked:Parkour","floor":1.0},{"not_picked":["theMarked:TwofoldDefense","theMarked:Parkour"],"picked":"theMarked:Aftermath","floor":2.0},{"not_picked":["theMarked:RepellingDischarge","theMarked:Improvise"],"picked":"theMarked:ParalyzingBlade","floor":7.0},{"not_picked":["theMarked:Parkour","theMarked:HeightenedSenses"],"picked":"theMarked:Overcharge","floor":11.0},{"not_picked":["theMarked:Frustration","theMarked:LightningStrikesTwice"],"picked":"theMarked:AttractMetal","floor":13.0},{"not_picked":["theMarked:Vacuum","theMarked:HeightenedSenses","theMarked:EnhanceMovement"],"picked":"SKIP","floor":14.0},{"not_picked":["theMarked:HeightenedSenses","theMarked:Polarize"],"picked":"theMarked:MysticalArsenal","floor":18.0},{"not_picked":["theMarked:ElectricStrings","theMarked:HeightenedSenses"],"picked":"theMarked:ParalyzingBlade","floor":20.0},{"not_picked":["theMarked:HeightenedSenses+1","theMarked:ElectricStrings"],"picked":"theMarked:Frustration","floor":21.0},{"not_picked":["theMarked:PowerFlow","theMarked:ResourceFulStrike","theMarked:Parkour"],"picked":"SKIP","floor":22.0},{"not_picked":["theMarked:KeepCalmAndFightOn+1","theMarked:TakeCover+1"],"picked":"theMarked:ComboAttacks","floor":27},{"not_picked":["theMarked:Panic","theMarked:ElectricStrings+1"],"picked":"theMarked:ElementalBlade+1","floor":29},{"not_picked":["theMarked:Static+1","theMarked:Reabsorb","theMarked:WastefulDefense"],"picked":"SKIP","floor":30},{"not_picked":["theMarked:Defy","theMarked:MuscleMemory"],"picked":"theMarked:BindingBlade","floor":33},{"not_picked":["theMarked:Seal","theMarked:Overcharge","theMarked:MysticalArsenal+1"],"picked":"SKIP","floor":35},{"not_picked":["theMarked:Aftermath+1","theMarked:ElectricStrings"],"picked":"theMarked:WardOff+1","floor":36},{"not_picked":["theMarked:Parry+1","theMarked:Seal+1","theMarked:BanishingWave+1"],"picked":"SKIP","floor":37},{"not_picked":["theMarked:Improvise+1","theMarked:WastefulDefense+1"],"picked":"theMarked:WardOff+1","floor":39},{"not_picked":["theMarked:TwofoldDefense","theMarked:BanishingWave","theMarked:HeightenedSenses+1"],"picked":"SKIP","floor":40},{"not_picked":["theMarked:Reabsorb","theMarked:WastefulAttack"],"picked":"theMarked:SwordAndMagic","floor":42},{"not_picked":["theMarked:ResourceFulStrike+1","theMarked:Aftermath+1","theMarked:Frustration"],"picked":"SKIP","floor":45},{"not_picked":["theMarked:Static+1","theMarked:KeepCalmAndFightOn+1"],"picked":"theMarked:SelfDefenseTraining","floor":47}],"player_experience":702834,"relics_obtained":[{"floor":7.0,"key":"Ancient Tea Set"},{"floor":9.0,"key":"Matryoshka"},{"floor":10.0,"key":"Whetstone"},{"floor":10.0,"key":"Centennial Puzzle"},{"floor":13.0,"key":"Meat on the Bone"},{"floor":26.0,"key":"Bag of Preparation"},{"floor":26.0,"key":"Bottled Flame"},{"floor":29,"key":"Letter Opener"},{"floor":40,"key":"Orichalcum"},{"floor":43,"key":"theMarked:NailFile"},{"floor":47,"key":"Dead Branch"}],"event_choices":[{"damage_healed":0.0,"max_hp_gain":0.0,"max_hp_loss":0.0,"gold_gain":175.0,"event_name":"betterThird:BetterSerpent","player_choice":"AGREE","floor":3.0,"gold_loss":0.0,"damage_taken":133.0},{"damage_healed":0.0,"max_hp_gain":0.0,"max_hp_loss":0.0,"gold_gain":0.0,"event_name":"The Cleric","player_choice":"Leave","floor":5.0,"gold_loss":0.0,"damage_taken":0.0},{"cards_removed":["theMarked:Frustration"],"damage_healed":0,"gold_gain":0,"player_choice":"Removed Attack","damage_taken":0,"max_hp_gain":0,"max_hp_loss":0,"event_name":"Falling","floor":48,"gold_loss":0}],"is_beta":false,"boss_relics":[{"not_picked":["Runic Dome","Runic Pyramid"],"picked":"Sozu"},{"not_picked":["Tiny House","SacredBark"],"picked":"theMarked:SpiritSword"}],"items_purged_floors":[4,4,4,19,19,24],"is_endless":false,"potions_floor_spawned":[14,16,20,22,29,30,35,39,45,47],"ascension_level":0}}