{"host":"takgv9cv6xf64vhq","time":1611510568,"event":{"mods":["BaseMod","Colored Powertips","Downfall","Hubris","LagranYue(拉格朗・月)","Marisa（F雨　魔理沙）","Minty Spire (QoL Compilation)","Replay The Spire","StSLib","The Cursed","The Jungle","TheHeartMod"],"gold_per_floor":[115,167,167,182,201,201,46,46,71,97,110,123,156,231,231,231,231],"floor_reached":16,"language":"ZHS","playtime":616,"items_purged":["Regret"],"score":110,"play_id":"375025aa-31f8-4bf6-b026-1a7da9537bd1","local_time":"20210125014928","is_ascension_mode":false,"campfire_choices":[{"data":"Zap","floor":6,"key":"SMITH"},{"data":"Static Discharge","floor":8,"key":"SMITH"},{"data":"Rainbow","floor":15,"key":"SMITH"}],"circlet_count":0,"master_deck":["Strike_B","Strike_B","Strike_B","Strike_B","Defend_B","Defend_B","Defend_B","Defend_B","Zap+1","Dualcast","Genetic Algorithm","Genetic Algorithm","Time Bomb","Ball Lightning","Static Discharge+1","Conserve Battery","Heatsinks","Turbo","Rainbow+1"],"relics":["LagranYue:RandomDrawCardRelic","hubris:RunicObelisk","Solar Panel","Gambling Chip","Regal Pillow","Boot"],"acts_visited":["Exordium"],"potions_floor_usage":[5,10,16,16],"damage_taken":[{"damage":1,"enemies":"Small Slimes","floor":1,"turns":3},{"damage":1,"enemies":"2 Louse","floor":4,"turns":3},{"damage":7,"enemies":"Jaw Worm","floor":5,"turns":4},{"damage":14,"enemies":"Gremlin Nob","floor":10,"turns":3},{"damage":7,"enemies":"Exordium Wildlife","floor":11,"turns":4},{"damage":7,"enemies":"2 Fungi Beasts","floor":12,"turns":2},{"damage":11,"enemies":"Lagavulin","floor":13,"turns":4},{"damage":37,"enemies":"Fading Forest","floor":16,"turns":7}],"seed_played":"-7952041782439720671","potions_obtained":[{"floor":1,"key":"ColorlessPotion"},{"floor":5,"key":"Weak Potion"},{"floor":10,"key":"Ancient Potion"},{"floor":13,"key":"SteroidPotion"}],"is_trial":false,"path_per_floor":["M","?","?","M","M","R","$","R","T","E","M","M","E","?","R","B"],"character_chosen":"DEFECT","items_purchased":["Static Discharge"],"campfire_rested":0,"item_purchase_floors":[7],"current_hp_per_floor":[74,74,74,73,66,66,66,66,66,56,53,50,43,32,32,0,0],"gold":231,"neow_bonus":"BOSS_RELIC","is_daily":false,"chose_seed":false,"campfire_upgraded":3,"win_rate":0.0,"timestamp":1611510568,"path_taken":["M","?","?","?","M","R","$","R","T","E","M","M","E","?","R","BOSS"],"items_purchased_type":["Card"],"build_version":"2020-12-22","purchased_purges":1,"victory":false,"max_hp_per_floor":[75,75,75,75,75,75,75,75,75,75,75,75,75,75,75,75,75],"card_choices":[{"not_picked":["Scrape","Gash"],"picked":"Genetic Algorithm","floor":1},{"not_picked":["ReplayTheSpireMod:Reroute Power","Rebound"],"picked":"Genetic Algorithm","floor":2},{"not_picked":["Blizzard","Melter"],"picked":"Time Bomb","floor":2},{"not_picked":["BootSequence","Redo"],"picked":"Ball Lightning","floor":4},{"not_picked":["Force Field","Barrage","Rebound"],"picked":"SKIP","floor":5},{"not_picked":["hubris:Prefetch","Blizzard"],"picked":"Conserve Battery","floor":10},{"not_picked":["Turbo","Leap"],"picked":"Heatsinks","floor":11},{"not_picked":["Compile Driver","ReplayGash"],"picked":"Turbo","floor":12},{"not_picked":["Lockon","hubris:PowerSurge"],"picked":"Rainbow","floor":13}],"player_experience":68719,"relics_obtained":[{"floor":2,"key":"Solar Panel"},{"floor":10,"key":"Regal Pillow"},{"floor":13,"key":"Boot"}],"event_choices":[{"damage_healed":0,"gold_gain":0,"player_choice":"Box","damage_taken":0,"relics_obtained":["Gambling Chip"],"max_hp_gain":0,"max_hp_loss":0,"event_name":"Big Fish","floor":3,"gold_loss":0,"cards_obtained":["Regret"]},{"damage_healed":0,"gold_gain":75,"player_choice":"Gather Gold","damage_taken":11,"max_hp_gain":0,"max_hp_loss":0,"event_name":"World of Goop","floor":14,"gold_loss":0}],"is_beta":false,"boss_relics":[],"items_purged_floors":[7],"is_endless":false,"potions_floor_spawned":[1,5,10,13],"killed_by":"Fading Forest","ascension_level":0}}