{"host":"g6ro9orofrb8aq2e","time":1611470506,"event":{"mods":["BaseMod","Minty Spire (QoL Compilation)","SuperFastMode"],"gold_per_floor":[119,131,149,162,162,162,193,193,239,270,287,86,186,196,196,299,299,310,330,330,330],"floor_reached":20,"language":"ZHS","playtime":985,"items_purged":["Strike_R"],"score":279,"play_id":"362ccb15-42c2-4236-8f69-85317e3f0d37","local_time":"20210123224146","is_ascension_mode":true,"campfire_choices":[{"data":"Infernal Blade","floor":6.0,"key":"SMITH"},{"data":"Flex","floor":8.0,"key":"SMITH"},{"data":"Armaments","floor":15.0,"key":"SMITH"}],"circlet_count":0,"master_deck":["AscendersBane","Strike_R","Strike_R","Strike_R","Strike_R","Defend_R","Defend_R","Defend_R","Defend_R","Bash","Infernal Blade+1","Power Through","Rupture","Flex+1","Heavy Blade","Armaments+1","Brutality","Cleave+1"],"relics":["Burning Blood","Thread and Needle","InkBottle","Smiling Mask","Tiny Chest","Toolbox","SlaversCollar"],"acts_visited":["Exordium","TheCity"],"potions_floor_usage":[],"damage_taken":[{"damage":2.0,"enemies":"Cultist","floor":1.0,"turns":3.0},{"damage":0.0,"enemies":"Small Slimes","floor":2.0,"turns":3.0},{"damage":4.0,"enemies":"2 Louse","floor":3.0,"turns":3.0},{"damage":9.0,"enemies":"Lots of Slimes","floor":4.0,"turns":7.0},{"damage":5.0,"enemies":"3 Sentries","floor":7.0,"turns":10.0},{"damage":21.0,"enemies":"Gremlin Nob","floor":10.0,"turns":4.0},{"damage":3.0,"enemies":"3 Louse","floor":11.0,"turns":2.0},{"damage":0.0,"enemies":"Exordium Thugs","floor":14.0,"turns":5.0},{"damage":38,"enemies":"Hexaghost","floor":16,"turns":10},{"damage":36,"enemies":"Shell Parasite","floor":18,"turns":8},{"damage":20,"enemies":"2 Thieves","floor":19,"turns":5},{"damage":52,"enemies":"Snecko","floor":20,"turns":5}],"seed_played":"5443258416938606941","potions_obtained":[{"floor":4.0,"key":"EssenceOfSteel"},{"floor":5.0,"key":"SmokeBomb"},{"floor":5.0,"key":"LiquidBronze"},{"floor":5.0,"key":"Fruit Juice"},{"floor":7.0,"key":"ElixirPotion"},{"floor":10.0,"key":"Fire Potion"},{"floor":19,"key":"ElixirPotion"}],"is_trial":false,"path_per_floor":["M","M","M","M","?","R","E","R","T","E","M","$","?","M","R","B",null,"M","M","M"],"character_chosen":"IRONCLAD","items_purchased":["Toolbox"],"campfire_rested":0,"item_purchase_floors":[12],"current_hp_per_floor":[55,61,63,60,65,65,66,66,66,51,54,54,54,60,60,28,71,41,27,0,0],"gold":330,"neow_bonus":"ONE_RARE_RELIC","is_daily":false,"chose_seed":false,"campfire_upgraded":3,"win_rate":0.0,"timestamp":1611470506,"path_taken":["M","M","?","M","?","R","E","R","T","E","?","$","?","M","R","BOSS","M","M","?"],"items_purchased_type":["Relic"],"build_version":"2020-12-22","purchased_purges":1,"victory":false,"max_hp_per_floor":[80,80,80,80,85,85,85,85,85,85,85,85,85,85,85,85,85,85,85,85,85],"card_choices":[{"not_picked":["Clothesline","Body Slam","Anger"],"picked":"SKIP","floor":1.0},{"not_picked":["Ghostly Armor","Anger"],"picked":"Infernal Blade","floor":2.0},{"not_picked":["Uppercut","Thunderclap"],"picked":"Power Through","floor":3.0},{"not_picked":["Wild Strike","Anger"],"picked":"Rupture","floor":4.0},{"not_picked":["Perfected Strike","Clothesline"],"picked":"Flex","floor":7.0},{"not_picked":["Corruption","Carnage"],"picked":"Heavy Blade","floor":10.0},{"not_picked":["Sword Boomerang","Heavy Blade"],"picked":"Armaments","floor":11.0},{"not_picked":["Armaments","Body Slam","Feel No Pain"],"picked":"SKIP","floor":14.0},{"not_picked":["Feed","Berserk"],"picked":"Brutality","floor":16},{"not_picked":["True Grit","Shockwave"],"picked":"Cleave+1","floor":18},{"not_picked":["Heavy Blade","Havoc","Sword Boomerang"],"picked":"SKIP","floor":19}],"player_experience":354530,"relics_obtained":[{"floor":7.0,"key":"InkBottle"},{"floor":9.0,"key":"Smiling Mask"},{"floor":10.0,"key":"Tiny Chest"}],"event_choices":[{"damage_healed":0.0,"max_hp_gain":0.0,"max_hp_loss":0.0,"gold_gain":0.0,"event_name":"Lab","player_choice":"Got Potions","floor":5.0,"gold_loss":0.0,"damage_taken":0.0},{"damage_healed":0.0,"max_hp_gain":0.0,"max_hp_loss":0.0,"gold_gain":100.0,"event_name":"Golden Shrine","player_choice":"Pray","floor":13.0,"gold_loss":0.0,"damage_taken":0.0}],"is_beta":false,"boss_relics":[{"not_picked":["Runic Dome","Cursed Key"],"picked":"SlaversCollar"}],"items_purged_floors":[12],"is_endless":false,"potions_floor_spawned":[4,7,10,19],"killed_by":"Snecko","ascension_level":10}}