{"host":"1qxljlv0g0hslid3","time":1611492280,"event":{"mods":["2.2 Compatiblity","AchievementEnabler","Act Like it!","Astrologer","BaseMod","Beaked The Cultist","BetterRewards","Clawfect","Conspire","Dio Mod","Elementarium","Energized Spire","GungeonMod","Hermit","Hero for Fun","Hubris","Infinite Spire","Lobotomy","LobotomyExtend","Magitek Elite","Marisa????????","Minty Spire (QoL Compilation)","Prisma Mod","Remilia??????","Replay The Spire","Shop Mod","StSLib","The Administrix","The Alterego","The Animator","The Bug Knight","The Cursed","The Death Knight","The Elementalist","The Hierophant","The Jungle","The Necromancer","The Runesmith","The Senshi","The Servant 0.9.4","Wandering Minibosses","everything is the same but u backflip on backflip","slay the spire mod where everything is the same but ironclad has a cowboy hat"],"gold_per_floor":[117,133,143,143,157,192,192,192,192],"floor_reached":8,"language":"ENG","playtime":2773,"items_purged":[],"score":58,"play_id":"2d48c692-837e-46c8-b4bb-0db8b92dabf9","local_time":"20210124064440","is_ascension_mode":false,"campfire_choices":[{"data":"1","floor":7,"key":"LIFT"}],"circlet_count":0,"master_deck":["Strike_W","Strike_W","Strike_W","Strike_W","Defend_W","Defend_W","Defend_W","Defend_W","Negative_Energy_Arrows","Bone_Wall","Bone_Bullets","Finger_Of_Death"],"relics":["Vampire_Amulet","LetterFromLob","Girya"],"acts_visited":["Exordium"],"potions_floor_usage":[6,8],"damage_taken":[{"damage":0,"enemies":"Small Slimes","floor":1,"turns":3},{"damage":0,"enemies":"2 Louse","floor":2,"turns":3},{"damage":0,"enemies":"Cultist","floor":3,"turns":3},{"damage":16,"enemies":"Gremlin Gang","floor":5,"turns":7},{"damage":46,"enemies":"Lagavulin","floor":6,"turns":8},{"damage":28,"enemies":"HollowMod:MossKnight","floor":8,"turns":8}],"seed_played":"6159153275708407531","potions_obtained":[{"floor":2,"key":"LiquidMemories"},{"floor":6,"key":"Strength Potion"}],"is_trial":false,"path_per_floor":["M","M","M","?","M","E","R","E"],"character_chosen":"NECROMANCER","items_purchased":[],"campfire_rested":0,"item_purchase_floors":[],"current_hp_per_floor":[75,75,75,75,67,23,23,0,0],"gold":192,"neow_bonus":"","is_daily":false,"chose_seed":false,"campfire_upgraded":0,"win_rate":0.0,"timestamp":1611492280,"path_taken":["M","M","M","?","M","E","R","E"],"items_purchased_type":[],"build_version":"2020-12-22","purchased_purges":0,"victory":false,"max_hp_per_floor":[75,75,75,75,75,75,75,75,75],"card_choices":[{"not_picked":["Plague_Bolt","Necromantic_Selection","Pandemic"],"picked":"SKIP","floor":1},{"not_picked":["Death_March_Dance","Vampiric_Strike"],"picked":"Bone_Bullets","floor":2},{"not_picked":["Vampiric_Strike","Whirlwind_of_Bones","Negative_Energy_Burst"],"picked":"SKIP","floor":3},{"not_picked":["Necrotic_Claws","Negative_Energy_Javelin"],"picked":"Finger_Of_Death","floor":5},{"not_picked":["Vampiric_Strike","Negative_Energy_Shield","Toxic_Smoke_Screen"],"picked":"SKIP","floor":6}],"player_experience":580224,"relics_obtained":[{"floor":1,"key":"LetterFromLob"},{"floor":6,"key":"Girya"}],"event_choices":[],"is_beta":false,"boss_relics":[],"items_purged_floors":[],"is_endless":false,"potions_floor_spawned":[2,6],"killed_by":"HollowMod:MossKnight","ascension_level":0}}