{"host":"8aoim7owc9xd4zca","time":1611451287,"event":{"mods":["AchievementEnabler","BaseMod","Better Altar","Better Match","Better Note","Better Sensory Stone","Better Skull","Better Third Choice","Colored Powertips","Downfall","Highlight Path","Minty Spire (QoL Compilation)","Permanent Neow","Quick Restart","RNG Fix","Rare Cards Sparkle","Replay The Spire","StSLib","SuperFastMode","The Disciple","The Jungle","The Runesmith"],"gold_per_floor":[99,117,147,163,175,175,229,247,147,167,50,79,79,79,97,194,194,194,208,221,233,45,58,58,88,88,105,135,65,91,117,135,238,238,238,253,271,286,129,147,147,167,182,213,226,280,80,94,106,106,106,132,37,37,37,37],"floor_reached":57,"language":"ENG","playtime":6721,"items_purged":["downfall:Haunted","downfall:Haunted","Sickly"],"score":1477,"play_id":"e07825c4-7660-40be-8243-f302a4cc121b","local_time":"20210123172127","is_ascension_mode":false,"campfire_choices":[{"floor":1.0,"key":"DIG"},{"floor":6.0,"key":"RECALL"},{"data":"Slimebound:CorrosiveSpit","floor":9.0,"key":"SMITH"},{"data":"Slimebound:RainOfGoop","floor":13.0,"key":"SMITH"},{"floor":26.0,"key":"REST"},{"floor":47,"key":"REST"},{"data":"Slimebound:SelfFormingGoo","floor":54,"key":"SMITH"}],"circlet_count":0,"master_deck":["Slimebound:Strike_Slimebound","Slimebound:Strike_Slimebound","Slimebound:Strike_Slimebound","Slimebound:Tackle","Slimebound:Defend_Slimebound","Slimebound:Defend_Slimebound","Slimebound:Defend_Slimebound","Slimebound:Defend_Slimebound","Slimebound:Split","Slimebound:CorrosiveSpit+1","Slimebound:SplitBruiser","Slimebound:GoopSpray","Slimebound:SlimeTap","Slimebound:SplitLeeching","Slimebound:Schlurp","Slimebound:AcidTongue","Slimebound:RainOfGoop+1","Slimebound:SplitMire","Slimebound:ItLooksTasty","Slimebound:Dissolve","Slimebound:SelfFormingGoo+1","Slimebound:WasteNot","Slimebound:SplitAcid","Slimebound:SplitLeeching","Slimebound:LeechingTouch","Slimebound:PressTheAttack","Apotheosis","Slimebound:HauntingLick","Slimebound:SamplingLick+1","Slimebound:Schlurp+1","Slimebound:MegaLick","Panache","Slimebound:RainOfGoop","Pot Of Greed","Pot Of Greed","Pot Of Greed","Slimebound:DuplicatedForm","Pot Of Greed","Slimebound:SplitBruiser+1","Slimebound:DivideAndConquer+1","Slimebound:LeechingTouch+1","Slimebound:SlimeTap+1","Slimebound:SlimeBrawl+1","Slimebound:SlimeTap+1","Slimebound:Dissolve+1","Slimebound:ViciousTackle+1","Slimebound:SplitAcid+1","Slimebound:SplitMire+1","Slimebound:HauntingLick","Slimebound:HauntingLick","Pot Of Greed","Sickly","Slimebound:SplitMire"],"relics":["Slimebound:AbsorbEndCombat","Strawberry","PreservedInsect","Tiny Chest","Boot","downfall:HeartBlessingRed","Iron Hammer","SlaversCollar","Du-Vu Doll","ReplayTheSpireMod:TigerMarble","Singing Bowl","Runesmith:AutoHammer","Lee\u0027s Waffle","ReplayFunnel","Grinning Jar","Honey Jar","Blood Vial","Regal Pillow","downfall:HeartBlessingGreen","downfall:HeartBlessingBlue","Pear","ReplayTheSpireMod:CursedCoin"],"acts_visited":["Exordium","Exordium","TheBeyond","TheEnding"],"potions_floor_usage":[44,50,50,50,55,55],"damage_taken":[{"damage":2.0,"enemies":"Cultist","floor":2.0,"turns":4.0},{"damage":0.0,"enemies":"Small Slimes","floor":4.0,"turns":2.0},{"damage":1.0,"enemies":"Jaw Worm","floor":5.0,"turns":4.0},{"damage":1.0,"enemies":"3 Louse","floor":8.0,"turns":2.0},{"damage":9.0,"enemies":"Exordium Wildlife","floor":10.0,"turns":3.0},{"damage":1.0,"enemies":"downfall:FleeingMerchant","floor":11.0,"turns":4.0},{"damage":5.0,"enemies":"Lagavulin","floor":12.0,"turns":5.0},{"damage":0.0,"enemies":"Red Slaver","floor":15.0,"turns":2.0},{"damage":18.0,"enemies":"DF_ARCHETYPE_STREAMLINE","floor":16.0,"turns":6.0},{"damage":13.0,"enemies":"Shell Parasite","floor":19.0,"turns":4.0},{"damage":4.0,"enemies":"theJungle:MUSHROOMGANG","floor":20.0,"turns":4.0},{"damage":23.0,"enemies":"theJungle:2_Snecko_Cultists","floor":21.0,"turns":3.0},{"damage":0.0,"enemies":"downfall:FleeingMerchant","floor":22.0,"turns":4.0},{"damage":38.0,"enemies":"theJungle:JungleHuntersEncounter","floor":23.0,"turns":7.0},{"damage":4.0,"enemies":"theJungle:2_Phrogs","floor":25.0,"turns":3.0},{"damage":19.0,"enemies":"theJungle:2_Flameangoes","floor":27.0,"turns":6.0},{"damage":12.0,"enemies":"theJungle:Cassacara","floor":28.0,"turns":4.0},{"damage":0.0,"enemies":"downfall:FleeingMerchant","floor":29.0,"turns":3.0},{"damage":0.0,"enemies":"theJungle:2_Phrogs","floor":30.0,"turns":4.0},{"damage":7.0,"enemies":"theJungle:Snecko_Cultist_And_Trap","floor":32.0,"turns":4.0},{"damage":0.0,"enemies":"WA_ARCHETYPE_CALM","floor":33.0,"turns":5.0},{"damage":5.0,"enemies":"Orb Walker","floor":36.0,"turns":3.0},{"damage":7.0,"enemies":"3 Shapes","floor":37.0,"turns":4.0},{"damage":16.0,"enemies":"Sphere and 2 Shapes","floor":38.0,"turns":4.0},{"damage":16.0,"enemies":"4 Shapes","floor":40.0,"turns":3.0},{"damage":0.0,"enemies":"Maw","floor":42.0,"turns":2.0},{"damage":24.0,"enemies":"Transient","floor":43.0,"turns":5.0},{"damage":0,"enemies":"Reptomancer","floor":44,"turns":3},{"damage":0,"enemies":"Spire Growth","floor":45,"turns":3},{"damage":29,"enemies":"Sphere and 2 Shapes","floor":48,"turns":3},{"damage":0,"enemies":"Jaw Worm Horde","floor":49,"turns":3},{"damage":25,"enemies":"IC_BLOCK_ARCHETYPE","floor":50,"turns":5},{"damage":16,"enemies":"downfall:CharBossMerchant","floor":52,"turns":4},{"damage":67,"enemies":"downfall:NeowBoss","floor":55,"turns":10},{"damage":34,"enemies":"downfall:NeowBossFinal","floor":56,"turns":6}],"seed_played":"406126173781671725","potions_obtained":[{"floor":4.0,"key":"hexamod:SoulburnPotion"},{"floor":5.0,"key":"Strength Potion"},{"floor":8.0,"key":"Dexterity Potion"},{"floor":10.0,"key":"Energy Potion"},{"floor":14.0,"key":"Toxic Potion"},{"floor":14.0,"key":"Toxic Potion"},{"floor":19.0,"key":"FearPotion"},{"floor":21.0,"key":"LiquidMemories"},{"floor":25.0,"key":"CultistPotion"},{"floor":30.0,"key":"PowerPotion"},{"floor":33.0,"key":"Dexterity Potion"},{"floor":35.0,"key":"Guardian:BlockOnCardUsePotion"},{"floor":35.0,"key":"Flashbang"},{"floor":37.0,"key":"DuplicationPotion"},{"floor":42.0,"key":"Slimebound:SlimedPotion"},{"floor":44,"key":"hexamod:SoulburnPotion"},{"floor":49,"key":"Elixir"}],"is_trial":false,"path_per_floor":["R","M","?","M","M","R","T","M","R","M","$","E","R","?","M","B",null,"R","M","M","M","$","M","T","E","R","M","E","$","E","T","M","B",null,"R","M","M","M","$","M","T","M","M","E","M","?","R","M","M","B",null,"E","$","R","B","B",null],"character_chosen":"SLIMEBOUND","items_purchased":["Slimebound:RainOfGoop","Slimebound:SplitMire","Apotheosis","Lee\u0027s Waffle","Panache","Slimebound:SlimeTap+1","ReplayTheSpireMod:CursedCoin","Venom Potion","Slimebound:SplitMire"],"campfire_rested":2,"item_purchase_floors":[11,11,22,29,29,39,53,53,53],"current_hp_per_floor":[72,72,72,72,71,71,71,72,72,65,68,67,67,67,72,60,72,72,63,65,48,50,20,20,20,42,29,23,81,81,81,78,83,83,83,80,79,65,65,51,51,51,35,43,49,49,93,81,87,85,93,87,87,87,45,36],"gold":37,"neow_bonus":"RANDOM_COMMON_RELIC","is_daily":false,"chose_seed":false,"campfire_upgraded":3,"win_rate":0.0,"timestamp":1611451287,"path_taken":["R","M","?","?","M","R","T","M","R","M","?","E","R","?","M","BOSS","R","M","M","M","$","M","T","E","R","M","E","$","E","?","M","BOSS","R","M","M","M","$","M","T","?","M","E","M","?","R","M","M","BOSS","E","$","R","BOSS","BOSS"],"items_purchased_type":["Card","Card","Card","Relic","Card","Card","Relic","Potion","Card"],"build_version":"2020-12-22","purchased_purges":3,"victory":true,"max_hp_per_floor":[72,72,72,72,72,72,72,72,72,72,72,72,72,72,72,72,72,72,72,72,72,72,72,72,74,74,74,74,81,81,81,83,83,83,83,83,83,83,83,83,83,83,83,83,83,83,93,93,93,93,93,103,103,103,103,103],"card_choices":[{"not_picked":["Slimebound:Repurpose","Slimebound:SlimeBrawl"],"picked":"Slimebound:SplitBruiser","floor":2.0},{"not_picked":["Slimebound:ComboTackle","Slimebound:Prepare"],"picked":"Slimebound:GoopSpray","floor":4.0},{"not_picked":["Slimebound:SpikyOuterGoop","Slimebound:SplitAcid"],"picked":"Slimebound:SlimeTap","floor":5.0},{"not_picked":["Slimebound:GrowthPunch","Slimebound:Prepare"],"picked":"Slimebound:SplitLeeching","floor":8.0},{"not_picked":["Slimebound:Equalize","Slimebound:ItLooksTasty"],"picked":"Slimebound:Schlurp","floor":10.0},{"not_picked":["Slimebound:Schlurp","Slimebound:PressTheAttack"],"picked":"Slimebound:AcidTongue","floor":11.0},{"not_picked":["Slimebound:LivingWall","Slimebound:SpikyOuterGoop"],"picked":"Slimebound:ItLooksTasty","floor":12.0},{"not_picked":["Slimebound:Replication","Slimebound:ComboTackle"],"picked":"Slimebound:Dissolve","floor":15.0},{"not_picked":["Slimebound:Overexert","Slimebound:RallyTheTroops"],"picked":"Slimebound:SelfFormingGoo","floor":16.0},{"not_picked":["Slimebound:RollThrough","Slimebound:Prepare"],"picked":"Slimebound:SplitAcid","floor":19.0},{"not_picked":["Slimebound:LivingWall+1","Slimebound:SplitAcid"],"picked":"Slimebound:SplitLeeching","floor":20.0},{"not_picked":["Slimebound:Equalize","Slimebound:SplitLeeching"],"picked":"Slimebound:LeechingTouch","floor":21.0},{"not_picked":["Slimebound:Teamwork","Slimebound:FirmFortitude"],"picked":"Slimebound:PressTheAttack","floor":22.0},{"not_picked":["Slimebound:SlimeSpikes","Slimebound:FinishingTackle"],"picked":"Slimebound:HauntingLick","floor":23.0},{"not_picked":["Slimebound:ServeAndProtect","Slimebound:PressTheAttack","Slimebound:ForwardTackle+1"],"picked":"Singing Bowl","floor":25.0},{"not_picked":["Slimebound:SlimeBrawl","Slimebound:HauntingLick"],"picked":"Slimebound:SamplingLick+1","floor":27.0},{"not_picked":["Slimebound:Grow","Slimebound:LeechEnergy+1"],"picked":"Slimebound:Schlurp+1","floor":28.0},{"not_picked":["Slimebound:FlameTackle","Slimebound:Schlurp"],"picked":"Slimebound:MegaLick","floor":29.0},{"not_picked":["Slimebound:ServeAndProtect","Slimebound:CheckThePlaybook"],"picked":"Slimebound:RainOfGoop","floor":30.0},{"not_picked":["Slimebound:SplitLeeching","Slimebound:DisruptingSlam","Slimebound:Chomp"],"picked":"Singing Bowl","floor":32.0},{"not_picked":["Slimebound:CheckThePlaybook","Slimebound:MassRepurpose"],"picked":"Slimebound:DuplicatedForm","floor":33.0},{"not_picked":["Slimebound:Prepare+1","Slimebound:FlameTackle","Slimebound:BestDefense"],"picked":"Slimebound:SplitBruiser+1","floor":36.0},{"not_picked":["Slimebound:SamplingLick","Slimebound:SplitAcid","Slimebound:Gluttony+1"],"picked":"Slimebound:DivideAndConquer+1","floor":37.0},{"not_picked":["Slimebound:MassFeed","Slimebound:SplitLeeching+1","Slimebound:FinishingTackle"],"picked":"Slimebound:LeechingTouch+1","floor":38.0},{"not_picked":["Slimebound:ItLooksTasty","Slimebound:Replication+1","Slimebound:RollThrough"],"picked":"Slimebound:SlimeBrawl+1","floor":40.0},{"not_picked":["Slimebound:SplitMire","Slimebound:ComboTackle+1","Slimebound:BestDefense"],"picked":"Slimebound:SlimeTap+1","floor":42.0},{"not_picked":["Slimebound:SpikyOuterGoop","Slimebound:Chomp","Slimebound:LeechEnergy"],"picked":"Slimebound:Dissolve+1","floor":43.0},{"not_picked":["Slimebound:SplitBruiser","Slimebound:Gluttony","Slimebound:SplitMire"],"picked":"Slimebound:ViciousTackle+1","floor":44},{"not_picked":["Slimebound:LeechingTouch+1","Slimebound:SplitLeeching","Slimebound:Replication+1"],"picked":"Slimebound:SplitAcid+1","floor":45},{"not_picked":["Slimebound:SlimeSlap","Slimebound:SplitAcid+1","Slimebound:ForwardTackle+1"],"picked":"Slimebound:SplitMire+1","floor":48},{"not_picked":["Slimebound:RollThrough","Slimebound:SlimeBrawl+1","Slimebound:RainOfGoop"],"picked":"Slimebound:HauntingLick","floor":49},{"not_picked":["Slimebound:Prepare+1","Slimebound:Overexert","Slimebound:DivideAndConquer"],"picked":"Slimebound:HauntingLick","floor":52}],"player_experience":303124,"relics_obtained":[{"floor":1.0,"key":"PreservedInsect"},{"floor":7.0,"key":"Boot"},{"floor":12.0,"key":"Iron Hammer"},{"floor":24.0,"key":"ReplayTheSpireMod:TigerMarble"},{"floor":25.0,"key":"Singing Bowl"},{"floor":28.0,"key":"Runesmith:AutoHammer"},{"floor":30.0,"key":"ReplayFunnel"},{"floor":31.0,"key":"Grinning Jar"},{"floor":44,"key":"Blood Vial"},{"floor":46,"key":"Regal Pillow"},{"floor":52,"key":"Pear"}],"event_choices":[{"damage_healed":0.0,"max_hp_gain":0.0,"max_hp_loss":0.0,"gold_gain":0.0,"event_name":"Lab","player_choice":"Got Potions","floor":14.0,"gold_loss":0.0,"damage_taken":0.0}],"is_beta":false,"boss_relics":[{"not_picked":["Pandora\u0027s Box","SacredBark"],"picked":"SlaversCollar"},{"not_picked":["Calling Bell","Painkiller Herb"],"picked":"Honey Jar"}],"items_purged_floors":[29,39,53],"is_endless":false,"potions_floor_spawned":[4,5,8,10,15,19,21,25,30,33,37,42,44,49],"ascension_level":0}}