{"host":"zh52cun1g5egmafn","time":1611490105,"event":{"mods":["AchievementEnabler","Arknights The Spire","BaseMod","DeckTracker","Minty Spire (QoL Compilation)","StSLib"],"gold_per_floor":[116,116,116,126,126,159,171,0,0,0,29,29,29,39,39,140,140,154,165,10,10,110,140,140,160,187,200,200,125,125,25,25,120,120,140,160,52,52,64,64,64],"floor_reached":40,"language":"KOR","playtime":1414,"items_purged":["ats:Strike V","ats:Strike S"],"score":587,"play_id":"5c87057a-eb91-4d93-991a-82ca1468709f","local_time":"20210124210825","is_ascension_mode":true,"campfire_choices":[{"data":"ats:Soul Rend","floor":7.0,"key":"SMITH"},{"data":"ats:Shell Defense","floor":10.0,"key":"SMITH"},{"data":"ats:Charging Defense","floor":12.0,"key":"SMITH"},{"data":"ats:Closed Bolt Burst Fire","floor":15.0,"key":"SMITH"},{"data":"ats:Healing Strengthening","floor":24.0,"key":"SMITH"},{"data":"ats:Absolute Focus","floor":28.0,"key":"SMITH"},{"data":"ats:Composite Medical Shells","floor":32.0,"key":"SMITH"}],"circlet_count":0,"master_deck":["ats:Strike C","ats:Armor Crushing Shot","ats:Defend","ats:Defend","ats:Defend","ats:Defend","ats:Emotion Absorption","ats:Very Hot Blade","ats:Shell Defense+1","ats:Soul Rend+1","ats:Healing Drone","ats:Charging Defense+1","ats:Closed Bolt Burst Fire+1","ats:Disruption Kick","CurseOfTheBell","ats:Red Shift","ats:Composite Medical Shells+1","ats:Healing Strengthening+1","ats:Healing Drone","ats:Blood Oath","ats:Absolute Focus+1","ats:Red Shift","ats:Soul Rend","ats:Spore Proliferation+1","ats:Sashimi Platter","ats:Phantom","ats:Red Shift+1"],"relics":["ats:Sanity","NeowsBlessing","ats:Originium","MawBank","Anchor","Eternal Feather","Blue Candle","Calling Bell","ats:Rhine Circuitry","Darkstone Periapt","Peace Pipe","Bird Faced Urn","Coffee Dripper"],"acts_visited":["Exordium","TheCity","TheBeyond"],"potions_floor_usage":[40,40],"damage_taken":[{"damage":0.0,"enemies":"Small Slimes","floor":1.0,"turns":1.0},{"damage":0.0,"enemies":"Cultist","floor":4.0,"turns":1.0},{"damage":0.0,"enemies":"Gremlin Nob","floor":6.0,"turns":1.0},{"damage":47.0,"enemies":"Lagavulin","floor":11.0,"turns":8.0},{"damage":0.0,"enemies":"2 Louse","floor":14.0,"turns":3.0},{"damage":110.0,"enemies":"Slime Boss","floor":16.0,"turns":22.0},{"damage":22.0,"enemies":"Shell Parasite","floor":18.0,"turns":8.0},{"damage":24.0,"enemies":"Chosen","floor":19.0,"turns":6.0},{"damage":122.0,"enemies":"Book of Stabbing","floor":23.0,"turns":9.0},{"damage":50.0,"enemies":"3 Cultists","floor":25.0,"turns":7.0},{"damage":33.0,"enemies":"Snake Plant","floor":27.0,"turns":4.0},{"damage":144.0,"enemies":"Automaton","floor":33.0,"turns":13.0},{"damage":21.0,"enemies":"Orb Walker","floor":35.0,"turns":4.0},{"damage":65.0,"enemies":"3 Darklings","floor":36.0,"turns":5.0},{"damage":64.0,"enemies":"Transient","floor":39.0,"turns":5.0},{"damage":60,"enemies":"Reptomancer","floor":40,"turns":2}],"seed_played":"7467069635226802268","potions_obtained":[{"floor":1.0,"key":"Dexterity Potion"},{"floor":3.0,"key":"Strength Potion"},{"floor":3.0,"key":"Ancient Potion"},{"floor":11.0,"key":"SkillPotion"},{"floor":14.0,"key":"FairyPotion"},{"floor":16.0,"key":"Strength Potion"},{"floor":19.0,"key":"Fire Potion"},{"floor":23.0,"key":"SteroidPotion"}],"is_trial":false,"path_per_floor":["M","?","?","M","?","E","R","$","T","R","E","R","$","M","R","B",null,"M","M","$","?","?","E","R","M","T","M","R","$","?","$","R","B",null,"M","M","$","?","M","E"],"character_chosen":"DOCTOR_CLASS","items_purchased":["ats:Healing Drone","Anchor","ats:Healing Strengthening","ats:Healing Drone","ats:Sashimi Platter","ats:Phantom"],"campfire_rested":0,"item_purchase_floors":[8,8,20,20,37,37],"current_hp_per_floor":[65,65,65,65,65,65,65,65,65,71,33,39,39,45,54,21,59,49,49,49,49,49,13,25,55,55,72,72,72,72,72,72,42,65,72,66,66,66,42,0,0],"gold":64,"neow_bonus":"THREE_ENEMY_KILL","is_daily":false,"chose_seed":false,"campfire_upgraded":7,"win_rate":0.0,"timestamp":1611490105,"path_taken":["M","?","?","?","?","E","R","$","T","R","E","R","$","M","R","BOSS","M","M","$","?","?","E","R","M","T","?","R","?","?","$","R","BOSS","M","M","$","?","M","E"],"items_purchased_type":["Card","Relic","Card","Card","Card","Card"],"build_version":"2020-12-22","purchased_purges":2,"victory":false,"max_hp_per_floor":[72,72,72,72,72,72,72,72,72,72,72,72,72,72,72,72,72,72,72,72,72,72,72,72,72,72,72,72,72,72,72,72,72,72,72,72,72,72,72,72,72],"card_choices":[{"not_picked":["ats:Support Order","ats:Closed Bolt Burst Fire"],"picked":"ats:Very Hot Blade","floor":1.0},{"not_picked":["ats:Leaping Hammer","ats:LN2 Cannon"],"picked":"ats:Shell Defense","floor":4.0},{"not_picked":["ats:Ignite","ats:Explosion Area Strengthen"],"picked":"ats:Soul Rend","floor":6.0},{"not_picked":["ats:Beaten Up","ats:Directed Diagnosis"],"picked":"ats:Charging Defense","floor":11.0},{"not_picked":["ats:Flexible Camouflage","ats:Literary Storm"],"picked":"ats:Closed Bolt Burst Fire","floor":14.0},{"not_picked":["ats:Fractured Body","ats:True Silver Slash"],"picked":"ats:Disruption Kick","floor":16.0},{"not_picked":["ats:Hammer On+1","ats:Powerful Strike"],"picked":"ats:Red Shift","floor":18.0},{"not_picked":["ats:Collapsing Strike","ats:Shell Defense"],"picked":"ats:Composite Medical Shells","floor":19.0},{"not_picked":["ats:Echo Reverb","ats:Guardian Obelisk"],"picked":"ats:Blood Oath","floor":23.0},{"not_picked":["ats:Demon Strength","ats:Healing Drone"],"picked":"ats:Absolute Focus","floor":25.0},{"not_picked":["ats:Closed Bolt Burst Fire+1","ats:Assault Order","ats:Explosion Area Strengthen+1"],"picked":"SKIP","floor":27.0},{"not_picked":["ats:Echo Reverb","ats:Ambush"],"picked":"ats:Soul Rend","floor":33.0},{"not_picked":["ats:Mental Burst","ats:Very Hot Blade","ats:Absolute Focus"],"picked":"SKIP","floor":35.0},{"not_picked":["ats:Shell Defense+1","ats:Revitalization+1"],"picked":"ats:Spore Proliferation+1","floor":36.0},{"not_picked":["ats:Hammer On+1","ats:Charging Defense+1"],"picked":"ats:Red Shift+1","floor":39.0}],"player_experience":216178,"relics_obtained":[{"floor":6.0,"key":"ats:Originium"},{"floor":6.0,"key":"MawBank"},{"floor":9.0,"key":"Eternal Feather"},{"floor":11.0,"key":"ats:Originium"},{"floor":11.0,"key":"Blue Candle"},{"floor":17.0,"key":"ats:Rhine Circuitry"},{"floor":17.0,"key":"Darkstone Periapt"},{"floor":17.0,"key":"Peace Pipe"},{"floor":23.0,"key":"ats:Originium"},{"floor":23.0,"key":"Bird Faced Urn"}],"event_choices":[{"damage_healed":0.0,"max_hp_gain":0.0,"max_hp_loss":0.0,"gold_gain":0.0,"event_name":"Liars Game","player_choice":"Ignored","floor":2.0,"gold_loss":0.0,"damage_taken":0.0},{"damage_healed":0.0,"max_hp_gain":0.0,"max_hp_loss":0.0,"gold_gain":0.0,"event_name":"Lab","player_choice":"Got Potions","floor":3.0,"gold_loss":0.0,"damage_taken":0.0},{"cards_removed":["ats:Strike G"],"damage_healed":0.0,"max_hp_gain":0.0,"max_hp_loss":0.0,"gold_gain":0.0,"event_name":"Living Wall","player_choice":"Forget","floor":5.0,"gold_loss":0.0,"damage_taken":0.0},{"damage_healed":0.0,"max_hp_gain":0.0,"max_hp_loss":0.0,"gold_gain":100.0,"event_name":"Golden Shrine","player_choice":"Pray","floor":22.0,"gold_loss":0.0,"damage_taken":0.0},{"damage_healed":0.0,"max_hp_gain":0.0,"max_hp_loss":0.0,"gold_gain":0.0,"event_name":"The Library","player_choice":"Read","floor":30.0,"gold_loss":0.0,"damage_taken":0.0,"cards_obtained":["ats:Red Shift"]},{"damage_healed":0.0,"max_hp_gain":0.0,"max_hp_loss":0.0,"gold_gain":0.0,"event_name":"Duplicator","player_choice":"Ignored","floor":38.0,"gold_loss":0.0,"damage_taken":0.0}],"is_beta":false,"boss_relics":[{"not_picked":["SacredBark","Philosopher\u0027s Stone"],"picked":"Calling Bell"},{"not_picked":["Tiny House","SlaversCollar"],"picked":"Coffee Dripper"}],"items_purged_floors":[29,31],"is_endless":false,"potions_floor_spawned":[1,11,14,16,19,23,27,33],"killed_by":"Reptomancer","ascension_level":7}}