{"host":"3imo7wsdyu7efakj","time":1611475929,"event":{"mods":["ATMod(°¢èªMod)","BaseMod","Downfall","Minty Spire (QoL Compilation)","StSLib"],"gold_per_floor":[99,118,132,582,657,672,695,695,695,714,814,826,853,871,890,890,890,890],"floor_reached":16,"language":"ZHS","playtime":1815,"items_purged":[],"score":104,"play_id":"916a2312-d2ad-4b42-8574-6de5a4f9f764","local_time":"20210124161209","is_ascension_mode":false,"campfire_choices":[{"data":"AT_FamilyPortrait","floor":1,"key":"SMITH"},{"data":"Guardian:Suspension","floor":9,"key":"SMITH"}],"circlet_count":0,"master_deck":["Guardian:Strike_Guardian","Guardian:Strike_Guardian","Guardian:Strike_Guardian","Guardian:Defend_Guardian","Guardian:Defend_Guardian","Guardian:Defend_Guardian","Guardian:Defend_Guardian","Guardian:CurlUp","Guardian:TwinSlam","AT_FamilyPortrait+1","Guardian:Gem_Green","Guardian:Suspension+1","downfall:Icky","downfall:Icky","downfall:Icky","Guardian:PrismaticBeam","Guardian:Gem_Red","Guardian:CrystalBeam","Guardian:Gem_Cyan","Guardian:Gem_Yellow"],"relics":["AT_ATBox","expansioncontent:StudyCardRelic","Blood Vial","downfall:GremlinWheel","Tiny Chest"],"acts_visited":["Exordium"],"potions_floor_usage":[13,13,16],"damage_taken":[{"damage":9,"enemies":"2 Louse","floor":2,"turns":3},{"damage":1,"enemies":"Jaw Worm","floor":3,"turns":3},{"damage":0,"enemies":"Cultist","floor":6,"turns":3},{"damage":12,"enemies":"3 Louse","floor":10,"turns":4},{"damage":13,"enemies":"3 Louse","floor":11,"turns":4},{"damage":18,"enemies":"Lots of Slimes","floor":12,"turns":4},{"damage":24,"enemies":"3 Sentries","floor":13,"turns":7},{"damage":0,"enemies":"Blue Slaver","floor":14,"turns":2},{"damage":1,"enemies":"Exordium Wildlife","floor":15,"turns":3},{"damage":26,"enemies":"DF_ARCHETYPE_STREAMLINE","floor":16,"turns":10}],"seed_played":"897364249942868293","potions_obtained":[{"floor":5,"key":"downfall:CursedFountainPotion"},{"floor":6,"key":"BlessingOfTheForge"},{"floor":10,"key":"Energy Potion"},{"floor":12,"key":"AttackPotion"}],"is_trial":false,"path_per_floor":["R","M","M","?","?","M","T","?","R","M","?","M","E","M","M","B"],"character_chosen":"GUARDIAN","items_purchased":[],"campfire_rested":0,"item_purchase_floors":[],"current_hp_per_floor":[80,71,70,70,80,80,80,80,80,68,57,41,19,21,22,0,0,0],"gold":890,"neow_bonus":"BOSS_RELIC","is_daily":false,"chose_seed":false,"campfire_upgraded":2,"win_rate":0.0,"timestamp":1611475929,"path_taken":["R","M","M","?","?","?","T","?","R","M","?","M","E","M","M","BOSS"],"items_purchased_type":[],"build_version":"2020-12-22","purchased_purges":0,"victory":false,"max_hp_per_floor":[80,80,80,80,80,80,80,80,80,80,80,80,80,80,80,80,80,80],"card_choices":[{"not_picked":["Guardian:Recover","Guardian:CrystalBeam"],"picked":"Guardian:Gem_Green","floor":2},{"not_picked":["Guardian:PiercingHide","Guardian:TemporalStrike"],"picked":"Guardian:Suspension","floor":3},{"not_picked":["Guardian:RollAttack","Guardian:SpikerProtocol"],"picked":"Guardian:Gem_Crimson","floor":6},{"not_picked":["Guardian:TimeBomb","Guardian:RefractedBeam"],"picked":"Guardian:PrismaticBeam","floor":10},{"not_picked":["Guardian:Reroute","Guardian:Gem_Lightblue"],"picked":"Guardian:Gem_Red","floor":12},{"not_picked":["Guardian:Gem_Green","Guardian:Reroute"],"picked":"Guardian:CrystalBeam","floor":13},{"not_picked":["Guardian:PrimingBeam","Guardian:TimeBomb"],"picked":"Guardian:Gem_Cyan","floor":14},{"not_picked":["Guardian:WalkerClaw","Guardian:Gem_Green"],"picked":"Guardian:Gem_Yellow","floor":15}],"player_experience":284640,"relics_obtained":[{"floor":7,"key":"Blood Vial"},{"floor":11,"key":"downfall:GremlinWheel"},{"floor":13,"key":"Tiny Chest"}],"event_choices":[],"is_beta":false,"boss_relics":[],"items_purged_floors":[],"is_endless":false,"potions_floor_spawned":[6,10,11,12],"killed_by":"DF_ARCHETYPE_STREAMLINE","ascension_level":0}}