{"host":"ysj15tgd1sneq0s0","time":1611460245,"event":{"mods":["AchievementEnabler","BaseMod","DeckTracker","Highlight Path","Minty Spire (QoL Compilation)","Permanent Neow","Quick Restart","StSLib","SuperFastMode","everything is the same but u backflip on backflip"],"gold_per_floor":[115,125,125,138,63,63,73,83,83,83,83,83,110,127,127,127,127],"floor_reached":16,"language":"KOR","playtime":846,"items_purged":["Strike_G"],"score":104,"play_id":"94df55c1-46e4-419d-b936-67fdf7f47a3d","local_time":"20210124125045","is_ascension_mode":false,"campfire_choices":[{"data":"Catalyst","floor":6,"key":"SMITH"},{"data":"Bane","floor":12,"key":"SMITH"},{"floor":15,"key":"REST"}],"circlet_count":0,"master_deck":["Strike_G","Strike_G","Strike_G","Defend_G","Defend_G","Defend_G","Defend_G","Defend_G","Survivor","Neutralize","Blade Dance","Catalyst+1","Backstab","Bane+1","Bane","Backstab","Deflect","Dagger Throw"],"relics":["Ring of the Snake","Strawberry","Mummified Hand","MealTicket"],"acts_visited":["Exordium"],"potions_floor_usage":[16,16,16],"damage_taken":[{"damage":12,"enemies":"2 Louse","floor":1,"turns":3},{"damage":0,"enemies":"Jaw Worm","floor":2,"turns":5},{"damage":1,"enemies":"Cultist","floor":4,"turns":3},{"damage":18,"enemies":"Gremlin Gang","floor":7,"turns":9},{"damage":2,"enemies":"Blue Slaver","floor":8,"turns":3},{"damage":10,"enemies":"Large Slime","floor":10,"turns":8},{"damage":17,"enemies":"3 Sentries","floor":13,"turns":7},{"damage":0,"enemies":"Looter","floor":14,"turns":2},{"damage":42,"enemies":"The Guardian","floor":16,"turns":11}],"seed_played":"9081911835246965069","potions_obtained":[{"floor":2,"key":"GhostInAJar"},{"floor":4,"key":"BlessingOfTheForge"},{"floor":7,"key":"ColorlessPotion"}],"is_trial":false,"path_per_floor":["M","M","?","M","$","R","M","M","T","M","$","R","E","M","R","B"],"character_chosen":"THE_SILENT","items_purchased":[],"campfire_rested":1,"item_purchase_floors":[],"current_hp_per_floor":[65,65,65,64,64,64,46,44,44,34,34,34,17,17,40,0,0],"gold":127,"neow_bonus":"RANDOM_COMMON_RELIC","is_daily":false,"chose_seed":false,"campfire_upgraded":2,"win_rate":0.0,"timestamp":1611460245,"path_taken":["M","M","?","M","?","R","M","M","T","M","$","R","E","M","R","BOSS"],"items_purchased_type":[],"build_version":"2020-12-22","purchased_purges":1,"victory":false,"max_hp_per_floor":[77,77,77,77,77,77,77,77,77,77,77,77,77,77,77,77,77],"card_choices":[{"not_picked":["Deflect","Acrobatics"],"picked":"Blade Dance","floor":1},{"not_picked":["Noxious Fumes","Deadly Poison"],"picked":"Catalyst","floor":2},{"not_picked":["Sucker Punch","Flying Knee"],"picked":"Backstab","floor":4},{"not_picked":["All Out Attack","Riddle With Holes"],"picked":"Bane","floor":7},{"not_picked":["Terror","Flechettes"],"picked":"Bane","floor":8},{"not_picked":["Catalyst","Slice"],"picked":"Backstab","floor":10},{"not_picked":["Calculated Gamble","Reflex"],"picked":"Deflect","floor":13},{"not_picked":["Underhanded Strike","All Out Attack"],"picked":"Dagger Throw","floor":14}],"player_experience":23244,"relics_obtained":[{"floor":9,"key":"Mummified Hand"},{"floor":13,"key":"MealTicket"}],"event_choices":[{"cards_removed":["Strike_G"],"damage_healed":0,"gold_gain":0,"player_choice":"Forget","damage_taken":0,"max_hp_gain":0,"max_hp_loss":0,"event_name":"Living Wall","floor":3,"gold_loss":0}],"is_beta":false,"boss_relics":[],"items_purged_floors":[5],"is_endless":false,"potions_floor_spawned":[2,4,7],"killed_by":"The Guardian","ascension_level":0}}