{"host":"htqwg582tjjtn9p7","time":1611520247,"event":{"mods":["2.2 Compatiblity","AchievementEnabler","Act Like it!","Aspiration","BaseMod","Better Third Choice","Colored Map","Conspire","Curses Come First","Displayed Cursed Tome","Energized Spire","Force Act Four","Fox Events","GifTheSpireLib","Hermit","Highlight Path","JesterMod","Mad Scientist","Minty Spire (QoL Compilation)","Pale of the Ancients","Permanent Neow","Random Character Button","Relic Stats","Replay The Spire","Robot Space Explorer","Somnambulant","Spicy Shops","Spikes Relics","StSLib","Stuff the Spire","The Blue Laboratory","The Bug Knight","The Forsaken","The Gatherer","The Judge","The Jungle","The Marked","The Runesmith","The Servant 0.9.4","Uncapped"],"gold_per_floor":[112,122,122,135,61,93,93,122,122,122,166,166,179,197,197,197,197],"floor_reached":16,"language":"ENG","playtime":707,"items_purged":[],"score":193,"play_id":"443a3b01-b1a7-47c7-b44f-5f162f85cdd2","local_time":"20210124213047","is_ascension_mode":true,"campfire_choices":[{"data":"ReplayTheSpireMod:LeadingStrike","floor":7,"key":"SMITH"},{"data":"True Grit","floor":10,"key":"SMITH"},{"data":"Feel No Pain","floor":15,"key":"SMITH"}],"circlet_count":0,"master_deck":["AscendersBane","Strike_R","Strike_R","Strike_R","Strike_R","Defend_R","Defend_R","Defend_R","Defend_R","Bash","ReplayTheSpireMod:LeadingStrike+1","Twin Strike","Uppercut","Life Link+1","Clothesline","True Grit+1","Shrug It Off","Feel No Pain+1","Shrug It Off"],"relics":["Burning Blood","Bag of Preparation","StuffTheSpire:HeavyRock","Tiny Chest","conspire:Dentures","PreservedInsect"],"acts_visited":["Exordium"],"potions_floor_usage":[11,16,16],"damage_taken":[{"damage":0,"enemies":"Jaw Worm","floor":1,"turns":5},{"damage":1,"enemies":"Cultist","floor":2,"turns":3},{"damage":8,"enemies":"Small Slimes","floor":4,"turns":5},{"damage":9,"enemies":"HollowMod:MossKnight","floor":6,"turns":7},{"damage":22,"enemies":"Lagavulin","floor":8,"turns":5},{"damage":23,"enemies":"conspire:MimicChest","floor":11,"turns":8},{"damage":5,"enemies":"3 Louse","floor":13,"turns":4},{"damage":1,"enemies":"Blue Slaver","floor":14,"turns":4},{"damage":60,"enemies":"Fading Forest","floor":16,"turns":10}],"seed_played":"-3336726701090451530","potions_obtained":[{"floor":1,"key":"blueLaboratory:LimitlessPotion"},{"floor":4,"key":"blueLaboratory:BubblePotion"},{"floor":8,"key":"blueLaboratory:Moonshine"},{"floor":14,"key":"blueLaboratory:BottleOfVodka"}],"is_trial":false,"path_per_floor":["M","M","?","M","$","E","R","E","T","R","?","?","M","M","R","B"],"character_chosen":"IRONCLAD","items_purchased":["Life Link"],"campfire_rested":0,"item_purchase_floors":[5],"current_hp_per_floor":[74,75,75,73,73,70,70,54,54,54,37,37,38,43,43,0,0],"gold":197,"neow_bonus":"RANDOM_COMMON_RELIC","is_daily":false,"chose_seed":false,"campfire_upgraded":3,"win_rate":0.0,"timestamp":1611520247,"path_taken":["M","M","?","?","$","E","R","E","T","R","?","?","M","?","R","BOSS"],"items_purchased_type":["Card"],"build_version":"2020-12-22","purchased_purges":0,"victory":false,"max_hp_per_floor":[75,75,75,75,75,75,75,75,75,75,75,75,75,75,75,75,75],"relic_stats":{"counters":[9,51],"Tiny Chest":0,"PreservedInsect":0,"Bag of Preparation":[18],"obtain_stats":[{"conspire:Dentures":9,"StuffTheSpire:HeavyRock":6,"Tiny Chest":8,"PreservedInsect":11,"Bag of Preparation":0,"Burning Blood":0},{"conspire:Dentures":5,"StuffTheSpire:HeavyRock":4,"Tiny Chest":5,"PreservedInsect":6,"Bag of Preparation":0,"Burning Blood":0},{"conspire:Dentures":25,"StuffTheSpire:HeavyRock":20,"Tiny Chest":25,"PreservedInsect":33,"Bag of Preparation":0,"Burning Blood":0}],"Burning Blood":44},"card_choices":[{"not_picked":["Seeing Red","Thunderclap"],"picked":"ReplayTheSpireMod:LeadingStrike","floor":1},{"not_picked":["Rage","StuffTheSpire:RockThrow"],"picked":"Twin Strike","floor":2},{"not_picked":["Havoc","Warcry"],"picked":"Uppercut","floor":4},{"not_picked":["ReplayTheSpireMod:Muscle Training","Havoc"],"picked":"Clothesline","floor":6},{"not_picked":["Flex","Replay:Undeath\u0027s Touch"],"picked":"True Grit","floor":8},{"not_picked":["Entrench","Pommel Strike"],"picked":"Shrug It Off","floor":11},{"not_picked":["Iron Wave","Twin Strike"],"picked":"Feel No Pain","floor":13},{"not_picked":["Wild Strike","Body Slam"],"picked":"Shrug It Off","floor":14}],"player_experience":1954025,"relics_obtained":[{"floor":6,"key":"StuffTheSpire:HeavyRock"},{"floor":8,"key":"Tiny Chest"},{"floor":9,"key":"conspire:Dentures"},{"floor":11,"key":"PreservedInsect"}],"event_choices":[{"cards_removed":["Strike_R"],"damage_healed":0,"gold_gain":0,"player_choice":"Purged","damage_taken":0,"max_hp_gain":0,"max_hp_loss":0,"event_name":"Purifier","floor":3,"gold_loss":0},{"damage_healed":0,"gold_gain":0,"player_choice":"Upgraded","damage_taken":0,"max_hp_gain":0,"max_hp_loss":0,"event_name":"Upgrade Shrine","floor":12,"gold_loss":0,"cards_upgraded":["Life Link"]}],"is_beta":false,"boss_relics":[],"items_purged_floors":[],"is_endless":false,"potions_floor_spawned":[1,4,6,8,14],"killed_by":"Fading Forest","ascension_level":15}}