{"host":"5gc11emcm5chfr5t","time":1611453329,"event":{"mods":["2.2 Compatiblity","AchievementEnabler","BaseMod","Bestiary","Better Note","Colored Map","Colored Powertips","Downfall","Googly Eyes","Minty Spire (QoL Compilation)","Rare Cards Sparkle","StSLib"],"gold_per_floor":[99,99,99,24,24,24,97,111,129,164,179,213,213,213],"floor_reached":12,"language":"ENG","playtime":442,"items_purged":["downfall:Malfunctioning"],"score":222,"play_id":"0ba567b7-413a-4f6f-8733-fb08757bc581","local_time":"20210123205529","is_ascension_mode":true,"campfire_choices":[{"floor":1,"key":"RECALL"},{"data":"sneckomod:SnakeSap","floor":6,"key":"SMITH"}],"circlet_count":0,"master_deck":["AscendersBane","sneckomod:Strike","sneckomod:Strike","sneckomod:Strike","sneckomod:Defend","sneckomod:Defend+1","sneckomod:Defend","sneckomod:TailWhip","sneckomod:SnekBite+1","sneckomod:Unknown+1","sneckomod:Unknown","sneckomod:QuickBite","sneckomod:SnakeSap+1","sneckomod:UnknownCommonSkill","sneckomod:UnknownColorless","sneckomod:SoulRoll","sneckomod:UnknownColorless+1","sneckomod:QuickMove+1"],"relics":["sneckomod:SneckoSoul","downfall:HeartsMalice","Toxic Egg 2","sneckomod:SneckoCommon"],"acts_visited":["Exordium"],"potions_floor_usage":[10],"damage_taken":[{"damage":0,"enemies":"Jaw Worm","floor":2,"turns":1},{"damage":0,"enemies":"downfall:FleeingMerchant","floor":4,"turns":1},{"damage":0,"enemies":"2 Louse","floor":5,"turns":1},{"damage":0,"enemies":"Small Slimes","floor":8,"turns":3},{"damage":16,"enemies":"2 Fungi Beasts","floor":9,"turns":3},{"damage":0,"enemies":"Lagavulin","floor":10,"turns":4},{"damage":19,"enemies":"Exordium Thugs","floor":11,"turns":5},{"damage":50,"enemies":"Gremlin Nob","floor":12,"turns":5}],"seed_played":"6854227859511498701","potions_obtained":[{"floor":8,"key":"Regen Potion"},{"floor":10,"key":"Dexterity Potion"}],"is_trial":false,"path_per_floor":["R","M","?","$","M","R","T","M","M","E","M","E"],"character_chosen":"THE_SNECKO","items_purchased":[],"campfire_rested":0,"item_purchase_floors":[],"current_hp_per_floor":[75,75,75,75,75,75,75,75,63,77,58,8,8,8],"gold":213,"neow_bonus":"THREE_ENEMY_KILL","is_daily":false,"chose_seed":false,"campfire_upgraded":1,"win_rate":0.0,"timestamp":1611453329,"path_taken":["R","M","?","$","M","R","T","M","M","E","M","E"],"items_purchased_type":[],"build_version":"2020-12-22","purchased_purges":1,"victory":false,"max_hp_per_floor":[83,83,83,83,83,83,83,83,83,83,83,83,83,83],"card_choices":[{"not_picked":["sneckomod:UnknownCommonAttack","sneckomod:UnknownClassSLIMEBOUND"],"picked":"sneckomod:QuickBite","floor":2},{"not_picked":["sneckomod:UnknownDexterity","sneckomod:UnendingSupply"],"picked":"sneckomod:SnakeSap","floor":4},{"not_picked":["sneckomod:UnknownClassGUARDIAN","sneckomod:UnknownClassSLIMEBOUND"],"picked":"sneckomod:UnknownCommonSkill","floor":5},{"not_picked":["sneckomod:DefensiveFlair","sneckomod:UnknownExhaust"],"picked":"sneckomod:UnknownColorless","floor":8},{"not_picked":["sneckomod:Cheat","sneckomod:UnknownClassBLUE"],"picked":"sneckomod:SoulRoll","floor":9},{"not_picked":["sneckomod:UnknownUncommonAttack","sneckomod:UnknownUncommonSkill+1"],"picked":"sneckomod:UnknownColorless+1","floor":10},{"not_picked":["sneckomod:UnknownClassHEXA_GHOST_PURPLE+1","sneckomod:UnknownClassTHE_CHAMP_GRAY+1"],"picked":"sneckomod:QuickMove+1","floor":11}],"player_experience":562068,"relics_obtained":[{"floor":10,"key":"Toxic Egg 2"},{"floor":12,"key":"sneckomod:SneckoCommon"}],"event_choices":[],"is_beta":false,"boss_relics":[],"items_purged_floors":[4],"is_endless":false,"potions_floor_spawned":[8,10,12],"killed_by":"Gremlin Nob","ascension_level":20}}