{"host":"1mdoazogr9tl4b3g","time":1611491864,"event":{"mods":["Act Like it!","Aspiration","Bard","BaseMod","Beaked The Cultist","BetterRewards","Block Reminder","Conspire","Downfall","Glutton Mod","Hermit","Hubris","Infinite Spire","Marisa????????","Mimic Mod","Minty Spire (QoL Compilation)","Rare Cards Sparkle","Relic Sorter","Replay The Spire","Shop Mod","StSLib","The Animator","The Blackbeard","The Bladedancer","The Bug Knight","The Construct","The Cursed","The Disciple","The Hierophant","The Mystic","The Necromancer","The Runesmith","The Servant 0.9.4","The Spell Scribe","Uncapped","Wandering Minibosses"],"gold_per_floor":[99,112,112,62,7,7,32,57,57,57,57,70,70,94,112,112,112],"floor_reached":16,"language":"ENG","playtime":896,"items_purged":[],"score":90,"play_id":"b3462a89-a299-40cb-967d-036bf4e85ce2","local_time":"20210124063744","is_ascension_mode":false,"campfire_choices":[{"data":"hermit:Snapshot","floor":1,"key":"SMITH"},{"data":"hermit:Determination","floor":9,"key":"SMITH"},{"data":"hermit:Covet","floor":11,"key":"SMITH"},{"data":"hermit:GhostlyPresence","floor":13,"key":"SMITH"}],"circlet_count":0,"master_deck":["hermit:Strike_Hermit","hermit:Strike_Hermit","hermit:Strike_Hermit","hermit:Strike_Hermit","hermit:Defend_Hermit","hermit:Defend_Hermit","hermit:Defend_Hermit","hermit:Defend_Hermit","hermit:Snapshot+1","hermit:Covet+1","hermit:Cheat","hermit:Cheat","hermit:Brawl","hermit:Determination+1","Regret","hermit:GhostlyPresence+1","hermit:Desperado"],"relics":["hermit:Momento","Golden Idol","aspiration:ChemicalBlood","ReplayTheSpireMod:Ninjato"],"acts_visited":["Exordium"],"potions_floor_usage":[15,16,16],"damage_taken":[{"damage":2,"enemies":"Small Slimes","floor":2,"turns":3},{"damage":5,"enemies":"downfall:FleeingMerchant","floor":5,"turns":4},{"damage":6,"enemies":"2 Louse","floor":8,"turns":3},{"damage":6,"enemies":"Jaw Worm","floor":12,"turns":4},{"damage":1,"enemies":"Blue Slaver","floor":14,"turns":5},{"damage":8,"enemies":"3 Louse","floor":15,"turns":5},{"damage":34,"enemies":"Hexaghost","floor":16,"turns":9}],"seed_played":"-2177559196879018038","potions_obtained":[{"floor":2,"key":"Swift Potion"},{"floor":15,"key":"champ:CounterPotion"}],"is_trial":false,"path_per_floor":["R","M","?","?","$","?","T","M","R","?","R","M","R","M","M","B"],"character_chosen":"HERMIT","items_purchased":["hermit:Brawl"],"campfire_rested":0,"item_purchase_floors":[5],"current_hp_per_floor":[82,80,80,80,75,55,55,49,49,49,49,43,43,42,34,0,0],"gold":112,"neow_bonus":"TEN_PERCENT_HP_BONUS","is_daily":false,"chose_seed":false,"campfire_upgraded":4,"win_rate":0.0,"timestamp":1611491864,"path_taken":["R","M","?","?","?","?","T","M","R","?","R","M","R","M","M","BOSS"],"items_purchased_type":["Card"],"build_version":"2020-12-22","purchased_purges":0,"victory":false,"max_hp_per_floor":[82,82,82,82,82,82,82,82,82,82,82,82,82,82,82,82,82],"card_choices":[{"not_picked":["hermit:HoleUp","hermit:Roulette"],"picked":"hermit:Cheat","floor":2},{"not_picked":["hermit:Ricochet","hermit:ItchyTrigger"],"picked":"hermit:Cheat","floor":5},{"not_picked":["hermit:Combo","hermit:FlashPowder"],"picked":"hermit:Determination","floor":8},{"not_picked":["hermit:Snipe","hermit:TrackingShot"],"picked":"hermit:GhostlyPresence","floor":12},{"not_picked":["hermit:LowProfile","hermit:EyeOfTheStorm","hermit:Glare"],"picked":"SKIP","floor":14},{"not_picked":["hermit:Manifest","hermit:TrackingShot"],"picked":"hermit:Desperado","floor":15}],"player_experience":403835,"relics_obtained":[{"floor":7,"key":"aspiration:ChemicalBlood"}],"event_choices":[{"cards_removed":["Replay:Hysterical Blindness"],"damage_healed":0,"gold_gain":0,"player_choice":"Card Removal","damage_taken":0,"max_hp_gain":0,"max_hp_loss":0,"event_name":"The Cleric","floor":4,"gold_loss":50},{"damage_healed":0,"gold_gain":0,"player_choice":"Take Damage","damage_taken":20,"relics_obtained":["Golden Idol"],"max_hp_gain":0,"max_hp_loss":0,"event_name":"Golden Idol","floor":6,"gold_loss":0},{"damage_healed":0,"gold_gain":0,"player_choice":"Box","damage_taken":0,"relics_obtained":["ReplayTheSpireMod:Ninjato"],"max_hp_gain":0,"max_hp_loss":0,"event_name":"Big Fish","floor":10,"gold_loss":0,"cards_obtained":["Regret"]}],"is_beta":false,"boss_relics":[],"items_purged_floors":[],"is_endless":false,"potions_floor_spawned":[2,15],"killed_by":"Hexaghost","ascension_level":0}}