{"host":"f0dbpmn0khgeoqc0","time":1611450538,"event":{"mods":["2.2 Compatiblity","A Penny For Your Troubles","AchievementEnabler","Act Like it!","Ascension Unlocker","Aspiration","BaseMod","Better Altar","Better Match","Better Sensory Stone","Better Skull","Better Third Choice","BetterRewards","Block Reminder","Colored Map","Colored Powertips","Conspire","DNKmod","Disable Question Mark Monsters","Displayed Cursed Tome","Downfall","Evolution","Friendly Minions","Hermit","Highlight Path","Humility","Infinite Spire","Jorbs\u0027s Wanderer Trilogy","Koishi","Marisa????????","Minty Spire (QoL Compilation)","MostiFishMod","Permanent Neow","Random Character Button","Relic Filter","Relic Stats","Spicy Shops","Spire Arcade","StSLib","Td1madao Mod","The Gatherer","Treasure Hunter","Wandering Minibosses","??????REMEMod"],"gold_per_floor":[118,118,173,190,206,232,232,266,266,296,312,25,58,78,78,157,157,170,170,189,209,209,209,219,219,246,246,246,296,296,310,310,387,387,403,413,79,96,108,108,119,119,193,193,207,207,238,238,238,238,239,239,239,3,33,33,33],"floor_reached":56,"language":"ENG","playtime":2593,"items_purged":[],"score":2664,"play_id":"52dadfba-dcbf-40ce-920d-7e5a355018fa","local_time":"20210123200858","is_ascension_mode":true,"campfire_choices":[{"data":"Eruption","floor":7,"key":"SMITH"},{"floor":15,"key":"REST"},{"floor":23,"key":"REST"},{"floor":25,"key":"RECALL"},{"data":"Tantrum","floor":28,"key":"SMITH"},{"data":"Burst","floor":30,"key":"SMITH"},{"floor":32,"key":"REST"},{"floor":40,"key":"REST"},{"floor":49,"key":"REST"},{"data":"Omniscience","floor":53,"key":"SMITH"}],"circlet_count":0,"master_deck":["AscendersBane","Strike_P+1","Strike_P","Strike_P","Strike_P","Defend_P","Defend_P","Defend_P","Defend_P+1","Eruption+1","Vigilance","Burst+1","FlurryOfBlows","FlyingSleeves","Vengeance","FollowUp","ClearTheMind","CutThroughFate+1","EmptyFist","EmptyFist","ClearTheMind","MostiFishMod:Speedup+1","FollowUp","Tantrum+1","TH:CursedSword","CutThroughFate+1","ClearTheMind","TH:CopperCoins","Weave","TH:CopperCoins","Adaptation+1","TH:CursedSword","TH:CursedSword+1","FlurryOfBlows","EmptyBody+1","TH:CursedSword","CrushJoints","TH:BikiniMail+1","LessonLearned","Wireheading","EmptyMind+1","Prostrate","CrushJoints","TH:CopperCoins","Crescendo","TH:CursedSword","Ragnarok","JustLucky","Consecrate","Omniscience+1","FearNoEvil","TH:CursedSword","SashWhip+1","stsjorbsmod:Withering","downfall:Aged","infinitespire:Starlight","TH:CopperCoins","WreathOfFlame","EmptyBody","TH:CursedSword","MostiFishMod:Nomercy+1"],"relics":["PureWater","EVO:Axolotl","DaveBox","REME_ComplimentaryCards","Chemical X","Akabeko","Juzu Bracelet","Orrery","TeardropLocket","SynthV:TestCard","Boot","GoldenEye","Centennial Puzzle","Damaru","MealTicket","TungstenRod","Whetstone","Smiling Mask","ShadowXiaoBlade","MutagenicStrength","Philosopher\u0027s Stone","wanderingMiniBosses:CarrionFlame","Orichalcum","ClockworkSouvenir","Molten Egg 2","Ancient Tea Set","Omamori","conspire:SlowCooker","aspiration:Lifesprig","infinitespire:Beetle Shell"],"acts_visited":["Exordium","TheCity","TheBeyond","TheEnding"],"potions_floor_usage":[6,10,35,38,47],"damage_taken":[{"damage":0,"enemies":"Cultist","floor":1,"turns":2},{"damage":0,"enemies":"2 Louse","floor":4,"turns":2},{"damage":3,"enemies":"conspire:RoseBush","floor":5,"turns":2},{"damage":28,"enemies":"3 Sentries","floor":6,"turns":4},{"damage":0,"enemies":"Gremlin Nob","floor":8,"turns":2},{"damage":0,"enemies":"Lagavulin","floor":10,"turns":3},{"damage":4,"enemies":"Exordium Thugs","floor":11,"turns":2},{"damage":10,"enemies":"Gremlin Nob","floor":13,"turns":3},{"damage":24,"enemies":"Gremlin Gang","floor":14,"turns":3},{"damage":11,"enemies":"Slime Boss","floor":16,"turns":6},{"damage":0,"enemies":"conspire:FuzzyDice","floor":18,"turns":4},{"damage":20,"enemies":"Shell Parasite","floor":20,"turns":3},{"damage":0,"enemies":"Snake Plant","floor":21,"turns":2},{"damage":3,"enemies":"Chosen and Byrds","floor":24,"turns":3},{"damage":66,"enemies":"Snecko","floor":31,"turns":5},{"damage":17,"enemies":"conspire:MysteriousRune","floor":33,"turns":3},{"damage":26,"enemies":"3 Darklings","floor":35,"turns":4},{"damage":1,"enemies":"3 Shapes","floor":36,"turns":2},{"damage":26,"enemies":"Maw","floor":38,"turns":3},{"damage":8,"enemies":"Spire Growth","floor":39,"turns":2},{"damage":6,"enemies":"Writhing Mass","floor":41,"turns":2},{"damage":0,"enemies":"Jaw Worm Horde","floor":45,"turns":1},{"damage":8,"enemies":"Giant Head","floor":47,"turns":5},{"damage":0,"enemies":"conspire:OrnateMirror","floor":50,"turns":1},{"damage":31,"enemies":"Donu and Deca","floor":51,"turns":4},{"damage":57,"enemies":"Shield and Spear","floor":55,"turns":3},{"damage":13,"enemies":"The Heart","floor":56,"turns":2}],"seed_played":"-4284207425579829510","potions_obtained":[{"floor":4,"key":"Swift Potion"},{"floor":6,"key":"CultistPotion"},{"floor":8,"key":"SkillPotion"},{"floor":18,"key":"FairyPotion"},{"floor":31,"key":"GamblersBrew"},{"floor":35,"key":"champ:CounterPotion"},{"floor":39,"key":"GamblersBrew"},{"floor":41,"key":"Energy Potion"}],"is_trial":false,"path_per_floor":["M","$","T","M","M","E","R","E","T","E","M","$","E","M","R","B",null,"M","?","M","M","?","R","M","R","T","?","R","?","R","M","R","B",null,"M","M","$","M","M","R","M","?","T","?","M","?","E","AVR","R","B","B",null,"R","$","E","B"],"character_chosen":"WATCHER","items_purchased":["FlurryOfBlows","FlyingSleeves","Akabeko","Juzu Bracelet","Orrery","EmptyFist","ClearTheMind","MostiFishMod:Speedup","FollowUp","TungstenRod","Whetstone","Orichalcum","ClockworkSouvenir","WreathOfFlame","aspiration:Lifesprig","EmptyBody"],"campfire_rested":5,"item_purchase_floors":[0,0,0,0,0,0,0,0,0,12,12,37,37,54,54,54],"current_hp_per_floor":[61,61,61,61,58,30,30,30,30,30,26,41,31,7,27,16,55,55,55,35,35,35,55,52,52,52,54,54,54,54,20,40,23,57,31,30,45,19,11,31,25,25,25,25,25,25,27,27,47,47,16,55,55,68,11,0,0],"gold":33,"neow_bonus":"","is_daily":false,"chose_seed":false,"campfire_upgraded":4,"win_rate":0.0,"timestamp":1611450538,"path_taken":["M","?","?","M","M","E","R","E","T","E","M","$","E","M","R","BOSS","M","?","M","M","?","R","M","R","T","?","R","?","R","M","R","BOSS","M","M","$","M","M","R","M","?","T","?","M","?","E","AVR","R","BOSS","BOSS","R","$","E","BOSS"],"items_purchased_type":["Card","Card","Relic","Relic","Relic","Card","Card","Card","Card","Relic","Relic","Relic","Relic","Card","Relic","Card"],"build_version":"2020-12-22","purchased_purges":0,"victory":false,"max_hp_per_floor":[68,68,68,68,68,68,68,68,68,68,68,68,68,68,68,68,68,68,68,68,68,68,68,68,68,68,68,68,68,68,68,68,68,68,68,68,68,68,68,68,68,68,68,68,68,68,68,68,68,68,68,68,68,68,68,68,68],"relic_stats":{"Centennial Puzzle":[48],"counters":[43,146],"MealTicket":58,"Juzu Bracelet":4,"Chemical X":[0],"Whetstone":["CutThroughFate","Strike_P"],"Orichalcum":[54],"Boot":[25],"GoldenEye":[56],"Smiling Mask":0,"obtain_stats":[{"aspiration:Lifesprig":54,"bronze:BronzeCore":0,"DaveBox":0,"Juzu Bracelet":0,"EVO:Axolotl":0,"TeardropLocket":0,"Whetstone":12,"Boot":19,"Sling":38,"Ancient Tea Set":47,"Smiling Mask":13,"Old Coin":0,"ClockworkSouvenir":37,"Sozu":17,"Centennial Puzzle":8,"MealTicket":10,"Philosopher\u0027s Stone":34,"Pear":6,"NeowsBlessing":0,"Damaru":9,"ShadowXiaoBlade":17,"Pen Nib":41,"conspire:SlowCooker":48,"infinitespire:Beetle Shell":55,"Omamori":48,"aspiration:SeaSaltIceCream":6,"Orichalcum":37,"GoldenEye":6,"Akabeko":0,"SynthV:TestCard":1,"infinitespire:WardingShard":9,"HaiYi:Twilight":19,"wanderingMiniBosses:CarrionFlame":35,"MutagenicStrength":19,"ChiXiaoBlade":38,"Orrery":0,"Molten Egg 2":43,"Bottled Lightning":43,"conspire:DeflatedDodgeball":44,"TungstenRod":12,"REME_ComplimentaryCards":0},{"aspiration:Lifesprig":41,"bronze:BronzeCore":0,"DaveBox":0,"Juzu Bracelet":16,"EVO:Axolotl":0,"TeardropLocket":16,"Whetstone":23,"Boot":9,"Sling":11,"Ancient Tea Set":14,"Smiling Mask":24,"Old Coin":0,"ClockworkSouvenir":34,"Sozu":8,"Centennial Puzzle":4,"MealTicket":22,"Philosopher\u0027s Stone":32,"Pear":3,"NeowsBlessing":0,"Damaru":21,"ShadowXiaoBlade":26,"Pen Nib":12,"conspire:SlowCooker":39,"infinitespire:Beetle Shell":42,"Omamori":39,"aspiration:SeaSaltIceCream":3,"Orichalcum":34,"GoldenEye":20,"Akabeko":16,"SynthV:TestCard":1,"infinitespire:WardingShard":4,"HaiYi:Twilight":9,"wanderingMiniBosses:CarrionFlame":33,"MutagenicStrength":27,"ChiXiaoBlade":11,"Orrery":16,"Molten Egg 2":37,"Bottled Lightning":12,"conspire:DeflatedDodgeball":13,"TungstenRod":23,"REME_ComplimentaryCards":0},{"aspiration:Lifesprig":141,"bronze:BronzeCore":0,"DaveBox":0,"Juzu Bracelet":68,"EVO:Axolotl":0,"TeardropLocket":68,"Whetstone":85,"Boot":32,"Sling":47,"Ancient Tea Set":58,"Smiling Mask":88,"Old Coin":0,"ClockworkSouvenir":123,"Sozu":27,"Centennial Puzzle":6,"MealTicket":83,"Philosopher\u0027s Stone":117,"Pear":3,"NeowsBlessing":0,"Damaru":80,"ShadowXiaoBlade":97,"Pen Nib":52,"conspire:SlowCooker":136,"infinitespire:Beetle Shell":144,"Omamori":136,"aspiration:SeaSaltIceCream":3,"Orichalcum":123,"GoldenEye":78,"Akabeko":68,"SynthV:TestCard":1,"infinitespire:WardingShard":6,"HaiYi:Twilight":32,"wanderingMiniBosses:CarrionFlame":121,"MutagenicStrength":101,"ChiXiaoBlade":47,"Orrery":68,"Molten Egg 2":130,"Bottled Lightning":52,"conspire:DeflatedDodgeball":55,"TungstenRod":85,"REME_ComplimentaryCards":0}],"TungstenRod":42},"card_choices":[{"not_picked":["MostiFishMod:FlowState","CarveReality"],"picked":"Vengeance","floor":0},{"not_picked":["Sanctity","ForeignInfluence"],"picked":"FollowUp","floor":0},{"not_picked":["BattleHymn","BowlingBash"],"picked":"ClearTheMind","floor":0},{"not_picked":["FollowUp","Evaluate"],"picked":"CutThroughFate","floor":0},{"not_picked":["Crescendo","JustLucky"],"picked":"EmptyFist","floor":0},{"not_picked":["MostiFishMod:Clarity","BowlingBash"],"picked":"Tantrum","floor":1},{"not_picked":["TH:BikiniMail","TH:EnergyPotion","TH:PixieDust"],"picked":"TH:CursedSword","floor":3},{"not_picked":["REME_Repentance","Pray","Evaluate","Protect"],"picked":"CutThroughFate","floor":4},{"not_picked":["WaveOfTheHand","Perseverance","Sanctity","Evaluate"],"picked":"ClearTheMind","floor":5},{"not_picked":["TH:TreasureMap","TH:BikiniMail","TH:PixieDust"],"picked":"TH:CopperCoins","floor":6},{"not_picked":["FollowUp","SignatureMove","LikeWater","MostiFishMod:KamiSmash"],"picked":"Weave","floor":6},{"not_picked":["TH:ElvenBoots","TH:TreasureMap","TH:Mimic"],"picked":"TH:CopperCoins","floor":8},{"not_picked":["CrushJoints","ThirdEye","Consecrate","Halt"],"picked":"Adaptation","floor":8},{"not_picked":["TH:PixieDust","TH:CopperCoins","TH:BikiniMail"],"picked":"TH:CursedSword","floor":9},{"not_picked":["TH:ElvenBoots","TH:DeckOfManyThings","TH:PixieDust"],"picked":"TH:CursedSword","floor":10},{"not_picked":["FollowUp","Wireheading","Swivel","BattleHymn"],"picked":"FlurryOfBlows","floor":10},{"not_picked":["ForeignInfluence","Meditate","REME_Repentance","Protect"],"picked":"EmptyBody","floor":11},{"not_picked":["TH:EnergyPotion","TH:BikiniMail","TH:TreasureMap"],"picked":"TH:CursedSword","floor":13},{"not_picked":["FollowUp","FlyingSleeves","Evaluate","MostiFishMod:DustFall","Halt"],"picked":"SKIP","floor":13},{"not_picked":["SandsOfTime","Prostrate","Fasting2","ThirdEye"],"picked":"CrushJoints","floor":14},{"not_picked":["TH:TreasureMap","TH:DeckOfManyThings","TH:ElvenBoots"],"picked":"TH:BikiniMail","floor":16},{"not_picked":["MostiFishMod:StarWish","MostiFishMod:Minus","MostiFishMod:OutWit","Establishment"],"picked":"LessonLearned","floor":16},{"not_picked":["ThirdEye","FollowUp","MostiFishMod:Speedup","Perseverance"],"picked":"Wireheading","floor":18},{"not_picked":["REME_Repentance","ClearTheMind","LikeWater","FlyingSleeves"],"picked":"EmptyMind+1","floor":20},{"not_picked":["BowlingBash","Evaluate","ThirdEye+1","MostiFishMod:Clarity"],"picked":"Prostrate","floor":21},{"not_picked":["ThirdEye","EmptyBody+1","Protect","MostiFishMod:Speedup"],"picked":"CrushJoints","floor":24},{"not_picked":["TH:BikiniMail","TH:EnergyPotion","TH:Mimic"],"picked":"TH:CopperCoins","floor":26},{"not_picked":["Protect","REME_MusicOfDeath","ReachHeaven+1","PathToVictory"],"picked":"Crescendo","floor":31},{"not_picked":["TH:Mimic","TH:ElvenBoots","TH:PixieDust"],"picked":"TH:CursedSword","floor":33},{"not_picked":["MostiFishMod:Dust","MostiFishMod:CyberBuddha","Judgement","MostiFishMod:StarOceanP"],"picked":"Ragnarok","floor":33},{"not_picked":["PathToVictory","Crescendo","Halt","Protect"],"picked":"JustLucky","floor":35},{"not_picked":["Halt","WindmillStrike+1","Protect","Vengeance"],"picked":"Consecrate","floor":36},{"not_picked":["FollowUp","Prostrate","SashWhip","Conclude+1"],"picked":"Omniscience","floor":38},{"not_picked":["Evaluate","EmptyBody+1","JustLucky","REME_Repentance+1","CutThroughFate"],"picked":"SKIP","floor":39},{"not_picked":["Pray","Weave+1","REME_CRH","CrushJoints"],"picked":"FearNoEvil","floor":41},{"not_picked":["TH:ElvenBoots","TH:EnergyPotion","TH:CopperCoins"],"picked":"TH:CursedSword","floor":43},{"not_picked":["ClearTheMind","CutThroughFate+1","Prostrate","Halt"],"picked":"SashWhip+1","floor":45},{"not_picked":["infinitespire:NeuralNetwork","infinitespire:UltimateForm"],"picked":"infinitespire:Starlight","floor":46},{"not_picked":["TH:Mimic","TH:ArmorSpikes","TH:BikiniMail"],"picked":"TH:CopperCoins","floor":47},{"not_picked":["Protect","FollowUp+1","SignatureMove+1","Evaluate","Sanctity"],"picked":"SKIP","floor":47},{"not_picked":["TH:DeckOfManyThings","TH:TreasureMap","TH:ElvenBoots"],"picked":"TH:CursedSword","floor":55},{"not_picked":["Prostrate","EmptyFist+1","ForeignInfluence","Protect"],"picked":"MostiFishMod:Nomercy+1","floor":55}],"player_experience":573117,"relics_obtained":[{"floor":1,"key":"SynthV:TestCard"},{"floor":3,"key":"Boot"},{"floor":6,"key":"GoldenEye"},{"floor":8,"key":"Centennial Puzzle"},{"floor":9,"key":"Damaru"},{"floor":10,"key":"MealTicket"},{"floor":13,"key":"Smiling Mask"},{"floor":35,"key":"wanderingMiniBosses:CarrionFlame"},{"floor":43,"key":"Molten Egg 2"},{"floor":47,"key":"Ancient Tea Set"},{"floor":55,"key":"infinitespire:Beetle Shell"}],"event_choices":[{"damage_healed":0,"gold_gain":0,"player_choice":"Inject Mutagens","damage_taken":0,"relics_obtained":["MutagenicStrength"],"max_hp_gain":0,"max_hp_loss":0,"event_name":"Drug Dealer","floor":19,"gold_loss":0},{"damage_healed":0,"gold_gain":0,"player_choice":"Leave","damage_taken":0,"max_hp_gain":0,"max_hp_loss":0,"event_name":"FaceTrader","floor":22,"gold_loss":0},{"damage_healed":2,"gold_gain":0,"player_choice":"LEAVE ","damage_taken":0,"relics_obtained":[],"max_hp_gain":0,"max_hp_loss":0,"event_name":"betterSkull:BetterSkull","floor":27,"gold_loss":0,"cards_upgraded":[]},{"damage_healed":0,"gold_gain":100,"player_choice":"Bet on Murderer","damage_taken":0,"max_hp_gain":0,"max_hp_loss":0,"event_name":"The Joust","floor":29,"gold_loss":50},{"damage_healed":0,"gold_gain":0,"player_choice":"Got Potions","damage_taken":0,"max_hp_gain":0,"max_hp_loss":0,"event_name":"Lab","floor":42,"gold_loss":0}],"is_beta":false,"boss_relics":[{"not_picked":["SacredBark","Cursed Key"],"picked":"ShadowXiaoBlade"},{"not_picked":["REME_LowDesire","Black Star"],"picked":"Philosopher\u0027s Stone"}],"items_purged_floors":[],"is_endless":false,"potions_floor_spawned":[4,6,8,18,24,31,35,39,41],"killed_by":"The Heart","ascension_level":20}}