{"host":"p34rppyhk302xzzg","time":1611485594,"event":{"mods":["Arknights The Spire","Ascension Reborn","BaseMod","Better Vampires","Decade(王小明)","Lobotomy","LobotomyExtend","Marisa（F雨　魔理沙）","Minty Spire (QoL Compilation)","Quick Restart","READ ME - Guardian Mod","Remilia（蕾米莉亚）","SOS（斯巴达之子）","StSLib","Td1madao Mod","Waifu the Spire","Youmu（魂魄妖梦）","[IsaacMod]以撒尖塔","noobMod","【遗物卡牌】REMEMod"],"gold_per_floor":[116,127,127,144,155,155,155,155,228,257,275,305,315,334,334,438,488,501,501,514,529,539,570,570,44,113,113,126,126,153,173,173,277,277,310,310,335,335,345,371,371,371,371,371,371],"floor_reached":44,"language":"ZHS","playtime":1699,"items_purged":[],"score":748,"play_id":"7f4efb55-16a4-4990-afb0-320f6edc074c","local_time":"20210124185314","is_ascension_mode":true,"campfire_choices":[{"data":"Double Energy","floor":6.0,"key":"SMITH"},{"data":"ats:Roar Of Ursus","floor":8.0,"key":"SMITH"},{"data":"Dualcast","floor":15.0,"key":"SMITH"},{"data":"RitualDagger","floor":24,"key":"SMITH"},{"data":"Darkness","floor":27,"key":"SMITH"},{"data":"Ball Lightning","floor":32,"key":"SMITH"},{"data":"EpicFetus","floor":41,"key":"SMITH"}],"circlet_count":0,"master_deck":["Strike_B+1","Strike_B+1","Strike_B+1","Strike_B+1","Defend_B+1","Defend_B+1","Defend_B+1","Defend_B+1","Zap+1","Dualcast+1","ats:Roar Of Ursus+1","FairyFestival","Double Energy+1","VoidDream","Go for the Eyes+1","Wellcheers","Ball Lightning+1","Murderer","Beam Cell+1","MeatLantern","Chaos+1","Coolheaded+1","Scorched","Coolheaded+1","Porccubus","Defragment+1","SpiderBud","Ball Lightning+1","CherryBlossoms","Thunder Strike+1","Lockon+1","OldLady","Cold Snap+1","RitualDagger+1","QueenOfHatred","Compile Driver+1","QueenBee","Reboot+1","MeltingLove","Gash+1","GreedKing","Blizzard+1","Darkness+1","DespairKnight","Leap+1","WhitesApple","BootSequence+1","HeroicMonk","Go for the Eyes+1","WallGazer","Multi-Cast+1","CENSORED","Gash+1","LittlePrince","Beam Cell+1","EpicFetus+1","Impatience+1","Flash of Steel+1","DreamingCurrent","Double Energy+1","FieryBird","Redo+1","Parasite"],"relics":["Cracked Core","HushsDoor","REME_ComplimentaryCards","ice","GuppysTail","CogitoBucket","LetterFromLob","BlankCard","TheBean","Mercury Hourglass","HornCleat","SharpPlug","Tiny House","TreeSap","InkBottle","Diplopia","NineVolt","DeathBook","AtMidnight","SkinProphecy","Omamori","ChampionBelt","Oddly Smooth Stone","Smiling Mask","Kunai","Lantern","Mark of the Bloom","PokeGo","ShedSkin_r"],"acts_visited":["Exordium","TheCity","TheBeyond"],"potions_floor_usage":[16,16,16,40,40,40],"damage_taken":[{"damage":0.0,"enemies":"Small Slimes","floor":1.0,"turns":2.0},{"damage":6.0,"enemies":"Jaw Worm","floor":2.0,"turns":3.0},{"damage":2.0,"enemies":"2 Louse","floor":4.0,"turns":3.0},{"damage":13.0,"enemies":"Lots of Slimes","floor":5.0,"turns":4.0},{"damage":32.0,"enemies":"Gremlin Nob","floor":10.0,"turns":5.0},{"damage":43.0,"enemies":"2 Fungi Beasts","floor":11.0,"turns":3.0},{"damage":57.0,"enemies":"Lagavulin","floor":12.0,"turns":7.0},{"damage":0.0,"enemies":"Exordium Thugs","floor":13.0,"turns":4.0},{"damage":73.0,"enemies":"Exordium Wildlife","floor":14.0,"turns":2.0},{"damage":5,"enemies":"Hexaghost","floor":16,"turns":6},{"damage":180,"enemies":"Shell Parasite","floor":18,"turns":6},{"damage":50,"enemies":"Spheric Guardian","floor":20,"turns":3},{"damage":2,"enemies":"Shelled Parasite and Fungi","floor":21,"turns":3},{"damage":6,"enemies":"Centurion and Healer","floor":22,"turns":3},{"damage":61,"enemies":"Slavers","floor":23,"turns":2},{"damage":0,"enemies":"3 Cultists","floor":28,"turns":2},{"damage":0,"enemies":"REME_1_Revenger","floor":30,"turns":2},{"damage":42,"enemies":"Chosen and Byrds","floor":31,"turns":2},{"damage":43,"enemies":"Automaton","floor":33,"turns":3},{"damage":16,"enemies":"Reptomancer","floor":35,"turns":2},{"damage":44,"enemies":"Giant Head","floor":37,"turns":2},{"damage":0,"enemies":"3 Darklings","floor":39,"turns":2},{"damage":4,"enemies":"Nemesis","floor":40,"turns":5}],"seed_played":"-3331995381144722779","potions_obtained":[{"floor":5.0,"key":"SkillPotion"},{"floor":10.0,"key":"Energy Potion"},{"floor":12.0,"key":"Swift Potion"},{"floor":13.0,"key":"Swift Potion"},{"floor":17,"key":"AttackPotion"},{"floor":20,"key":"PowerPotion"},{"floor":22,"key":"DistilledChaos"},{"floor":30,"key":"SpeedPotion"},{"floor":33,"key":"Fire Potion"},{"floor":37,"key":"PotionOfCapacity"},{"floor":40,"key":"Ancient Potion"}],"is_trial":false,"path_per_floor":["M","M","?","M","M","R","?","R","T","E","M","E","M","M","R","B",null,"M","?","M","M","M","E","R","$","T","R","M","$","E","M","R","B",null,"M","?","M","?","M","E","R","?","T","M"],"character_chosen":"DEFECT","items_purchased":["Diplopia","NineVolt","Darkness"],"campfire_rested":0,"item_purchase_floors":[25,25,25],"current_hp_per_floor":[75,71,59,59,51,51,36,36,36,75,34,43,85,13,13,16,93,98,92,44,42,45,99,99,99,99,99,110,110,112,78,78,87,121,122,108,124,114,132,136,136,136,136,0,0],"gold":371,"neow_bonus":"","is_daily":false,"chose_seed":false,"campfire_upgraded":7,"win_rate":0.0,"timestamp":1611485594,"path_taken":["M","M","?","M","M","R","?","R","T","E","M","E","M","M","R","BOSS","M","?","M","M","M","E","R","$","T","R","M","$","E","M","R","BOSS","M","?","M","?","M","E","R","?","T","M"],"items_purchased_type":["Relic","Relic","Card"],"build_version":"2020-12-22","purchased_purges":0,"victory":false,"max_hp_per_floor":[75,75,75,75,75,75,75,75,75,75,81,83,86,88,88,88,93,103,103,104,108,110,110,110,110,110,110,110,110,112,114,114,121,121,123,123,130,130,132,136,136,136,136,136,136],"card_choices":[{"not_picked":["WallGazer","Bloodbath"],"picked":"FairyFestival","floor":1.0},{"not_picked":["Go for the Eyes","Barrage"],"picked":"Double Energy","floor":1.0},{"not_picked":["SpiderBud","Laetitia"],"picked":"VoidDream","floor":2.0},{"not_picked":["Steam Power","Creative AI"],"picked":"Go for the Eyes","floor":2.0},{"not_picked":["BeautyBeast","CherryBlossoms"],"picked":"Wellcheers","floor":4.0},{"not_picked":["Doom and Gloom","Static Discharge"],"picked":"Ball Lightning","floor":4.0},{"not_picked":["OSAHOGD","WallGazer"],"picked":"Murderer","floor":5.0},{"not_picked":["Redo","Barrage"],"picked":"Beam Cell","floor":5.0},{"not_picked":["BeautyBeast","OSAHOGD"],"picked":"MeatLantern","floor":10.0},{"not_picked":["Bomb","Fission"],"picked":"Chaos","floor":10.0},{"not_picked":["Aggregate","Steam"],"picked":"Coolheaded","floor":11.0},{"not_picked":["HappyTeddy","UniverseFragment"],"picked":"Scorched","floor":12.0},{"not_picked":["REME_Compress","Hello World"],"picked":"Coolheaded","floor":12.0},{"not_picked":["PunishingBird","UniverseFragment"],"picked":"Porccubus","floor":13.0},{"not_picked":["Ball Lightning","Compile Driver"],"picked":"Defragment","floor":13.0},{"not_picked":["LaLuna","Laetitia","Bloodbath"],"picked":"Singing Bowl","floor":14.0},{"not_picked":["MHz","Yin"],"picked":"SpiderBud","floor":14.0},{"not_picked":["Stack","Barrage"],"picked":"Ball Lightning","floor":14.0},{"not_picked":["BigBadWolf","UniverseFragment"],"picked":"CherryBlossoms","floor":16},{"not_picked":["Creative AI","Multi-Cast"],"picked":"Thunder Strike","floor":16},{"not_picked":["Hologram","Beam Cell"],"picked":"Lockon","floor":17},{"not_picked":["MHz","ShyLook"],"picked":"OldLady","floor":18},{"not_picked":["Go for the Eyes+1","Force Field+1"],"picked":"Cold Snap","floor":18},{"not_picked":["BeautyBeast","ShyLook"],"picked":"QueenOfHatred","floor":20},{"not_picked":["Cancel","Hologram"],"picked":"Compile Driver+1","floor":20},{"not_picked":["BigBird","Variant"],"picked":"QueenBee","floor":21},{"not_picked":["Compile Driver+1","Melter"],"picked":"Reboot","floor":21},{"not_picked":["OSAHOGD","ShyLook"],"picked":"MeltingLove","floor":22},{"not_picked":["Compile Driver+1","FTL"],"picked":"Gash","floor":22},{"not_picked":["OSAHOGD","HeroicMonk"],"picked":"GreedKing","floor":23},{"not_picked":["Consume+1","Beam Cell"],"picked":"Blizzard+1","floor":23},{"not_picked":["CENSORED","ShyLook"],"picked":"DespairKnight","floor":28},{"not_picked":["Cancel","Cold Snap"],"picked":"Leap","floor":28},{"not_picked":["PlagueDoctor","OSAHOGD","ShyLook"],"picked":"Singing Bowl","floor":30},{"not_picked":["Yin","BigBird"],"picked":"WhitesApple","floor":30},{"not_picked":["Conserve Battery","Glacier"],"picked":"BootSequence","floor":30},{"not_picked":["ShyLook","DreamingCurrent"],"picked":"HeroicMonk","floor":31},{"not_picked":["Steam","Compile Driver+1"],"picked":"Go for the Eyes","floor":31},{"not_picked":["DreamingCurrent","Variant"],"picked":"WallGazer","floor":33},{"not_picked":["Buffer","Machine Learning"],"picked":"Multi-Cast","floor":33},{"not_picked":["MHz","UniverseFragment"],"picked":"CENSORED","floor":35},{"not_picked":["Compile Driver","Conserve Battery+1"],"picked":"Gash","floor":35},{"not_picked":["LaLuna","Bloodbath"],"picked":"LittlePrince","floor":37},{"not_picked":["Pulse+1","REME_Compress+1"],"picked":"Beam Cell","floor":37},{"not_picked":["REME_TwoStrings","Bomb"],"picked":"EpicFetus","floor":38},{"not_picked":["Blind","PanicButton"],"picked":"Impatience","floor":38},{"not_picked":["Forethought","REME_ShortnessOfBreath"],"picked":"Flash of Steel","floor":38},{"not_picked":["Funeral","SingingMachine"],"picked":"DreamingCurrent","floor":39},{"not_picked":["Sweeping Beam","Go for the Eyes"],"picked":"Double Energy+1","floor":39},{"not_picked":["SilentOrchestra","SingingMachine"],"picked":"FieryBird","floor":40},{"not_picked":["Barrage","Auto Shields+1"],"picked":"Redo+1","floor":40}],"player_experience":61281,"relics_obtained":[{"floor":1.0,"key":"LetterFromLob"},{"floor":9.0,"key":"Mercury Hourglass"},{"floor":10.0,"key":"HornCleat"},{"floor":12.0,"key":"SharpPlug"},{"floor":23,"key":"InkBottle"},{"floor":26,"key":"DeathBook"},{"floor":28,"key":"AtMidnight"},{"floor":30,"key":"Omamori"},{"floor":35,"key":"Oddly Smooth Stone"},{"floor":37,"key":"Kunai"},{"floor":40,"key":"Lantern"},{"floor":43,"key":"PokeGo"}],"event_choices":[{"damage_healed":0.0,"max_hp_gain":0.0,"max_hp_loss":0.0,"gold_gain":0.0,"event_name":"Scrap Ooze","player_choice":"Success","floor":3.0,"gold_loss":0.0,"damage_taken":12.0,"relics_obtained":["BlankCard"]},{"damage_healed":0,"gold_gain":0,"player_choice":"Joined the Cult","damage_taken":6,"max_hp_gain":0,"max_hp_loss":0,"event_name":"Nest","floor":19,"gold_loss":0,"cards_obtained":["RitualDagger"]},{"damage_healed":0,"gold_gain":0,"player_choice":"Memory 3","damage_taken":10,"max_hp_gain":0,"max_hp_loss":0,"event_name":"SensoryStone","floor":38,"gold_loss":0},{"damage_healed":0,"gold_gain":0,"player_choice":"Upgrade","damage_taken":0,"relics_obtained":["Mark of the Bloom"],"max_hp_gain":0,"max_hp_loss":0,"event_name":"MindBloom","floor":42,"gold_loss":0,"cards_upgraded":["Strike_B","Strike_B","Strike_B","Strike_B","Defend_B","Defend_B","Defend_B","Defend_B","Zap","Ball Lightning","Beam Cell","Chaos","Coolheaded","Coolheaded","Defragment","Thunder Strike","Lockon","Cold Snap","Reboot","Gash","Leap","BootSequence","Go for the Eyes","Multi-Cast","Gash","Beam Cell","Impatience","Flash of Steel"]}],"is_beta":false,"boss_relics":[{"not_picked":["Ectoplasm","Sozu"],"picked":"Tiny House"},{"not_picked":[]},{"not_picked":["Cursed Key","Coffee Dripper"],"picked":"ChampionBelt"},{"not_picked":[]}],"items_purged_floors":[],"is_endless":false,"potions_floor_spawned":[5,10,12,13,20,22,30,33,37,40],"ascension_level":0}}