{"host":"e8hwgc5hwysw32tq","time":1611451757,"event":{"mods":["BaseMod","Downfall","Minty Spire (QoL Compilation)","Shop Mod","StSLib"],"gold_per_floor":[0,10,10,24,174,203,226,226,261,273,173,173,173,199,213,318,318,318,336,336,356,366,111,158,168,168,178,206,306,325,342,354,458,458,458,469,469,469,469,222,222,239,239,251,266,283,314,164,182,182],"floor_reached":51,"language":"ENG","playtime":3105,"items_purged":["hexamod:Defend+1"],"score":771,"play_id":"d531bafa-607c-40cb-bf4e-660858fc5523","local_time":"20210123172917","is_ascension_mode":false,"campfire_choices":[{"floor":1,"key":"RECALL"},{"floor":8,"key":"REST"},{"data":"hexamod:AdvancingGuard","floor":11,"key":"SMITH"},{"data":"hexamod:Float","floor":13,"key":"SMITH"},{"data":"hexamod:HexaLevel","floor":18,"key":"SMITH"},{"data":"hexamod:GhostOfSpireFuture","floor":26,"key":"SMITH"},{"floor":35,"key":"REST"},{"floor":43,"key":"REST"}],"circlet_count":0,"master_deck":["hexamod:Strike+1","hexamod:Strike+1","hexamod:Strike+1","hexamod:Strike+1","hexamod:Defend+1","hexamod:Sear+1","hexamod:Float+1","hexamod:SixthSeal","hexamod:ThermalTransfer+1","hexamod:SwordOfDarkness+1","hexamod:ShieldOfDarkness+1","hexamod:AdvancingGuard+1","hexamod:NightmareGuise+1","hexamod:TimeOfNeed+1","hexamod:HexaLevel+1","hexamod:PowerFromBeyond+1","hexamod:GhostOfSpireFuture+1","hexamod:GhostLash+1","hexamod:SpectersWail+1","hexamod:TimeWarp+1","hexamod:GhostOfSpireFuture+1","hexamod:RetreatToShadows+1","hexamod:TimeWarp+1","hexamod:HauntingEcho+1","hexamod:PhantomCloak+1","hexamod:GhostShield+1"],"relics":["hexamod:SpiritBrand","Pantograph","Dream Catcher","Pen Nib","Omamori","downfall:HeartBlessingRed","Calipers","hexamod:IceCube","Matryoshka","Art of War","Vajra","Oddly Smooth Stone","White Beast Statue","Fusion Hammer","Bag of Preparation","Gremlin Horn","Sling","Centennial Puzzle","Bottled Flame"],"acts_visited":["Exordium","TheCity","TheBeyond"],"potions_floor_usage":[16,47,50,50],"damage_taken":[{"damage":7,"enemies":"Small Slimes","floor":2,"turns":5},{"damage":1,"enemies":"Jaw Worm","floor":4,"turns":3},{"damage":13,"enemies":"Lagavulin","floor":6,"turns":7},{"damage":22,"enemies":"3 Sentries","floor":9,"turns":9},{"damage":0,"enemies":"Cultist","floor":10,"turns":4},{"damage":5,"enemies":"Lagavulin","floor":14,"turns":5},{"damage":0,"enemies":"Gremlin Gang","floor":15,"turns":3},{"damage":5,"enemies":"SI_SHIV_ARCHETYPE","floor":16,"turns":7},{"damage":0,"enemies":"Spheric Guardian","floor":19,"turns":4},{"damage":0,"enemies":"Chosen","floor":21,"turns":4},{"damage":4,"enemies":"Snake Plant","floor":22,"turns":4},{"damage":0,"enemies":"downfall:FleeingMerchant","floor":23,"turns":4},{"damage":0,"enemies":"Centurion and Healer","floor":25,"turns":4},{"damage":0,"enemies":"3 Cultists","floor":27,"turns":5},{"damage":0,"enemies":"Book of Stabbing","floor":28,"turns":5},{"damage":0,"enemies":"downfall:LadyInBlue","floor":29,"turns":8},{"damage":0,"enemies":"Snake Plant","floor":30,"turns":3},{"damage":0,"enemies":"Snecko","floor":31,"turns":4},{"damage":4,"enemies":"3 Cultists","floor":32,"turns":5},{"damage":3,"enemies":"WA_ARCHETYPE_CALM","floor":33,"turns":8},{"damage":6,"enemies":"3 Shapes","floor":36,"turns":3},{"damage":0,"enemies":"downfall:FleeingMerchant","floor":40,"turns":4},{"damage":0,"enemies":"3 Darklings","floor":42,"turns":3},{"damage":3,"enemies":"Sphere and 2 Shapes","floor":44,"turns":3},{"damage":3,"enemies":"Jaw Worm Horde","floor":45,"turns":3},{"damage":3,"enemies":"Writhing Mass","floor":46,"turns":4},{"damage":22,"enemies":"Nemesis","floor":47,"turns":5},{"damage":0,"enemies":"Sphere and 2 Shapes","floor":49,"turns":4},{"damage":49,"enemies":"DF_ARCHETYPE_ORBS","floor":50,"turns":12}],"seed_played":"808011786008882787","potions_obtained":[{"floor":9,"key":"SteroidPotion"},{"floor":10,"key":"SpeedPotion"},{"floor":14,"key":"Regen Potion"},{"floor":16,"key":"Weak Potion"},{"floor":33,"key":"CultistPotion"},{"floor":47,"key":"Swift Potion"}],"is_trial":false,"path_per_floor":["R","M","?","M","?","E","T","R","E","M","R","?","R","E","M","B",null,"R","M","?","M","M","$","T","M","R","M","E","?","M","M","M","B",null,"R","M","?","?","?","$","T","M","R","M","M","M","E","?","M","B",null],"character_chosen":"THE_SPIRIT","items_purchased":["Matryoshka","Sling"],"campfire_rested":3,"item_purchase_floors":[23,40],"current_hp_per_floor":[70,63,38,37,37,24,24,45,23,23,23,23,23,18,18,53,70,70,70,70,70,66,66,66,66,66,66,66,66,66,66,62,67,70,70,64,64,64,64,64,64,64,70,67,64,61,39,80,80,31],"gold":182,"neow_bonus":"THREE_RARE_CARDS","is_daily":false,"chose_seed":false,"campfire_upgraded":4,"win_rate":0.0,"timestamp":1611451757,"path_taken":["R","M","?","M","?","E","T","R","E","M","R","?","R","E","M","BOSS","R","M","?","M","M","$","T","M","R","M","E","?","?","M","M","BOSS","R","M","?","?","?","?","T","M","R","?","M","?","E","?","M","BOSS"],"items_purchased_type":["Relic","Relic"],"build_version":"2020-12-22","purchased_purges":1,"victory":true,"max_hp_per_floor":[70,70,70,70,70,70,70,70,70,70,70,70,70,70,70,70,70,70,70,70,70,70,70,70,70,70,70,70,70,70,70,70,70,70,70,70,70,70,70,70,70,70,70,70,70,70,70,80,80,80],"card_choices":[{"not_picked":["hexamod:FifthSeal","hexamod:VolcanoVisage"],"picked":"hexamod:SixthSeal","floor":0},{"not_picked":["hexamod:GhostShield","hexamod:Haunt"],"picked":"hexamod:ThermalTransfer","floor":2},{"not_picked":["hexamod:ThermalTransfer","hexamod:FlamesFromBeyond"],"picked":"hexamod:SwordOfDarkness","floor":4},{"not_picked":["hexamod:ShieldOfDarkness","hexamod:HeatMetal","hexamod:FourthSeal"],"picked":"SKIP","floor":6},{"not_picked":["hexamod:CatchUp","hexamod:StepThrough"],"picked":"hexamod:ShieldOfDarkness","floor":8},{"not_picked":["hexamod:NightmareGuise","hexamod:RetreatToShadows"],"picked":"hexamod:AdvancingGuard","floor":9},{"not_picked":["hexamod:TurnItUp","hexamod:RainOfEmbers"],"picked":"hexamod:NightmareGuise","floor":10},{"not_picked":["hexamod:HauntingEcho","hexamod:GhostLash"],"picked":"hexamod:TimeOfNeed","floor":14},{"not_picked":["hexamod:RecurringNightmare","hexamod:NightmareGuise","hexamod:FlamesFromBeyond"],"picked":"SKIP","floor":15},{"not_picked":["hexamod:TurnItUp","hexamod:WildfireWeapon"],"picked":"hexamod:HexaLevel","floor":16},{"not_picked":["hexamod:NightmareStrike","hexamod:CatchUp","hexamod:BurningTouch"],"picked":"SKIP","floor":19},{"not_picked":["hexamod:NightmareStrike","hexamod:CatchUp","hexamod:BurningTouch"],"picked":"SKIP","floor":19},{"not_picked":["hexamod:FlamesFromBeyond+1","hexamod:BacktrackSmack"],"picked":"hexamod:PowerFromBeyond+1","floor":21},{"not_picked":["hexamod:SwordOfDarkness","hexamod:EmpoweredFlame","hexamod:BurningTouch"],"picked":"SKIP","floor":22},{"not_picked":["hexamod:FlamesFromBeyond","hexamod:EmpoweredFlame"],"picked":"hexamod:GhostOfSpireFuture","floor":23},{"not_picked":["hexamod:NightmareGuise","hexamod:NightmareStrike+1"],"picked":"hexamod:GhostLash+1","floor":25},{"not_picked":["hexamod:FourthSeal","hexamod:BacktrackSmack"],"picked":"hexamod:SpectersWail","floor":27},{"not_picked":["hexamod:UnleashSpirits","hexamod:ParanormalForm"],"picked":"hexamod:TimeWarp","floor":28},{"not_picked":["hexamod:GhostLash","hexamod:SwordOfDarkness+1"],"picked":"hexamod:GhostOfSpireFuture+1","floor":29},{"not_picked":["hexamod:Hexaguard","hexamod:NightmareStrike","hexamod:InspiringFlames+1"],"picked":"SKIP","floor":30},{"not_picked":["hexamod:GhostShield","hexamod:InspiringFlames","hexamod:RadiantFlame"],"picked":"SKIP","floor":31},{"not_picked":["hexamod:GhostLash","hexamod:HauntingEcho"],"picked":"hexamod:RetreatToShadows+1","floor":32},{"not_picked":["hexamod:WildfireWeapon","hexamod:ParanormalForm"],"picked":"hexamod:TimeWarp","floor":33},{"not_picked":["hexamod:BacktrackSmack","hexamod:SwordOfDarkness"],"picked":"hexamod:HauntingEcho+1","floor":35},{"not_picked":["hexamod:GhostShield","hexamod:ShieldOfDarkness","hexamod:BurningTouch"],"picked":"SKIP","floor":36},{"not_picked":["hexamod:ExtraCrispy","hexamod:SwordOfDarkness","hexamod:NightmareStrike"],"picked":"SKIP","floor":40},{"not_picked":["hexamod:NightmareStrike+1","hexamod:GhostShield"],"picked":"hexamod:PhantomCloak+1","floor":42},{"not_picked":["hexamod:Incineration","hexamod:ThermalTransfer+1","hexamod:NightmareStrike+1"],"picked":"SKIP","floor":44},{"not_picked":["hexamod:PowerFromBeyond","hexamod:GhostShield","hexamod:ChargedBarrage"],"picked":"SKIP","floor":45},{"not_picked":["hexamod:FourthSeal","hexamod:Again+1","hexamod:Haunt"],"picked":"SKIP","floor":46},{"not_picked":["hexamod:Firestarter+1","hexamod:NightmareStrike+1"],"picked":"hexamod:GhostShield+1","floor":47},{"not_picked":["hexamod:GhostShield+1","hexamod:NightmareStrike+1","hexamod:BurningTouch+1"],"picked":"SKIP","floor":49}],"player_experience":432122,"relics_obtained":[{"floor":6,"key":"Dream Catcher"},{"floor":7,"key":"Pen Nib"},{"floor":9,"key":"Omamori"},{"floor":14,"key":"Calipers"},{"floor":24,"key":"Art of War"},{"floor":24,"key":"Vajra"},{"floor":28,"key":"Oddly Smooth Stone"},{"floor":29,"key":"White Beast Statue"},{"floor":39,"key":"Bag of Preparation"},{"floor":39,"key":"Gremlin Horn"},{"floor":41,"key":"Centennial Puzzle"},{"floor":47,"key":"Bottled Flame"}],"event_choices":[{"damage_healed":0,"gold_gain":0,"player_choice":"Success","damage_taken":25,"relics_obtained":["Pantograph"],"max_hp_gain":0,"max_hp_loss":0,"event_name":"Scrap Ooze","floor":3,"gold_loss":0}],"is_beta":false,"boss_relics":[{"not_picked":["bronze:MakeshiftBattery","Coffee Dripper"],"picked":"hexamod:IceCube"},{"not_picked":["Black Star","Pandora\u0027s Box"],"picked":"Fusion Hammer"}],"items_purged_floors":[40],"is_endless":false,"potions_floor_spawned":[9,10,14,16,21,25,27,28,29,30,31,32,33,36,40,42,44,45,46,47,49],"ascension_level":0}}