{"host":"cbabs5wvj1yqiyjm","time":1611526797,"event":{"mods":["AchievementEnabler","Act Like it!","Bartender","BaseMod","Bestiary","Better Third Choice","BetterRewards","Colored Powertips","Curses Come First","Downfall","Friendly Minions","Hallownest","Hermit","Infinite Spire","Kratos Character Expansion","Marisa????????","Minty Spire (QoL Compilation)","Rare Cards Sparkle","Replay The Spire","SOS???????","Spicy Shops","StSLib","Td1madao Mod","The Bladedancer","The Bug Knight","The Cursed","The Disciple","The Forsaken","The Marked","The Necromancer","The Problem Sleuth","The Servant 0.9.4","Wandering Minibosses","???Mod??????Boss"],"gold_per_floor":[99,123,123,135,196,213,262,262,262,333,333,365,365,423,441,549,549,549,571,571,60,12,22,22,32,46,68,68,168,168,168,246,353,353,253,273,273,273],"floor_reached":37,"language":"ENG","playtime":3032,"items_purged":[],"score":396,"play_id":"08b80eec-5faa-418d-af09-0dc7e0fdc70e","local_time":"20210124171957","is_ascension_mode":false,"campfire_choices":[{"floor":1,"key":"DIG"},{"floor":9,"key":"REST"},{"floor":13,"key":"REST"},{"floor":18,"key":"DIG"},{"floor":28,"key":"REST"},{"floor":30,"key":"REST"},{"floor":35,"key":"RECALL"}],"circlet_count":0,"master_deck":["hermit:Strike_Hermit+1","hermit:Strike_Hermit+1","hermit:Strike_Hermit","hermit:Defend_Hermit","hermit:Defend_Hermit","hermit:Defend_Hermit","hermit:Defend_Hermit","hermit:Snapshot+1","hermit:Covet","hermit:Headshot","hermit:HighCaliber+1","hermit:FullyLoaded+1","hermit:Dive","hermit:TakeCover","hermit:Feint","hermit:Reprieve","hermit:Snipe+1","hermit:FlashPowder","hermit:Quickdraw+1","hermit:HighCaliber+1","hermit:GhostlyPresence","hermit:FlashPowder","hermit:Enervate","hermit:Ricochet","hermit:EternalForm","hermit:Vantage+1","hermit:BlackWind+1","infinitespire:Fortify+1","hermit:Showdown"],"relics":["hermit:Momento","Smiling Mask","Pen Nib","PreservedInsect","Fusion Hammer","Torii","Whetstone","Mummified Hand","Astrolabe","downfall:HeartBlessingBlue"],"acts_visited":["Exordium","TheCity","TheBeyond"],"potions_floor_usage":[16,16,16,26,33,33,37],"damage_taken":[{"damage":1,"enemies":"Cultist","floor":2,"turns":5},{"damage":0,"enemies":"2 Louse","floor":4,"turns":2},{"damage":8,"enemies":"Jaw Worm","floor":5,"turns":5},{"damage":7,"enemies":"Large Slime","floor":6,"turns":4},{"damage":28,"enemies":"HollowMod:MossKnight","floor":12,"turns":10},{"damage":0,"enemies":"Exordium Wildlife","floor":14,"turns":5},{"damage":1,"enemies":"2 Fungi Beasts","floor":15,"turns":5},{"damage":68,"enemies":"The Guardian","floor":16,"turns":15},{"damage":18,"enemies":"3 Byrds","floor":19,"turns":7},{"damage":3,"enemies":"downfall:FleeingMerchant","floor":22,"turns":4},{"damage":20,"enemies":"Chosen","floor":23,"turns":7},{"damage":2,"enemies":"Snake Plant","floor":25,"turns":3},{"damage":25,"enemies":"Chosen and Byrds","floor":26,"turns":7},{"damage":0,"enemies":"Centurion and Healer","floor":27,"turns":6},{"damage":17,"enemies":"Snecko","floor":32,"turns":7},{"damage":64,"enemies":"IC_MUSHROOM_ARCHETYPE","floor":33,"turns":10},{"damage":51,"enemies":"3 Shapes","floor":36,"turns":4},{"damage":48,"enemies":"3 Darklings","floor":37,"turns":21}],"seed_played":"-4233542533504463770","potions_obtained":[{"floor":4,"key":"champ:CounterPotion"},{"floor":6,"key":"SteroidPotion"},{"floor":12,"key":"Strength Potion"},{"floor":15,"key":"champ:CounterPotion"},{"floor":23,"key":"Adrenaline Potion"},{"floor":25,"key":"hexamod:SoulburnPotion"},{"floor":26,"key":"AttackPotion"},{"floor":36,"key":"LifebloodPotion"}],"is_trial":false,"path_per_floor":["R","M","?","M","M","M","T","?","R","T","?","E","R","M","M","B",null,"R","M","AVR","?","$","M","T","M","M","M","R","?","R","?","M","B",null,"R","M","M"],"character_chosen":"HERMIT","items_purchased":["hermit:Quickdraw+1"],"campfire_rested":4,"item_purchase_floors":[22],"current_hp_per_floor":[82,81,65,65,57,50,50,50,74,74,74,46,70,70,69,1,82,82,64,64,64,65,53,53,55,30,30,54,54,78,78,65,1,82,92,41,0,0],"gold":273,"neow_bonus":"TEN_PERCENT_HP_BONUS","is_daily":false,"chose_seed":false,"campfire_upgraded":0,"win_rate":0.0,"timestamp":1611526797,"path_taken":["R","M","?","M","M","M","T","?","R","?","?","E","R","?","M","BOSS","R","M","AVR","?","$","M","T","M","M","M","R","?","R","?","M","BOSS","R","M","?"],"items_purchased_type":["Card"],"build_version":"2020-12-22","purchased_purges":0,"victory":false,"max_hp_per_floor":[82,82,82,82,82,82,82,82,82,82,82,82,82,82,82,82,82,82,82,82,82,82,82,82,82,82,82,82,82,82,82,82,82,82,92,92,92,92],"card_choices":[{"not_picked":["hermit:HoleUp","hermit:SprayPray"],"picked":"hermit:Midnight","floor":2},{"not_picked":["hermit:LoneWolf","hermit:Dive"],"picked":"hermit:Headshot","floor":4},{"not_picked":["hermit:Desperado","hermit:TrackingShot"],"picked":"hermit:HighCaliber","floor":5},{"not_picked":["hermit:Horror","hermit:LoneWolf"],"picked":"hermit:Scavenge","floor":6},{"not_picked":["hermit:Vantage","hermit:Desperado"],"picked":"hermit:Dive","floor":12},{"not_picked":["hermit:Manifest","hermit:Desperado"],"picked":"hermit:TakeCover","floor":14},{"not_picked":["hermit:CursedWeapon","hermit:TakeCover"],"picked":"hermit:Feint","floor":15},{"not_picked":["hermit:OverwhelmingPower","hermit:BlackWind"],"picked":"hermit:Reprieve","floor":16},{"not_picked":["hermit:Coalescence","hermit:Quickdraw"],"picked":"hermit:Snipe+1","floor":19},{"not_picked":["infinitespire:Collect","infinitespire:Fortify"],"picked":"infinitespire:Oblivion","floor":21},{"not_picked":["hermit:RoundhouseKick","hermit:Manifest+1"],"picked":"hermit:FlashPowder","floor":22},{"not_picked":["hermit:Headshot","hermit:Scavenge"],"picked":"hermit:HighCaliber+1","floor":23},{"not_picked":["hermit:Scavenge+1","hermit:Spite"],"picked":"hermit:GhostlyPresence","floor":25},{"not_picked":["hermit:SprayPray","hermit:HoleUp+1"],"picked":"hermit:FlashPowder","floor":26},{"not_picked":["hermit:Vantage","hermit:Manifest"],"picked":"hermit:Enervate","floor":27},{"not_picked":["hermit:Feint","hermit:Dive+1"],"picked":"hermit:Ricochet","floor":32},{"not_picked":["hermit:DeadOrAlive","hermit:OverwhelmingPower"],"picked":"hermit:EternalForm","floor":33},{"not_picked":["hermit:SprayPray","hermit:Misfire+1"],"picked":"hermit:Showdown","floor":36}],"player_experience":77735,"relics_obtained":[{"floor":1,"key":"Smiling Mask"},{"floor":7,"key":"Pen Nib"},{"floor":12,"key":"PreservedInsect"},{"floor":18,"key":"Torii"},{"floor":24,"key":"Mummified Hand"}],"event_choices":[{"damage_healed":81,"gold_gain":0,"player_choice":"Upgrade","damage_taken":16,"max_hp_gain":0,"max_hp_loss":82,"event_name":"betterThird:BetterShining","floor":3,"gold_loss":0,"cards_upgraded":["hermit:Snapshot","hermit:Strike_Hermit"]},{"damage_healed":0,"gold_gain":0,"player_choice":"Ignored","damage_taken":0,"max_hp_gain":0,"max_hp_loss":0,"event_name":"NoteForYourself","floor":31,"gold_loss":0}],"is_beta":false,"boss_relics":[{"not_picked":["Runic Dome","Silver_Glasses"],"picked":"Fusion Hammer"},{"not_picked":["Snecko Eye","Black Star"],"picked":"Astrolabe"}],"items_purged_floors":[],"is_endless":false,"potions_floor_spawned":[4,6,12,15,23,25,26,36],"killed_by":"3 Darklings","ascension_level":0}}