{"host":"0bf1j2iyw2812bby","time":1611453602,"event":{"mods":["BaseMod","Colored Map","Downfall","Highlight Path","Minty Spire (QoL Compilation)","StSLib"],"gold_per_floor":[118,135,148,148,162,162,175,175,198,198,211,211,243,261,261,356,356,356,356,356,356,356,356,356,356,356,356,135,135,135,135,135,135,135],"floor_reached":33,"language":"ENG","playtime":1435,"items_purged":["Strike_R"],"score":355,"play_id":"aa328a40-b589-448a-baf5-bad44f21f4b5","local_time":"20210123210002","is_ascension_mode":true,"campfire_choices":[{"data":"Seeing Red","floor":6,"key":"SMITH"},{"data":"Bludgeon","floor":8,"key":"SMITH"},{"floor":10,"key":"REST"},{"floor":15,"key":"REST"},{"floor":23,"key":"REST"},{"floor":25,"key":"REST"},{"data":"Infernal Blade","floor":29,"key":"SMITH"},{"data":"Bludgeon","floor":32,"key":"SMITH"}],"circlet_count":0,"master_deck":["Strike_R","Strike_R","Strike_R","Strike_R","Defend_R","Defend_R","Defend_R","Defend_R","Bash","Bludgeon+1","Armaments","Seeing Red+1","Thunderclap","Clash","Uppercut","Metallicize","Twin Strike","Impervious","Flex+1","Flex","Whirlwind","Sword Boomerang","Infernal Blade+1","Sword Boomerang","Bludgeon+1","Shrug It Off+1"],"relics":["Burning Blood","Anchor","NlothsMask","Juzu Bracelet","Ectoplasm","Red Mask","Bag of Preparation","HandDrill"],"acts_visited":["Exordium","TheCity"],"potions_floor_usage":[13,21,24,33,33],"damage_taken":[{"damage":1,"enemies":"Cultist","floor":1,"turns":3},{"damage":6,"enemies":"Small Slimes","floor":2,"turns":2},{"damage":12,"enemies":"Jaw Worm","floor":3,"turns":2},{"damage":28,"enemies":"Lots of Slimes","floor":5,"turns":4},{"damage":18,"enemies":"Large Slime","floor":7,"turns":4},{"damage":5,"enemies":"2 Fungi Beasts","floor":11,"turns":3},{"damage":17,"enemies":"Lagavulin","floor":13,"turns":5},{"damage":9,"enemies":"Lots of Slimes","floor":14,"turns":5},{"damage":29,"enemies":"Slime Boss","floor":16,"turns":10},{"damage":2,"enemies":"Chosen","floor":18,"turns":3},{"damage":37,"enemies":"Masked Bandits","floor":19,"turns":7},{"damage":1,"enemies":"Spheric Guardian","floor":20,"turns":3},{"damage":27,"enemies":"Snake Plant","floor":21,"turns":4},{"damage":18,"enemies":"Chosen and Byrds","floor":22,"turns":4},{"damage":9,"enemies":"Gremlin Leader","floor":24,"turns":6},{"damage":0,"enemies":"Sentry and Sphere","floor":27,"turns":3},{"damage":12,"enemies":"Snecko","floor":30,"turns":4},{"damage":0,"enemies":"Centurion and Healer","floor":31,"turns":2},{"damage":89,"enemies":"Champ","floor":33,"turns":8}],"seed_played":"7127882241246570955","potions_obtained":[{"floor":2,"key":"DistilledChaos"},{"floor":3,"key":"Ancient Potion"},{"floor":4,"key":"Strength Potion"},{"floor":16,"key":"Block Potion"},{"floor":21,"key":"ElixirPotion"},{"floor":24,"key":"Guardian:BlockOnCardUsePotion"}],"is_trial":false,"path_per_floor":["M","M","M","?","M","R","M","R","T","R","M","?","E","M","R","B",null,"M","?","M","M","M","R","E","R","T","M","$","R","M","M","R","B"],"character_chosen":"IRONCLAD","items_purchased":["HandDrill"],"campfire_rested":4,"item_purchase_floors":[28],"current_hp_per_floor":[77,77,71,71,49,49,37,37,37,61,62,62,51,48,72,49,72,76,45,50,29,17,41,38,62,62,68,68,68,62,68,68,0,0],"gold":135,"neow_bonus":"ONE_RANDOM_RARE_CARD","is_daily":false,"chose_seed":false,"campfire_upgraded":4,"win_rate":0.0,"timestamp":1611453602,"path_taken":["M","M","?","?","?","R","M","R","T","R","M","?","E","M","R","BOSS","M","?","M","M","M","R","E","R","T","M","$","R","M","M","R","BOSS"],"items_purchased_type":["Relic"],"build_version":"2020-12-13","purchased_purges":1,"victory":false,"max_hp_per_floor":[80,80,80,80,80,80,80,80,80,80,80,80,80,80,80,80,80,80,80,80,80,80,80,80,80,80,80,80,80,80,80,80,80,80],"card_choices":[{"not_picked":["Wild Strike","True Grit"],"picked":"Armaments","floor":1},{"not_picked":["Armaments","Sentinel"],"picked":"Seeing Red","floor":2},{"not_picked":["Body Slam","Pummel"],"picked":"Thunderclap","floor":3},{"not_picked":["Dual Wield","Heavy Blade"],"picked":"Clash","floor":5},{"not_picked":["Burning Pact","Rampage"],"picked":"Uppercut","floor":7},{"not_picked":["Headbutt","Burning Pact","Blood for Blood"],"picked":"SKIP","floor":11},{"not_picked":["Feel No Pain","Wild Strike"],"picked":"Metallicize","floor":13},{"not_picked":["Fire Breathing","Headbutt"],"picked":"Twin Strike","floor":14},{"not_picked":["Limit Break","Barricade"],"picked":"Impervious","floor":16},{"not_picked":["Twin Strike+1","Disarm+1"],"picked":"Flex+1","floor":18},{"not_picked":["Pommel Strike","Warcry"],"picked":"Flex","floor":19},{"not_picked":["Twin Strike","Wild Strike+1"],"picked":"Whirlwind","floor":20},{"not_picked":["Havoc","True Grit"],"picked":"Sword Boomerang","floor":21},{"not_picked":["Warcry","Ghostly Armor"],"picked":"Infernal Blade","floor":22},{"not_picked":["Rage","Rampage"],"picked":"Sword Boomerang","floor":24},{"not_picked":["Armaments+1","Body Slam+1"],"picked":"Bludgeon","floor":27},{"not_picked":["Twin Strike","Heavy Blade"],"picked":"Shrug It Off+1","floor":30},{"not_picked":["Headbutt","Shrug It Off","Cleave"],"picked":"SKIP","floor":31}],"player_experience":386602,"relics_obtained":[{"floor":9,"key":"Anchor"},{"floor":13,"key":"Juzu Bracelet"},{"floor":19,"key":"Red Mask"},{"floor":24,"key":"Bag of Preparation"}],"event_choices":[{"damage_healed":0,"gold_gain":0,"player_choice":"Got Potions","damage_taken":0,"max_hp_gain":0,"max_hp_loss":0,"event_name":"Lab","floor":4,"gold_loss":0},{"damage_healed":0,"gold_gain":0,"player_choice":"Trade","damage_taken":0,"relics_obtained":["NlothsMask"],"max_hp_gain":0,"max_hp_loss":0,"event_name":"FaceTrader","floor":12,"gold_loss":0},{"damage_healed":0,"gold_gain":0,"player_choice":"Fought Bandits","damage_taken":0,"max_hp_gain":0,"max_hp_loss":0,"event_name":"Masked Bandits","floor":19,"gold_loss":0}],"is_beta":false,"boss_relics":[{"not_picked":["Velvet Choker","Coffee Dripper"],"picked":"Ectoplasm"}],"items_purged_floors":[28],"is_endless":false,"potions_floor_spawned":[2,3,11,16,20,21,22,24,31],"killed_by":"Champ","ascension_level":6}}