{"host":"pi8b3ffzwvxqztac","time":1611531098,"event":{"mods":["BaseMod","Colored Map","Downfall","Minty Spire (QoL Compilation)","StSLib","The Jungle"],"gold_per_floor":[99,115,115,126,126,36,59,71,96,122,159,71,108,220,249,356,418,330,352,380,392,404,109,109,19,19,33,33,63,63,88,100,204,204,104,117,131,143,143,61,61,85,120,134,152,185,185,21,38,38,38,67,4,4,4,4,4,4],"floor_reached":56,"language":"ENG","playtime":4421,"items_purged":["Pain","Shame","Parasite"],"score":1071,"play_id":"524573a9-d0a4-48b1-939c-b7953e484b68","local_time":"20210125123138","is_ascension_mode":true,"campfire_choices":[{"floor":1.0,"key":"RECALL"},{"data":"champ:Taunt","floor":8.0,"key":"SMITH"},{"data":"champ:FanOfKnives","floor":12.0,"key":"SMITH"},{"data":"champ:SwordSigil","floor":18.0,"key":"SMITH"},{"data":"champ:HoldFirm","floor":26.0,"key":"SMITH"},{"data":"champ:HoldFirm","floor":28.0,"key":"SMITH"},{"data":"champ:FanOfKnives","floor":30.0,"key":"SMITH"},{"data":"champ:MurderStrike","floor":35.0,"key":"SMITH"},{"data":"champ:SwordThrow","floor":47.0,"key":"SMITH"},{"floor":54,"key":"REST"}],"circlet_count":0,"master_deck":["champ:Defend+1","champ:Defend+1","champ:Defend+1","champ:Defend+1","champ:Execute+1","champ:Taunt+1","champ:FaceSlap","champ:FaceSlap","champ:FanOfKnives+1","champ:HoldFirm+1","champ:BringItOn","champ:DeathBlow","champ:Encircle+1","champ:VampiricStrike","champ:SwordSigil+1","champ:StanceDance","champ:Endure+1","expansioncontent:DashGenerateEvil+1","champ:HoldFirm+1","champ:StanceDance","champ:SwordSigil+1","champ:MurderStrike+1","champ:ShieldSlam","champ:BringItOn+1","champ:AdrenalArmor","champ:GladiatorStyle","champ:Shatter","expansioncontent:DashGenerateEvil+1","champ:ShieldSigil+1","champ:BerserkerStyle","champ:SwordThrow+1","champ:BerserkersShout","champ:BerserkersShout+1"],"relics":["champ:ChampionCrown","MawBank","Sundial","downfall:HeartBlessingRed","CaptainsWheel","Tiny House","downfall:HeartBlessingGreen","theJungle:PaperFaux","White Beast Statue","Centennial Puzzle","Anchor","Bottled Lightning","Medical Kit","theJungle:ParSnip","Eternal Feather","StoneCalendar","Philosopher\u0027s Stone","downfall:HeartBlessingBlue","hexamod:CandleOfCauterizing","HandDrill","Darkstone Periapt","Meat on the Bone","Membership Card","Bottled Tornado"],"acts_visited":["Exordium","Exordium","TheBeyond","TheEnding"],"potions_floor_usage":[52,56],"damage_taken":[{"damage":29.0,"enemies":"Jaw Worm","floor":2.0,"turns":4.0},{"damage":11.0,"enemies":"Cultist","floor":4.0,"turns":4.0},{"damage":33.0,"enemies":"downfall:FleeingMerchant","floor":6.0,"turns":4.0},{"damage":1.0,"enemies":"2 Louse","floor":9.0,"turns":2.0},{"damage":13.0,"enemies":"Exordium Thugs","floor":10.0,"turns":4.0},{"damage":1.0,"enemies":"Gremlin Nob","floor":11.0,"turns":3.0},{"damage":35.0,"enemies":"3 Sentries","floor":13.0,"turns":8.0},{"damage":10.0,"enemies":"Lots of Slimes","floor":15.0,"turns":2.0},{"damage":8.0,"enemies":"SI_SHIV_ARCHETYPE","floor":16.0,"turns":6.0},{"damage":10.0,"enemies":"theJungle:MUSHROOMGANG","floor":19.0,"turns":3.0},{"damage":35.0,"enemies":"Shell Parasite","floor":20.0,"turns":3.0},{"damage":46.0,"enemies":"downfall:FleeingMerchant","floor":23.0,"turns":4.0},{"damage":30.0,"enemies":"theJungle:2_Snecko_Cultists","floor":27.0,"turns":3.0},{"damage":62.0,"enemies":"theJungle:2_Phrogs","floor":29.0,"turns":5.0},{"damage":40.0,"enemies":"theJungle:MamaSnecko","floor":31.0,"turns":3.0},{"damage":35.0,"enemies":"theJungle:SlimyTreeVines","floor":32.0,"turns":3.0},{"damage":65.0,"enemies":"IC_MUSHROOM_ARCHETYPE","floor":33.0,"turns":4.0},{"damage":65.0,"enemies":"3 Darklings","floor":36.0,"turns":4.0},{"damage":49.0,"enemies":"Orb Walker","floor":37.0,"turns":3.0},{"damage":10.0,"enemies":"Sphere and 2 Shapes","floor":38.0,"turns":4.0},{"damage":55.0,"enemies":"downfall:FleeingMerchant","floor":40.0,"turns":4.0},{"damage":45.0,"enemies":"downfall:FleeingMerchant","floor":42.0,"turns":3.0},{"damage":50.0,"enemies":"Nemesis","floor":43.0,"turns":5.0},{"damage":0.0,"enemies":"Jaw Worm Horde","floor":44.0,"turns":3.0},{"damage":60.0,"enemies":"Spire Growth","floor":45.0,"turns":4.0},{"damage":118.0,"enemies":"Reptomancer","floor":46.0,"turns":6.0},{"damage":96.0,"enemies":"Writhing Mass","floor":49.0,"turns":4.0},{"damage":98.0,"enemies":"DF_ARCHETYPE_ORBS","floor":50.0,"turns":6.0},{"damage":194,"enemies":"downfall:CharBossMerchant","floor":52,"turns":7},{"damage":284,"enemies":"downfall:NeowBoss","floor":55,"turns":17},{"damage":199,"enemies":"downfall:NeowBossFinal","floor":56,"turns":5}],"seed_played":"-6652465205927269887","potions_obtained":[{"floor":9.0,"key":"Weak Potion"},{"floor":11.0,"key":"Strength Potion"},{"floor":13.0,"key":"Explosive Potion"},{"floor":15.0,"key":"LiquidBronze"},{"floor":17.0,"key":"ColorlessPotion"},{"floor":23.0,"key":"Slimebound:ThreeZeroPotion"},{"floor":23.0,"key":"champ:UltimateStancePotion"},{"floor":31.0,"key":"FearPotion"},{"floor":32.0,"key":"champ:CounterPotion"},{"floor":33.0,"key":"BlessingOfTheForge"},{"floor":36.0,"key":"Block Potion"},{"floor":38.0,"key":"ColorlessPotion"},{"floor":40.0,"key":"Block Potion"},{"floor":46.0,"key":"Explosive Potion"},{"floor":49.0,"key":"ColorlessPotion"},{"floor":52,"key":"SpeedPotion"}],"is_trial":false,"path_per_floor":["R","M","?","M","?","$","T","R","M","M","E","R","E","?","M","B",null,"R","M","M","?","?","$","T","?","R","M","R","E","R","E","M","B",null,"R","M","M","M","?","$","T","$","E","M","M","E","R","$","M","B",null,"E","$","R","B","B"],"character_chosen":"THE_CHAMP","items_purchased":["expansioncontent:DashGenerateEvil+1","Medical Kit","champ:HoldFirm","champ:GladiatorStyle","HandDrill","expansioncontent:DashGenerateEvil+1","Membership Card","champ:BerserkersShout"],"campfire_rested":1,"item_purchase_floors":[23,23,23,40,42,42,48,48],"current_hp_per_floor":[81,72,72,71,71,58,58,58,57,49,48,48,38,38,38,30,113,113,113,113,113,105,84,84,84,84,84,84,82,94,94,94,94,113,123,123,119,119,119,119,119,119,119,119,119,104,122,122,128,105,129,63,63,118,65,0,0,0],"gold":4,"neow_bonus":"TWENTY_PERCENT_HP_BONUS","is_daily":false,"chose_seed":false,"campfire_upgraded":8,"win_rate":0.0,"timestamp":1611531098,"path_taken":["R","M","?","?","?","?","T","R","?","M","E","R","E","?","M","BOSS","R","M","M","?","?","$","T","?","R","M","R","E","R","E","M","BOSS","R","M","M","M","?","$","T","$","E","M","M","E","R","$","M","BOSS","E","$","R","BOSS","BOSS"],"items_purchased_type":["Card","Relic","Card","Card","Relic","Card","Relic","Card"],"build_version":"2020-12-22","purchased_purges":3,"victory":false,"max_hp_per_floor":[108,108,108,108,108,108,108,108,108,108,108,108,108,108,108,108,113,113,113,113,113,113,113,113,113,113,113,113,113,113,113,113,113,113,123,123,123,123,123,123,123,123,123,123,123,123,123,123,129,129,129,129,126,126,126,126,126,126],"card_choices":[{"not_picked":["champ:GutPunch","champ:BerserkersShout"],"picked":"champ:FaceSlap","floor":2.0},{"not_picked":["champ:FlashCut","champ:BerserkersShout"],"picked":"champ:FanOfKnives","floor":4.0},{"not_picked":["champ:RecklessLeap","champ:EndlessRage"],"picked":"champ:FaceSlap","floor":6.0},{"not_picked":["champ:Circumvent","champ:StanceDance"],"picked":"champ:FanOfKnives","floor":9.0},{"not_picked":["champ:EnGarde","champ:BladeFlurry"],"picked":"champ:HoldFirm","floor":10.0},{"not_picked":["champ:BerserkersShout","champ:CrownThrow"],"picked":"champ:BringItOn","floor":11.0},{"not_picked":["champ:TornadoPunch","champ:FlashCut"],"picked":"champ:DeathBlow","floor":13.0},{"not_picked":["champ:GutPunch","champ:PreciseThrust"],"picked":"champ:Encircle","floor":15.0},{"not_picked":["champ:UltimateStance","champ:IgnorePain"],"picked":"champ:VampiricStrike","floor":16.0},{"not_picked":["champ:GutPunch","champ:EnGarde"],"picked":"champ:SwordSigil","floor":17.0},{"not_picked":["champ:HeartStrike","champ:SwordSigil"],"picked":"champ:StanceDance","floor":19.0},{"not_picked":["champ:SetATrap","champ:PerfectedStrike+1","champ:FlashCut"],"picked":"SKIP","floor":20.0},{"not_picked":["champ:RapidStrikes","champ:RisingSlash"],"picked":"champ:Endure+1","floor":23.0},{"not_picked":["champ:PerfectedStrike","champ:CrookedStrike","champ:EnGarde"],"picked":"SKIP","floor":27.0},{"not_picked":["champ:RageSigil","champ:TornadoPunch"],"picked":"champ:StanceDance","floor":29.0},{"not_picked":["champ:CrookedStrike","champ:SetATrap"],"picked":"champ:SwordSigil+1","floor":31.0},{"not_picked":["champ:FancyFootwork","champ:SkillfulDodge","champ:SetATrap+1"],"picked":"SKIP","floor":32.0},{"not_picked":["champ:UltimateStance","champ:GladiatorForm"],"picked":"champ:MurderStrike","floor":33.0},{"not_picked":["champ:BladeFlurry","champ:ArenaPreparation"],"picked":"champ:ShieldSlam","floor":36.0},{"not_picked":["champ:Circumvent+1","champ:TornadoPunch"],"picked":"champ:BringItOn+1","floor":37.0},{"not_picked":["champ:Circumvent+1","champ:GutPunch","champ:Haymaker"],"picked":"SKIP","floor":38.0},{"not_picked":["champ:FalseCounter+1","champ:FlashCut"],"picked":"champ:AdrenalArmor","floor":40.0},{"not_picked":["champ:RisingSlash+1","champ:PerfectedStrike"],"picked":"champ:Shatter","floor":42.0},{"not_picked":["champ:PerfectedStrike","champ:GutPunch","champ:SetATrap"],"picked":"SKIP","floor":43.0},{"not_picked":["champ:PreciseThrust","champ:RageSigil"],"picked":"champ:ShieldSigil+1","floor":44.0},{"not_picked":["champ:BerserkersShout","champ:RapidStrikes+1"],"picked":"champ:BerserkerStyle","floor":45.0},{"not_picked":["champ:Backstep","champ:FocusedDefense"],"picked":"champ:SwordThrow","floor":46.0},{"not_picked":["champ:PreemptiveStrike+1","champ:Circumvent","champ:BladeFlurry"],"picked":"SKIP","floor":49.0},{"not_picked":["champ:Backstep","champ:FlashCut"],"picked":"champ:BerserkersShout+1","floor":52}],"player_experience":595451,"relics_obtained":[{"floor":7.0,"key":"MawBank"},{"floor":11.0,"key":"Sundial"},{"floor":13.0,"key":"CaptainsWheel"},{"floor":23.0,"key":"White Beast Statue"},{"floor":23.0,"key":"Centennial Puzzle"},{"floor":23.0,"key":"Anchor"},{"floor":23.0,"key":"Bottled Lightning"},{"floor":29.0,"key":"Eternal Feather"},{"floor":31.0,"key":"StoneCalendar"},{"floor":41.0,"key":"hexamod:CandleOfCauterizing"},{"floor":43.0,"key":"Darkstone Periapt"},{"floor":46.0,"key":"Meat on the Bone"},{"floor":52,"key":"Bottled Tornado"}],"event_choices":[{"cards_removed":["champ:Strike"],"damage_healed":0.0,"max_hp_gain":0.0,"max_hp_loss":0.0,"gold_gain":0.0,"event_name":"Bonfire Elementals","player_choice":"Offered Basic","floor":3.0,"gold_loss":0.0,"damage_taken":0.0},{"cards_removed":["champ:FanOfKnives"],"damage_healed":0.0,"max_hp_gain":0.0,"max_hp_loss":0.0,"gold_gain":0.0,"event_name":"Falling","player_choice":"Removed Attack","floor":39.0,"gold_loss":0.0,"damage_taken":0.0}],"is_beta":false,"boss_relics":[{"not_picked":["Runic Pyramid","Cursed Key"],"picked":"Tiny House"},{"not_picked":["bronze:MakeshiftBattery","Coffee Dripper"],"picked":"Philosopher\u0027s Stone"}],"items_purged_floors":[6,23,53],"is_endless":false,"potions_floor_spawned":[9,11,13,15,27,29,31,32,33,36,37,38,40,42,43,44,45,46,49,52],"killed_by":"downfall:NeowBossFinal","ascension_level":4}}