{"host":"4u4xibnmtqpdl4qa","time":1611529009,"event":{"mods":["2.2 Compatiblity","AchievementEnabler","BaseMod","Colored Map","Colored Powertips","Curses Come First","DeckTracker","Downfall","Highlight Path","Minty Spire (QoL Compilation)","Quick Restart","Rare Cards Sparkle","Relic Stats","Shop Mod","StSLib","SuperFastMode","The Senshi","The Vixen","TheHero","Waifu the Spire"],"gold_per_floor":[111,111,123,123,184,212,212,224,250,276,289,289,359,376,376,479,479,498,548,79,129,140,169,181,223,235,53,53,65,77,95,95,195,195,209,227,74,173,223,223,248,248,248,283,333,367,417,131,131,131],"floor_reached":51,"language":"ENG","playtime":3661,"items_purged":["theSenshi:SailorPlutoAssists"],"score":1097,"play_id":"9dc7220c-c389-4f1b-ba54-89f48f65b8b1","local_time":"20210124235649","is_ascension_mode":true,"campfire_choices":[{"data":"theSenshi:CrisisMakeUp","floor":7.0,"key":"SMITH"},{"data":"theSenshi:SilverMoonCrystalPowerKiss","floor":12.0,"key":"SMITH"},{"floor":15.0,"key":"REST"},{"floor":24.0,"key":"REST"},{"data":"theSenshi:FatedKiss","floor":28.0,"key":"SMITH"},{"floor":32.0,"key":"REST"},{"floor":40.0,"key":"REST"},{"data":"theSenshi:MoonPrismPowerMakeUp","floor":42.0,"key":"SMITH"},{"floor":49,"key":"REST"}],"circlet_count":0,"master_deck":["theSenshi:SailorKick+1","theSenshi:SailorBlock","theSenshi:SailorBlock","theSenshi:SailorBlock","theSenshi:SailorBlock","theSenshi:RoseThrow","theSenshi:MoonPrismPowerMakeUp+1","theSenshi:InTheNickOfTime","theSenshi:MoonlightKnight","theSenshi:MoonTwilightFlash","theSenshi:MoonPrincessHalation+1","theSenshi:CrisisMakeUp+1","theSenshi:TallSilhouette","theSenshi:SilverMoonCrystalPowerKiss+1","theSenshi:MoonHealingEscalation","theSenshi:FatedKiss+1","theSenshi:SailorStarHealerAssists","theSenshi:SailorMercuryAssists+1","theSenshi:MoonSpiralHeartAttack","Necronomicurse","theSenshi:SchoolBag+1","theSenshi:SailorV","theSenshi:SailorMercuryAssists","theSenshi:GlimpseOfThePast+1","theSenshi:UranusStrength","theSenshi:Sidestep","theSenshi:MoonCrisisMakeUp+1","theSenshi:CrisisMakeUp+1","theSenshi:InTheNickOfTime+1","theSenshi:MoonCosmicPowerMakeUp+1","theSenshi:SailorCosmosAssists"],"relics":["Black Star","SsserpentHead","Toy Ornithopter","Whetstone","Strawberry","theSenshi:FeatherClipsRelic","White Beast Statue","Odd Mushroom","Runic Pyramid","Lee\u0027s Waffle","Mercury Hourglass","Necronomicon","MawBank","HornCleat","Vajra","Bag of Marbles","Nunchaku","Frozen Egg 2","Philosopher\u0027s Stone","Blood Vial","Thread and Needle","theSenshi:CrescentMoonWandRelic","Blue Candle","Pear","theSenshi:CutieMoonRodRelic","Kunai","Turnip","Ice Cream","theSenshi:TransformationPenRelic","theSenshi:RoseRelic"],"acts_visited":["Exordium","TheCity","TheBeyond"],"potions_floor_usage":[50,50],"damage_taken":[{"damage":2.0,"enemies":"2 Louse","floor":1.0,"turns":4.0},{"damage":0.0,"enemies":"Small Slimes","floor":3.0,"turns":5.0},{"damage":0.0,"enemies":"Cultist","floor":5.0,"turns":3.0},{"damage":9.0,"enemies":"Lagavulin","floor":6.0,"turns":4.0},{"damage":0.0,"enemies":"Looter","floor":8.0,"turns":4.0},{"damage":6.0,"enemies":"3 Sentries","floor":10.0,"turns":8.0},{"damage":9.0,"enemies":"Blue Slaver","floor":11.0,"turns":4.0},{"damage":54.0,"enemies":"The Mushroom Lair","floor":13.0,"turns":7.0},{"damage":13.0,"enemies":"3 Louse","floor":14.0,"turns":6.0},{"damage":3.0,"enemies":"The Guardian","floor":16.0,"turns":9.0},{"damage":0.0,"enemies":"Chosen","floor":18.0,"turns":3.0},{"damage":19.0,"enemies":"3 Byrds","floor":22.0,"turns":6.0},{"damage":65.0,"enemies":"Slavers","floor":23.0,"turns":7.0},{"damage":23.0,"enemies":"Gremlin Leader","floor":25.0,"turns":6.0},{"damage":5.0,"enemies":"Cultist and Chosen","floor":29.0,"turns":7.0},{"damage":43.0,"enemies":"Chosen and Byrds","floor":30.0,"turns":7.0},{"damage":21.0,"enemies":"Shelled Parasite and Fungi","floor":31.0,"turns":10.0},{"damage":0.0,"enemies":"Automaton","floor":33.0,"turns":7.0},{"damage":50.0,"enemies":"3 Darklings","floor":35.0,"turns":6.0},{"damage":0.0,"enemies":"Orb Walker","floor":36.0,"turns":3.0},{"damage":71.0,"enemies":"2 Orb Walkers","floor":38.0,"turns":6.0},{"damage":0.0,"enemies":"Giant Head","floor":41.0,"turns":7.0},{"damage":0,"enemies":"Nemesis","floor":44,"turns":5},{"damage":58,"enemies":"Reptomancer","floor":46,"turns":7},{"damage":35,"enemies":"Awakened One","floor":50,"turns":8}],"seed_played":"-8792491580304805553","potions_obtained":[{"floor":1.0,"key":"FairyPotion"},{"floor":3.0,"key":"PowerPotion"},{"floor":10.0,"key":"sneckomod:MuddlingPotion"},{"floor":11.0,"key":"DistilledChaos"},{"floor":13.0,"key":"AttackPotion"},{"floor":14.0,"key":"Block Potion"},{"floor":16.0,"key":"sneckomod:MuddlingPotion"},{"floor":18.0,"key":"Energy Potion"},{"floor":22.0,"key":"Explosive Potion"},{"floor":23.0,"key":"Weak Potion"},{"floor":25.0,"key":"Block Potion"},{"floor":29.0,"key":"Weak Potion"},{"floor":30.0,"key":"Explosive Potion"},{"floor":31.0,"key":"PowerPotion"},{"floor":33.0,"key":"BlessingOfTheForge"},{"floor":35.0,"key":"sneckomod:MuddlingPotion"},{"floor":36.0,"key":"BlessingOfTheForge"},{"floor":38.0,"key":"Block Potion"}],"is_trial":false,"path_per_floor":["M","?","M","?","M","E","R","M","T","E","M","R","?","M","R","B",null,"M","?","$","?","M","E","R","E","T","$","R","M","M","M","R","B",null,"M","M","$","?","?","R","E","R","T","E","?","E","T","$","R","B",null],"character_chosen":"THE_SENSHI","items_purchased":["Lee\u0027s Waffle","Mercury Hourglass","Frozen Egg 2","Blood Vial","theSenshi:MoonCosmicPowerMakeUp+1","theSenshi:RoseRelic","theSenshi:SailorCosmosAssists"],"campfire_rested":5,"item_purchase_floors":[20,20,27,37,48,48,48],"current_hp_per_floor":[73,73,73,73,73,64,64,64,71,65,62,62,19,17,41,64,82,82,82,89,73,75,31,57,55,55,55,55,71,34,34,60,86,89,55,66,66,13,13,38,61,61,71,79,79,39,39,39,67,65],"gold":131,"neow_bonus":"BOSS_RELIC","is_daily":false,"chose_seed":false,"campfire_upgraded":4,"win_rate":0.0,"timestamp":1611529009,"path_taken":["M","?","M","?","?","E","R","M","T","E","M","R","?","M","R","BOSS","M","?","$","?","M","E","R","E","T","?","R","M","M","M","R","BOSS","M","M","$","?","?","R","E","R","T","E","?","E","?","?","R","BOSS"],"items_purchased_type":["Relic","Relic","Relic","Relic","Card","Relic","Card"],"build_version":"2020-12-22","purchased_purges":1,"victory":true,"max_hp_per_floor":[75,75,75,75,75,75,75,75,82,82,82,82,82,82,82,82,82,82,82,89,89,89,89,89,89,89,89,89,89,89,89,89,89,89,89,89,89,89,85,85,85,85,95,95,95,95,95,95,95,95],"relic_stats":{"Lee\u0027s Waffle":7,"counters":[25,148],"Blue Candle":[0],"Whetstone":["theSenshi:SailorKick","theSenshi:MoonPrincessHalation"],"MawBank":48,"Mercury Hourglass":[463],"Blood Vial":10,"SsserpentHead":500,"Nunchaku":[6],"Turnip":[0],"Black Star":7,"Necronomicon":[28],"Kunai":[1],"obtain_stats":[{"theSenshi:CutieMoonRodRelic":44,"Ice Cream":46,"theSenshi:TransformationPenRelic":47,"Vajra":25,"theSenshi:FeatherClipsRelic":10,"Whetstone":6,"Blood Vial":37,"SsserpentHead":4,"Nunchaku":26,"HornCleat":23,"Strawberry":9,"theSenshi:RoseRelic":48,"Philosopher\u0027s Stone":34,"Necronomicon":21,"Kunai":44,"Runic Pyramid":17,"Lee\u0027s Waffle":20,"Pear":43,"Blue Candle":41,"Thread and Needle":38,"Odd Mushroom":13,"Frozen Egg 2":27,"MawBank":23,"White Beast Statue":10,"Mercury Hourglass":20,"theSenshi:TransformationBroochRelic":0,"Turnip":46,"Black Star":0,"Bag of Marbles":25,"theSenshi:CrescentMoonWandRelic":41,"Toy Ornithopter":6},{"theSenshi:CutieMoonRodRelic":23,"Ice Cream":24,"theSenshi:TransformationPenRelic":24,"Vajra":14,"theSenshi:FeatherClipsRelic":6,"Whetstone":4,"Blood Vial":20,"SsserpentHead":2,"Nunchaku":14,"HornCleat":13,"Strawberry":5,"theSenshi:RoseRelic":24,"Philosopher\u0027s Stone":18,"Necronomicon":11,"Kunai":23,"Runic Pyramid":10,"Lee\u0027s Waffle":11,"Pear":22,"Blue Candle":22,"Thread and Needle":21,"Odd Mushroom":8,"Frozen Egg 2":14,"MawBank":13,"White Beast Statue":6,"Mercury Hourglass":11,"theSenshi:TransformationBroochRelic":0,"Turnip":24,"Black Star":0,"Bag of Marbles":14,"theSenshi:CrescentMoonWandRelic":22,"Toy Ornithopter":4},{"theSenshi:CutieMoonRodRelic":133,"Ice Cream":140,"theSenshi:TransformationPenRelic":140,"Vajra":75,"theSenshi:FeatherClipsRelic":28,"Whetstone":16,"Blood Vial":115,"SsserpentHead":9,"Nunchaku":75,"HornCleat":69,"Strawberry":20,"theSenshi:RoseRelic":140,"Philosopher\u0027s Stone":106,"Necronomicon":57,"Kunai":133,"Runic Pyramid":54,"Lee\u0027s Waffle":57,"Pear":128,"Blue Candle":128,"Thread and Needle":121,"Odd Mushroom":39,"Frozen Egg 2":75,"MawBank":69,"White Beast Statue":28,"Mercury Hourglass":57,"theSenshi:TransformationBroochRelic":0,"Turnip":140,"Black Star":0,"Bag of Marbles":75,"theSenshi:CrescentMoonWandRelic":128,"Toy Ornithopter":16}],"Toy Ornithopter":60},"card_choices":[{"not_picked":["theSenshi:SailorVenusAssists","theSenshi:SchoolBag"],"picked":"theSenshi:InTheNickOfTime","floor":1.0},{"not_picked":["theSenshi:LateForSchool","theSenshi:SailorMarsAssists"],"picked":"theSenshi:MoonTwilightFlash","floor":3.0},{"not_picked":["theSenshi:LunasBite","theSenshi:SailorStarMakerAssists"],"picked":"theSenshi:MoonPrincessHalation","floor":5.0},{"not_picked":["theSenshi:SailorChibiMoonAssists","theSenshi:MoonlightKnight"],"picked":"theSenshi:CrisisMakeUp","floor":6.0},{"not_picked":["theSenshi:TuxedoSmokingBomber","theSenshi:SailorChibiMoonAssists"],"picked":"theSenshi:TallSilhouette","floor":8.0},{"not_picked":["theSenshi:TuxedoSmokingBomber","theSenshi:EncouragingSpeech"],"picked":"theSenshi:SilverMoonCrystalPowerKiss","floor":10.0},{"not_picked":["theSenshi:SchoolBag","theSenshi:MoonlightKnight"],"picked":"theSenshi:MoonHealingEscalation","floor":11.0},{"not_picked":["theSenshi:SailorPlanetAttack","theSenshi:MoonsReflection"],"picked":"theSenshi:FatedKiss","floor":13.0},{"not_picked":["theSenshi:LunasBite","theSenshi:SchoolBag","theSenshi:SailorMarsAssists"],"picked":"SKIP","floor":14.0},{"not_picked":["theSenshi:InTheNameOfTheMoon","theSenshi:LunaSensingAllies"],"picked":"theSenshi:SailorStarHealerAssists","floor":16.0},{"not_picked":["theSenshi:SailorStarFighterAssists","theSenshi:MoonCrystalPowerMakeUp+1"],"picked":"theSenshi:SailorMercuryAssists+1","floor":18.0},{"not_picked":["theSenshi:MoonPunch+1","theSenshi:LateForSchool"],"picked":"theSenshi:SchoolBag+1","floor":22.0},{"not_picked":["theSenshi:SailorVenusAssists","theSenshi:MoonTwilightFlash"],"picked":"theSenshi:SailorV","floor":23.0},{"not_picked":["theSenshi:LateForSchool","theSenshi:SailorPlutoAssists","theSenshi:MoonsReflection"],"picked":"SKIP","floor":25.0},{"not_picked":["theSenshi:SupersonicWaves","theSenshi:MoonPrincessHalation"],"picked":"theSenshi:SailorMercuryAssists","floor":29.0},{"not_picked":["theSenshi:YouCanTalk","theSenshi:SchoolBag","theSenshi:SailorVenusAssists+1"],"picked":"SKIP","floor":30.0},{"not_picked":["theSenshi:MoonTwilightFlash","theSenshi:TuxedoSmokingBomber+1","theSenshi:SailorStarFighterAssists"],"picked":"SKIP","floor":31.0},{"not_picked":["theSenshi:IWillPunishYou","theSenshi:StudyParty+1"],"picked":"theSenshi:GlimpseOfThePast+1","floor":33.0},{"not_picked":["theSenshi:MoonsReflection+1","theSenshi:OdangoHead"],"picked":"theSenshi:UranusStrength","floor":35.0},{"not_picked":["theSenshi:SailorMarsAssists","theSenshi:SchoolBag"],"picked":"theSenshi:Sidestep","floor":36.0},{"not_picked":["theSenshi:SailorMarsAssists","theSenshi:MoonKick+1"],"picked":"theSenshi:MoonCrisisMakeUp+1","floor":38.0},{"not_picked":["theSenshi:SailorPlanetAttack","theSenshi:PlutosSolemnity"],"picked":"theSenshi:CrisisMakeUp+1","floor":41.0},{"not_picked":["theSenshi:TuxedoSmokingBomber+1","theSenshi:SailorStarFighterAssists","theSenshi:MoonTwilightFlash"],"picked":"SKIP","floor":44},{"not_picked":["theSenshi:MoonKick+1","theSenshi:SupersonicWaves"],"picked":"theSenshi:InTheNickOfTime+1","floor":46}],"player_experience":205858,"relics_obtained":[{"floor":6.0,"key":"Toy Ornithopter"},{"floor":6.0,"key":"Whetstone"},{"floor":9.0,"key":"Strawberry"},{"floor":10.0,"key":"theSenshi:FeatherClipsRelic"},{"floor":10.0,"key":"White Beast Statue"},{"floor":13.0,"key":"Odd Mushroom"},{"floor":21.0,"key":"Necronomicon"},{"floor":23.0,"key":"MawBank"},{"floor":23.0,"key":"HornCleat"},{"floor":25.0,"key":"Vajra"},{"floor":25.0,"key":"Bag of Marbles"},{"floor":26.0,"key":"Nunchaku"},{"floor":38.0,"key":"Thread and Needle"},{"floor":41.0,"key":"theSenshi:CrescentMoonWandRelic"},{"floor":41.0,"key":"Blue Candle"},{"floor":43.0,"key":"Pear"},{"floor":44,"key":"theSenshi:CutieMoonRodRelic"},{"floor":44,"key":"Kunai"},{"floor":46,"key":"Turnip"},{"floor":46,"key":"Ice Cream"},{"floor":47,"key":"theSenshi:TransformationPenRelic"}],"event_choices":[{"damage_healed":0.0,"max_hp_gain":0.0,"max_hp_loss":0.0,"gold_gain":0.0,"cards_transformed":["theSenshi:SailorKick"],"event_name":"Living Wall","player_choice":"Change","floor":2.0,"gold_loss":0.0,"damage_taken":0.0,"cards_obtained":["theSenshi:MoonlightKnight"]},{"damage_healed":0.0,"max_hp_gain":0.0,"max_hp_loss":0.0,"gold_gain":0.0,"event_name":"FaceTrader","player_choice":"Trade","floor":4.0,"gold_loss":0.0,"damage_taken":0.0,"relics_obtained":["SsserpentHead"]},{"damage_healed":0.0,"max_hp_gain":0.0,"max_hp_loss":0.0,"gold_gain":0.0,"event_name":"Mushrooms","player_choice":"Fought Mushrooms","floor":13.0,"gold_loss":0.0,"damage_taken":0.0},{"damage_healed":0.0,"max_hp_gain":0.0,"max_hp_loss":0.0,"gold_gain":0.0,"cards_transformed":["theSenshi:SailorKick","theSenshi:SailorKick"],"event_name":"Drug Dealer","player_choice":"Became Test Subject","floor":19.0,"gold_loss":0.0,"damage_taken":0.0,"cards_obtained":["theSenshi:SailorPlutoAssists","theSenshi:MoonSpiralHeartAttack"]},{"damage_healed":0.0,"max_hp_gain":0.0,"max_hp_loss":0.0,"gold_gain":0.0,"event_name":"Cursed Tome","player_choice":"Obtained Book","floor":21.0,"gold_loss":0.0,"damage_taken":16.0},{"damage_healed":0.0,"max_hp_gain":0.0,"max_hp_loss":0.0,"gold_gain":0.0,"event_name":"Mysterious Sphere","player_choice":"Fight","floor":38.0,"gold_loss":0.0,"damage_taken":0.0},{"damage_healed":0.0,"max_hp_gain":0.0,"max_hp_loss":4.0,"gold_gain":0.0,"event_name":"Winding Halls","player_choice":"Max HP","floor":39.0,"gold_loss":0.0,"damage_taken":0.0},{"damage_healed":0,"gold_gain":0,"player_choice":"Memory 1","damage_taken":0,"max_hp_gain":0,"max_hp_loss":0,"event_name":"SensoryStone","floor":45,"gold_loss":0}],"is_beta":false,"boss_relics":[{"not_picked":["SlaversCollar","Astrolabe"],"picked":"Runic Pyramid"},{"not_picked":["Fusion Hammer","Runic Dome"],"picked":"Philosopher\u0027s Stone"}],"items_purged_floors":[20],"is_endless":false,"potions_floor_spawned":[1,3,10,11,13,14,16,18,22,23,25,29,30,31,33,35,36,38,41,44,46],"ascension_level":2}}