{"host":"yvb207ks1sg3cxef","time":1611478136,"event":{"mods":["2.2 Compatiblity","BaseMod","Bestiary","Colored Powertips","Minty Spire (QoL Compilation)","Permanent Neow","Quick Restart","Relic Stats","StSLib"],"gold_per_floor":[14,14,14,28,45,45,73,105,105,30,45,45,45,78,78,176,176,197,10,60,60,79,120,120,155,181,181,205,239,239,273,273,367,367,383,14,38,52,73,116,116,139,139,59,59,77,117,142,142,142,142,142,62,100,100],"floor_reached":56,"language":"ENG","playtime":3951,"items_purged":["Strike_P","Strike_P","Defend_P"],"score":2291,"play_id":"e1c534fa-ed04-4064-bdcf-21b2e9b6a5c0","local_time":"20210124141856","is_ascension_mode":true,"campfire_choices":[{"data":"CutThroughFate","floor":6.0,"key":"SMITH"},{"floor":12.0,"key":"REST"},{"data":"TalkToTheHand","floor":15.0,"key":"SMITH"},{"data":"Scrawl","floor":24.0,"key":"SMITH"},{"floor":27.0,"key":"REST"},{"data":"Adaptation","floor":32.0,"key":"SMITH"},{"floor":41.0,"key":"RECALL"},{"data":"CutThroughFate","floor":49,"key":"SMITH"},{"data":"Eruption","floor":52,"key":"SMITH"}],"circlet_count":0,"master_deck":["AscendersBane","Defend_P+1","Eruption+1","Vigilance+1","Sanctity+1","Brilliance+1","EmptyFist+1","ClearTheMind+1","CutThroughFate+1","FearNoEvil+1","ClearTheMind+1","TalkToTheHand+1","Scrawl+1","LikeWater","EmptyBody+1","CutThroughFate+1","EmptyFist+1","LessonLearned+1","Tantrum+1","Adaptation+1","Wireheading+1","ClearTheMind","Study+1","EmptyMind+1","Prostrate+1","Prostrate+1","Adaptation","Decay","Tantrum+1","Wireheading"],"relics":["PureWater","WingedGreaves","Bag of Preparation","White Beast Statue","Ginger","Golden Idol","Pantograph","VioletLotus","Pocketwatch","Bronze Scales","War Paint","Akabeko","Coffee Dripper","Blood Vial","Lantern","Anchor","Meat on the Bone","Bird Faced Urn"],"acts_visited":["Exordium","TheCity","TheBeyond","TheEnding"],"potions_floor_usage":[54,55,55],"damage_taken":[{"damage":0.0,"enemies":"Cultist","floor":1.0,"turns":3.0},{"damage":0.0,"enemies":"Jaw Worm","floor":4.0,"turns":2.0},{"damage":0.0,"enemies":"2 Louse","floor":5.0,"turns":1.0},{"damage":11.0,"enemies":"Lagavulin","floor":7.0,"turns":6.0},{"damage":34.0,"enemies":"Gremlin Nob","floor":8.0,"turns":4.0},{"damage":4.0,"enemies":"Exordium Wildlife","floor":11.0,"turns":3.0},{"damage":4.0,"enemies":"3 Sentries","floor":14.0,"turns":5.0},{"damage":28.0,"enemies":"Slime Boss","floor":16.0,"turns":8.0},{"damage":0.0,"enemies":"Spheric Guardian","floor":18.0,"turns":3.0},{"damage":6.0,"enemies":"3 Byrds","floor":22.0,"turns":5.0},{"damage":26.0,"enemies":"Gremlin Leader","floor":23.0,"turns":9.0},{"damage":1.0,"enemies":"Slavers","floor":25.0,"turns":5.0},{"damage":0.0,"enemies":"Snecko","floor":28.0,"turns":3.0},{"damage":0.0,"enemies":"Gremlin Leader","floor":29.0,"turns":5.0},{"damage":8.0,"enemies":"Slavers","floor":31.0,"turns":3.0},{"damage":44.0,"enemies":"Champ","floor":33.0,"turns":9.0},{"damage":22.0,"enemies":"3 Shapes","floor":35.0,"turns":3.0},{"damage":6.0,"enemies":"3 Darklings","floor":37.0,"turns":2.0},{"damage":0.0,"enemies":"Maw","floor":38.0,"turns":4.0},{"damage":8.0,"enemies":"4 Shapes","floor":39.0,"turns":5.0},{"damage":0.0,"enemies":"Giant Head","floor":40.0,"turns":3.0},{"damage":0.0,"enemies":"Sphere and 2 Shapes","floor":42.0,"turns":4.0},{"damage":9.0,"enemies":"Writhing Mass","floor":46.0,"turns":3.0},{"damage":8.0,"enemies":"Nemesis","floor":47.0,"turns":5.0},{"damage":0,"enemies":"Maw","floor":48,"turns":2},{"damage":20,"enemies":"Awakened One","floor":50,"turns":6},{"damage":0,"enemies":"Shield and Spear","floor":54,"turns":3},{"damage":24,"enemies":"The Heart","floor":55,"turns":6}],"seed_played":"-948370452717342057","potions_obtained":[{"floor":4.0,"key":"SkillPotion"},{"floor":7.0,"key":"Dexterity Potion"},{"floor":11.0,"key":"Swift Potion"},{"floor":14.0,"key":"SkillPotion"},{"floor":16.0,"key":"Explosive Potion"},{"floor":18.0,"key":"CultistPotion"},{"floor":23.0,"key":"EntropicBrew"},{"floor":25.0,"key":"Energy Potion"},{"floor":28.0,"key":"StancePotion"},{"floor":33.0,"key":"CultistPotion"},{"floor":37.0,"key":"LiquidMemories"},{"floor":40.0,"key":"Swift Potion"},{"floor":42.0,"key":"GamblersBrew"},{"floor":46.0,"key":"FearPotion"},{"floor":47.0,"key":"FearPotion"},{"floor":54,"key":"DuplicationPotion"}],"is_trial":false,"path_per_floor":["M","T","$","M","M","R","E","E","T","$","M","R","?","E","R","B",null,"M","$","?","?","M","E","R","E","T","R","M","E","?","E","R","B",null,"M","$","M","M","M","E","R","M","T","$","?","M","E","M","R","B",null,"R","$","E","B",null],"character_chosen":"WATCHER","items_purchased":["EmptyBody","CutThroughFate","Study","Blood Vial","Adaptation","Wireheading"],"campfire_rested":2,"item_purchase_floors":[19,19,36,36,44,53],"current_hp_per_floor":[61,61,61,61,61,61,50,16,16,16,12,32,32,28,28,25,53,53,53,53,53,47,21,21,20,20,38,38,38,38,30,30,11,49,27,27,23,25,19,21,21,23,23,23,23,16,10,24,24,43,57,57,57,59,38],"gold":100,"neow_bonus":"TRANSFORM_TWO_CARDS","is_daily":false,"chose_seed":false,"campfire_upgraded":6,"win_rate":0.0,"timestamp":1611478136,"path_taken":["M","?","?","M","M","R","E","E","T","?","M","R","?","E","R","BOSS","M","$","?","?","?","E","R","E","T","R","M","E","?","E","R","BOSS","M","$","?","M","?","E","R","M","T","?","?","M","E","?","R","BOSS","R","$","E","BOSS"],"items_purchased_type":["Card","Card","Card","Relic","Card","Card"],"build_version":"2020-12-22","purchased_purges":3,"victory":true,"max_hp_per_floor":[68,68,68,68,68,68,68,68,68,68,68,68,62,62,62,62,62,62,62,62,62,62,62,62,62,62,62,62,62,62,62,62,62,62,62,62,62,62,62,62,62,62,62,62,62,62,62,62,62,62,62,62,62,62,62],"relic_stats":{"counters":[28,120],"Golden Idol":179,"Bag of Preparation":[48],"Ginger":[21],"War Paint":["Defend_P","Vigilance"],"Blood Vial":22,"Pantograph":76,"Bronze Scales":[209],"Bird Faced Urn":[0],"VioletLotus":[132],"obtain_stats":[{"Lantern":40,"Golden Idol":13,"Bag of Preparation":7,"Ginger":9,"War Paint":29,"White Beast Statue":8,"Akabeko":31,"Blood Vial":36,"Anchor":43,"Pantograph":14,"Bronze Scales":25,"Bird Faced Urn":54,"WingedGreaves":2,"VioletLotus":17,"Coffee Dripper":34,"PureWater":0,"Pocketwatch":23,"Meat on the Bone":47},{"Lantern":21,"Golden Idol":6,"Bag of Preparation":4,"Ginger":5,"War Paint":14,"White Beast Statue":5,"Akabeko":15,"Blood Vial":17,"Anchor":22,"Pantograph":7,"Bronze Scales":12,"Bird Faced Urn":27,"WingedGreaves":1,"VioletLotus":8,"Coffee Dripper":16,"PureWater":0,"Pocketwatch":11,"Meat on the Bone":24},{"Lantern":91,"Golden Idol":19,"Bag of Preparation":12,"Ginger":16,"War Paint":62,"White Beast Statue":16,"Akabeko":65,"Blood Vial":77,"Anchor":95,"Pantograph":24,"Bronze Scales":54,"Bird Faced Urn":114,"WingedGreaves":3,"VioletLotus":32,"Coffee Dripper":74,"PureWater":0,"Pocketwatch":49,"Meat on the Bone":103}],"Pocketwatch":[15],"Meat on the Bone":24},"card_choices":[{"not_picked":["CrushJoints","ForeignInfluence"],"picked":"EmptyFist","floor":1.0},{"not_picked":["WreathOfFlame","SignatureMove"],"picked":"ClearTheMind","floor":4.0},{"not_picked":["Prostrate","Protect"],"picked":"CutThroughFate","floor":5.0},{"not_picked":["Alpha","EmptyFist"],"picked":"FearNoEvil","floor":7.0},{"not_picked":["FollowUp","CrushJoints"],"picked":"ClearTheMind","floor":8.0},{"not_picked":["Conclude","FlyingSleeves","Consecrate"],"picked":"SKIP","floor":11.0},{"not_picked":["FollowUp","Weave"],"picked":"TalkToTheHand","floor":14.0},{"not_picked":["DeusExMachina","Brilliance"],"picked":"Scrawl","floor":16.0},{"not_picked":["ClearTheMind","Vengeance"],"picked":"LikeWater","floor":18.0},{"not_picked":["FollowUp","Halt"],"picked":"EmptyFist","floor":22.0},{"not_picked":["Meditate+1","Evaluate"],"picked":"LessonLearned","floor":23.0},{"not_picked":["EmptyBody","CrushJoints","Protect"],"picked":"SKIP","floor":25.0},{"not_picked":["Wireheading+1","Prostrate+1"],"picked":"Tantrum","floor":28.0},{"not_picked":["ReachHeaven+1","FlyingSleeves"],"picked":"Adaptation","floor":29.0},{"not_picked":["Halt","EmptyBody","Wireheading"],"picked":"SKIP","floor":31.0},{"not_picked":["Halt","EmptyBody"],"picked":"Wireheading","floor":31.0},{"not_picked":["FlyingSleeves+1","Halt"],"picked":"ClearTheMind","floor":35.0},{"not_picked":["Weave","FlyingSleeves+1"],"picked":"EmptyMind+1","floor":37.0},{"not_picked":["ClearTheMind","Study"],"picked":"Prostrate","floor":38.0},{"not_picked":["Consecrate","Protect","CrushJoints"],"picked":"SKIP","floor":39.0},{"not_picked":["PathToVictory","LessonLearned","FlurryOfBlows"],"picked":"SKIP","floor":40.0},{"not_picked":["FollowUp+1","SignatureMove+1"],"picked":"Prostrate","floor":42.0},{"not_picked":["FlurryOfBlows","WaveOfTheHand","Consecrate"],"picked":"SKIP","floor":46.0},{"not_picked":["EmptyFist","CrushJoints","Worship+1"],"picked":"SKIP","floor":47.0},{"not_picked":["BowlingBash","EmptyBody"],"picked":"Tantrum+1","floor":48},{"not_picked":["ClearTheMind","FlurryOfBlows","Protect"],"picked":"SKIP","floor":54}],"player_experience":429248,"relics_obtained":[{"floor":2.0,"key":"WingedGreaves"},{"floor":7.0,"key":"Bag of Preparation"},{"floor":8.0,"key":"White Beast Statue"},{"floor":9.0,"key":"Ginger"},{"floor":14.0,"key":"Pantograph"},{"floor":23.0,"key":"Pocketwatch"},{"floor":25.0,"key":"Bronze Scales"},{"floor":29.0,"key":"War Paint"},{"floor":31.0,"key":"Akabeko"},{"floor":40.0,"key":"Lantern"},{"floor":43.0,"key":"Anchor"},{"floor":47.0,"key":"Meat on the Bone"},{"floor":54,"key":"Bird Faced Urn"}],"event_choices":[{"damage_healed":0.0,"max_hp_gain":0.0,"max_hp_loss":6.0,"gold_gain":0.0,"event_name":"Golden Idol","player_choice":"Lose Max HP","floor":13.0,"gold_loss":0.0,"damage_taken":0.0,"relics_obtained":["Golden Idol"]},{"damage_healed":0.0,"max_hp_gain":0.0,"max_hp_loss":0.0,"gold_gain":50.0,"event_name":"Nest","player_choice":"Stole From Cult","floor":20.0,"gold_loss":0.0,"damage_taken":0.0},{"cards_removed":["Strike_P"],"damage_healed":0.0,"max_hp_gain":0.0,"max_hp_loss":0.0,"gold_gain":0.0,"event_name":"Purifier","player_choice":"Purged","floor":21.0,"gold_loss":0.0,"damage_taken":0.0},{"cards_removed":["Defend_P"],"damage_healed":0.0,"max_hp_gain":0.0,"max_hp_loss":0.0,"gold_gain":0.0,"event_name":"Purifier","player_choice":"Purged","floor":30.0,"gold_loss":0.0,"damage_taken":0.0},{"damage_healed":0.0,"max_hp_gain":0.0,"max_hp_loss":0.0,"gold_gain":0.0,"event_name":"Wheel of Change","player_choice":"Cursed","floor":45.0,"gold_loss":0.0,"damage_taken":0.0,"cards_obtained":["Decay"]}],"is_beta":false,"boss_relics":[{"not_picked":["HolyWater","Runic Pyramid"],"picked":"VioletLotus"},{"not_picked":["Busted Crown","Runic Dome"],"picked":"Coffee Dripper"}],"items_purged_floors":[10,19,36],"is_endless":false,"potions_floor_spawned":[4,7,11,14,16,18,22,23,25,28,29,31,33,35,37,38,39,40,42,46,47,48,54],"ascension_level":17}}