{"host":"g1wmg2w41xhsnw8g","time":1611473399,"event":{"mods":["100% Spire Juice","2.2 Compatiblity","A Penny For Your Troubles","Act Like it!","BaseMod","Better Altar","Better Match","Better Note","Better Sensory Stone","Better Skull","Better Third Choice","BetterRewards","Booster Modes","CapriCore","Colored Map","Colored Powertips","Defuse TimeMaze Blight","Displayed Cursed Tome","Evolution","Fox Events","Friendly Minions","GifTheSpireLib","Good Game Mod","Googly Eyes","Infinite Spire","Minty Spire (QoL Compilation)","Red Circlet Mod","Relic Filter Mod","Relic Sorter","Reliquary","Shop Mod","Spicy Shops","StSLib","The Sage","Transform Curses","Wandering Minibosses","????"],"gold_per_floor":[110,129,79,98,98,120,120,133,133,128,128],"floor_reached":10,"language":"ENG","playtime":850,"items_purged":[],"score":71,"play_id":"b3836bb3-698a-49e1-a91f-e1ee6eda2382","local_time":"20210124022959","daily_mods":["SealedDeck","Specialized","Heirloom","Elite Swarm"],"is_ascension_mode":true,"campfire_choices":[{"data":"Moonworks:CloudOfSeagulls","floor":7,"key":"SMITH"}],"circlet_count":0,"master_deck":["Moonworks:SinkOrSwim","Moonworks:SinkOrSwim","Moonworks:SinkOrSwim","Moonworks:Bloodlust","Moonworks:SakisCookie","Moonworks:LulusLuckyEgg","Moonworks:EvilSpyWorkPreparation","Moonworks:CloudOfSeagulls+1","Moonworks:JonathanRush","Moonworks:ForcedRevival","Moonworks:FullSpeedAlicianrone","Moonworks:SweetBattle","Moonworks:Accelerator","DeceiveReality","Moonworks:MiracleWalker","Moonworks:PlushieMaster"],"relics":["Moonworks:BrokenBomb","REME:ComplimentaryCards","Moonworks:Homemark","EVO:Axolotl","sagemod:Creepy_Carousel","CaptainsWheel","The Courier"],"acts_visited":["Exordium"],"potions_floor_usage":[6,8],"damage_taken":[{"damage":37,"enemies":"Jaw Worm","floor":1,"turns":5},{"damage":34,"enemies":"Cultist","floor":2,"turns":5},{"damage":17,"enemies":"Small Slimes","floor":4,"turns":5},{"damage":44,"enemies":"3 Sentries","floor":6,"turns":4},{"damage":5,"enemies":"Blue Slaver","floor":8,"turns":4},{"damage":59,"enemies":"Gremlin Nob","floor":10,"turns":4}],"seed_played":"-3324105507900225138","potions_obtained":[{"floor":2,"key":"LiquidMemories"},{"floor":6,"key":"Energy Potion"}],"is_trial":true,"path_per_floor":["M","M","?","M","?","E","R","M","T","E"],"character_chosen":"THE_STARBREAKER","items_purchased":[],"campfire_rested":0,"item_purchase_floors":[],"current_hp_per_floor":[57,42,42,46,46,19,19,35,35,0,0],"gold":128,"neow_bonus":"","is_daily":false,"chose_seed":false,"campfire_upgraded":1,"win_rate":0.0,"timestamp":1611473399,"path_taken":["M","M","?","M","?","E","R","M","T","E"],"items_purchased_type":[],"build_version":"2020-12-22","purchased_purges":0,"victory":false,"max_hp_per_floor":[67,67,67,67,67,67,67,67,67,67,67],"card_choices":[{"not_picked":["Moonworks:FinalSurgery","Moonworks:BigMagnum","Moonworks:CloudOfSeagulls"],"picked":"SKIP","floor":1},{"not_picked":["Moonworks:CloudOfSeagulls","Moonworks:RedAndBlue"],"picked":"Moonworks:MiracleWalker","floor":2},{"not_picked":["Moonworks:EvilSpyWorkPreparation","Moonworks:BigMagnum","Moonworks:SakisCookie"],"picked":"SKIP","floor":4},{"not_picked":["Moonworks:Blazing","Moonworks:RocketCannon"],"picked":"Moonworks:PlushieMaster","floor":6},{"not_picked":["Moonworks:NicePresent","Moonworks:AngelHand","Moonworks:SweetBattle"],"picked":"SKIP","floor":8}],"player_experience":847994,"relics_obtained":[{"floor":6,"key":"CaptainsWheel"},{"floor":9,"key":"The Courier"}],"event_choices":[{"cards_removed":["Moonworks:SinkOrSwim"],"damage_healed":0,"gold_gain":0,"player_choice":"Card Removal","damage_taken":0,"max_hp_gain":0,"max_hp_loss":0,"event_name":"The Cleric","floor":3,"gold_loss":50},{"cards_removed":["Moonworks:SinkOrSwim"],"damage_healed":0,"gold_gain":0,"player_choice":"Card Removal","damage_taken":0,"max_hp_gain":0,"max_hp_loss":0,"event_name":"Wheel of Change","floor":5,"gold_loss":0}],"is_beta":false,"boss_relics":[],"items_purged_floors":[],"is_endless":false,"potions_floor_spawned":[2,6],"killed_by":"Gremlin Nob","ascension_level":1}}