{"host":"7qoz5gmva6til3yp","time":1611455993,"event":{"mods":["AchievementEnabler","BaseMod","Minty Spire (QoL Compilation)","StSLib","SuperFastMode"],"gold_per_floor":[111,111,36,53,53,78,78,92,92,118,118,130,130,165,165,165,165],"floor_reached":16,"language":"KOR","playtime":372,"items_purged":["Strike_R"],"score":236,"play_id":"11e108f2-8899-4cc4-b49c-43784f063d0a","local_time":"20210124113953","is_ascension_mode":true,"campfire_choices":[{"data":"Armaments","floor":7.0,"key":"SMITH"},{"floor":11.0,"key":"DIG"},{"floor":13,"key":"REST"},{"floor":15,"key":"DIG"}],"circlet_count":0,"master_deck":["AscendersBane","Strike_R","Strike_R","Strike_R+1","Strike_R+1","Defend_R","Defend_R","Defend_R","Defend_R","Bash","Hemokinesis+1","Armaments+1","Power Through"],"relics":["Burning Blood","Dead Branch","Shovel","Pantograph","Sundial","Centennial Puzzle","Whetstone","Gremlin Horn"],"acts_visited":["Exordium"],"potions_floor_usage":[],"damage_taken":[{"damage":4.0,"enemies":"Small Slimes","floor":1.0,"turns":5.0},{"damage":2.0,"enemies":"Cultist","floor":4.0,"turns":2.0},{"damage":34.0,"enemies":"Gremlin Nob","floor":6.0,"turns":4.0},{"damage":4.0,"enemies":"2 Louse","floor":8.0,"turns":3.0},{"damage":26.0,"enemies":"Lagavulin","floor":10.0,"turns":5.0},{"damage":2,"enemies":"Exordium Thugs","floor":12,"turns":4},{"damage":21,"enemies":"3 Sentries","floor":14,"turns":10},{"damage":61,"enemies":"Slime Boss","floor":16,"turns":10}],"seed_played":"-4708112123809605378","potions_obtained":[{"floor":1.0,"key":"EntropicBrew"},{"floor":4.0,"key":"AttackPotion"}],"is_trial":false,"path_per_floor":["M","?","$","M","$","E","R","M","T","E","R","M","R","E","R","B"],"character_chosen":"IRONCLAD","items_purchased":[],"campfire_rested":1,"item_purchase_floors":[],"current_hp_per_floor":[68,68,68,68,68,40,40,42,42,22,22,26,46,31,31,0,0],"gold":165,"neow_bonus":"ONE_RARE_RELIC","is_daily":false,"chose_seed":true,"campfire_upgraded":1,"win_rate":0.0,"timestamp":1611455993,"path_taken":["M","?","$","M","$","E","R","?","T","E","R","M","R","E","R","BOSS"],"items_purchased_type":[],"build_version":"2020-12-22","purchased_purges":1,"victory":false,"max_hp_per_floor":[68,68,68,68,68,68,68,68,68,68,68,68,68,68,68,68,68],"card_choices":[{"not_picked":["Perfected Strike","Fire Breathing"],"picked":"Hemokinesis","floor":1.0},{"not_picked":["Wild Strike","Headbutt","Metallicize"],"picked":"SKIP","floor":4.0},{"not_picked":["Body Slam","Cleave"],"picked":"Armaments","floor":6.0},{"not_picked":["Shrug It Off","Heavy Blade"],"picked":"Power Through","floor":8.0},{"not_picked":["Limit Break","Clothesline","Rupture"],"picked":"SKIP","floor":10.0},{"not_picked":["Pommel Strike","Flame Barrier","Warcry"],"picked":"SKIP","floor":12},{"not_picked":["Cleave","Clash","Flex"],"picked":"SKIP","floor":14}],"player_experience":420915,"relics_obtained":[{"floor":6.0,"key":"Shovel"},{"floor":9.0,"key":"Pantograph"},{"floor":10.0,"key":"Sundial"},{"floor":11.0,"key":"Centennial Puzzle"},{"floor":14,"key":"Whetstone"},{"floor":15,"key":"Gremlin Horn"}],"event_choices":[{"damage_healed":0.0,"max_hp_gain":0.0,"max_hp_loss":0.0,"gold_gain":0.0,"event_name":"Upgrade Shrine","player_choice":"Upgraded","floor":2.0,"gold_loss":0.0,"damage_taken":0.0,"cards_upgraded":["Hemokinesis"]}],"is_beta":false,"boss_relics":[],"items_purged_floors":[3],"is_endless":false,"potions_floor_spawned":[1,4,12],"killed_by":"Slime Boss","ascension_level":20}}