{"host":"c2bue2hyafvtxka5","time":1611492884,"event":{"mods":["BaseMod","Hermit","Minty Spire (QoL Compilation)","StSLib","The Cursed","The Disciple","The Necromancer","The Servant 0.9.4"],"gold_per_floor":[113,113,113,188,188,188,218,218,264,293,312,337,135,146,146,245,245,261,227,245,259,13,13,13,24,24,43,43,59,78,108,108,209,209,221,231,231,58,75,0,0,15,15,25,40,69,69,86,86,86,86],"floor_reached":50,"language":"ENG","playtime":3575,"items_purged":[],"score":566,"play_id":"3533d240-8994-4276-80d8-cc59db4b5da5","local_time":"20210124075444","is_ascension_mode":false,"campfire_choices":[{"floor":6,"key":"REST"},{"floor":8,"key":"REST"},{"data":"hermit:Manifest","floor":15,"key":"SMITH"},{"floor":23,"key":"REST"},{"floor":28,"key":"REST"},{"floor":32,"key":"REST"},{"floor":49,"key":"REST"}],"circlet_count":0,"master_deck":["hermit:Strike_Hermit","hermit:Strike_Hermit+1","hermit:Strike_Hermit+1","hermit:Strike_Hermit","hermit:Defend_Hermit","hermit:Defend_Hermit","hermit:Defend_Hermit","hermit:Defend_Hermit","hermit:Snapshot","hermit:Covet","hermit:Shortfuse","hermit:ShadowCloak","hermit:Desperado","hermit:Brawl","hermit:ShadowCloak","hermit:Snipe","hermit:Manifest+1","CurseOfTheBell","hermit:SprayPray","hermit:TakeCover","hermit:Dive","hermit:Manifest+1","hermit:FatalDesire+1","hermit:Reprieve","hermit:HoleUp","Madness","Apotheosis","hermit:Coalescence+1","Transmutation"],"relics":["hermit:Momento","NeowsBlessing","Dream Catcher","hermit:CharredGlove","Orichalcum","Toy Ornithopter","Happy Flower","Frozen Eye","Calling Bell","Ice Cream","Frozen Egg 2","Pen Nib","Pantograph","Bird Faced Urn","Regal Pillow","Busted Crown","Red Mask","Question Card","Lantern"],"acts_visited":["Exordium","TheCity","TheBeyond"],"potions_floor_usage":[12,21,21,21,25,39,39,45,46],"damage_taken":[{"damage":0,"enemies":"Jaw Worm","floor":1,"turns":1},{"damage":0,"enemies":"Lagavulin","floor":7,"turns":1},{"damage":0,"enemies":"Gremlin Nob","floor":10,"turns":1},{"damage":6,"enemies":"Small Slimes","floor":11,"turns":3},{"damage":13,"enemies":"3 Sentries","floor":12,"turns":6},{"damage":4,"enemies":"Cultist","floor":14,"turns":5},{"damage":52,"enemies":"Hexaghost","floor":16,"turns":11},{"damage":19,"enemies":"3 Byrds","floor":18,"turns":7},{"damage":29,"enemies":"2 Thieves","floor":19,"turns":5},{"damage":13,"enemies":"Centurion and Healer","floor":20,"turns":6},{"damage":29,"enemies":"Chosen and Byrds","floor":21,"turns":9},{"damage":16,"enemies":"Snake Plant","floor":25,"turns":5},{"damage":13,"enemies":"Cultist and Chosen","floor":27,"turns":7},{"damage":13,"enemies":"Snecko","floor":29,"turns":8},{"damage":8,"enemies":"Snake Plant","floor":30,"turns":5},{"damage":24,"enemies":"Book of Stabbing","floor":31,"turns":8},{"damage":49,"enemies":"Collector","floor":33,"turns":14},{"damage":16,"enemies":"3 Shapes","floor":35,"turns":4},{"damage":10,"enemies":"Orb Walker","floor":36,"turns":6},{"damage":24,"enemies":"Maw","floor":39,"turns":12},{"damage":37,"enemies":"Transient","floor":42,"turns":5},{"damage":10,"enemies":"4 Shapes","floor":44,"turns":14},{"damage":33,"enemies":"Jaw Worm Horde","floor":45,"turns":7},{"damage":14,"enemies":"Nemesis","floor":46,"turns":13},{"damage":26,"enemies":"Sphere and 2 Shapes","floor":48,"turns":12},{"damage":94,"enemies":"Awakened One","floor":50,"turns":15}],"seed_played":"-2466337810782238952","potions_obtained":[{"floor":1,"key":"Fire Potion"},{"floor":10,"key":"Swift Potion"},{"floor":12,"key":"Dexterity Potion"},{"floor":18,"key":"Strength Potion"},{"floor":20,"key":"Fruit Juice"},{"floor":21,"key":"SkillPotion"},{"floor":33,"key":"GamblersBrew"},{"floor":36,"key":"hermit:Tonic"},{"floor":39,"key":"BlessingOfTheForge"},{"floor":44,"key":"Fire Potion"}],"is_trial":false,"path_per_floor":["M","?","?","?","?","R","E","R","T","E","M","E","$","M","R","B",null,"M","M","M","M","$","R","$","M","T","M","R","M","M","E","R","B",null,"M","M","?","$","M","?","$","M","T","M","M","E","?","M","R","B"],"character_chosen":"HERMIT","items_purchased":["hermit:Manifest","Frozen Eye","Pantograph","Apotheosis"],"campfire_rested":6,"item_purchase_floors":[13,13,22,38],"current_hp_per_floor":[75,72,57,46,46,68,68,75,75,75,69,61,61,57,57,5,75,56,27,14,5,5,29,29,18,18,11,35,30,28,10,49,33,80,66,64,54,54,56,56,56,27,27,57,43,42,42,32,71,0,0],"gold":86,"neow_bonus":"THREE_ENEMY_KILL","is_daily":false,"chose_seed":false,"campfire_upgraded":1,"win_rate":0.0,"timestamp":1611492884,"path_taken":["M","?","?","?","?","R","E","R","T","E","M","E","$","M","R","BOSS","M","M","?","?","$","R","$","M","T","M","R","M","M","E","R","BOSS","M","M","?","$","M","?","$","M","T","?","?","E","?","M","R","BOSS"],"items_purchased_type":["Card","Relic","Relic","Card"],"build_version":"2020-12-22","purchased_purges":0,"victory":false,"max_hp_per_floor":[75,75,75,75,75,75,75,75,75,75,75,75,75,75,75,75,75,75,75,75,80,80,80,80,80,80,80,80,80,80,80,80,80,80,80,80,80,80,80,80,80,80,80,80,80,80,80,80,80,80,80],"card_choices":[{"not_picked":["hermit:WideOpen","hermit:Quickdraw"],"picked":"hermit:Shortfuse","floor":1},{"not_picked":["hermit:LoneWolf","hermit:WideOpen"],"picked":"hermit:ShadowCloak","floor":6},{"not_picked":["hermit:Feint","hermit:Combo"],"picked":"hermit:Desperado","floor":7},{"not_picked":["hermit:Misfire","hermit:Vantage"],"picked":"hermit:Brawl","floor":8},{"not_picked":["hermit:TakeCover","hermit:Showdown"],"picked":"hermit:ShadowCloak","floor":10},{"not_picked":["hermit:PistolWhip","hermit:Coalescence"],"picked":"hermit:Snipe","floor":11},{"not_picked":["hermit:Coalescence","hermit:Combo","hermit:Quickdraw"],"picked":"SKIP","floor":12},{"not_picked":["hermit:BodyArmor","hermit:FlashPowder","hermit:HighCaliber"],"picked":"SKIP","floor":14},{"not_picked":["hermit:Shortfuse","hermit:Feint+1","hermit:Glare+1"],"picked":"SKIP","floor":18},{"not_picked":["hermit:Desperado+1","hermit:Horror"],"picked":"hermit:SprayPray","floor":19},{"not_picked":["hermit:Coalescence","hermit:Roulette","hermit:Quickdraw"],"picked":"SKIP","floor":20},{"not_picked":["hermit:Misfire","hermit:SprayPray","hermit:Showdown"],"picked":"SKIP","floor":21},{"not_picked":["hermit:Enervate","hermit:Quickdraw"],"picked":"hermit:TakeCover","floor":23},{"not_picked":["hermit:Feint","hermit:Coalescence"],"picked":"hermit:Dive","floor":25},{"not_picked":["hermit:Glare","hermit:Misfire"],"picked":"hermit:Manifest+1","floor":27},{"not_picked":["hermit:NoHoldsBarred","hermit:Horror"],"picked":"hermit:FatalDesire+1","floor":28},{"not_picked":["hermit:Showdown","hermit:Gestalt","hermit:SprayPray+1"],"picked":"SKIP","floor":29},{"not_picked":["hermit:BodyArmor+1","hermit:Dive","hermit:LoneWolf"],"picked":"SKIP","floor":30},{"not_picked":["hermit:Virtue","hermit:CursedWeapon+1","hermit:Misfire"],"picked":"SKIP","floor":31},{"not_picked":["hermit:Magnum","hermit:DeadOrAlive"],"picked":"hermit:Reprieve","floor":33},{"not_picked":["hermit:BigShot+1"],"picked":"SKIP","floor":35},{"not_picked":[],"picked":"hermit:HoleUp","floor":36},{"not_picked":["hermit:Glare"],"picked":"SKIP","floor":39},{"not_picked":[],"picked":"hermit:Coalescence+1","floor":42},{"not_picked":["hermit:Coalescence+1","hermit:Roulette+1"],"picked":"SKIP","floor":44},{"not_picked":["hermit:HighCaliber+1","hermit:LowProfile"],"picked":"SKIP","floor":45},{"not_picked":["hermit:FinalCanter","hermit:Maintenance+1"],"picked":"SKIP","floor":46},{"not_picked":["hermit:BodyArmor+1","hermit:HighCaliber"],"picked":"SKIP","floor":48}],"player_experience":81446,"relics_obtained":[{"floor":7,"key":"hermit:CharredGlove"},{"floor":9,"key":"Orichalcum"},{"floor":10,"key":"Toy Ornithopter"},{"floor":12,"key":"Happy Flower"},{"floor":17,"key":"Ice Cream"},{"floor":17,"key":"Frozen Egg 2"},{"floor":17,"key":"Pen Nib"},{"floor":26,"key":"Bird Faced Urn"},{"floor":31,"key":"Regal Pillow"},{"floor":43,"key":"Question Card"},{"floor":46,"key":"Lantern"}],"event_choices":[{"damage_healed":0,"gold_gain":0,"player_choice":"Success","damage_taken":3,"relics_obtained":["Dream Catcher"],"max_hp_gain":0,"max_hp_loss":0,"event_name":"Scrap Ooze","floor":2,"gold_loss":0},{"damage_healed":0,"gold_gain":0,"player_choice":"Entered Light","damage_taken":15,"max_hp_gain":0,"max_hp_loss":0,"event_name":"Shining Light","floor":3,"gold_loss":0,"cards_upgraded":["hermit:Strike_Hermit","hermit:Strike_Hermit"]},{"damage_healed":0,"gold_gain":75,"player_choice":"Gather Gold","damage_taken":11,"max_hp_gain":0,"max_hp_loss":0,"event_name":"World of Goop","floor":4,"gold_loss":0},{"damage_healed":0,"gold_gain":0,"player_choice":"Bought 0 Potions","damage_taken":0,"max_hp_gain":0,"max_hp_loss":0,"event_name":"The Woman in Blue","floor":5,"gold_loss":0},{"damage_healed":0,"gold_gain":0,"player_choice":"Embrace Madness","damage_taken":10,"max_hp_gain":0,"max_hp_loss":0,"event_name":"Winding Halls","floor":37,"gold_loss":0,"cards_obtained":["Madness","Madness"]},{"damage_healed":0,"gold_gain":0,"player_choice":"Paid","damage_taken":0,"relics_obtained":["Red Mask"],"max_hp_gain":0,"max_hp_loss":0,"event_name":"Tomb of Lord Red Mask","floor":40,"gold_loss":75},{"damage_healed":0,"gold_gain":0,"cards_transformed":["Madness"],"player_choice":"Transformed","damage_taken":0,"max_hp_gain":0,"max_hp_loss":0,"event_name":"Transmorgrifier","floor":47,"gold_loss":0,"cards_obtained":["Transmutation"]}],"is_beta":false,"boss_relics":[{"not_picked":["hermit:DentedPlate","Snecko Eye"],"picked":"Calling Bell"},{"not_picked":["Velvet Choker","Black Star"],"picked":"Busted Crown"}],"items_purged_floors":[],"is_endless":false,"potions_floor_spawned":[1,10,12,18,20,21,33,36,39,44],"killed_by":"Awakened One","ascension_level":0}}