{"host":"lnt5dzsuhru0aonl","time":1611482002,"event":{"mods":["2.2 Compatiblity","BaseMod","Colored Map","Colored Powertips","DeckTracker","Keyboard Shortcuts","Minty Spire (QoL Compilation)","Permanent Neow","Rare Cards Sparkle","StSLib","SuperFastMode","everything is the same but u backflip on backflip"],"gold_per_floor":[115,126,126,142,160,160,193,193,219,56,56,72,97,112,112,112,112],"floor_reached":16,"language":"KOR","playtime":1658,"items_purged":[],"score":224,"play_id":"be6e9282-4e93-475c-9ef8-f4495ef47afd","local_time":"20210124185322","is_ascension_mode":true,"campfire_choices":[{"data":"Ball Lightning","floor":6.0,"key":"SMITH"},{"data":"Zap","floor":8,"key":"SMITH"},{"floor":15,"key":"REST"}],"circlet_count":0,"master_deck":["AscendersBane","Strike_B","Strike_B","Strike_B","Defend_B","Defend_B","Defend_B+1","Defend_B","Zap+1","Dualcast","Thunder Strike","Coolheaded+1","Conserve Battery","Ball Lightning+1","Reinforced Body","Sweeping Beam","Turbo"],"relics":["Cracked Core","Lantern","Dream Catcher","ClockworkSouvenir","Art of War"],"acts_visited":["Exordium"],"potions_floor_usage":[7,13,14,16],"damage_taken":[{"damage":1.0,"enemies":"Cultist","floor":1.0,"turns":4.0},{"damage":5.0,"enemies":"Jaw Worm","floor":2.0,"turns":5.0},{"damage":2.0,"enemies":"Small Slimes","floor":4.0,"turns":5.0},{"damage":0.0,"enemies":"2 Fungi Beasts","floor":5.0,"turns":3.0},{"damage":4,"enemies":"Gremlin Nob","floor":7,"turns":3},{"damage":0,"enemies":"Large Slime","floor":12,"turns":4},{"damage":5,"enemies":"Lagavulin","floor":13,"turns":6},{"damage":13,"enemies":"Exordium Thugs","floor":14,"turns":3},{"damage":37,"enemies":"Hexaghost","floor":16,"turns":9}],"seed_played":"6821389265119669287","potions_obtained":[{"floor":2.0,"key":"FocusPotion"},{"floor":5.0,"key":"Energy Potion"},{"floor":13,"key":"Explosive Potion"},{"floor":14,"key":"GamblersBrew"}],"is_trial":false,"path_per_floor":["M","M","?","M","M","R","E","R","T","$","?","M","E","M","R","B"],"character_chosen":"DEFECT","items_purchased":["ClockworkSouvenir"],"campfire_rested":1,"item_purchase_floors":[10],"current_hp_per_floor":[63,58,58,56,56,56,52,52,52,52,33,33,28,15,34,0,0],"gold":112,"neow_bonus":"THREE_RARE_CARDS","is_daily":false,"chose_seed":false,"campfire_upgraded":2,"win_rate":0.0,"timestamp":1611482002,"path_taken":["M","?","?","M","?","R","E","R","T","$","?","M","E","M","R","BOSS"],"items_purchased_type":["Relic"],"build_version":"2020-12-22","purchased_purges":0,"victory":false,"max_hp_per_floor":[64,64,64,64,64,64,64,64,64,64,64,64,64,64,64,64,64],"card_choices":[{"not_picked":["Seek","Electrodynamics"],"picked":"Thunder Strike","floor":0.0},{"not_picked":["Redo","Stack"],"picked":"Coolheaded","floor":1.0},{"not_picked":["Beam Cell","Coolheaded","Rebound"],"picked":"SKIP","floor":2.0},{"not_picked":["Sweeping Beam","Fusion"],"picked":"Conserve Battery","floor":4.0},{"not_picked":["Reprogram","Glacier"],"picked":"Ball Lightning","floor":5.0},{"not_picked":["Rebound","Cold Snap"],"picked":"Reinforced Body","floor":7},{"not_picked":["Go for the Eyes","Hyperbeam"],"picked":"Sweeping Beam","floor":12},{"not_picked":["Sweeping Beam","Redo","Stack"],"picked":"SKIP","floor":13},{"not_picked":["Sweeping Beam","Recycle","Hello World"],"picked":"SKIP","floor":14},{"not_picked":["Sunder","Aggregate"],"picked":"Turbo","floor":15}],"player_experience":747460,"relics_obtained":[{"floor":7,"key":"Lantern"},{"floor":9,"key":"Dream Catcher"},{"floor":13,"key":"Art of War"}],"event_choices":[{"cards_removed":["Strike_B"],"damage_healed":0.0,"max_hp_gain":0.0,"max_hp_loss":0.0,"gold_gain":0.0,"event_name":"Purifier","player_choice":"Purged","floor":3.0,"gold_loss":0.0,"damage_taken":0.0},{"damage_healed":0,"gold_gain":0,"player_choice":"Entered Light","damage_taken":19,"max_hp_gain":0,"max_hp_loss":0,"event_name":"Shining Light","floor":11,"gold_loss":0,"cards_upgraded":["Coolheaded","Defend_B"]}],"is_beta":false,"boss_relics":[],"items_purged_floors":[],"is_endless":false,"potions_floor_spawned":[2,5,13,14],"killed_by":"Hexaghost","ascension_level":20}}