{"host":"7f01flv6y0vhl3vt","time":1611511739,"event":{"mods":["Act Like it!","BaseMod","Downfall","Minty Spire (QoL Compilation)","StSLib"],"gold_per_floor":[99,119,131,148,6,17,17,17,2,2,14,14,14,28,39,39,39,39],"floor_reached":16,"language":"ENG","playtime":3595,"items_purged":["Guardian:Strike_Guardian"],"score":94,"play_id":"1baa4769-c567-4abd-b0fc-b208884628a8","local_time":"20210124130859","is_ascension_mode":false,"campfire_choices":[{"floor":1.0,"key":"RECALL"},{"floor":13,"key":"REST"}],"circlet_count":0,"master_deck":["Guardian:Strike_Guardian","Guardian:Strike_Guardian","Guardian:Strike_Guardian","Guardian:Defend_Guardian","Guardian:Defend_Guardian","Guardian:Defend_Guardian","Guardian:Defend_Guardian","Guardian:CurlUp","Guardian:TwinSlam","Guardian:CrystalBeam","Guardian:PrismaticBeam","Guardian:Recover","Guardian:ChargeCore","Guardian:StasisStrike","Guardian:StasisStrike","Guardian:VentSteam+1","Guardian:RevengeProtocol","Guardian:SentryBeam"],"relics":["Guardian:ModeShifter","Toxic Egg 2","Guardian:PickAxe"],"acts_visited":["Exordium"],"potions_floor_usage":[9,9,12,15],"damage_taken":[{"damage":10.0,"enemies":"Small Slimes","floor":2.0,"turns":5.0},{"damage":2.0,"enemies":"Cultist","floor":3.0,"turns":5.0},{"damage":11,"enemies":"Jaw Worm","floor":4,"turns":3},{"damage":5,"enemies":"downfall:FleeingMerchant","floor":5,"turns":4},{"damage":4,"enemies":"Large Slime","floor":6,"turns":7},{"damage":10,"enemies":"downfall:FleeingMerchant","floor":9,"turns":4},{"damage":2,"enemies":"3 Louse","floor":11,"turns":3},{"damage":28,"enemies":"3 Louse","floor":12,"turns":5},{"damage":11,"enemies":"Exordium Thugs","floor":14,"turns":4},{"damage":13,"enemies":"Lots of Slimes","floor":15,"turns":6},{"damage":11,"enemies":"SI_SHIV_ARCHETYPE","floor":16,"turns":4}],"seed_played":"-2447195483181593734","potions_obtained":[{"floor":0.0,"key":"Guardian:StasisDiscoveryPotion"},{"floor":0.0,"key":"DuplicationPotion"},{"floor":0.0,"key":"FearPotion"},{"floor":14,"key":"GamblersBrew"}],"is_trial":false,"path_per_floor":["R","M","M","M","$","M","T","?","$","T","M","?","R","M","M","B"],"character_chosen":"GUARDIAN","items_purchased":["Guardian:Gem_Cyan"],"campfire_rested":1,"item_purchase_floors":[5],"current_hp_per_floor":[80,70,68,57,52,48,48,48,38,38,36,8,32,21,8,0,0,0],"gold":39,"neow_bonus":"THREE_SMALL_POTIONS","is_daily":false,"chose_seed":false,"campfire_upgraded":0,"win_rate":0.0,"timestamp":1611511739,"path_taken":["R","M","M","M","$","M","T","?","$","?","M","?","R","M","M","BOSS"],"items_purchased_type":["Card"],"build_version":"2020-12-22","purchased_purges":1,"victory":false,"max_hp_per_floor":[80,80,80,80,80,80,80,80,80,80,80,80,80,80,80,80,80,80],"card_choices":[{"not_picked":["Guardian:RollAttack","Guardian:PrimingBeam"],"picked":"Guardian:CrystalBeam","floor":2.0},{"not_picked":["Guardian:VentSteam","Guardian:ShieldCharger"],"picked":"Guardian:PrismaticBeam","floor":3.0},{"not_picked":["Guardian:Suspension","Guardian:Planning"],"picked":"Guardian:Recover","floor":4},{"not_picked":["Guardian:PiercingHide","Guardian:Gem_Red"],"picked":"Guardian:ChargeCore","floor":5},{"not_picked":["Guardian:TimeCapacitor","Guardian:RollAttack"],"picked":"Guardian:StasisStrike","floor":6},{"not_picked":["Guardian:Suspension","Guardian:TemporalShield"],"picked":"Guardian:Gem_Red","floor":9},{"not_picked":["Guardian:Gem_Lightblue","Guardian:Reroute"],"picked":"Guardian:VentSteam+1","floor":11},{"not_picked":["Guardian:WalkerClaw","Guardian:RollAttack"],"picked":"Guardian:RevengeProtocol","floor":14},{"not_picked":["Guardian:ShieldCharger+1","Guardian:PrimingBeam"],"picked":"Guardian:SentryBeam","floor":15}],"player_experience":1368099,"relics_obtained":[{"floor":10,"key":"Toxic Egg 2"}],"event_choices":[],"is_beta":false,"boss_relics":[],"items_purged_floors":[5],"is_endless":false,"potions_floor_spawned":[6,12,14],"killed_by":"SI_SHIV_ARCHETYPE","ascension_level":0}}