{"host":"cimxalwyqyblhb3d","time":1611516126,"event":{"mods":["AchievementEnabler","BaseMod","Colored Powertips","Evolution","Minty Spire (QoL Compilation)","Quick Restart","Relic Stats","StSLib"],"gold_per_floor":[114,64,64,89,99,99,128,128,154,189,202,214,162,176,176,273,273,286,286,304,150,167,167,185,185,230,230,267,276,145,145,145,145,145],"floor_reached":33,"language":"FRA","playtime":1313,"items_purged":[],"score":438,"play_id":"e9ae7197-d303-440a-a946-e35610290376","local_time":"20210124202205","is_ascension_mode":true,"campfire_choices":[{"data":"Well Laid Plans","floor":6.0,"key":"SMITH"},{"floor":8.0,"key":"REST"},{"data":"Noxious Fumes","floor":15.0,"key":"SMITH"},{"data":"Bouncing Flask","floor":23.0,"key":"SMITH"},{"floor":25.0,"key":"REST"},{"data":"Poisoned Stab","floor":27.0,"key":"SMITH"},{"data":"Bandage Up","floor":32,"key":"SMITH"}],"circlet_count":0,"master_deck":["Dagger Spray","Dagger Spray","Dagger Spray","Dagger Spray","Dodge and Roll","Defend_G","Defend_G","Defend_G","Defend_G","Survivor","Neutralize","Bane","Well Laid Plans+1","Poisoned Stab+1","Dagger Spray","Bouncing Flask+1","Bane","Noxious Fumes+1","PiercingWail","Deadly Poison+1","Deflect","Cloak And Dagger","Bandage Up+1"],"relics":["Ring of the Snake","EVO:Axolotl","Akabeko","Pocketwatch","Lantern","Snake Skull","SlaversCollar","Bronze Scales","CeramicFish","Anchor"],"acts_visited":["Exordium","TheCity"],"potions_floor_usage":[33],"damage_taken":[{"damage":0.0,"enemies":"Small Slimes","floor":1.0,"turns":2.0},{"damage":0.0,"enemies":"Jaw Worm","floor":5.0,"turns":2.0},{"damage":28.0,"enemies":"Lagavulin","floor":7.0,"turns":4.0},{"damage":5.0,"enemies":"3 Sentries","floor":10.0,"turns":3.0},{"damage":0.0,"enemies":"Cultist","floor":11.0,"turns":2.0},{"damage":0.0,"enemies":"Gremlin Gang","floor":12.0,"turns":1.0},{"damage":0.0,"enemies":"Exordium Wildlife","floor":14.0,"turns":2.0},{"damage":0.0,"enemies":"Slime Boss","floor":16.0,"turns":4.0},{"damage":17.0,"enemies":"2 Thieves","floor":18.0,"turns":3.0},{"damage":12.0,"enemies":"Chosen","floor":20.0,"turns":3.0},{"damage":14.0,"enemies":"Snake Plant","floor":22.0,"turns":3.0},{"damage":21.0,"enemies":"Sentry and Sphere","floor":24.0,"turns":5.0},{"damage":10.0,"enemies":"Slavers","floor":28.0,"turns":3.0},{"damage":66,"enemies":"Automaton","floor":33,"turns":6}],"seed_played":"454220623866487447","potions_obtained":[{"floor":5.0,"key":"Poison Potion"},{"floor":10.0,"key":"PowerPotion"},{"floor":11.0,"key":"Block Potion"},{"floor":14.0,"key":"Strength Potion"},{"floor":18.0,"key":"SteroidPotion"},{"floor":20.0,"key":"BlessingOfTheForge"}],"is_trial":false,"path_per_floor":["M","?","?","T","M","R","E","R","T","E","M","M","$","M","R","B",null,"M","?","M","$","M","R","M","R","T","R","E","?","$","?","R","B"],"character_chosen":"THE_SILENT","items_purchased":["Bane","Bronze Scales","Bandage Up","Swift Potion"],"campfire_rested":2,"item_purchase_floors":[13,21,30,30],"current_hp_per_floor":[70,70,75,75,75,75,47,69,69,64,64,64,64,64,64,64,75,58,85,73,73,59,59,38,63,63,63,53,53,53,53,53,0,0],"gold":145,"neow_bonus":"THREE_CARDS","is_daily":false,"chose_seed":false,"campfire_upgraded":5,"win_rate":0.0,"timestamp":1611516125,"path_taken":["M","?","?","?","M","R","E","R","T","E","M","M","?","M","R","BOSS","M","?","M","$","M","R","?","R","T","R","E","?","$","?","R","BOSS"],"items_purchased_type":["Card","Relic","Card","Potion"],"build_version":"2020-12-22","purchased_purges":0,"victory":false,"max_hp_per_floor":[70,70,75,75,75,75,75,75,75,75,75,75,75,75,75,75,75,75,85,85,85,85,85,85,85,85,85,85,85,85,85,85,85,85],"relic_stats":{"counters":[14,43],"Bronze Scales":[48],"CeramicFish":27,"Snake Skull":[60],"obtain_stats":[{"SlaversCollar":17,"Lantern":9,"Anchor":28,"Bronze Scales":21,"CeramicFish":26,"Snake Skull":10,"EVO:Axolotl":0,"Akabeko":4,"Ring of the Snake":0,"Pocketwatch":7},{"SlaversCollar":8,"Lantern":3,"Anchor":13,"Bronze Scales":10,"CeramicFish":12,"Snake Skull":4,"EVO:Axolotl":0,"Akabeko":1,"Ring of the Snake":0,"Pocketwatch":3},{"SlaversCollar":20,"Lantern":8,"Anchor":37,"Bronze Scales":26,"CeramicFish":34,"Snake Skull":11,"EVO:Axolotl":0,"Akabeko":2,"Ring of the Snake":0,"Pocketwatch":8}],"Ring of the Snake":[28],"Pocketwatch":[27]},"card_choices":[{"not_picked":["Heel Hook","Outmaneuver"],"picked":"Bane","floor":0.0},{"not_picked":["Dagger Throw","All Out Attack"],"picked":"Well Laid Plans","floor":1.0},{"not_picked":["Finisher","Well Laid Plans"],"picked":"Poisoned Stab","floor":5.0},{"not_picked":["Masterful Stab","Sucker Punch","Setup"],"picked":"SKIP","floor":7.0},{"not_picked":["Accuracy","Eviscerate"],"picked":"Dagger Spray","floor":10.0},{"not_picked":["Underhanded Strike","Poisoned Stab"],"picked":"Bouncing Flask","floor":11.0},{"not_picked":["Quick Slash","Finisher","Prepared"],"picked":"SKIP","floor":12.0},{"not_picked":["Bane","Prepared"],"picked":"Noxious Fumes","floor":14.0},{"not_picked":["Grand Finale","Bullet Time"],"picked":"Doppelganger","floor":16.0},{"not_picked":["Calculated Gamble","Flying Knee+1"],"picked":"PiercingWail","floor":18.0},{"not_picked":["Skewer","Well Laid Plans","Dagger Spray"],"picked":"SKIP","floor":20.0},{"not_picked":["Bane","Quick Slash"],"picked":"Deadly Poison+1","floor":22.0},{"not_picked":["Flying Knee+1","All Out Attack","Prepared"],"picked":"SKIP","floor":24.0},{"not_picked":["Flying Knee+1","All Out Attack","Prepared"],"picked":"SKIP","floor":24.0},{"not_picked":["Dash","Prepared+1"],"picked":"Deflect","floor":28}],"player_experience":520659,"relics_obtained":[{"floor":4.0,"key":"Akabeko"},{"floor":7.0,"key":"Pocketwatch"},{"floor":9.0,"key":"Lantern"},{"floor":10.0,"key":"Snake Skull"},{"floor":26.0,"key":"CeramicFish"},{"floor":28,"key":"Anchor"}],"event_choices":[{"cards_removed":["Dagger Spray"],"damage_healed":0.0,"max_hp_gain":0.0,"max_hp_loss":0.0,"gold_gain":0.0,"event_name":"The Cleric","player_choice":"Card Removal","floor":2.0,"gold_loss":50.0,"damage_taken":0.0},{"damage_healed":0.0,"max_hp_gain":5.0,"max_hp_loss":0.0,"gold_gain":0.0,"event_name":"Big Fish","player_choice":"Donut","floor":3.0,"gold_loss":0.0,"damage_taken":0.0},{"cards_removed":["Doppelganger"],"damage_healed":17.0,"max_hp_gain":10.0,"max_hp_loss":0.0,"gold_gain":0.0,"event_name":"Bonfire Elementals","player_choice":"Offered Rare","floor":19.0,"gold_loss":0.0,"damage_taken":0.0},{"damage_healed":0,"gold_gain":0,"player_choice":"Read","damage_taken":0,"max_hp_gain":0,"max_hp_loss":0,"event_name":"The Library","floor":29,"gold_loss":0,"cards_obtained":["Cloak And Dagger"]},{"damage_healed":0,"gold_gain":0,"player_choice":"Ignored","damage_taken":0,"max_hp_gain":0,"max_hp_loss":0,"event_name":"Vampires","floor":31,"gold_loss":0}],"is_beta":false,"boss_relics":[{"not_picked":["Coffee Dripper","Snecko Eye"],"picked":"SlaversCollar"}],"items_purged_floors":[],"is_endless":false,"potions_floor_spawned":[5,10,11,14,18,20],"killed_by":"Automaton","ascension_level":4}}