{"host":"jmumkimrafwvkspb","time":1611508430,"event":{"mods":["AchievementEnabler","BaseMod","Colored Map","Minty Spire (QoL Compilation)","Replay The Spire","StSLib"],"gold_per_floor":[113,127,141,111,54,84,84,102,155,180,180,208,208,223,223,223,223],"floor_reached":16,"language":"ENG","playtime":786,"items_purged":[],"score":290,"play_id":"14035544-e1da-4f65-bad2-6d7cbdeb5198","local_time":"20210124181350","is_ascension_mode":true,"campfire_choices":[{"data":"Sunder","floor":7.0,"key":"SMITH"},{"data":"Electrodynamics","floor":11.0,"key":"SMITH"},{"data":"Genetic Algorithm","floor":13.0,"key":"SMITH"},{"floor":15.0,"key":"REST"}],"circlet_count":0,"master_deck":["AscendersBane","Strike_B","Strike_B","Strike_B","Strike_B","Defend_B","Defend_B","Defend_B","Defend_B","Zap","Dualcast","Glacier","Sweeping Beam","White Noise","Sunder+1","Sunder","Coolheaded","Hologram","Pot Of Greed","Pot Of Greed","Electrodynamics+1","Genetic Algorithm+1","BasicCrystalCard"],"relics":["Cracked Core","Mummified Hand","Centennial Puzzle","Grinning Jar","Bag of Marbles"],"acts_visited":["Exordium"],"potions_floor_usage":[16,16],"damage_taken":[{"damage":4.0,"enemies":"Jaw Worm","floor":1.0,"turns":3.0},{"damage":0.0,"enemies":"Cultist","floor":2.0,"turns":3.0},{"damage":0.0,"enemies":"Small Slimes","floor":3.0,"turns":2.0},{"damage":17.0,"enemies":"3 Sentries","floor":6.0,"turns":6.0},{"damage":7.0,"enemies":"Looter","floor":8.0,"turns":3.0},{"damage":35.0,"enemies":"Gremlin Nob","floor":10.0,"turns":4.0},{"damage":0.0,"enemies":"Lagavulin","floor":12.0,"turns":7.0},{"damage":0.0,"enemies":"Blue Slaver","floor":14.0,"turns":1.0},{"damage":36,"enemies":"Hexaghost","floor":16,"turns":9}],"seed_played":"-2435544827472251040","potions_obtained":[{"floor":2.0,"key":"AttackPotion"},{"floor":3.0,"key":"Elixir"},{"floor":4.0,"key":"EssenceOfSteel"},{"floor":8.0,"key":"SpeedPotion"},{"floor":10.0,"key":"FocusPotion"}],"is_trial":false,"path_per_floor":["M","M","M","?","$","E","R","M","T","E","R","E","R","M","R","B"],"character_chosen":"DEFECT","items_purchased":["Sunder"],"campfire_rested":1,"item_purchase_floors":[5],"current_hp_per_floor":[67,67,67,67,67,50,50,43,43,8,8,8,8,8,31,0,0],"gold":223,"neow_bonus":"TEN_PERCENT_HP_BONUS","is_daily":false,"chose_seed":false,"campfire_upgraded":3,"win_rate":0.0,"timestamp":1611508430,"path_taken":["M","M","M","?","?","E","R","M","T","E","R","E","R","M","R","BOSS"],"items_purchased_type":["Card"],"build_version":"2020-12-22","purchased_purges":0,"victory":false,"max_hp_per_floor":[78,78,78,78,78,78,78,78,78,78,78,78,78,78,78,78,78],"card_choices":[{"not_picked":["Turbo","Sweeping Beam"],"picked":"Glacier","floor":1.0},{"not_picked":["Turbo","Compile Driver"],"picked":"Sweeping Beam","floor":2.0},{"not_picked":["Streamline","Tempest"],"picked":"White Noise","floor":3.0},{"not_picked":["Sweeping Beam","Compile Driver"],"picked":"Coolheaded","floor":6.0},{"not_picked":["Barrage","Panic Button"],"picked":"Hologram","floor":8.0},{"not_picked":["BootSequence","Cold Snap"],"picked":"Electrodynamics","floor":10.0},{"not_picked":["BootSequence","Turbo"],"picked":"Genetic Algorithm","floor":12.0},{"not_picked":["ReplayTheSpireMod:GoodbyeWorld","Streamline"],"picked":"BasicCrystalCard","floor":14.0}],"player_experience":1598231,"relics_obtained":[{"floor":6.0,"key":"Mummified Hand"},{"floor":9.0,"key":"Centennial Puzzle"},{"floor":10.0,"key":"Grinning Jar"},{"floor":12.0,"key":"Bag of Marbles"}],"event_choices":[{"damage_healed":0.0,"max_hp_gain":0.0,"max_hp_loss":0.0,"gold_gain":0.0,"event_name":"The Woman in Blue","player_choice":"Bought 2 Potions","floor":4.0,"gold_loss":0.0,"damage_taken":0.0}],"is_beta":false,"boss_relics":[],"items_purged_floors":[],"is_endless":false,"potions_floor_spawned":[2,3,8,10],"killed_by":"Hexaghost","ascension_level":20}}