{"host":"njo8qgvy2a57fcny","time":1611464604,"event":{"mods":["Ascension Unlocker","Aspiration","BaseMod","BetterRewards","CCEM","Colored Map","Colored Powertips","Conspire","Custom Start","Downfall","Energized Spire","GifTheSpireLib","Halation","Hermit","Hubris","Infinite Spire","Jedi Mod","Jorbs\u0027s Wanderer Trilogy","Mimic Mod","Minty Spire (QoL Compilation)","Quick Restart","Random Character Button","Random Character Mod","Rare Cards Sparkle","Relic Sorter","Replay The Spire","Shop Mod","StSLib","Stuff the Spire","The Animator","The Jungle","The Runesmith","The Servant 0.9.4","Unceasing Turn Reminder","thorton","vexMod"],"gold_per_floor":[119,119,119,137,156,156,156],"floor_reached":6,"language":"ENG","playtime":445,"items_purged":[],"score":72,"play_id":"cd8d68d2-64f4-4922-85bc-1d03ac6080ad","local_time":"20210124160324","is_ascension_mode":true,"campfire_choices":[],"circlet_count":0,"master_deck":["AscendersBane","Strike_S","Strike_S","Defend_S","Defend_S","Defend_S","KidneyShot","Exchange","ShatteredReality","Rearm","Eviscerate","Storm of Steel","StuffTheSpire:FinalStruggle","Revamp","SurpressingFire"],"relics":["Uniform","halation:EternalFortune"],"acts_visited":["Exordium"],"potions_floor_usage":[],"damage_taken":[{"damage":9,"enemies":"Small Slimes","floor":1,"turns":4},{"damage":7,"enemies":"Jaw Worm","floor":4,"turns":3},{"damage":16,"enemies":"conspire:RoseBush","floor":5,"turns":3},{"damage":58,"enemies":"Lagavulin","floor":6,"turns":7}],"seed_played":"5278155808829813293","potions_obtained":[{"floor":1,"key":"FairyPotion"}],"is_trial":false,"path_per_floor":["M","?","?","M","M","E"],"character_chosen":"THE_SERVANT","items_purchased":[],"campfire_rested":0,"item_purchase_floors":[],"current_hp_per_floor":[45,48,48,41,25,0,0],"gold":156,"neow_bonus":"THREE_CARDS","is_daily":false,"chose_seed":false,"campfire_upgraded":0,"win_rate":0.0,"timestamp":1611464604,"path_taken":["M","?","?","?","M","E"],"items_purchased_type":[],"build_version":"2020-12-22","purchased_purges":0,"victory":false,"max_hp_per_floor":[60,63,63,63,63,63,63],"card_choices":[{"not_picked":["Advance","Replace"],"picked":"ShatteredReality","floor":0},{"not_picked":["Barrier","Defy"],"picked":"Rearm","floor":1},{"not_picked":["DoubleEdge","Rewind"],"picked":"Revamp","floor":4},{"not_picked":["DualDimension","Starlight"],"picked":"SurpressingFire","floor":5}],"player_experience":680452,"relics_obtained":[],"event_choices":[],"is_beta":false,"boss_relics":[],"items_purged_floors":[],"is_endless":false,"potions_floor_spawned":[1],"killed_by":"Lagavulin","ascension_level":20}}