{"host":"pi8b3ffzwvxqztac","time":1611521114,"event":{"mods":["BaseMod","Colored Map","Downfall","Minty Spire (QoL Compilation)","StSLib","The Jungle"],"gold_per_floor":[0,11,11,0,12,12,37,66,66,66,66,66,66],"floor_reached":11,"language":"ENG","playtime":706,"items_purged":[],"score":110,"play_id":"c2a1cd0b-36b3-4b16-8fa7-639528685c42","local_time":"20210125094514","is_ascension_mode":true,"campfire_choices":[{"floor":1.0,"key":"RECALL"},{"data":"sneckomod:TailWhip","floor":6,"key":"SMITH"},{"data":"1","floor":10,"key":"LIFT"}],"circlet_count":0,"master_deck":["AscendersBane","sneckomod:Defend","sneckomod:Defend","sneckomod:Defend+1","sneckomod:TailWhip+1","sneckomod:SnekBite","sneckomod:Unknown+1","sneckomod:Unknown","sneckomod:UnknownExhaust","sneckomod:UnknownUncommonPower","sneckomod:TrashToTreasure","Parasite"],"relics":["sneckomod:SneckoSoul","War Paint","Girya"],"acts_visited":["Exordium"],"potions_floor_usage":[],"damage_taken":[{"damage":4.0,"enemies":"Jaw Worm","floor":2.0,"turns":3.0},{"damage":5.0,"enemies":"downfall:FleeingMerchant","floor":4.0,"turns":4.0},{"damage":0.0,"enemies":"Cultist","floor":5.0,"turns":4.0},{"damage":25,"enemies":"Lagavulin","floor":8,"turns":6},{"damage":69,"enemies":"3 Sentries","floor":11,"turns":9}],"seed_played":"6382249077822373366","potions_obtained":[{"floor":2.0,"key":"SmokeBomb"},{"floor":8,"key":"sneckomod:MuddlingPotion"}],"is_trial":false,"path_per_floor":["R","M","?","$","M","R","T","E","?","R","E"],"character_chosen":"THE_SNECKO","items_purchased":[],"campfire_rested":0,"item_purchase_floors":[],"current_hp_per_floor":[81,77,77,72,72,72,72,47,69,69,0,0,0],"gold":66,"neow_bonus":"REMOVE_TWO","is_daily":false,"chose_seed":false,"campfire_upgraded":1,"win_rate":0.0,"timestamp":1611521114,"path_taken":["R","M","?","?","M","R","T","E","?","R","E"],"items_purchased_type":[],"build_version":"2020-12-22","purchased_purges":0,"victory":false,"max_hp_per_floor":[90,90,90,90,90,90,90,90,90,90,90,90,90],"card_choices":[{"not_picked":["sneckomod:SoulCleanse","sneckomod:Unknown2Cost","sneckomod:UnknownCommonAttack"],"picked":"SKIP","floor":2.0},{"not_picked":["sneckomod:SnekBeam","sneckomod:Nope"],"picked":"sneckomod:UnknownUncommonPower","floor":4.0},{"not_picked":["sneckomod:UnknownCommonAttack","sneckomod:UnknownClassSLIMEBOUND","sneckomod:ImprovisedGuard"],"picked":"SKIP","floor":5},{"not_picked":["sneckomod:UnknownCommonAttack","sneckomod:UnknownClassSLIMEBOUND","sneckomod:ImprovisedGuard"],"picked":"SKIP","floor":5},{"not_picked":["sneckomod:UnknownCommonAttack","sneckomod:UnknownClassSLIMEBOUND","sneckomod:ImprovisedGuard"],"picked":"SKIP","floor":5},{"not_picked":["sneckomod:Nope","sneckomod:UnknownClassTHE_CHAMP_GRAY"],"picked":"sneckomod:TrashToTreasure","floor":8}],"player_experience":589655,"relics_obtained":[{"floor":7,"key":"War Paint"},{"floor":8,"key":"Girya"}],"event_choices":[{"damage_healed":22,"gold_gain":0,"player_choice":"Healed and dodged fight","damage_taken":0,"max_hp_gain":0,"max_hp_loss":0,"event_name":"Mushrooms","floor":9,"gold_loss":0,"cards_obtained":["Parasite"]}],"is_beta":false,"boss_relics":[],"items_purged_floors":[],"is_endless":false,"potions_floor_spawned":[2,8],"killed_by":"3 Sentries","ascension_level":12}}