{"host":"q9718omregw4er46","time":1611514188,"event":{"mods":["BaseMod","Bestiary","Colored Powertips","Custom Start","Highlight Path","Minty Spire (QoL Compilation)","Practice Mode","Quick Restart","Relic Stats"],"gold_per_floor":[119,119,137,137,62,62,87,87,110,121,152,152,152,178,178,253,253,266,286,306,5,5,36,36,54,54,54,93,117,117,159,159,243,243,272,9,34,62,62,97,97,122,178,187,219,219,255,284,284,284,284,284],"floor_reached":51,"language":"ENG","playtime":2036,"items_purged":["Strike_R"],"score":1678,"play_id":"42e7cfaf-daa5-470c-abd1-fdeb63162187","local_time":"20210124234947","is_ascension_mode":true,"campfire_choices":[{"data":"Uppercut","floor":6.0,"key":"SMITH"},{"data":"Bash","floor":8.0,"key":"SMITH"},{"data":"Armaments","floor":13.0,"key":"SMITH"},{"data":"True Grit","floor":15.0,"key":"SMITH"},{"data":"Berserk","floor":24.0,"key":"SMITH"},{"data":"Pommel Strike","floor":27.0,"key":"SMITH"},{"data":"Flame Barrier","floor":30.0,"key":"SMITH"},{"floor":32.0,"key":"RECALL"},{"data":"Limit Break","floor":41.0,"key":"SMITH"},{"floor":44.0,"key":"REST"},{"floor":49,"key":"REST"}],"circlet_count":0,"master_deck":["AscendersBane","Strike_R","Defend_R","Defend_R+1","Defend_R+1","Defend_R","Bash+1","Uppercut+1","Pommel Strike+1","Armaments+1","True Grit+1","Blood for Blood","Demon Form+1","Twin Strike","Shockwave+1","Berserk+1","Sword Boomerang","Flame Barrier+1","Sever Soul","Limit Break+1","Flame Barrier","True Grit","Shrug It Off+1","Disarm+1","Normality","Demon Form","Demon Form","Parasite"],"relics":["Burning Blood","NeowsBlessing","Pear","MealTicket","Bronze Scales","Anchor","TungstenRod","Snecko Eye","TheAbacus","War Paint","CeramicFish","Bird Faced Urn","Cursed Key","HornCleat","Molten Egg 2","Dream Catcher","PreservedInsect","Blue Candle","Self Forming Clay"],"acts_visited":["Exordium","TheCity","TheBeyond"],"potions_floor_usage":[],"damage_taken":[{"damage":0.0,"enemies":"Cultist","floor":1.0,"turns":1.0},{"damage":0.0,"enemies":"2 Louse","floor":3.0,"turns":1.0},{"damage":0.0,"enemies":"3 Sentries","floor":7.0,"turns":2.0},{"damage":2.0,"enemies":"Jaw Worm","floor":10.0,"turns":3.0},{"damage":24.0,"enemies":"Gremlin Nob","floor":11.0,"turns":4.0},{"damage":20.0,"enemies":"Lagavulin","floor":14.0,"turns":9.0},{"damage":28.0,"enemies":"The Guardian","floor":16.0,"turns":12.0},{"damage":0.0,"enemies":"2 Thieves","floor":18.0,"turns":4.0},{"damage":0.0,"enemies":"3 Byrds","floor":19.0,"turns":3.0},{"damage":10.0,"enemies":"Snake Plant","floor":20.0,"turns":3.0},{"damage":4.0,"enemies":"Book of Stabbing","floor":23.0,"turns":5.0},{"damage":8.0,"enemies":"Cultist and Chosen","floor":25.0,"turns":4.0},{"damage":14.0,"enemies":"Gremlin Leader","floor":28.0,"turns":5.0},{"damage":0.0,"enemies":"Centurion and Healer","floor":29.0,"turns":4.0},{"damage":7.0,"enemies":"Slavers","floor":31.0,"turns":4.0},{"damage":26.0,"enemies":"Champ","floor":33.0,"turns":9.0},{"damage":0.0,"enemies":"Orb Walker","floor":35.0,"turns":2.0},{"damage":4.0,"enemies":"3 Darklings","floor":37.0,"turns":4.0},{"damage":8.0,"enemies":"Transient","floor":38.0,"turns":6.0},{"damage":51.0,"enemies":"Giant Head","floor":40.0,"turns":9.0},{"damage":41.0,"enemies":"Reptomancer","floor":42.0,"turns":8.0},{"damage":47.0,"enemies":"Nemesis","floor":45.0,"turns":8.0},{"damage":0.0,"enemies":"Giant Head","floor":47.0,"turns":5.0},{"damage":2,"enemies":"Writhing Mass","floor":48,"turns":4},{"damage":56,"enemies":"Donu and Deca","floor":50,"turns":8},{"damage":26,"enemies":"Time Eater","floor":51,"turns":3}],"seed_played":"1980370184656902195","potions_obtained":[{"floor":1.0,"key":"GamblersBrew"},{"floor":7.0,"key":"PowerPotion"},{"floor":28.0,"key":"PowerPotion"},{"floor":31.0,"key":"LiquidBronze"},{"floor":35.0,"key":"PowerPotion"},{"floor":42.0,"key":"Regen Potion"}],"is_trial":false,"path_per_floor":["M","T","M","?","?","R","E","R","T","M","E","?","R","E","R","B",null,"M","M","M","$","?","E","R","M","T","R","E","M","R","E","R","B",null,"M","$","M","M","?","E","R","E","T","R","E","?","E","M","R","B","B"],"character_chosen":"IRONCLAD","items_purchased":["TheAbacus","SkillPotion","HornCleat"],"campfire_rested":2,"item_purchase_floors":[21,21,36],"current_hp_per_floor":[74,84,85,85,85,85,85,85,85,85,67,67,67,53,53,31,72,78,84,80,85,85,85,85,83,83,83,75,81,81,80,80,64,80,85,85,85,85,85,40,40,11,11,36,16,16,28,38,62,18,0,0],"gold":284,"neow_bonus":"THREE_ENEMY_KILL","is_daily":false,"chose_seed":false,"campfire_upgraded":8,"win_rate":0.0,"timestamp":1611514187,"path_taken":["M","?","M","?","?","R","E","R","T","?","E","?","R","E","R","BOSS","M","M","?","$","?","E","R","M","T","R","E","M","R","E","R","BOSS","M","$","M","M","?","E","R","E","T","R","E","?","E","M","R","BOSS","BOSS"],"items_purchased_type":["Relic","Potion","Relic"],"build_version":"2020-12-22","purchased_purges":1,"victory":false,"max_hp_per_floor":[75,85,85,85,85,85,85,85,85,85,85,85,85,85,85,85,85,85,85,85,85,85,85,85,85,85,85,85,85,85,85,85,85,85,85,85,85,85,85,85,85,85,85,85,85,81,81,81,81,81,81,81],"relic_stats":{"counters":[26,130],"Self Forming Clay":[18],"CeramicFish":108,"Blue Candle":[0],"PreservedInsect":180,"War Paint":["Defend_R","Defend_R"],"Cursed Key":1,"Burning Blood":126,"Dream Catcher":2,"TheAbacus":[168],"Bronze Scales":[433],"Bird Faced Urn":[42],"Snecko Eye":[164,156,177,176],"MealTicket":5,"obtain_stats":[{"Pear":2,"NeowsBlessing":0,"Self Forming Clay":47,"CeramicFish":28,"Blue Candle":45,"PreservedInsect":43,"War Paint":23,"Cursed Key":34,"Burning Blood":0,"Anchor":11,"Dream Catcher":42,"TheAbacus":21,"HornCleat":36,"Bronze Scales":9,"Bird Faced Urn":31,"Snecko Eye":17,"MealTicket":7,"Molten Egg 2":40,"TungstenRod":14},{"Pear":1,"NeowsBlessing":0,"Self Forming Clay":23,"CeramicFish":13,"Blue Candle":22,"PreservedInsect":21,"War Paint":11,"Cursed Key":16,"Burning Blood":0,"Anchor":5,"Dream Catcher":21,"TheAbacus":10,"HornCleat":17,"Bronze Scales":3,"Bird Faced Urn":15,"Snecko Eye":7,"MealTicket":3,"Molten Egg 2":20,"TungstenRod":6},{"Pear":1,"NeowsBlessing":0,"Self Forming Clay":115,"CeramicFish":56,"Blue Candle":110,"PreservedInsect":102,"War Paint":47,"Cursed Key":73,"Burning Blood":0,"Anchor":11,"Dream Catcher":102,"TheAbacus":42,"HornCleat":75,"Bronze Scales":4,"Bird Faced Urn":64,"Snecko Eye":32,"MealTicket":4,"Molten Egg 2":94,"TungstenRod":20}],"TungstenRod":50},"card_choices":[{"not_picked":["Shrug It Off","Body Slam"],"picked":"Uppercut","floor":1.0},{"not_picked":["Entrench","Clothesline","Sword Boomerang"],"picked":"SKIP","floor":3.0},{"not_picked":["Warcry","Clash"],"picked":"Pommel Strike","floor":7.0},{"not_picked":["Barricade","Dark Embrace"],"picked":"Armaments","floor":10.0},{"not_picked":["Perfected Strike","Warcry"],"picked":"True Grit","floor":11.0},{"not_picked":["Twin Strike","Warcry"],"picked":"Blood for Blood","floor":14.0},{"not_picked":["Brutality","Barricade"],"picked":"Demon Form","floor":16.0},{"not_picked":["Clash","Ghostly Armor"],"picked":"Twin Strike","floor":18.0},{"not_picked":["Hemokinesis","Wild Strike","Clash"],"picked":"SKIP","floor":19.0},{"not_picked":["Warcry","Second Wind"],"picked":"Shockwave+1","floor":20.0},{"not_picked":["Uppercut","Iron Wave"],"picked":"Berserk","floor":23.0},{"not_picked":["Shockwave","Havoc","Wild Strike"],"picked":"SKIP","floor":25.0},{"not_picked":["Wild Strike","Brutality"],"picked":"Sword Boomerang","floor":28.0},{"not_picked":["Havoc","Cleave"],"picked":"Flame Barrier","floor":29.0},{"not_picked":["Clash","Armaments"],"picked":"Sever Soul","floor":31.0},{"not_picked":["Berserk","Barricade"],"picked":"Limit Break","floor":33.0},{"not_picked":["Headbutt","Clothesline"],"picked":"Flame Barrier","floor":35.0},{"not_picked":["Sword Boomerang","Wild Strike"],"picked":"True Grit","floor":37.0},{"not_picked":["Clothesline","Flex"],"picked":"Shrug It Off+1","floor":38.0},{"not_picked":["Sentinel+1","Havoc"],"picked":"Disarm+1","floor":40.0},{"not_picked":["True Grit","Anger+1","Havoc"],"picked":"SKIP","floor":42.0},{"not_picked":["Rage+1","Reckless Charge+1"],"picked":"Demon Form","floor":44.0},{"not_picked":["Entrench","Reckless Charge+1","Anger+1"],"picked":"SKIP","floor":45.0},{"not_picked":["Inflame","Dropkick+1"],"picked":"Demon Form","floor":47.0},{"not_picked":["Ghostly Armor","Havoc","Rage+1"],"picked":"SKIP","floor":48}],"player_experience":1257248,"relics_obtained":[{"floor":2.0,"key":"Pear"},{"floor":7.0,"key":"MealTicket"},{"floor":9.0,"key":"Bronze Scales"},{"floor":11.0,"key":"Anchor"},{"floor":14.0,"key":"TungstenRod"},{"floor":23.0,"key":"War Paint"},{"floor":28.0,"key":"CeramicFish"},{"floor":31.0,"key":"Bird Faced Urn"},{"floor":40.0,"key":"Molten Egg 2"},{"floor":42.0,"key":"Dream Catcher"},{"floor":43.0,"key":"PreservedInsect"},{"floor":45.0,"key":"Blue Candle"},{"floor":47.0,"key":"Self Forming Clay"}],"event_choices":[{"damage_healed":0.0,"max_hp_gain":0.0,"max_hp_loss":0.0,"gold_gain":0.0,"event_name":"Liars Game","player_choice":"Ignored","floor":4.0,"gold_loss":0.0,"damage_taken":0.0},{"cards_removed":["Strike_R"],"damage_healed":0.0,"max_hp_gain":0.0,"max_hp_loss":0.0,"gold_gain":0.0,"event_name":"The Cleric","player_choice":"Card Removal","floor":5.0,"gold_loss":75.0,"damage_taken":0.0},{"cards_removed":["Strike_R"],"damage_healed":0.0,"max_hp_gain":0.0,"max_hp_loss":0.0,"gold_gain":0.0,"event_name":"Bonfire Elementals","player_choice":"Offered Basic","floor":12.0,"gold_loss":0.0,"damage_taken":0.0},{"damage_healed":0.0,"max_hp_gain":0.0,"max_hp_loss":0.0,"gold_gain":0.0,"event_name":"Upgrade Shrine","player_choice":"Upgraded","floor":22.0,"gold_loss":0.0,"damage_taken":0.0,"cards_upgraded":["Demon Form"]},{"cards_removed":["Strike_R"],"damage_healed":0.0,"max_hp_gain":0.0,"max_hp_loss":0.0,"gold_gain":0.0,"event_name":"Falling","player_choice":"Removed Attack","floor":39.0,"gold_loss":0.0,"damage_taken":0.0},{"damage_healed":0.0,"max_hp_gain":0.0,"max_hp_loss":4.0,"gold_gain":0.0,"event_name":"Winding Halls","player_choice":"Max HP","floor":46.0,"gold_loss":0.0,"damage_taken":0.0}],"is_beta":false,"boss_relics":[{"not_picked":["Pandora\u0027s Box","Black Blood"],"picked":"Snecko Eye"},{"not_picked":["SlaversCollar","Runic Pyramid"],"picked":"Cursed Key"}],"items_purged_floors":[21],"is_endless":false,"potions_floor_spawned":[1,7,25,28,31,35,37,42],"killed_by":"Time Eater","ascension_level":20}}