{"host":"dhyczjm99amxd3qx","time":1611459001,"event":{"mods":["BaseMod","Colored Map","Googly Eyes","Highlight Path","Minty Spire (QoL Compilation)","Quick Restart","StSLib"],"gold_per_floor":[115,190,210,230,245,276,290,322,322,322,322],"floor_reached":10,"language":"ENG","playtime":515,"items_purged":[],"score":108,"play_id":"2fd50516-5efa-4f65-8b3d-42cc90ce5e1f","local_time":"20210123223001","is_ascension_mode":true,"campfire_choices":[],"circlet_count":0,"master_deck":["Strike_B","Strike_B+1","Strike_B","Strike_B+1","Defend_B","Defend_B","Defend_B","Defend_B","Zap","Dualcast","Glacier","Ball Lightning","Loop","Ball Lightning","Ball Lightning"],"relics":["Cracked Core","Shovel","Singing Bowl","Whetstone","Blue Candle"],"acts_visited":["Exordium"],"potions_floor_usage":[6,8],"damage_taken":[{"damage":0.0,"enemies":"Small Slimes","floor":1.0,"turns":3.0},{"damage":1,"enemies":"Cultist","floor":3,"turns":3},{"damage":3,"enemies":"2 Louse","floor":4,"turns":3},{"damage":1,"enemies":"Exordium Wildlife","floor":5,"turns":6},{"damage":18,"enemies":"Lagavulin","floor":6,"turns":8},{"damage":0,"enemies":"Large Slime","floor":7,"turns":4},{"damage":28,"enemies":"Gremlin Nob","floor":8,"turns":4},{"damage":9,"enemies":"3 Sentries","floor":10,"turns":4}],"seed_played":"-8112486264232795608","potions_obtained":[{"floor":4,"key":"DuplicationPotion"},{"floor":7,"key":"SkillPotion"},{"floor":8,"key":"GamblersBrew"}],"is_trial":false,"path_per_floor":["M","?","M","M","M","E","M","E","T","E"],"character_chosen":"DEFECT","items_purchased":[],"campfire_rested":0,"item_purchase_floors":[],"current_hp_per_floor":[68,62,61,58,57,39,41,13,13,4,4],"gold":322,"neow_bonus":"ONE_RARE_RELIC","is_daily":false,"chose_seed":false,"campfire_upgraded":0,"win_rate":0.0,"timestamp":1611459001,"path_taken":["M","?","?","M","M","E","M","E","T","E"],"items_purchased_type":[],"build_version":"2020-12-22","purchased_purges":0,"victory":false,"max_hp_per_floor":[68,68,68,68,68,68,70,70,70,70,70],"card_choices":[{"not_picked":["Go for the Eyes","White Noise","Stack"],"picked":"SKIP","floor":1.0},{"not_picked":["Streamline","Redo"],"picked":"Glacier","floor":3},{"not_picked":["Cold Snap","Reboot"],"picked":"Ball Lightning","floor":4},{"not_picked":["Conserve Battery","Melter"],"picked":"Loop","floor":5},{"not_picked":["Reprogram","Compile Driver"],"picked":"Ball Lightning","floor":6},{"not_picked":["Reinforced Body","Consume","White Noise"],"picked":"Singing Bowl","floor":7},{"not_picked":["Beam Cell","Double Energy"],"picked":"Ball Lightning","floor":8}],"player_experience":367175,"relics_obtained":[{"floor":6,"key":"Singing Bowl"},{"floor":8,"key":"Whetstone"},{"floor":9,"key":"Blue Candle"}],"event_choices":[{"damage_healed":0,"gold_gain":75,"player_choice":"Touch","damage_taken":6,"max_hp_gain":0,"max_hp_loss":0,"event_name":"FaceTrader","floor":2,"gold_loss":0}],"is_beta":false,"boss_relics":[],"items_purged_floors":[],"is_endless":false,"potions_floor_spawned":[4,7,8],"killed_by":"3 Sentries","ascension_level":7}}