{"host":"v3mpq6flurzldi5g","time":1611512142,"event":{"mods":["AchievementEnabler","BaseMod","Colored Powertips","Highlight Path","Minty Spire (QoL Compilation)","StSLib"],"gold_per_floor":[118,136,146,146,166,166,195,195,220,248,267,267,267,294,294,294,294],"floor_reached":16,"language":"ENG","playtime":734,"items_purged":[],"score":186,"play_id":"961e28b4-5593-4874-9cc7-6af644923ecd","local_time":"20210124131542","is_ascension_mode":true,"campfire_choices":[{"floor":6,"key":"REST"},{"floor":8,"key":"REST"},{"floor":12,"key":"REST"},{"floor":15,"key":"REST"}],"circlet_count":0,"master_deck":["AscendersBane","Strike_B","Strike_B","Strike_B","Strike_B","Defend_B","Defend_B","Defend_B","Defend_B+1","Zap","Dualcast+1","Thunder Strike","Rip and Tear","BootSequence","Ball Lightning","Capacitor","Reboot"],"relics":["Cracked Core","PreservedInsect","Regal Pillow","Happy Flower","War Paint"],"acts_visited":["Exordium"],"potions_floor_usage":[7,10,14],"damage_taken":[{"damage":12,"enemies":"Small Slimes","floor":1,"turns":3},{"damage":4,"enemies":"Jaw Worm","floor":2,"turns":4},{"damage":11,"enemies":"2 Louse","floor":3,"turns":3},{"damage":7,"enemies":"Looter","floor":5,"turns":3},{"damage":36,"enemies":"Gremlin Nob","floor":7,"turns":4},{"damage":20,"enemies":"3 Sentries","floor":10,"turns":6},{"damage":3,"enemies":"Blue Slaver","floor":11,"turns":3},{"damage":20,"enemies":"Lagavulin","floor":14,"turns":5},{"damage":73,"enemies":"Hexaghost","floor":16,"turns":9}],"seed_played":"3208753282914563669","potions_obtained":[{"floor":1,"key":"FearPotion"},{"floor":3,"key":"Block Potion"},{"floor":5,"key":"FocusPotion"},{"floor":10,"key":"Swift Potion"}],"is_trial":false,"path_per_floor":["M","M","M","?","M","R","E","R","T","E","M","R","?","E","R","B"],"character_chosen":"DEFECT","items_purchased":[],"campfire_rested":4,"item_purchase_floors":[],"current_hp_per_floor":[56,52,41,41,34,56,20,42,42,22,19,56,56,36,73,0,0],"gold":294,"neow_bonus":"ONE_RANDOM_RARE_CARD","is_daily":false,"chose_seed":false,"campfire_upgraded":0,"win_rate":0.0,"timestamp":1611512142,"path_taken":["M","M","M","?","M","R","E","R","T","E","M","R","?","E","R","BOSS"],"items_purchased_type":[],"build_version":"2020-12-22","purchased_purges":0,"victory":false,"max_hp_per_floor":[75,75,75,75,75,75,75,75,75,75,75,75,75,75,75,75,75],"card_choices":[{"not_picked":["Fusion","FTL"],"picked":"Rip and Tear","floor":1},{"not_picked":["Melter","Turbo","Steam"],"picked":"SKIP","floor":2},{"not_picked":["Rebound","Hologram","Turbo"],"picked":"SKIP","floor":3},{"not_picked":["Coolheaded","Scrape","Hologram"],"picked":"SKIP","floor":5},{"not_picked":["Sweeping Beam","Skim"],"picked":"BootSequence","floor":7},{"not_picked":["Hologram","Force Field"],"picked":"Ball Lightning","floor":10},{"not_picked":["Hologram","Ball Lightning"],"picked":"Capacitor","floor":11},{"not_picked":["Leap","Redo"],"picked":"Reboot","floor":14}],"player_experience":1030186,"relics_obtained":[{"floor":7,"key":"PreservedInsect"},{"floor":9,"key":"Regal Pillow"},{"floor":10,"key":"Happy Flower"},{"floor":14,"key":"War Paint"}],"event_choices":[{"damage_healed":0,"gold_gain":0,"player_choice":"Ignored","damage_taken":0,"max_hp_gain":0,"max_hp_loss":0,"event_name":"Liars Game","floor":4,"gold_loss":0},{"damage_healed":0,"gold_gain":0,"player_choice":"Ignored","damage_taken":0,"max_hp_gain":0,"max_hp_loss":0,"event_name":"Golden Idol","floor":13,"gold_loss":0}],"is_beta":false,"boss_relics":[],"items_purged_floors":[],"is_endless":false,"potions_floor_spawned":[1,3,5,10],"killed_by":"Hexaghost","ascension_level":11}}