{"host":"6rz02yiipefhcw4r","time":1611473746,"event":{"mods":["2.2 Compatiblity","BaseMod","Block Reminder","Colored Map","Curses Come First","DeckTracker","Googly Eyes","Minty Spire (QoL Compilation)","Quick Restart","Rare Cards Sparkle","StSLib"],"gold_per_floor":[118,61,78,92,102,133,133,133,133],"floor_reached":8,"language":"ENG","playtime":253,"items_purged":[],"score":116,"play_id":"7ec2a0e8-89d5-4918-b71a-2b24aef14989","local_time":"20210124053546","is_ascension_mode":true,"campfire_choices":[{"data":"Flame Barrier","floor":7,"key":"SMITH"}],"circlet_count":0,"master_deck":["AscendersBane","Strike_R","Strike_R","Strike_R","Strike_R","Strike_R","Defend_R","Defend_R","Defend_R","Defend_R","Bash","Shrug It Off","Iron Wave","Iron Wave","Flame Barrier+1"],"relics":["Burning Blood","NeowsBlessing","Self Forming Clay","Bag of Preparation"],"acts_visited":["Exordium"],"potions_floor_usage":[8],"damage_taken":[{"damage":0,"enemies":"Jaw Worm","floor":1,"turns":1},{"damage":0,"enemies":"Cultist","floor":3,"turns":1},{"damage":0,"enemies":"2 Louse","floor":4,"turns":1},{"damage":0,"enemies":"2 Fungi Beasts","floor":5,"turns":5},{"damage":40,"enemies":"Gremlin Nob","floor":6,"turns":6},{"damage":42,"enemies":"3 Sentries","floor":8,"turns":10}],"seed_played":"7356793439812853251","potions_obtained":[{"floor":4,"key":"GamblersBrew"},{"floor":6,"key":"ColorlessPotion"}],"is_trial":false,"path_per_floor":["M","?","M","M","M","E","R","E"],"character_chosen":"IRONCLAD","items_purchased":[],"campfire_rested":0,"item_purchase_floors":[],"current_hp_per_floor":[74,74,75,75,75,41,41,0,0],"gold":133,"neow_bonus":"THREE_ENEMY_KILL","is_daily":false,"chose_seed":false,"campfire_upgraded":1,"win_rate":0.0,"timestamp":1611473746,"path_taken":["M","?","?","?","M","E","R","E"],"items_purchased_type":[],"build_version":"2020-12-22","purchased_purges":0,"victory":false,"max_hp_per_floor":[75,75,75,75,75,75,75,75,75],"card_choices":[{"not_picked":["Blood for Blood","Pummel"],"picked":"Shrug It Off","floor":1},{"not_picked":["Heavy Blade","Power Through"],"picked":"Iron Wave","floor":3},{"not_picked":["True Grit","Sentinel"],"picked":"Iron Wave","floor":4},{"not_picked":["Perfected Strike","Heavy Blade"],"picked":"Flame Barrier","floor":5},{"not_picked":["Exhume","Anger","Havoc"],"picked":"SKIP","floor":6}],"player_experience":727894,"relics_obtained":[{"floor":6,"key":"Bag of Preparation"}],"event_choices":[{"damage_healed":0,"gold_gain":0,"player_choice":"Paid Gold","damage_taken":0,"relics_obtained":["Self Forming Clay"],"max_hp_gain":0,"max_hp_loss":0,"event_name":"WeMeetAgain","floor":2,"gold_loss":57}],"is_beta":false,"boss_relics":[],"items_purged_floors":[],"is_endless":false,"potions_floor_spawned":[4,6],"killed_by":"3 Sentries","ascension_level":20}}