{"host":"q57ekfojy3i00x9o","time":1611510299,"event":{"mods":["Arknights The Spire","Aspiration","BaseMod","Colored Map","Energized Spire","Hermit","Minty Spire (QoL Compilation)","Quick Restart","Spicy Shops","Spikes Relics","StSLib","slay the spire mod where everything is the same but ironclad has a cowboy hat"],"gold_per_floor":[110,123,123,133,7,7,7,7,53,71,71,100,100,111,111,215,215,233,0,14,25,42,42,71,71,71,71,88,0,13,47,47,143,143,161,161,12,62,62,62,62,0,0,31,31,31,31],"floor_reached":46,"language":"RUS","playtime":1373,"items_purged":[],"score":541,"play_id":"64c8fde7-d8d7-4472-b01b-c3bded6d44a8","local_time":"20210124224459","is_ascension_mode":true,"campfire_choices":[{"data":"ats:Revitalization","floor":6.0,"key":"SMITH"},{"data":"ats:Leaping Hammer","floor":8.0,"key":"SMITH"},{"data":"ats:Armor Crushing Shot","floor":15.0,"key":"SMITH"},{"data":"ats:Healing Drone","floor":23.0,"key":"SMITH"},{"data":"ats:Song Of Battle","floor":25.0,"key":"SMITH"},{"data":"ats:Flexible Camouflage","floor":27.0,"key":"SMITH"},{"floor":32.0,"key":"REST"},{"data":"ats:Apocalypse","floor":40.0,"key":"SMITH"},{"floor":45.0,"key":"REST"}],"circlet_count":0,"master_deck":["ats:Strike C","ats:Strike G+1","ats:Strike S","ats:Strike V","ats:Armor Crushing Shot+1","ats:Defend","ats:Defend","ats:Defend","ats:Defend","ats:Emotion Absorption","ats:Leaping Hammer+1","ats:Explosion Area Strengthen+1","ats:Leaping Hammer+1","ats:Sashimi Platter+1","ats:Revitalization+1","ats:Healing Strengthening+1","ats:Hammer On+1","ats:Consecutive Shot Auto+1","ats:Wolf Pack+1","CurseOfTheBell","ats:Song Of Battle+1","ats:Flexible Camouflage+1","ats:Consecutive Shot Auto+1","ats:Healing Drone+1","ats:Cat Scratch+1","ats:Red Shift+1","ats:Hammer On+1","ats:Apocalypse+1","ats:Disruption Kick+1","ats:Closed Bolt Burst Fire+1","ats:Consecutive Shot Auto+1","ats:Healing Drone"],"relics":["ats:Sanity","NeowsBlessing","Molten Egg 2","Spirit Poop","aspiration:HiddenCompartment","ats:Originium","aspiration:ChemicalBlood","Calling Bell","Smiling Mask","GiantMaggot","FossilizedHelix","Membership Card","Orichalcum","Lantern","SnailShell","Pantograph","Philosopher\u0027s Stone","Lizard Tail","ZombieTooth","Red Mask","Du-Vu Doll","Bottled Flame"],"acts_visited":["Exordium","TheCity","TheBeyond"],"potions_floor_usage":[],"damage_taken":[{"damage":0.0,"enemies":"2 Louse","floor":1.0,"turns":2.0},{"damage":0.0,"enemies":"Small Slimes","floor":2.0,"turns":1.0},{"damage":0.0,"enemies":"Cultist","floor":4.0,"turns":1.0},{"damage":7.0,"enemies":"2 Fungi Beasts","floor":10.0,"turns":2.0},{"damage":22.0,"enemies":"Gremlin Nob","floor":12.0,"turns":4.0},{"damage":0.0,"enemies":"Large Slime","floor":14.0,"turns":4.0},{"damage":75.0,"enemies":"Hexaghost","floor":16.0,"turns":10.0},{"damage":0.0,"enemies":"Chosen","floor":18.0,"turns":4.0},{"damage":31.0,"enemies":"2 Thieves","floor":20.0,"turns":5.0},{"damage":2.0,"enemies":"Snecko","floor":21.0,"turns":5.0},{"damage":30.0,"enemies":"3 Cultists","floor":22.0,"turns":5.0},{"damage":29.0,"enemies":"Book of Stabbing","floor":24.0,"turns":6.0},{"damage":6.0,"enemies":"Chosen and Byrds","floor":28.0,"turns":6.0},{"damage":5.0,"enemies":"Centurion and Healer","floor":30.0,"turns":5.0},{"damage":28.0,"enemies":"Gremlin Leader","floor":31.0,"turns":6.0},{"damage":61.0,"enemies":"Champ","floor":33.0,"turns":13.0},{"damage":0.0,"enemies":"3 Shapes","floor":35.0,"turns":5.0},{"damage":21.0,"enemies":"Mind Bloom Boss Battle","floor":38.0,"turns":7.0},{"damage":0.0,"enemies":"Orb Walker","floor":39.0,"turns":1.0},{"damage":0.0,"enemies":"Reptomancer","floor":41.0,"turns":1.0},{"damage":97.0,"enemies":"Giant Head","floor":44.0,"turns":10.0},{"damage":0,"enemies":"Nemesis","floor":46,"turns":1}],"seed_played":"-7821698882139727781","potions_obtained":[{"floor":2.0,"key":"ats:Top Emergency Sanity Potion"},{"floor":4.0,"key":"LiquidBronze"},{"floor":16.0,"key":"FearPotion"},{"floor":28.0,"key":"DuplicationPotion"},{"floor":30.0,"key":"Dexterity Potion"},{"floor":33.0,"key":"SmokeBomb"},{"floor":38.0,"key":"FearPotion"}],"is_trial":false,"path_per_floor":["M","M","?","M","$","R","?","R","T","M","?","E","?","M","R","B",null,"M","$","M","M","M","R","E","R","T","R","M","?","M","E","R","B",null,"M","?","$","?","M","R","E","?","T","E","R","E"],"character_chosen":"DOCTOR_CLASS","items_purchased":["ats:Sashimi Platter+1","ats:Revitalization","Membership Card","Orichalcum","Lizard Tail"],"campfire_rested":2,"item_purchase_floors":[5,5,19,19,37],"current_hp_per_floor":[72,72,72,72,72,72,72,72,72,65,51,44,44,64,64,55,72,72,72,72,70,54,54,45,45,45,45,66,66,67,44,65,63,72,72,68,68,66,66,66,66,66,66,38,58,58,58],"gold":31,"neow_bonus":"THREE_ENEMY_KILL","is_daily":false,"chose_seed":false,"campfire_upgraded":7,"win_rate":0.0,"timestamp":1611510299,"path_taken":["M","M","?","M","$","R","?","R","T","?","?","E","?","M","R","BOSS","M","$","?","M","M","R","E","R","T","R","M","?","M","E","R","BOSS","M","?","$","?","M","R","E","?","T","E","R","E"],"items_purchased_type":["Card","Card","Relic","Relic","Relic"],"build_version":"2020-12-22","purchased_purges":0,"victory":false,"max_hp_per_floor":[72,72,72,72,72,72,72,72,72,72,72,72,72,72,72,72,72,72,72,72,72,72,72,72,72,72,72,72,72,72,72,72,72,72,72,68,68,68,68,68,68,68,68,68,68,68,68],"card_choices":[{"not_picked":["ats:Cat Scratch","ats:Composite Medical Shells"],"picked":"ats:Leaping Hammer","floor":1.0},{"not_picked":["ats:Literary Storm","ats:Guard Mode"],"picked":"ats:Explosion Area Strengthen","floor":2.0},{"not_picked":["ats:Demon Strength","ats:Healing Strengthening"],"picked":"ats:Leaping Hammer+1","floor":4.0},{"not_picked":["ats:Leaping Hammer+1","ats:Revitalization"],"picked":"ats:Healing Strengthening","floor":10.0},{"not_picked":["ats:True Silver Slash+1","ats:Sunburst+1"],"picked":"ats:Hammer On+1","floor":12.0},{"not_picked":["ats:Very Hot Blade+1","ats:Spore Proliferation"],"picked":"ats:Consecutive Shot Auto+1","floor":14.0},{"not_picked":["ats:Shadow Assault+1","ats:Calcification"],"picked":"ats:Wolf Pack+1","floor":16.0},{"not_picked":["ats:Encircling Forest+1","ats:Composite Medical Shells"],"picked":"ats:Song Of Battle","floor":18.0},{"not_picked":["ats:Beaten Up","ats:Very Hot Blade+1"],"picked":"ats:Flexible Camouflage","floor":20.0},{"not_picked":["ats:Blood Oath+1","ats:Hammer On+1"],"picked":"ats:Consecutive Shot Auto+1","floor":21.0},{"not_picked":["ats:Sunburst+1","ats:Cat Scratch+1"],"picked":"ats:Healing Drone","floor":22.0},{"not_picked":["ats:Hook Shot","ats:Spore Proliferation+1"],"picked":"ats:Cat Scratch+1","floor":24.0},{"not_picked":["ats:Absolute Focus","ats:Hook Shot"],"picked":"ats:Red Shift+1","floor":28.0},{"not_picked":["ats:LN2 Cannon+1","ats:Flame Of Heaven"],"picked":"ats:Hammer On+1","floor":30.0},{"not_picked":["ats:Assault Order","ats:Roar Of Ursus"],"picked":"ats:Apocalypse","floor":31.0},{"not_picked":["ats:Volcano+1","ats:Fractured Body"],"picked":"ats:Disruption Kick+1","floor":33.0},{"not_picked":["ats:Consecutive Shot Auto+1","ats:Leaping Hammer+1"],"picked":"ats:Closed Bolt Burst Fire+1","floor":35.0},{"not_picked":["ats:Charging Defense","ats:Hook Shot"],"picked":"ats:Consecutive Shot Auto+1","floor":38.0},{"not_picked":["ats:Leaping Hammer+1","ats:Defend Order"],"picked":"ats:Healing Drone","floor":44.0}],"player_experience":727469,"relics_obtained":[{"floor":9.0,"key":"aspiration:HiddenCompartment"},{"floor":12.0,"key":"ats:Originium"},{"floor":12.0,"key":"aspiration:ChemicalBlood"},{"floor":17.0,"key":"Smiling Mask"},{"floor":17.0,"key":"GiantMaggot"},{"floor":17.0,"key":"FossilizedHelix"},{"floor":24.0,"key":"ats:Originium"},{"floor":24.0,"key":"Lantern"},{"floor":26.0,"key":"SnailShell"},{"floor":31.0,"key":"ats:Originium"},{"floor":31.0,"key":"Pantograph"},{"floor":38.0,"key":"ZombieTooth"},{"floor":43.0,"key":"Du-Vu Doll"},{"floor":44.0,"key":"ats:Originium"},{"floor":44.0,"key":"Bottled Flame"}],"event_choices":[{"cards_removed":["Injury"],"damage_healed":0.0,"max_hp_gain":0.0,"max_hp_loss":0.0,"gold_gain":0.0,"event_name":"Bonfire Elementals","player_choice":"Offered Curse","floor":7.0,"gold_loss":0.0,"damage_taken":0.0,"relics_obtained":["Spirit Poop"]},{"damage_healed":0.0,"max_hp_gain":0.0,"max_hp_loss":0.0,"gold_gain":0.0,"event_name":"Shining Light","player_choice":"Entered Light","floor":11.0,"gold_loss":0.0,"damage_taken":14.0,"cards_upgraded":["ats:Strike G","ats:Explosion Area Strengthen"]},{"damage_healed":0.0,"max_hp_gain":0.0,"max_hp_loss":0.0,"gold_gain":0.0,"event_name":"Upgrade Shrine","player_choice":"Upgraded","floor":13.0,"gold_loss":0.0,"damage_taken":0.0,"cards_upgraded":["ats:Healing Strengthening"]},{"damage_healed":0.0,"max_hp_gain":0.0,"max_hp_loss":0.0,"gold_gain":0.0,"event_name":"Masked Bandits","player_choice":"Paid Fearfully","floor":29.0,"gold_loss":88.0,"damage_taken":0.0},{"damage_healed":0.0,"max_hp_gain":0.0,"max_hp_loss":4.0,"gold_gain":0.0,"event_name":"Winding Halls","player_choice":"Max HP","floor":36.0,"gold_loss":0.0,"damage_taken":0.0},{"damage_healed":0.0,"max_hp_gain":0.0,"max_hp_loss":0.0,"gold_gain":0.0,"event_name":"MindBloom","player_choice":"Fight","floor":38.0,"gold_loss":0.0,"damage_taken":0.0},{"damage_healed":0.0,"max_hp_gain":0.0,"max_hp_loss":0.0,"gold_gain":0.0,"event_name":"Tomb of Lord Red Mask","player_choice":"Paid","floor":42.0,"gold_loss":62.0,"damage_taken":0.0,"relics_obtained":["Red Mask"]}],"is_beta":false,"boss_relics":[{"not_picked":["SacredBark","aspiration:SecretTechniqueScroll"],"picked":"Calling Bell"},{"not_picked":["Snecko Eye","SlaversCollar"],"picked":"Philosopher\u0027s Stone"}],"items_purged_floors":[],"is_endless":false,"potions_floor_spawned":[2,4,24,28,30,33,39,44],"killed_by":"Nemesis","ascension_level":1}}