{"host":"jumrmhf584hajrnz","time":1611498502,"event":{"mods":["BaseMod","Duelist Mod","GifTheSpireLib","Minty Spire (QoL Compilation)","Quick Restart","Replay The Spire","StSLib"],"gold_per_floor":[144,109,21,21,41,41,73,148,148,162,162,182,182,197,197,271,271,281,281,92,106,123,123,154,154,209,209,209,209,209,236,236,307,307,320,320,320,330,330,330,80,93,93,93,121,121,152,167,167,167,167],"floor_reached":50,"language":"ENG","playtime":3387,"items_purged":[],"score":1268,"play_id":"d623a672-5d5d-4c62-a47b-a61ec40dc953","local_time":"20210124152822","is_ascension_mode":true,"campfire_choices":[{"floor":6,"key":"RECALL"},{"data":"theDuelist:IrisEarthMother","floor":11,"key":"SMITH"},{"data":"theDuelist:SangaThunder","floor":15,"key":"SMITH"},{"floor":23,"key":"REST"},{"floor":25,"key":"REST"},{"data":"theDuelist:ExodiaNecross","floor":30,"key":"SMITH"},{"data":"theDuelist:IrisEarthMother","floor":32,"key":"SMITH"},{"data":"theDuelist:GrandSpellbookTower","floor":40,"key":"SMITH"},{"floor":44,"key":"REST"},{"floor":49,"key":"REST"}],"circlet_count":0,"master_deck":["AscendersBane","theDuelist:CastleWalls","theDuelist:CastleWalls","theDuelist:DarkMagician","theDuelist:MysticalElf","theDuelist:MysticalElf","theDuelist:NeoMagic","theDuelist:NeoMagic","theDuelist:Sparks","theDuelist:Sparks","theDuelist:IrisEarthMother+1","theDuelist:PowerKaishin","theDuelist:ExodiaRL","theDuelist:DuelistAscender","theDuelist:InjectionFairy","theDuelist:InjectionFairy","theDuelist:ExodiaLL","theDuelist:SangaThunder+1","theDuelist:FrontierWiseman","theDuelist:IrisEarthMother+1","theDuelist:TimeWizard+1","theDuelist:ExodiaNecross+1","theDuelist:ExodiaHead","theDuelist:FrontierWiseman","theDuelist:MudOrbCard","Spreading Infection","theDuelist:MudGolem","theDuelist:RainbowKuriboh","theDuelist:AncientElf+1","Writhe","theDuelist:EarthGiant","theDuelist:GrandSpellbookTower+1","theDuelist:AlienTelepath","theDuelist:ExodiaRA","theDuelist:LightningVortex","theDuelist:CurseAging","theDuelist:WitchBlackRose+1","theDuelist:BadReaction","theDuelist:SilentDoom","theDuelist:MythicalBeast","theDuelist:SangaThunder+1"],"relics":["theDuelist:MillenniumPuzzle","theDuelist:CardPoolRelic","theDuelist:CardPoolBasicRelic","theDuelist:BoosterPackPoolRelic","theDuelist:CardPoolAddRelic","theDuelist:CardPoolMinusRelic","theDuelist:CardPoolSaveRelic","theDuelist:CardPoolOptionsRelic","NeowsBlessing","Du-Vu Doll","Pear","Cursed Key","Anchor","Snake Skull","Nilry\u0027s Codex","Centennial Puzzle","ChewingGum","Dream Catcher","theDuelist:BoosterPackHealer","Letter Opener","theDuelist:StoneExxod"],"acts_visited":["Exordium","TheCity","TheBeyond"],"potions_floor_usage":[21,24,33,35],"damage_taken":[{"damage":0,"enemies":"2 Louse","floor":1,"turns":1},{"damage":0,"enemies":"Small Slimes","floor":5,"turns":2},{"damage":0,"enemies":"3 Sentries","floor":7,"turns":1},{"damage":0,"enemies":"Cultist","floor":10,"turns":2},{"damage":6,"enemies":"Exordium Wildlife","floor":12,"turns":4},{"damage":4,"enemies":"Blue Slaver","floor":14,"turns":3},{"damage":14,"enemies":"The Guardian","floor":16,"turns":10},{"damage":5,"enemies":"2 Thieves","floor":18,"turns":4},{"damage":8,"enemies":"3 Byrds","floor":21,"turns":5},{"damage":17,"enemies":"Shelled Parasite and Fungi","floor":22,"turns":7},{"damage":41,"enemies":"Slavers","floor":24,"turns":6},{"damage":21,"enemies":"Gremlin Leader","floor":31,"turns":5},{"damage":57,"enemies":"Collector","floor":33,"turns":7},{"damage":29,"enemies":"3 Darklings","floor":35,"turns":5},{"damage":0,"enemies":"3 Shapes","floor":38,"turns":4},{"damage":3,"enemies":"Sphere and 2 Shapes","floor":42,"turns":4},{"damage":8,"enemies":"R_Hoarder","floor":45,"turns":7},{"damage":57,"enemies":"Reptomancer","floor":47,"turns":7},{"damage":0,"enemies":"4 Shapes","floor":48,"turns":4},{"damage":82,"enemies":"Time Eater","floor":50,"turns":7}],"seed_played":"3796295046256544713","potions_obtained":[{"floor":5,"key":"LiquidBronze"},{"floor":10,"key":"Adrenaline Potion"},{"floor":16,"key":"Regen Potion"},{"floor":22,"key":"theDuelist:OrbBottle"},{"floor":24,"key":"Strength Potion"},{"floor":45,"key":"Energy Potion"},{"floor":47,"key":"theDuelist:BigOrbBottle"},{"floor":48,"key":"FocusPotion"}],"is_trial":false,"path_per_floor":["M","?","?","?","M","R","E","?","T","M","R","M","T","M","R","B",null,"M","?","?","M","M","R","E","R","T","$","?","?","R","E","R","B",null,"M","?","?","M","?","R","$","M","T","R","E","?","E","M","R","B"],"character_chosen":"THE_DUELIST","items_purchased":["theDuelist:ExodiaRA","Dream Catcher"],"campfire_rested":4,"item_purchase_floors":[41,41],"current_hp_per_floor":[63,70,70,70,70,70,70,59,69,77,77,79,79,76,76,66,77,80,57,57,57,52,77,54,79,79,79,58,75,75,70,70,25,70,49,49,66,70,70,70,70,67,67,85,85,85,36,40,65,0,0],"gold":167,"neow_bonus":"THREE_ENEMY_KILL","is_daily":false,"chose_seed":false,"campfire_upgraded":5,"win_rate":0.0,"timestamp":1611498502,"path_taken":["M","?","?","?","?","R","E","?","T","M","R","M","?","M","R","BOSS","M","?","?","?","M","R","E","R","T","$","?","?","R","E","R","BOSS","M","?","?","M","?","R","$","?","T","R","E","?","E","M","R","BOSS"],"items_purchased_type":["Card","Relic"],"build_version":"2020-12-22","purchased_purges":0,"victory":false,"max_hp_per_floor":[70,70,70,70,70,70,70,70,80,80,80,80,80,80,80,80,80,80,85,85,85,85,85,85,85,85,85,85,85,85,85,85,85,85,85,85,85,85,85,85,85,85,85,85,85,85,85,85,85,85,85],"card_choices":[{"not_picked":["theDuelist:RainbowDarkDragon","theDuelist:RainbowMagician","theDuelist:QueenDragunDjinn","theDuelist:YellowBelliedOni"],"picked":"theDuelist:IrisEarthMother","floor":1},{"not_picked":["theDuelist:DarkMagician","theDuelist:SpiritHarp","theDuelist:SangaThunder","theDuelist:CallAtlanteans"],"picked":"theDuelist:InjectionFairy","floor":5},{"not_picked":["theDuelist:SpellShatteringArrow","theDuelist:BlizzardWarrior","theDuelist:DarkMagician","theDuelist:BlizzardPrincess"],"picked":"theDuelist:InjectionFairy","floor":7},{"not_picked":["theDuelist:SpellShatteringArrow","theDuelist:InjectionFairy","theDuelist:SpiritHarp","theDuelist:Yami"],"picked":"theDuelist:ExodiaLL","floor":10},{"not_picked":["theDuelist:NeoMagic","theDuelist:DarkMagician","theDuelist:ExodiaRL","theDuelist:BlueDragonSummoner"],"picked":"theDuelist:SangaThunder","floor":12},{"not_picked":["theDuelist:BattleOx","theDuelist:BlackPendant","theDuelist:GilfordLegend","theDuelist:PotDichotomy"],"picked":"theDuelist:FrontierWiseman","floor":14},{"not_picked":["theDuelist:RainbowDarkDragon","theDuelist:RainbowMagician","theDuelist:RainbowKuriboh","theDuelist:RainbowOverdragon"],"picked":"theDuelist:IrisEarthMother","floor":16},{"not_picked":["theDuelist:GoblinSecret","theDuelist:MindAir","theDuelist:WonderWand","theDuelist:MagiciansRod"],"picked":"theDuelist:TimeWizard+1","floor":18},{"not_picked":["theDuelist:ExodiaRL","theDuelist:ExodiaRA","theDuelist:ExodiaLL+1","theDuelist:ExodiaLA"],"picked":"theDuelist:ExodiaHead","floor":21},{"not_picked":["theDuelist:BattleOx+1","theDuelist:BlackPendant","theDuelist:PreventRat+1","theDuelist:GilfordLegend"],"picked":"theDuelist:FrontierWiseman","floor":22},{"not_picked":["theDuelist:ReducerOrbCard","theDuelist:HellfireOrbCard","theDuelist:DragonOrbCard","theDuelist:MetalOrbCard"],"picked":"theDuelist:MudOrbCard","floor":24},{"not_picked":["theDuelist:Fissure+1","theDuelist:EarthGiant","theDuelist:Mausoleum","theDuelist:AttackTheMoon"],"picked":"theDuelist:MudGolem","floor":31},{"not_picked":["theDuelist:RainbowDarkDragon","theDuelist:IrisEarthMother","theDuelist:RainbowMagician","theDuelist:RainbowOverdragon"],"picked":"theDuelist:RainbowKuriboh","floor":33},{"not_picked":["theDuelist:DarkMagician+1","theDuelist:SangaThunder","theDuelist:CallAtlanteans","theDuelist:ExodiaLL+1"],"picked":"theDuelist:AncientElf+1","floor":35},{"not_picked":["theDuelist:EvilswarmHeliotrope","theDuelist:FlameTiger","theDuelist:CatapultZone","theDuelist:MagicHoleGolem"],"picked":"theDuelist:EarthGiant","floor":38},{"not_picked":["theDuelist:MudragonSwamp+1","theDuelist:DokiDoki","theDuelist:WormApocalypse","theDuelist:Electrowhip"],"picked":"theDuelist:LightningVortex","floor":42},{"not_picked":["theDuelist:VoidExpansion","theDuelist:InvitationDarkSleep"],"picked":"theDuelist:WitchBlackRose+1","floor":44},{"not_picked":["theDuelist:WhiteHowling+1","theDuelist:StatueAnguishPattern+1","theDuelist:Graverobber","theDuelist:DarkHorizon"],"picked":"theDuelist:BadReaction","floor":45},{"not_picked":["theDuelist:SpellShatteringArrow+1","theDuelist:CircleFireKings","theDuelist:DiffusionWaveMotion","theDuelist:GoblinSecret"],"picked":"theDuelist:SilentDoom","floor":47},{"not_picked":["theDuelist:OnslaughtFireKings","theDuelist:FrontierWiseman","theDuelist:MagicalBlast+1","theDuelist:WitchBlackRose"],"picked":"theDuelist:MythicalBeast","floor":48},{"not_picked":["theDuelist:StatueAnguishPattern","theDuelist:BadReaction"],"picked":"theDuelist:SangaThunder+1","floor":49}],"player_experience":1511400,"relics_obtained":[{"floor":7,"key":"Du-Vu Doll"},{"floor":9,"key":"Pear"},{"floor":24,"key":"Anchor"},{"floor":26,"key":"Snake Skull"},{"floor":28,"key":"Nilry\u0027s Codex"},{"floor":31,"key":"Centennial Puzzle"},{"floor":43,"key":"theDuelist:BoosterPackHealer"},{"floor":45,"key":"Letter Opener"},{"floor":47,"key":"theDuelist:StoneExxod"}],"event_choices":[{"damage_healed":17,"gold_gain":0,"player_choice":"Healed","damage_taken":0,"max_hp_gain":0,"max_hp_loss":0,"event_name":"The Cleric","floor":2,"gold_loss":35},{"damage_healed":0,"gold_gain":0,"player_choice":"Purchased Power of Kaishin for 88 Gold.","duelist":true,"damage_taken":0,"max_hp_gain":0,"max_hp_loss":0,"event_name":"Card Trader","floor":3,"gold_loss":0},{"damage_healed":0,"gold_gain":0,"player_choice":"2 cards matched","damage_taken":0,"max_hp_gain":0,"max_hp_loss":0,"event_name":"Match and Keep!","floor":4,"gold_loss":0,"cards_obtained":["theDuelist:ExodiaRL","theDuelist:DuelistAscender"]},{"damage_healed":0,"gold_gain":75,"player_choice":"Gather Gold","damage_taken":11,"max_hp_gain":0,"max_hp_loss":0,"event_name":"World of Goop","floor":8,"gold_loss":0},{"damage_healed":0,"gold_gain":0,"player_choice":"Shed Blood","damage_taken":28,"max_hp_gain":5,"max_hp_loss":0,"event_name":"Forgotten Altar","floor":19,"gold_loss":0},{"damage_healed":0,"gold_gain":0,"player_choice":"Purchased Exodia Necross for 189 Gold.","duelist":true,"damage_taken":0,"max_hp_gain":0,"max_hp_loss":0,"event_name":"Card Trader","floor":20,"gold_loss":0},{"damage_healed":0,"gold_gain":0,"player_choice":"Obtained Book","damage_taken":21,"max_hp_gain":0,"max_hp_loss":0,"event_name":"Cursed Tome","floor":28,"gold_loss":0},{"damage_healed":17,"gold_gain":0,"player_choice":"Heal","damage_taken":0,"max_hp_gain":0,"max_hp_loss":0,"event_name":"The Library","floor":29,"gold_loss":0},{"cards_removed":["theDuelist:Sparks"],"damage_healed":0,"gold_gain":0,"player_choice":"Removed Attack","damage_taken":0,"max_hp_gain":0,"max_hp_loss":0,"event_name":"Falling","floor":36,"gold_loss":0},{"damage_healed":17,"gold_gain":0,"player_choice":"Writhe","damage_taken":0,"max_hp_gain":0,"max_hp_loss":0,"event_name":"Winding Halls","floor":37,"gold_loss":0,"cards_obtained":["Writhe"]},{"damage_healed":0,"gold_gain":0,"player_choice":"2 cards matched","damage_taken":0,"max_hp_gain":0,"max_hp_loss":0,"event_name":"Match and Keep!","floor":39,"gold_loss":0,"cards_obtained":["theDuelist:GrandSpellbookTower","theDuelist:AlienTelepath"]},{"damage_healed":0,"gold_gain":0,"player_choice":"Leave","duelist":true,"damage_taken":0,"max_hp_gain":0,"max_hp_loss":0,"event_name":"Egyptian Village","floor":46,"gold_loss":0}],"is_beta":false,"boss_relics":[{"not_picked":["Kintsugi","Replay:Drink Me"],"picked":"Cursed Key"},{"not_picked":["Painkiller Herb","Ooze Armor"],"picked":"ChewingGum"}],"items_purged_floors":[],"is_endless":false,"potions_floor_spawned":[5,10,16,22,24,45,47,48],"killed_by":"Time Eater","ascension_level":20}}