{"host":"i58uscbei3sy5089","time":1611486271,"event":{"mods":["ATMod(阿瑾Mod)","Act Like it!","BaseMod","Challenge The Spire","Colored Powertips","Conspire","Gensokyo","Infinite Spire","Lobotomy","LobotomyExtend","Minty Spire (QoL Compilation)","MostiFishMod","Quick Restart","Remilia（蕾米莉亚）","Replay The Spire","Shop Mod","Spicy Shops","StSLib","TestMod","The Alterego","UnlockEverythingMod","[IsaacMod]以撒尖塔","vexMod","【功能Mod】混沌之环修复补丁","【遗物卡牌】REMEMod","篝火指南"],"gold_per_floor":[114,207,220,23,36,36,83,83,83,83,126,126,147,26,26,143,143,172,700,700,694,2,2,33,33,33,33,33,33,359,375,375,477,477,487,487,502,502,901,527,225,225,225,74,74,113,130,146,146,158],"floor_reached":51,"language":"ZHS","playtime":8018,"items_purged":["SpecialBullet","SpecialBullet","Gensokyo:AllTheWorldsEvil","Ecstasy","SpecialBullet","SpecialBullet","SpecialBullet","SpecialBullet"],"score":1464,"play_id":"c7cf2cca-9285-438b-bb70-bc7079d3082c","local_time":"20210124190431","is_ascension_mode":true,"campfire_choices":[{"data":"Horn","floor":23,"key":"SMITH"},{"data":"Penitence","floor":25,"key":"SMITH"},{"data":"Penitence","floor":27,"key":"SMITH"},{"data":"infinitespire:NeuralNetwork","floor":29,"key":"SMITH"},{"data":"Penitence","floor":45,"key":"SMITH"}],"circlet_count":0,"master_deck":["SpecialBullet","SpecialBullet","MostiFishMod:ForestofLight+1","AT_CaressingTears","Horn+1","Regret_ego","Penitence+1","OSAHOGD","SecurityCode","InformationCode","Penitence+1","ExtractionCode","Adoration+2","DaCapo+1","Mimicry+1","DaCapo+1","BloodyDesire","DaCapo+1","ControlCode","WallGazer","LongBird","Hypocrisy","Hypocrisy","MostiFishMod:ForestofLight+1","infinitespire:NeuralNetwork+1","Horn","Penitence+1","Penitence+1","Penitence","Penitence+1","Penitence+1","TT2Protocol","SoundOfStar+1","Adoration+1","SoundOfStar+1","Adoration+1","SoundOfStar+1","Adoration+1","SoundOfStar+1","DaCapo+1","DaCapo+1","Adoration+1","DaCapo+1","DaCapo+1","DaCapo+1","SoundOfStar+1","Adoration+1","DaCapo+1","SoundOfStar+1","SoundOfStar+1","SoundOfStar+1","SoundOfStar+1","Penitence+1","Horn+1","Penitence+1","Horn+1","Penitence+1","Gensokyo:Taser","Horn+1"],"relics":["CogitoBucket","RabbitCall","testmod-TestBox","HushsDoor","AT_ATBox","REME_ComplimentaryCards","testmod-DeterminationOfClimber","SteamSale","SynthV:TestCard","LetterFromLob","MerchantsRug","BrkXgEgg","Gambling Chip","Nunchaku","RedMistMask","Gensokyo:PortableGap","BackwardClock","testmod-BloodSacrificeSpiritualization","Pet Ghost","testmod-Charity","MostiFishMod:AdaptiveDefenses","DollysMirror","Incense Burner","Turnip","conspire:RunicOctahedron","BranchBurnRelic","Omamori","infinitespire:PuzzleCube","BehaviorAdjustment","HowToJump","ChiXiaoBlade","BelialBook","testmod-ArcanaOfDestiny","SalivaCoin","SynthV","testmod-IndustrialRevolution","Lantern","Civilization","Replay:Bandana","Technique","ImprovedEquipment"],"acts_visited":["Exordium","Gensokyo:Gensokyo","Gensokyo:Gensokyoer"],"potions_floor_usage":[],"damage_taken":[{"damage":8,"enemies":"Gensokyo:Gryphon","floor":1,"turns":3},{"damage":6,"enemies":"Gensokyo:3_Fairies","floor":3,"turns":4},{"damage":5,"enemies":"Gensokyo:2_Kodama","floor":5,"turns":3},{"damage":0,"enemies":"Gensokyo:Cirno","floor":7,"turns":4},{"damage":14,"enemies":"Gensokyo:Aya","floor":11,"turns":4},{"damage":12,"enemies":"Gensokyo:VengefulSpirit","floor":13,"turns":3},{"damage":43,"enemies":"Gensokyo:Reimu","floor":16,"turns":6},{"damage":35,"enemies":"Gensokyo:AngelMirror","floor":18,"turns":4},{"damage":33,"enemies":"Gensokyo:Chomper","floor":19,"turns":2},{"damage":64,"enemies":"Gensokyo:Reisen","floor":24,"turns":2},{"damage":65,"enemies":"Gensokyo:Koishi","floor":30,"turns":1},{"damage":73,"enemies":"Gensokyo:Slime_Group","floor":31,"turns":1},{"damage":94,"enemies":"Gensokyo:Eiki","floor":33,"turns":1},{"damage":196,"enemies":"Gensokyo:AncientGuardian","floor":35,"turns":2},{"damage":236,"enemies":"Gensokyo:3_Bats","floor":37,"turns":1},{"damage":236,"enemies":"Gensokyo:Kasen","floor":46,"turns":1},{"damage":239,"enemies":"Gensokyo:SeedOfUnknown","floor":47,"turns":1},{"damage":250,"enemies":"Gensokyo:4_Bats","floor":48,"turns":1},{"damage":104,"enemies":"Gensokyo:Scarlet_Devils","floor":50,"turns":7},{"damage":254,"enemies":"Malkuth","floor":51,"turns":1},{"damage":260,"enemies":"Netzach","floor":51,"turns":1},{"damage":261,"enemies":"Geburah","floor":51,"turns":4},{"damage":268,"enemies":"Hokma","floor":51,"turns":1},{"damage":270,"enemies":"Angela","floor":51,"turns":1}],"seed_played":"9150962650873724019","potions_obtained":[{"floor":3,"key":"Dexterity Potion"},{"floor":5,"key":"Regen Potion"},{"floor":11,"key":"SneckoOil"},{"floor":16,"key":"Elixir"},{"floor":31,"key":"Energy Potion"},{"floor":33,"key":"conspire:TimeTravelPotion"},{"floor":47,"key":"LiquidMemories"}],"is_trial":false,"path_per_floor":["M","?","M","$","M","R","E","R","T","R","E","?","M","COS","R","B",null,"M","M","?","$","COS","R","E","R","T","R","AVR","R","E","M","R","B",null,"M","?","M","?","?","R","R","R","T","$","R","E","M","M","R","B",null],"character_chosen":"Angela","items_purchased":["MerchantsRug","BrkXgEgg","Penitence","Hypocrisy","SoundOfStar","BelialBook","SalivaCoin","SynthV","testmod-IndustrialRevolution","Lantern","Civilization","Replay:Bandana","Technique"],"campfire_rested":0,"item_purchase_floors":[4,4,4,21,34,34,40,40,40,40,41,41,41],"current_hp_per_floor":[62,47,46,51,71,80,104,104,104,104,118,113,110,160,175,221,239,315,333,358,411,594,594,588,588,588,588,622,622,688,866,907,1848,1951,2296,2363,2140,2140,2141,2141,2141,2141,2141,2143,2143,2175,2281,2295,2295,2447],"gold":205,"neow_bonus":"UPGRADE_CARD","is_daily":false,"chose_seed":false,"campfire_upgraded":5,"win_rate":0.0,"timestamp":1611486271,"path_taken":["M","?","M","$","M","R","E","R","T","R","E","?","M","COS","R","BOSS","M","M","?","$","COS","R","E","R","T","R","AVR","R","E","M","R","BOSS","M","?","?","?","?","R","R","R","T","$","R","E","M","M","R","BOSS"],"items_purchased_type":["Relic","Relic","Card","Card","Card","Relic","Relic","Relic","Relic","Card","Relic","Relic","Relic"],"build_version":"2020-12-22","purchased_purges":8,"victory":true,"max_hp_per_floor":[76,76,80,85,106,115,115,115,115,115,125,113,110,160,175,245,245,335,363,388,438,621,621,632,632,629,626,657,657,737,903,944,1923,1965,2296,2363,2366,2366,2364,2361,2358,2358,2358,2360,2360,2395,2502,2532,2532,2540],"card_choices":[{"not_picked":["SoundOfStar"],"picked":"Horn","floor":1},{"not_picked":["Laetitia_ego","ParadiseLost","TodaysExpression"],"picked":"Regret_ego","floor":3},{"not_picked":["FairyFestival","Yin"],"picked":"OSAHOGD","floor":5},{"not_picked":["GrinderMk4","Tough","Pleasure"],"picked":"Ecstasy","floor":5},{"not_picked":["FourthMatchFlame","SomewhereSpear","Lantern","CrimsonScar"],"picked":"SKIP","floor":7},{"not_picked":["Regret_ego","Noise","Beak"],"picked":"Penitence","floor":11},{"not_picked":["Loneliness","Wingbeat","RedEyes","RapturousDream"],"picked":"SKIP","floor":13},{"not_picked":["DaCapo+2","Mimicry+2","Justitia+2"],"picked":"Adoration+2","floor":16},{"not_picked":["CENSORED_ego+1","Justitia+1","Twilight+1"],"picked":"DaCapo+1","floor":16},{"not_picked":["SoundOfStar+1","Twilight+1","GoldRush+1"],"picked":"Mimicry+1","floor":16},{"not_picked":["TheSmile+1","Twilight+1","Justitia+1"],"picked":"DaCapo+1","floor":16},{"not_picked":["RedEyes","Lantern","WristCuter+1"],"picked":"BloodyDesire","floor":18},{"not_picked":["Gaze","ShedSkin","SomewhereSpear"],"picked":"DaCapo+1","floor":18},{"not_picked":["MeatLantern","OldLady"],"picked":"WallGazer","floor":18},{"not_picked":["SwordSharpenedByTears+1","Tough+1","RapturousDream","CherryBlossom"],"picked":"SKIP","floor":18},{"not_picked":["SolemnVow+1","CherryBlossom","Beak","RedEyes"],"picked":"SKIP","floor":18},{"not_picked":["Lamp","Regret_ego+1","FeatherOfHonor+1","Harvest"],"picked":"SKIP","floor":18},{"not_picked":["GrinderMk4","Lantern","Pleasure","Loneliness+1"],"picked":"SKIP","floor":18},{"not_picked":["Wellcheers","Alriune"],"picked":"LongBird","floor":19},{"not_picked":["RapturousDream","GrinderMk4+1","Wingbeat+1","Soda"],"picked":"SKIP","floor":19},{"not_picked":["Lantern","MagicBullet+1","Beak+1","Gaze"],"picked":"SKIP","floor":19},{"not_picked":["Noise","SomewhereSpear","LifeForTheDareDevil+1","Amita"],"picked":"SKIP","floor":19},{"not_picked":["Diffraction+2","FourthMatchFlame+2","GoldRush+2","SolemnVow+1"],"picked":"SKIP","floor":24},{"not_picked":["Soda","Moonlight","Logging+1","RedEyes"],"picked":"SKIP","floor":24},{"not_picked":["Justitia+1","GrinderMk4","Discord"],"picked":"Horn","floor":30},{"not_picked":["Christmas","Diffraction+1","Hypocrisy+1"],"picked":"Penitence+1","floor":30},{"not_picked":["Soda","Harmony","CUTE","Loneliness+1"],"picked":"SKIP","floor":30},{"not_picked":["FeatherOfHonor","TodaysExpression+1","Galaxy","Lamp"],"picked":"SKIP","floor":30},{"not_picked":["Logging+1","Loneliness+1","Lantern"],"picked":"Penitence","floor":31},{"not_picked":["Regret_ego","WristCuter","FrostShard+1"],"picked":"Penitence","floor":31},{"not_picked":["Lamp+1","CherryBlossom","TodaysExpression"],"picked":"Penitence","floor":31},{"not_picked":["CherryBlossom","Diffraction","RapturousDream"],"picked":"Penitence+1","floor":31},{"not_picked":["Christmas+1","MagicBullet","Discord+1","Loneliness+1"],"picked":"SKIP","floor":31},{"not_picked":["SomewhereSpear+1","BlueScar","Tough","WristCuter+1"],"picked":"SKIP","floor":31},{"not_picked":["Ecstasy","Noise+1","Reverberation","Heaven+1"],"picked":"SKIP","floor":31},{"not_picked":["Pleasure","SomewhereSpear","Noise","BearPaw"],"picked":"SKIP","floor":31},{"not_picked":["CUTE","RedEyes","WristCuter","Noise"],"picked":"SKIP","floor":31},{"not_picked":["CENSORED_ego+1","Pinks+1","Justitia+1"],"picked":"SoundOfStar+1","floor":33},{"not_picked":["GoldRush+1","Pinks+1","ParadiseLost+1"],"picked":"Adoration+1","floor":33},{"not_picked":["GoldRush+1","DaCapo+1","CENSORED_ego+1"],"picked":"SoundOfStar+1","floor":33},{"not_picked":["GoldRush+1","Pinks+1","TheSmile+1"],"picked":"Adoration+1","floor":33},{"not_picked":["ParadiseLost+1","Pinks+1","Justitia+1"],"picked":"SoundOfStar+1","floor":33},{"not_picked":["CENSORED_ego+1","GoldRush+1","Mimicry+1"],"picked":"Adoration+1","floor":33},{"not_picked":["ParadiseLost+1","Mimicry+1","Twilight+1"],"picked":"SoundOfStar+1","floor":33},{"not_picked":["Mimicry+1","GoldRush+1","TheSmile+1"],"picked":"DaCapo+1","floor":33},{"not_picked":["CENSORED_ego+1","Pinks+1","Twilight+1"],"picked":"DaCapo+1","floor":33},{"not_picked":["Pinks+1","TheSmile+1","ParadiseLost+1"],"picked":"Adoration+1","floor":33},{"not_picked":["Mimicry+1","TheSmile+1","Adoration+1"],"picked":"DaCapo+1","floor":33},{"not_picked":["ParadiseLost+1","SoundOfStar+1","Pinks+1"],"picked":"DaCapo+1","floor":33},{"not_picked":["SoundOfStar+1","Mimicry+1","Twilight+1"],"picked":"DaCapo+1","floor":33},{"not_picked":["Twilight+1","Pinks+1","CENSORED_ego+1"],"picked":"SoundOfStar+1","floor":33},{"not_picked":["SoundOfStar+1","Justitia+1","TheSmile+1"],"picked":"Adoration+1","floor":33},{"not_picked":["ParadiseLost+1","TheSmile+1","CENSORED_ego+1"],"picked":"DaCapo+1","floor":33},{"not_picked":["CENSORED_ego+1","Twilight+1","Justitia+1"],"picked":"SoundOfStar+1","floor":33},{"not_picked":["Justitia+1","TheSmile+1","CENSORED_ego+1"],"picked":"SoundOfStar+1","floor":33},{"not_picked":["CENSORED_ego+1","ParadiseLost+1","Twilight+1"],"picked":"SoundOfStar+1","floor":33},{"not_picked":["GreenStem","Amita","Loneliness"],"picked":"Penitence+1","floor":35},{"not_picked":["Beak","Amita+1","Harmony"],"picked":"Horn+1","floor":35},{"not_picked":["Hornet","TodaysExpression","SwordSharpenedByTears"],"picked":"Penitence+1","floor":35},{"not_picked":["Loneliness+1","SolemnVow+1","Beak"],"picked":"Horn","floor":35},{"not_picked":["Gaze","Noise","Soda+1"],"picked":"Penitence+1","floor":35},{"not_picked":["TodaysExpression+1","Regret_ego+1","Loneliness","Heaven+1"],"picked":"SKIP","floor":35},{"not_picked":["TodaysExpression","BearPaw","Beak+1","LifeForTheDareDevil"],"picked":"SKIP","floor":35},{"not_picked":["Justitia+1","Beak+1","FourthMatchFlame","RedEyes+1"],"picked":"SKIP","floor":35},{"not_picked":["CUTE","WristCuter","Amita","SolemnVow"],"picked":"SKIP","floor":35},{"not_picked":["MagicBullet","TodaysExpression","Christmas+1","Tough"],"picked":"SKIP","floor":35},{"not_picked":["SomewhereSpear+1","RapturousDream+1","Tough+1","Justitia+1"],"picked":"SKIP","floor":35},{"not_picked":["InTheNameOfLoveAndHate+1","Moonlight","GreenStem","Tough"],"picked":"SKIP","floor":35},{"not_picked":["FourthMatchFlame","SwordSharpenedByTears+1","Regret_ego+1","Hornet+1"],"picked":"SKIP","floor":35},{"not_picked":["Hypocrisy","ShedSkin+1","Lamp+1","CherryBlossom+1"],"picked":"SKIP","floor":35},{"not_picked":["Wingbeat","Lantern","CUTE","Loneliness"],"picked":"SKIP","floor":35},{"not_picked":["Laetitia_ego+1","RapturousDream+1","Justitia+1","Reverberation+1"],"picked":"SKIP","floor":35},{"not_picked":["Moonlight+1","Hypocrisy+1","TodaysExpression+1","Lantern"],"picked":"SKIP","floor":35},{"not_picked":["FourthMatchFlame+1","Logging","Christmas+1","CherryBlossom"],"picked":"SKIP","floor":35},{"not_picked":["BlackSwan_ego+1","Ecstasy","Tough+1","Gaze+1"],"picked":"SKIP","floor":35},{"not_picked":["Lantern","SoundOfStar+1","InTheNameOfLoveAndHate+1","Soda+1"],"picked":"SKIP","floor":35},{"not_picked":["Penitence","Loneliness+1","Tough","FrostShard+1"],"picked":"SKIP","floor":35},{"not_picked":["Tough","Pleasure","Harvest","CrimsonScar"],"picked":"SKIP","floor":35},{"not_picked":["CUTE+1","TodaysExpression+1","Logging","Reverberation"],"picked":"SKIP","floor":35},{"not_picked":["Loneliness","Noise+1","CherryBlossom","Soda+1"],"picked":"SKIP","floor":35},{"not_picked":["GrinderMk4","WristCuter+1","FrostShard+1","RedEyes"],"picked":"SKIP","floor":35},{"not_picked":["Loneliness+1","Amita","Soda","BearPaw"],"picked":"SKIP","floor":35},{"not_picked":["Hornet+1","Spore","RedEyes+1","Lantern+1"],"picked":"SKIP","floor":35},{"not_picked":["LifeForTheDareDevil+1","Penitence","WristCuter","TheSmile+1"],"picked":"SKIP","floor":35},{"not_picked":["Logging","CUTE+1","Beak+1","Soda+1"],"picked":"SKIP","floor":35},{"not_picked":["Galaxy","SomewhereSpear+1","Loneliness","Regret_ego"],"picked":"SKIP","floor":35},{"not_picked":["Discord+1","TodaysExpression","BearPaw+1","Tough"],"picked":"SKIP","floor":35},{"not_picked":["Spore","Wingbeat","Beak+1","RapturousDream"],"picked":"SKIP","floor":35},{"not_picked":["Soda+1","SoundOfStar+1","SomewhereSpear","FourthMatchFlame+1"],"picked":"SKIP","floor":35},{"not_picked":["Noise+1","GreenStem+1","Harvest","SomewhereSpear"],"picked":"SKIP","floor":35},{"not_picked":["WristCuter+1","CherryBlossom","FourthMatchFlame","Hypocrisy+1"],"picked":"SKIP","floor":35},{"not_picked":["FourthMatchFlame","Hypocrisy+1","TodaysExpression+1","WristCuter"],"picked":"SKIP","floor":35},{"not_picked":["Mimicry+1","Pleasure","Ecstasy","Soda+1"],"picked":"SKIP","floor":35},{"not_picked":["WristCuter+1","RedEyes+1","CrimsonScar","CherryBlossom"],"picked":"SKIP","floor":35},{"not_picked":["CherryBlossom+1","Discord","RedEyes","Wingbeat"],"picked":"SKIP","floor":35},{"not_picked":["Horn","SwordSharpenedByTears+1","DaCapo+1","Loneliness"],"picked":"SKIP","floor":35},{"not_picked":["Wingbeat","Tough","RapturousDream+1","CUTE+1"],"picked":"SKIP","floor":35},{"not_picked":["Spore","Horn+1","SolemnVow","SomewhereSpear"],"picked":"SKIP","floor":35},{"not_picked":["Regret_ego","Moonlight+1","Wingbeat","SwordSharpenedByTears"],"picked":"SKIP","floor":35},{"not_picked":["Loneliness+1","WristCuter+1","CrimsonScar","CUTE+1"],"picked":"SKIP","floor":35},{"not_picked":["CUTE+1","BearPaw+1","Lantern","Lamp"],"picked":"SKIP","floor":35},{"not_picked":["Hypocrisy","WristCuter","FourthMatchFlame","CherryBlossom"],"picked":"SKIP","floor":35},{"not_picked":["CUTE","ParadiseLost+1","Regret_ego+1","Gaze+1"],"picked":"SKIP","floor":35},{"not_picked":["Penitence","BearPaw+1","Pleasure","Noise+1"],"picked":"SKIP","floor":35},{"not_picked":["Heaven","Regret_ego+1","CUTE+1","Amita"],"picked":"SKIP","floor":35},{"not_picked":["TodaysExpression","Justitia+1","Penitence","FeatherOfHonor+1"],"picked":"SKIP","floor":35},{"not_picked":["Loneliness+1","Lamp","Noise+1","Regret_ego+1"],"picked":"SKIP","floor":35},{"not_picked":["WristCuter+1","Gaze+1","Wingbeat","TheSmile+1"],"picked":"SKIP","floor":35},{"not_picked":["Regret_ego","TodaysExpression","Heaven+1","Tough"],"picked":"SKIP","floor":35},{"not_picked":["LifeForTheDareDevil","Wingbeat","TodaysExpression+1","Reverberation+1"],"picked":"SKIP","floor":35},{"not_picked":["FeatherOfHonor+1","FrostShard+1","Logging","FourthMatchFlame+1"],"picked":"SKIP","floor":35},{"not_picked":["CherryBlossom","Penitence+1","Regret_ego+1","FeatherOfHonor+1"],"picked":"SKIP","floor":35},{"not_picked":["ShedSkin","Wingbeat+1","FrostShard","CherryBlossom"],"picked":"SKIP","floor":35},{"not_picked":["TodaysExpression","Discord+1","RedEyes+1","GrinderMk4+1"],"picked":"SKIP","floor":35},{"not_picked":["Gaze+1","Beak+1","Penitence","Laetitia_ego"],"picked":"SKIP","floor":35},{"not_picked":["Lamp","CENSORED_ego+1","CherryBlossom","LifeForTheDareDevil"],"picked":"SKIP","floor":35},{"not_picked":["Gaze","FourthMatchFlame","MagicBullet","Wingbeat+1"],"picked":"SKIP","floor":35},{"not_picked":["CherryBlossom","ShedSkin","Regret_ego","Ecstasy+1"],"picked":"SKIP","floor":35},{"not_picked":["Tough","ShedSkin","Wingbeat","Harmony"],"picked":"SKIP","floor":35},{"not_picked":["CUTE+1","Reverberation","FeatherOfHonor+1","Beak+1"],"picked":"SKIP","floor":35},{"not_picked":["Noise+1","LifeForTheDareDevil+1","Beak","Wingbeat+1"],"picked":"SKIP","floor":35},{"not_picked":["SoundOfStar+1","SwordSharpenedByTears+1","Ecstasy+1","Tough+1"],"picked":"SKIP","floor":35},{"not_picked":["FourthMatchFlame+1","BlueScar+1","TodaysExpression","Soda"],"picked":"SKIP","floor":35},{"not_picked":["CrimsonScar+1","Harvest","Beak+1","Hypocrisy+1"],"picked":"SKIP","floor":35},{"not_picked":["Horn","Amita","Soda","Ecstasy"],"picked":"SKIP","floor":35},{"not_picked":["Gaze","Noise+1","Horn+1","Amita+1"],"picked":"SKIP","floor":35},{"not_picked":["Penitence+1","BloodyDesire+1","Horn+1","Wingbeat"],"picked":"SKIP","floor":35},{"not_picked":["WristCuter","Harvest","ScreamingWedge","Regret_ego"],"picked":"SKIP","floor":35},{"not_picked":["Loneliness+1","Regret_ego+1","Noise+1","Laetitia_ego"],"picked":"SKIP","floor":35},{"not_picked":["Lantern","Adoration+1","InTheNameOfLoveAndHate","MagicBullet"],"picked":"SKIP","floor":35},{"not_picked":["Moonlight","BlackSwan_ego+1","Hornet","Regret_ego"],"picked":"SKIP","floor":35},{"not_picked":["GreenStem","Loneliness+1","Harvest+1","SolemnVow+1"],"picked":"SKIP","floor":35},{"not_picked":["Penitence","GrinderMk4+1","Soda","WristCuter+1"],"picked":"SKIP","floor":35},{"not_picked":["Tough+1","FourthMatchFlame+1","SolemnVow","CherryBlossom+1"],"picked":"SKIP","floor":35},{"not_picked":["Lantern","CherryBlossom","Hypocrisy","Loneliness"],"picked":"SKIP","floor":35},{"not_picked":["Soda","Beak+1","FeatherOfHonor","MagicBullet"],"picked":"SKIP","floor":35},{"not_picked":["Moonlight","Hypocrisy","Harvest+1","SoundOfStar+1"],"picked":"SKIP","floor":35},{"not_picked":["Hornet","Soda+1","Lantern+1","CherryBlossom+1"],"picked":"SKIP","floor":35},{"not_picked":["Penitence+1","FourthMatchFlame","RapturousDream+1","Ecstasy"],"picked":"SKIP","floor":35},{"not_picked":["Soda+1","Loneliness","Pleasure","Regret_ego+1"],"picked":"SKIP","floor":35},{"not_picked":["Twilight+1","Penitence","Noise+1","Discord"],"picked":"SKIP","floor":35},{"not_picked":["WristCuter+1","Regret_ego+1","Amita","TodaysExpression"],"picked":"SKIP","floor":35},{"not_picked":["Penitence","Gaze+1","BlueScar","Lantern+1"],"picked":"SKIP","floor":35},{"not_picked":["WristCuter+1","Soda","Penitence","Horn"],"picked":"SKIP","floor":35},{"not_picked":["Galaxy","Penitence+1","Laetitia_ego","Pleasure"],"picked":"SKIP","floor":35},{"not_picked":["Lantern","Justitia+1","BloodyDesire+1","Harvest+1"],"picked":"SKIP","floor":35},{"not_picked":["Hornet","Harmony+1","CherryBlossom","Penitence"],"picked":"SKIP","floor":35},{"not_picked":["Loneliness","Horn","Wingbeat","RapturousDream"],"picked":"SKIP","floor":35},{"not_picked":["InTheNameOfLoveAndHate+1","ShedSkin","Spore","Tough+1"],"picked":"SKIP","floor":35},{"not_picked":["Harvest","Penitence+1","LifeForTheDareDevil+1","MagicBullet+1"],"picked":"SKIP","floor":35},{"not_picked":["Lamp","SwordSharpenedByTears","Noise+1","GrinderMk4"],"picked":"SKIP","floor":35},{"not_picked":["WristCuter","Hornet+1","TodaysExpression+1","Lantern"],"picked":"SKIP","floor":35},{"not_picked":["Discord","BlackSwan_ego+1","Wingbeat+1","Noise+1"],"picked":"SKIP","floor":35},{"not_picked":["Soda+1","WristCuter+1","CUTE+1","FourthMatchFlame"],"picked":"SKIP","floor":35},{"not_picked":["Lantern+1","DaCapo+1","CrimsonScar","BearPaw+1"],"picked":"SKIP","floor":35},{"not_picked":["CUTE+1","ShedSkin","Wingbeat+1","Galaxy+1"],"picked":"SKIP","floor":35},{"not_picked":["Lamp","Spore+1","Diffraction","Beak"],"picked":"SKIP","floor":35},{"not_picked":["Lamp","RapturousDream+1","Heaven+1","Logging"],"picked":"SKIP","floor":35},{"not_picked":["WristCuter+1","Justitia+1","Heaven+1","TodaysExpression+1"],"picked":"SKIP","floor":35},{"not_picked":["Wingbeat+1","Christmas","RapturousDream+1","Heaven"],"picked":"SKIP","floor":35},{"not_picked":["Penitence","Beak+1","ParadiseLost+1","InTheNameOfLoveAndHate"],"picked":"SKIP","floor":35},{"not_picked":["CherryBlossom+1","Regret_ego+1","RedEyes+1","CUTE"],"picked":"SKIP","floor":37},{"not_picked":["GoldRush+1","Regret_ego","Lantern"],"picked":"Horn+1","floor":46},{"not_picked":["Discord","Amita+1","SwordSharpenedByTears","Gaze+1"],"picked":"SKIP","floor":47},{"not_picked":["Regret_ego","Christmas","Penitence+1","FourthMatchFlame"],"picked":"SKIP","floor":47},{"not_picked":["Harvest","FeatherOfHonor+1","RapturousDream","InTheNameOfLoveAndHate+1"],"picked":"SKIP","floor":47},{"not_picked":["Harmony+1","Harvest","FrostShard+1","Logging+1"],"picked":"SKIP","floor":47},{"not_picked":["Soda","CherryBlossom+1","Loneliness","Laetitia_ego"],"picked":"SKIP","floor":47},{"not_picked":["ParadiseLost+1","Hypocrisy","Moonlight","Beak+1"],"picked":"SKIP","floor":47},{"not_picked":["Soda","Beak+1","FrostShard+1","Logging"],"picked":"SKIP","floor":47},{"not_picked":["Soda+1","Mimicry+1","SwordSharpenedByTears+1","RedEyes+1"],"picked":"SKIP","floor":47},{"not_picked":["Lantern+1","Noise+1","Regret_ego","Pleasure+1"],"picked":"SKIP","floor":47},{"not_picked":["Hypocrisy+1","Logging+1","Lamp+1","Noise"],"picked":"SKIP","floor":47},{"not_picked":["Penitence+1","Harvest+1","FourthMatchFlame+1","CUTE"],"picked":"SKIP","floor":47},{"not_picked":["Penitence+1","Harmony","CherryBlossom+1","FeatherOfHonor+1"],"picked":"SKIP","floor":47},{"not_picked":["TodaysExpression","BearPaw+1","FourthMatchFlame+1","Horn+1"],"picked":"SKIP","floor":47},{"not_picked":["Gaze+1","Discord+1","Soda+1","Lamp+1"],"picked":"SKIP","floor":47},{"not_picked":["Tough+1","Loneliness+1","CherryBlossom+1","MagicBullet"],"picked":"SKIP","floor":48}],"player_experience":641895,"relics_obtained":[{"floor":1,"key":"SynthV:TestCard"},{"floor":1,"key":"LetterFromLob"},{"floor":7,"key":"Gambling Chip"},{"floor":9,"key":"GuppysHead"},{"floor":11,"key":"Nunchaku"},{"floor":11,"key":"RedMistMask"},{"floor":24,"key":"Incense Burner"},{"floor":26,"key":"Turnip"},{"floor":30,"key":"Omamori"},{"floor":43,"key":"AnarchistCookbook"},{"floor":46,"key":"ImprovedEquipment"}],"event_choices":[{"damage_healed":0,"gold_gain":0,"player_choice":"Swap Relic","damage_taken":0,"relics_obtained":["testmod-ArcanaOfDestiny"],"max_hp_gain":0,"max_hp_loss":0,"event_name":"给自己的盒子","floor":38,"relics_lost":["DianDianMeat"],"gold_loss":0},{"damage_healed":0,"gold_gain":400,"player_choice":"Sell","damage_taken":0,"max_hp_gain":0,"max_hp_loss":0,"event_name":"恩洛斯的盘子","floor":39,"relics_lost":["DaveBox"],"gold_loss":0}],"is_beta":false,"boss_relics":[{"not_picked":["vexMod:RockOfEvil","SynthV:MejaisSoulstealer"],"picked":"testmod-BloodSacrificeSpiritualization"},{"not_picked":[]},{"not_picked":["vexMod:ImprovementManual","NightmareShop"],"picked":"ChiXiaoBlade"},{"not_picked":[]}],"items_purged_floors":[4,21,28,34,40,41,44,44],"is_endless":false,"potions_floor_spawned":[3,5,11,16,31,33,47],"ascension_level":7}}