{"host":"txhhdwa0hqfs4jhb","time":1611513298,"event":{"mods":["BaseMod","Better Third Choice","Filter the Spire","Fox Events","Minty Spire (QoL Compilation)","Relic Stats","Slay-I","StSLib","Thieving Mod"],"gold_per_floor":[119,119,133,7,20,50,200,200,200],"floor_reached":8,"language":"ENG","playtime":482,"items_purged":["Strike_G"],"score":106,"play_id":"aec7fa2c-61d5-4f07-b9c1-2bcbd4c89810","local_time":"20210124183458","is_ascension_mode":true,"campfire_choices":[],"circlet_count":0,"master_deck":["AscendersBane","Strike_G","Strike_G","Defend_G","Defend_G","Defend_G","Survivor","Neutralize","After Image+1","Footwork+1","Blade Dance+1","Cloak And Dagger","Blade Dance","Blur"],"relics":["Astrolabe","Omamori","InkBottle"],"acts_visited":["Exordium"],"potions_floor_usage":[],"damage_taken":[{"damage":0.0,"enemies":"Jaw Worm","floor":1.0,"turns":4.0},{"damage":0.0,"enemies":"Small Slimes","floor":3.0,"turns":4.0},{"damage":0,"enemies":"Cultist","floor":5,"turns":3},{"damage":13,"enemies":"3 Sentries","floor":6,"turns":14},{"damage":11,"enemies":"Lagavulin","floor":8,"turns":12}],"seed_played":"-2075222070006258934","potions_obtained":[{"floor":6,"key":"FairyPotion"}],"is_trial":false,"path_per_floor":["M","?","M","$","M","E","?","E"],"character_chosen":"THE_SILENT","items_purchased":["Blade Dance"],"campfire_rested":0,"item_purchase_floors":[4],"current_hp_per_floor":[59,52,52,52,52,39,39,28,28],"gold":200,"neow_bonus":"BOSS_RELIC","is_daily":false,"chose_seed":false,"campfire_upgraded":0,"win_rate":0.0,"timestamp":1611513298,"path_taken":["M","?","M","$","M","E","?","E"],"items_purchased_type":["Card"],"build_version":"2020-12-22","purchased_purges":1,"victory":false,"max_hp_per_floor":[66,66,66,66,66,66,66,66,66],"relic_stats":{"counters":[5,37],"Astrolabe":["After Image","Footwork","Blade Dance"],"obtain_stats":[{"Astrolabe":0,"Omamori":4,"InkBottle":6,"Ring of the Snake":0},{"Astrolabe":0,"Omamori":2,"InkBottle":4,"Ring of the Snake":0},{"Astrolabe":0,"Omamori":8,"InkBottle":25,"Ring of the Snake":0}],"InkBottle":[7]},"card_choices":[{"not_picked":["Acrobatics","Sucker Punch"],"picked":"Cloak And Dagger","floor":1.0},{"not_picked":["Well Laid Plans","Bane","PiercingWail"],"picked":"SKIP","floor":3.0},{"not_picked":["Dagger Throw","Bane","Riddle With Holes"],"picked":"SKIP","floor":5},{"not_picked":["Caltrops","Reflex"],"picked":"Blur","floor":6}],"player_experience":290841,"relics_obtained":[{"floor":6,"key":"InkBottle"}],"event_choices":[{"cards_removed":["Strike_G"],"damage_healed":0.0,"max_hp_gain":0.0,"max_hp_loss":0.0,"gold_gain":0.0,"event_name":"Golden Wing","player_choice":"Card Removal","floor":2.0,"gold_loss":0.0,"damage_taken":7.0},{"damage_healed":0,"gold_gain":150,"player_choice":"AGREE","damage_taken":50,"max_hp_gain":0,"max_hp_loss":0,"event_name":"betterThird:BetterSerpent","floor":7,"gold_loss":0}],"is_beta":false,"boss_relics":[],"items_purged_floors":[4],"is_endless":false,"potions_floor_spawned":[6],"killed_by":"Lagavulin","ascension_level":18}}