{"host":"0kk91h4bq4kgfj0u","time":1611520680,"event":{"mods":["BaseMod","Minty Spire (QoL Compilation)","StSLib"],"gold_per_floor":[115,115,115,115,34,34,65,65,133,163,173,190,205,223,223,323,323,336,325,339,339,339],"floor_reached":21,"language":"ENG","playtime":699,"items_purged":[],"score":239,"play_id":"27a7c74c-51b8-45c4-be5b-9aeece67a8a0","local_time":"20210124153800","is_ascension_mode":true,"campfire_choices":[{"data":"Infinite Blades","floor":6.0,"key":"SMITH"},{"floor":8.0,"key":"REST"},{"floor":15,"key":"REST"}],"circlet_count":0,"master_deck":["Strike_G","Strike_G","Strike_G","Strike_G","Strike_G","Defend_G","Defend_G","Defend_G","Defend_G","Defend_G","Survivor","Neutralize","Deadly Poison","Blade Dance+1","Infinite Blades+1","Poisoned Stab","Backflip","Sucker Punch","Blade Dance","Blur","Terror","Bane","Envenom","Cloak And Dagger+1","Dagger Spray+1","Quick Slash+1"],"relics":["Ring of the Snake","Snake Skull","Matryoshka","Mummified Hand"],"acts_visited":["Exordium","TheCity"],"potions_floor_usage":[10,20],"damage_taken":[{"damage":2.0,"enemies":"Jaw Worm","floor":1.0,"turns":5.0},{"damage":29.0,"enemies":"3 Sentries","floor":7.0,"turns":8.0},{"damage":25,"enemies":"Lagavulin","floor":10,"turns":4},{"damage":0,"enemies":"Small Slimes","floor":11,"turns":3},{"damage":0,"enemies":"Cultist","floor":12,"turns":2},{"damage":10,"enemies":"Gremlin Gang","floor":13,"turns":5},{"damage":4,"enemies":"Red Slaver","floor":14,"turns":4},{"damage":21,"enemies":"Slime Boss","floor":16,"turns":8},{"damage":15,"enemies":"Shell Parasite","floor":18,"turns":5},{"damage":25,"enemies":"2 Thieves","floor":19,"turns":4},{"damage":7,"enemies":"Snecko","floor":20,"turns":5},{"damage":18,"enemies":"Sentry and Sphere","floor":21,"turns":3}],"seed_played":"2623413123496164110","potions_obtained":[{"floor":7.0,"key":"SteroidPotion"},{"floor":10,"key":"DistilledChaos"},{"floor":11,"key":"FearPotion"}],"is_trial":false,"path_per_floor":["M","?","?","$","$","R","E","R","T","E","M","M","M","M","R","B",null,"M","M","M","M"],"character_chosen":"THE_SILENT","items_purchased":["Infinite Blades","Poisoned Stab"],"campfire_rested":2,"item_purchase_floors":[5,5],"current_hp_per_floor":[68,68,73,73,73,73,44,66,66,41,41,41,31,27,49,28,63,48,23,16,0,0],"gold":339,"neow_bonus":"THREE_CARDS","is_daily":false,"chose_seed":false,"campfire_upgraded":1,"win_rate":0.0,"timestamp":1611520680,"path_taken":["M","?","?","?","$","R","E","R","T","E","?","M","M","M","R","BOSS","M","M","?","M"],"items_purchased_type":["Card","Card"],"build_version":"2020-12-22","purchased_purges":0,"victory":false,"max_hp_per_floor":[70,70,75,75,75,75,75,75,75,75,75,75,75,75,75,75,75,75,75,75,75,75],"card_choices":[{"not_picked":["Skewer","Outmaneuver"],"picked":"Deadly Poison","floor":0.0},{"not_picked":["Prepared","Deadly Poison"],"picked":"Blade Dance","floor":1.0},{"not_picked":["Prepared","Deadly Poison"],"picked":"Backflip","floor":7.0},{"not_picked":["Skewer","Reflex"],"picked":"Sucker Punch","floor":10},{"not_picked":["Acrobatics","Finisher"],"picked":"Blade Dance","floor":11},{"not_picked":["Underhanded Strike","Wraith Form v2"],"picked":"Blur","floor":12},{"not_picked":["Cloak And Dagger","Dodge and Roll"],"picked":"Terror","floor":13},{"not_picked":["Acrobatics","Tactician"],"picked":"Bane","floor":14},{"not_picked":["Adrenaline","A Thousand Cuts"],"picked":"Envenom","floor":16},{"not_picked":["Underhanded Strike","Blur"],"picked":"Cloak And Dagger+1","floor":18},{"not_picked":["Dagger Throw","Crippling Poison"],"picked":"Dagger Spray+1","floor":19},{"not_picked":["Blur","Acrobatics"],"picked":"Quick Slash+1","floor":20}],"player_experience":804904,"relics_obtained":[{"floor":7.0,"key":"Snake Skull"},{"floor":9.0,"key":"Matryoshka"},{"floor":10,"key":"Mummified Hand"}],"event_choices":[{"damage_healed":0.0,"max_hp_gain":0.0,"max_hp_loss":0.0,"gold_gain":0.0,"event_name":"Living Wall","player_choice":"Grow","floor":2.0,"gold_loss":0.0,"damage_taken":0.0,"cards_upgraded":["Blade Dance"]},{"damage_healed":0.0,"max_hp_gain":5.0,"max_hp_loss":0.0,"gold_gain":0.0,"event_name":"Big Fish","player_choice":"Donut","floor":3.0,"gold_loss":0.0,"damage_taken":0.0}],"is_beta":false,"boss_relics":[{"not_picked":["Snecko Eye","Coffee Dripper","Philosopher\u0027s Stone"]}],"items_purged_floors":[],"is_endless":false,"potions_floor_spawned":[7,10,11],"killed_by":"Sentry and Sphere","ascension_level":5}}