{"host":"srk2drlvga69hbot","time":1611497742,"event":{"mods":["BaseMod","Bestiary","Block Reminder","Colored Map","Colored Powertips","Dark Map","DeckTracker","Highlight Path","Minty Spire (QoL Compilation)","Quick Restart","Rare Cards Sparkle","Relic Stats","SuperFastMode","Unceasing Turn Reminder"],"gold_per_floor":[114,289,304,254,269,81,81,96,171,186,36,66,81,96,96,196,196,211,211,226,241,441,471,486,501,501,501,98,98,98,113,113,213,213,228,15,21,36,51,51,51,51,76,76,76,91,121,121,121,121],"floor_reached":51,"language":"ZHS","playtime":2652,"items_purged":["Cloak And Dagger","Writhe","Cloak And Dagger"],"score":924,"play_id":"2de017f2-5168-48ff-8574-1557be24f14d","local_time":"20210124221542","daily_mods":["Draft","Colorless Cards","Terminal"],"is_ascension_mode":false,"campfire_choices":[{"data":"Prepared","floor":7.0,"key":"SMITH"},{"data":"Trip","floor":15.0,"key":"SMITH"},{"data":"Tactician","floor":27.0,"key":"SMITH"},{"data":"Prepared","floor":29.0,"key":"SMITH"},{"data":"Acrobatics","floor":32.0,"key":"SMITH"},{"data":"Expertise","floor":40.0,"key":"SMITH"},{"floor":44.0,"key":"REST"},{"floor":49.0,"key":"REST"}],"circlet_count":0,"master_deck":["Acrobatics+1","Prepared+1","Underhanded Strike+1","Trip+1","Finesse+1","Acrobatics+1","PiercingWail+1","Prepared+1","Expertise+1","Quick Slash+1","Backflip+1","Underhanded Strike+1","Escape Plan+1","Underhanded Strike+1","Finesse+1","Purity+1","Escape Plan+1","Eviscerate+1","Tactician+1","Finesse+1","Reflex+1","Panache+1"],"relics":["Ring of the Snake","Membership Card","Bottled Flame","Turnip","Mercury Hourglass","Philosopher\u0027s Stone","Oddly Smooth Stone","Bag of Marbles","Darkstone Periapt","Vajra","Happy Flower","TwistedFunnel","Blue Candle","Busted Crown","Strawberry","Frozen Eye","Torii","Mark of the Bloom","Boot","Nunchaku"],"acts_visited":["Exordium","TheCity","TheBeyond"],"potions_floor_usage":[50],"damage_taken":[{"damage":0.0,"enemies":"Small Slimes","floor":1.0,"turns":2.0},{"damage":0.0,"enemies":"2 Louse","floor":3.0,"turns":2.0},{"damage":0.0,"enemies":"Jaw Worm","floor":5.0,"turns":1.0},{"damage":0.0,"enemies":"Lots of Slimes","floor":8.0,"turns":2.0},{"damage":0.0,"enemies":"Gremlin Gang","floor":10.0,"turns":2.0},{"damage":0.0,"enemies":"Lagavulin","floor":12.0,"turns":4.0},{"damage":0.0,"enemies":"2 Fungi Beasts","floor":13.0,"turns":2.0},{"damage":0.0,"enemies":"Blue Slaver","floor":14.0,"turns":2.0},{"damage":5.0,"enemies":"The Guardian","floor":16.0,"turns":7.0},{"damage":0.0,"enemies":"3 Byrds","floor":18.0,"turns":3.0},{"damage":0.0,"enemies":"Spheric Guardian","floor":20.0,"turns":2.0},{"damage":0.0,"enemies":"Centurion and Healer","floor":21.0,"turns":3.0},{"damage":0.0,"enemies":"Book of Stabbing","floor":23.0,"turns":3.0},{"damage":0.0,"enemies":"Snake Plant","floor":24.0,"turns":2.0},{"damage":0.0,"enemies":"3 Cultists","floor":25.0,"turns":2.0},{"damage":0.0,"enemies":"Snecko","floor":31.0,"turns":3.0},{"damage":0.0,"enemies":"Collector","floor":33.0,"turns":1.0},{"damage":0.0,"enemies":"3 Shapes","floor":35.0,"turns":1.0},{"damage":0.0,"enemies":"2 Orb Walkers","floor":37.0,"turns":1.0},{"damage":0.0,"enemies":"3 Darklings","floor":38.0,"turns":1.0},{"damage":0.0,"enemies":"Writhing Mass","floor":39.0,"turns":1.0},{"damage":0.0,"enemies":"4 Shapes","floor":46.0,"turns":1.0},{"damage":0.0,"enemies":"Reptomancer","floor":47.0,"turns":1.0},{"damage":0,"enemies":"Awakened One","floor":50,"turns":2}],"seed_played":"-992185634128019100","potions_obtained":[{"floor":3.0,"key":"GamblersBrew"},{"floor":5.0,"key":"LiquidMemories"},{"floor":10.0,"key":"Explosive Potion"},{"floor":13.0,"key":"Fire Potion"},{"floor":16.0,"key":"AttackPotion"},{"floor":25.0,"key":"Strength Potion"}],"is_trial":false,"path_per_floor":["M","?","M","?","M","$","R","M","T","M","$","E","M","M","R","B",null,"M","?","M","M","?","E","M","M","T","R","$","R","T","M","R","B",null,"M","$","?","M","M","R","$","?","T","R","?","M","E","?","R","B",null],"character_chosen":"THE_SILENT","items_purchased":["Membership Card","Turnip","Vajra","Finesse","Grand Finale","Happy Flower","TwistedFunnel","Strawberry","Frozen Eye"],"campfire_rested":2,"item_purchase_floors":[6,11,28,28,28,28,28,36,36],"current_hp_per_floor":[68,67,66,65,64,63,62,61,60,59,58,57,56,55,54,49,52,51,50,49,48,47,46,45,44,43,42,41,40,39,38,37,36,35,34,40,39,38,37,36,35,34,33,32,31,30,29,28,27,26],"gold":121,"neow_bonus":"","is_daily":true,"chose_seed":false,"campfire_upgraded":6,"win_rate":0.0,"timestamp":1611497742,"path_taken":["M","?","M","?","M","$","R","M","T","M","?","E","?","?","R","BOSS","M","?","M","M","?","E","M","?","T","R","$","R","?","M","R","BOSS","M","$","?","M","M","R","$","?","T","R","?","M","E","?","R","BOSS"],"items_purchased_type":["Relic","Relic","Relic","Card","Card","Relic","Relic","Relic","Relic"],"build_version":"2020-12-22","purchased_purges":3,"victory":true,"max_hp_per_floor":[68,67,66,65,64,63,62,61,60,59,58,57,56,55,54,53,52,51,50,49,48,47,46,45,44,43,42,41,40,39,38,37,36,35,34,40,39,38,37,36,35,34,33,32,31,30,29,28,27,26],"relic_stats":{"Darkstone Periapt":0,"Mark of the Bloom":17,"Happy Flower":[4],"Torii":0,"counters":[24,50],"Blue Candle":[0],"Boot":[0],"Mercury Hourglass":[164],"Nunchaku":[1],"Busted Crown":14,"Turnip":[0],"obtain_stats":[{"Darkstone Periapt":26,"TwistedFunnel":28,"Mark of the Bloom":42,"Happy Flower":28,"Torii":37,"Blue Candle":30,"Oddly Smooth Stone":19,"Vajra":28,"Boot":43,"Mercury Hourglass":12,"Frozen Eye":36,"Bottled Flame":9,"Nunchaku":47,"Busted Crown":34,"Strawberry":36,"Philosopher\u0027s Stone":17,"Turnip":11,"Bag of Marbles":23,"Membership Card":6,"Ring of the Snake":0},{"Darkstone Periapt":15,"TwistedFunnel":15,"Mark of the Bloom":21,"Happy Flower":15,"Torii":19,"Blue Candle":15,"Oddly Smooth Stone":10,"Vajra":15,"Boot":21,"Mercury Hourglass":6,"Frozen Eye":18,"Bottled Flame":4,"Nunchaku":23,"Busted Crown":17,"Strawberry":18,"Philosopher\u0027s Stone":9,"Turnip":5,"Bag of Marbles":13,"Membership Card":3,"Ring of the Snake":0},{"Darkstone Periapt":39,"TwistedFunnel":39,"Mark of the Bloom":46,"Happy Flower":39,"Torii":44,"Blue Candle":39,"Oddly Smooth Stone":27,"Vajra":39,"Boot":46,"Mercury Hourglass":13,"Frozen Eye":43,"Bottled Flame":7,"Nunchaku":48,"Busted Crown":42,"Strawberry":43,"Philosopher\u0027s Stone":24,"Turnip":9,"Bag of Marbles":35,"Membership Card":5,"Ring of the Snake":0}],"Ring of the Snake":[48]},"card_choices":[{"not_picked":["Backflip","Slice"],"picked":"Acrobatics","floor":0.0},{"not_picked":["Quick Slash","Cloak And Dagger"],"picked":"Prepared","floor":0.0},{"not_picked":["PanicButton","Enlightenment"],"picked":"Underhanded Strike","floor":0.0},{"not_picked":["Flying Knee","Impatience"],"picked":"Trip","floor":0.0},{"not_picked":["Endless Agony","Catalyst"],"picked":"Finesse","floor":0.0},{"not_picked":["Finisher","PiercingWail"],"picked":"Acrobatics","floor":0.0},{"not_picked":["Dagger Spray","Bane"],"picked":"PiercingWail","floor":0.0},{"not_picked":["PiercingWail","Deadly Poison"],"picked":"Prepared","floor":0.0},{"not_picked":["Quick Slash","Cloak And Dagger"],"picked":"Expertise","floor":0.0},{"not_picked":["Cloak And Dagger","Mind Blast"],"picked":"Quick Slash","floor":0.0},{"not_picked":["Deadly Poison","Poisoned Stab"],"picked":"Backflip","floor":0.0},{"not_picked":["Dodge and Roll","Flying Knee"],"picked":"Cloak And Dagger","floor":0.0},{"not_picked":["Dodge and Roll","Acrobatics"],"picked":"Underhanded Strike","floor":0.0},{"not_picked":["Mind Blast","Predator"],"picked":"Escape Plan","floor":0.0},{"not_picked":["Caltrops","Flying Knee"],"picked":"Cloak And Dagger","floor":0.0},{"not_picked":["Bane","Poisoned Stab","Dark Shackles"],"picked":"SKIP","floor":1.0},{"not_picked":["Sucker Punch","Outmaneuver","Bandage Up"],"picked":"SKIP","floor":3.0},{"not_picked":["Panacea","PiercingWail"],"picked":"Underhanded Strike","floor":5.0},{"not_picked":["Acrobatics","Deadly Poison"],"picked":"Finesse","floor":8.0},{"not_picked":["Madness","Panacea"],"picked":"Purity","floor":10.0},{"not_picked":["Bullet Time","Outmaneuver","Sucker Punch"],"picked":"SKIP","floor":12.0},{"not_picked":["Cloak And Dagger","Deflect","Quick Slash"],"picked":"SKIP","floor":13.0},{"not_picked":["Cloak And Dagger","Finisher","Crippling Poison"],"picked":"SKIP","floor":14.0},{"not_picked":["Bouncing Flask","Deflect"],"picked":"Escape Plan+1","floor":18.0},{"not_picked":["Sucker Punch","Quick Slash+1","Distraction"],"picked":"SKIP","floor":20.0},{"not_picked":["Deadly Poison+1","Deflect","Skewer"],"picked":"SKIP","floor":21.0},{"not_picked":["Poisoned Stab+1","Dagger Spray","Heel Hook+1"],"picked":"SKIP","floor":23.0},{"not_picked":["Mind Blast","Expertise"],"picked":"Eviscerate+1","floor":24.0},{"not_picked":["Blade Dance","Outmaneuver"],"picked":"Tactician","floor":25.0},{"not_picked":["Flying Knee","Dramatic Entrance+1"],"picked":"Reflex","floor":31.0},{"not_picked":["The Bomb","Night Terror"],"picked":"Panache","floor":33.0},{"not_picked":["Caltrops+1"],"picked":"SKIP","floor":35.0},{"not_picked":["Poisoned Stab+1"],"picked":"SKIP","floor":38.0},{"not_picked":["Poisoned Stab+1"],"picked":"SKIP","floor":39.0},{"not_picked":["Sucker Punch+1"],"picked":"SKIP","floor":46.0},{"not_picked":["Backflip"],"picked":"SKIP","floor":47.0}],"player_experience":212935,"relics_obtained":[{"floor":9.0,"key":"Bottled Flame"},{"floor":12.0,"key":"Mercury Hourglass"},{"floor":23.0,"key":"Bag of Marbles"},{"floor":26.0,"key":"Darkstone Periapt"},{"floor":30.0,"key":"Blue Candle"},{"floor":37.0,"key":"Torii"},{"floor":43.0,"key":"Boot"},{"floor":47.0,"key":"Nunchaku"}],"event_choices":[{"damage_healed":0.0,"max_hp_gain":0.0,"max_hp_loss":0.0,"gold_gain":175.0,"event_name":"Liars Game","player_choice":"AGREE","floor":2.0,"gold_loss":0.0,"damage_taken":0.0,"cards_obtained":["Doubt"]},{"cards_removed":["Doubt"],"damage_healed":0.0,"max_hp_gain":0.0,"max_hp_loss":0.0,"gold_gain":0.0,"event_name":"The Cleric","player_choice":"Card Removal","floor":4.0,"gold_loss":50.0,"damage_taken":0.0},{"damage_healed":0.0,"max_hp_gain":0.0,"max_hp_loss":0.0,"gold_gain":0.0,"event_name":"The Mausoleum","player_choice":"Opened","floor":19.0,"gold_loss":0.0,"damage_taken":0.0,"relics_obtained":["Oddly Smooth Stone"],"cards_obtained":["Writhe"]},{"damage_healed":0.0,"max_hp_gain":0.0,"max_hp_loss":0.0,"gold_gain":250.0,"event_name":"The Joust","player_choice":"Bet on Owner","floor":22.0,"gold_loss":50.0,"damage_taken":0.0},{"damage_healed":0.0,"max_hp_gain":0.0,"max_hp_loss":0.0,"gold_gain":0.0,"event_name":"Mysterious Sphere","player_choice":"Fight","floor":37.0,"gold_loss":0.0,"damage_taken":0.0},{"damage_healed":0.0,"max_hp_gain":0.0,"max_hp_loss":0.0,"gold_gain":0.0,"event_name":"MindBloom","player_choice":"Upgrade","floor":42.0,"gold_loss":0.0,"damage_taken":0.0,"cards_upgraded":["Underhanded Strike","Finesse","Acrobatics","PiercingWail","Quick Slash","Backflip","Underhanded Strike","Escape Plan","Underhanded Strike","Finesse","Purity","Finesse","Grand Finale","Reflex","Panache"],"relics_obtained":["Mark of the Bloom"]},{"cards_removed":["Grand Finale"],"damage_healed":0.0,"max_hp_gain":0.0,"max_hp_loss":0.0,"gold_gain":0.0,"event_name":"Falling","player_choice":"Removed Attack","floor":45.0,"gold_loss":0.0,"damage_taken":0.0},{"damage_healed":0.0,"max_hp_gain":0.0,"max_hp_loss":0.0,"gold_gain":0.0,"event_name":"SensoryStone","player_choice":"Memory 1","floor":48.0,"gold_loss":0.0,"damage_taken":0.0}],"is_beta":false,"boss_relics":[{"not_picked":["Ring of the Serpent","Tiny House"],"picked":"Philosopher\u0027s Stone"},{"not_picked":["WristBlade","Cursed Key"],"picked":"Busted Crown"}],"items_purged_floors":[6,28,36],"is_endless":false,"potions_floor_spawned":[3,5,10,13,16,23,25,33,35,38,47],"ascension_level":0}}