{"host":"takgv9cv6xf64vhq","time":1611459799,"event":{"mods":["BaseMod","Colored Powertips","Downfall","Marisa£®ÏF”Í°°ƒß¿Ì…≥£©","Minty Spire (QoL Compilation)","Replay The Spire","StSLib","The Cursed"],"gold_per_floor":[117,117,117,131,61,77,92,11,11,30,50,74,127,141,141,272,272,288,288,288,288,10,22,22,22],"floor_reached":24,"language":"ZHS","playtime":1138,"items_purged":[],"score":250,"play_id":"6057794d-b12b-47cc-a2cd-a29fefb2fdf1","local_time":"20210124114319","is_ascension_mode":false,"campfire_choices":[{"data":"Replay:Sssssssssshield","floor":15.0,"key":"SMITH"}],"circlet_count":0,"master_deck":["Strike_B","Strike_B","Defend_B","Defend_B","Defend_B","Defend_B","Zap+1","Dualcast","Lockon","Cold Snap","FIFO Queue","Redo","Reinforced Body","Replay:Sssssssssshield+1","Replay:Hysterical Blindness","Meteor Strike","White Noise","Loop","Go for the Eyes","Biased Cognition","Creative AI","Panic Button","Loop","Rip and Tear","Capacitor","Apotheosis","Mirror Shield"],"relics":["Cursed Key","Smiling Mask","Ornamental Fan","Nuclear Battery","Nloth\u0027s Gift","Membership Card"],"acts_visited":["Exordium","TheCity"],"potions_floor_usage":[24,24],"damage_taken":[{"damage":0.0,"enemies":"Small Slimes","floor":1.0,"turns":3.0},{"damage":0.0,"enemies":"2 Louse","floor":4.0,"turns":2.0},{"damage":0.0,"enemies":"Cultist","floor":6.0,"turns":3.0},{"damage":4.0,"enemies":"Red Slaver","floor":7.0,"turns":3.0},{"damage":2.0,"enemies":"Exordium Thugs","floor":10.0,"turns":5.0},{"damage":5.0,"enemies":"Gremlin Gang","floor":11.0,"turns":9.0},{"damage":4.0,"enemies":"Large Slime","floor":12.0,"turns":7.0},{"damage":21.0,"enemies":"Gremlin Nob","floor":13.0,"turns":4.0},{"damage":0.0,"enemies":"Blue Slaver","floor":14.0,"turns":2.0},{"damage":0.0,"enemies":"Hexaghost","floor":16.0,"turns":10.0},{"damage":6.0,"enemies":"Shell Parasite","floor":18.0,"turns":8.0},{"damage":11.0,"enemies":"Chosen","floor":23.0,"turns":5.0},{"damage":59,"enemies":"Gremlin Leader","floor":24,"turns":8}],"seed_played":"-1036727511264850840","potions_obtained":[{"floor":1.0,"key":"Block Potion"},{"floor":11.0,"key":"ColorlessPotion"},{"floor":12.0,"key":"CultistPotion"},{"floor":13.0,"key":"champ:CounterPotion"},{"floor":16.0,"key":"Languid Potion"},{"floor":18.0,"key":"Cursed Concoction"}],"is_trial":false,"path_per_floor":["M","?","?","M","$","M","M","$","T","M","M","M","E","M","R","B",null,"M","?","?","?","$","M","E"],"character_chosen":"DEFECT","items_purchased":["FIFO Queue","Replay:Sssssssssshield","Membership Card","Capacitor","Apotheosis"],"campfire_rested":0,"item_purchase_floors":[5,8,22,22,22],"current_hp_per_floor":[75,57,57,57,57,57,53,53,53,51,46,42,21,21,21,21,75,69,69,69,69,69,58,0,0],"gold":22,"neow_bonus":"BOSS_RELIC","is_daily":false,"chose_seed":false,"campfire_upgraded":1,"win_rate":0.0,"timestamp":1611459799,"path_taken":["M","?","?","?","?","M","M","?","T","M","M","?","E","M","R","BOSS","M","?","?","?","$","M","E"],"items_purchased_type":["Card","Card","Relic","Card","Card"],"build_version":"2020-12-22","purchased_purges":0,"victory":false,"max_hp_per_floor":[75,75,75,75,75,75,75,75,75,75,75,75,75,75,75,75,75,75,75,75,75,75,75,75,75],"card_choices":[{"not_picked":["Hello World","Gash"],"picked":"Lockon","floor":1.0},{"not_picked":["Rebound","Force Field"],"picked":"Cold Snap","floor":4.0},{"not_picked":["Barrage","ReplayGash"],"picked":"Redo","floor":6.0},{"not_picked":["Hologram","Redo"],"picked":"Reinforced Body","floor":7.0},{"not_picked":["Gash","Barrage"],"picked":"Meteor Strike","floor":10.0},{"not_picked":["Sweeping Beam","Darkness"],"picked":"White Noise","floor":11.0},{"not_picked":["Ball Lightning","Hello World"],"picked":"Loop","floor":12.0},{"not_picked":["Beam Cell","Rebound"],"picked":"Go for the Eyes","floor":13.0},{"not_picked":["Go for the Eyes","Streamline"],"picked":"Biased Cognition","floor":14.0},{"not_picked":["ReplayRNGCard","Amplify"],"picked":"Creative AI","floor":16.0},{"not_picked":["Redo","Barrage"],"picked":"Panic Button","floor":18.0},{"not_picked":["BasicCrystalCard","Compile Driver"],"picked":"Mirror Shield","floor":23.0}],"player_experience":39567,"relics_obtained":[{"floor":9.0,"key":"Smiling Mask"},{"floor":13.0,"key":"Ornamental Fan"}],"event_choices":[{"damage_healed":0.0,"max_hp_gain":0.0,"max_hp_loss":0.0,"gold_gain":0.0,"event_name":"Golden Idol","player_choice":"Take Damage","floor":2.0,"gold_loss":0.0,"damage_taken":18.0,"relics_obtained":["Golden Idol"]},{"damage_healed":0.0,"max_hp_gain":0.0,"max_hp_loss":0.0,"gold_gain":0.0,"event_name":"Upgrade Shrine","player_choice":"Upgraded","floor":3.0,"gold_loss":0.0,"damage_taken":0.0,"cards_upgraded":["Zap"]},{"damage_healed":0.0,"max_hp_gain":0.0,"max_hp_loss":0.0,"gold_gain":0.0,"cards_transformed":["Strike_B","Strike_B"],"event_name":"Drug Dealer","player_choice":"Became Test Subject","floor":19.0,"gold_loss":0.0,"damage_taken":0.0,"cards_obtained":["Loop","Rip and Tear"]},{"damage_healed":0.0,"max_hp_gain":0.0,"max_hp_loss":0.0,"gold_gain":0.0,"event_name":"Vampires","player_choice":"Ignored","floor":20.0,"gold_loss":0.0,"damage_taken":0.0},{"damage_healed":0.0,"max_hp_gain":0.0,"max_hp_loss":0.0,"gold_gain":0.0,"event_name":"N\u0027loth","player_choice":"Traded Relic","floor":21.0,"relics_lost":["Golden Idol"],"gold_loss":0.0,"damage_taken":0.0,"relics_obtained":["Nloth\u0027s Gift"]}],"is_beta":false,"boss_relics":[{"not_picked":["bronze:MakeshiftBattery","Ring of Chaos"],"picked":"Nuclear Battery"}],"items_purged_floors":[],"is_endless":false,"potions_floor_spawned":[1,11,12,13,16,18],"killed_by":"Gremlin Leader","ascension_level":0}}