{"host":"usru02jcpe2a942d","time":1611501160,"event":{"mods":["Act Like it!","BaseMod","Colored Powertips","Downfall","GifTheSpireLib","Highlight Path","HololiveMod","Hubris","Minty Spire (QoL Compilation)","MostiFishMod","Quick Restart","Relic Stats","RumiaBox-露米娅的神秘盒子","StSLib","Waifu the Spire","noobMod","【遗物卡牌】REMEMod","篝火指南"],"gold_per_floor":[99,132,132,202,238,331,403,499,224,302,353,353,553,631,676,985,985,260,260,317,347,49,249,276,381,480,531,627,927,802,951,984,1284,1284,988,1048,1098,1148,1198,1305,1305,1454,1504,1653,1499,1242,1427,1777,1816,1816],"floor_reached":51,"language":"ZHS","playtime":2040,"items_purged":["champ:BerserkersShout","champ:Backstep","downfall:Haunted"],"score":1457,"play_id":"65f978b7-76b0-4601-8f81-4ac47f75280a","local_time":"20210124231240","daily_mods":["SealedDeck","Vintage","Heirloom","Time Dilation","Flight","downfall:ChampStances","DeadlyEvents","Binary","Elite Swarm","Midas","Night Terrors","Binary"],"is_ascension_mode":false,"campfire_choices":[{"floor":1.0,"key":"RECALL"}],"circlet_count":0,"master_deck":["Hololive_Thief","champ:Backstep","champ:FocusedBerserking","champ:StanceDance","champ:CalledShot","champ:HeartStrike","champ:StanceDance"],"relics":["champ:ChampionCrown","Busted Crown","DaveBox","ice","REME_ComplimentaryCards","champ:ChampStancesModRelic","FeatherPendant","Thread and Needle","ThornShield","hubris:Towel","Bottled Flame","hexamod:Sixitude","MoreBug","hubris:SphereOfDissonance","sneckomod:BlankCard","downfall:HeartBlessingRed","downfall:HeartBlessingGreen","DianPoetry","Letter Opener","Mercury Hourglass","Boot","SoulBox","hubris:EmptyBottle","hubris:Spice","Sundial","Enchiridion","Turnip","CaptainsWheel","Gremlin Horn","downfall:CloakOfManyFaces","CultistMask","FaceOfCleric","NlothsMask","GremlinMask","SsserpentHead","GreenFoldingFan","REME_HandOfSuture","Torii","hubris:TenFootPole","Regal Pillow","HornCleat","hubris:Teleporter","Old Coin","Kunai"],"acts_visited":["Exordium","TheCity","TheBeyond"],"potions_floor_usage":[],"damage_taken":[{"damage":10.0,"enemies":"Small Slimes","floor":2.0,"turns":1.0},{"damage":10.0,"enemies":"Jaw Worm","floor":5.0,"turns":2.0},{"damage":55.0,"enemies":"3 Sentries","floor":6.0,"turns":2.0},{"damage":20.0,"enemies":"Lagavulin","floor":8.0,"turns":1.0},{"damage":50.0,"enemies":"3 Sentries","floor":10.0,"turns":1.0},{"damage":30.0,"enemies":"Cultist","floor":11.0,"turns":1.0},{"damage":35.0,"enemies":"downfall:FleeingMerchant","floor":13.0,"turns":2.0},{"damage":0.0,"enemies":"Gremlin Nob","floor":14.0,"turns":1.0},{"damage":0.0,"enemies":"Exordium Thugs","floor":15.0,"turns":1.0},{"damage":12.0,"enemies":"WA_ARCHETYPE_RETAIN","floor":16.0,"turns":1.0},{"damage":15.0,"enemies":"Shell Parasite","floor":20.0,"turns":2.0},{"damage":10.0,"enemies":"3 Byrds","floor":21.0,"turns":1.0},{"damage":16,"enemies":"Book of Stabbing","floor":25,"turns":2},{"damage":10,"enemies":"Gremlin Leader","floor":26,"turns":1},{"damage":10,"enemies":"Snake Plant","floor":27,"turns":1},{"damage":5,"enemies":"Book of Stabbing","floor":28,"turns":1},{"damage":10,"enemies":"downfall:FaceTrader","floor":29,"turns":1},{"damage":18,"enemies":"REME_1_Revenger","floor":31,"turns":1},{"damage":10,"enemies":"Snecko","floor":32,"turns":1},{"damage":7,"enemies":"DF_ARCHETYPE_CLAW","floor":33,"turns":1},{"damage":12,"enemies":"3 Shapes","floor":36,"turns":1},{"damage":7,"enemies":"3 Darklings","floor":40,"turns":1},{"damage":11,"enemies":"Giant Head","floor":42,"turns":1},{"damage":9,"enemies":"Reptomancer","floor":44,"turns":1},{"damage":12,"enemies":"2 Orb Walkers","floor":47,"turns":1},{"damage":22,"enemies":"Writhing Mass","floor":49,"turns":2},{"damage":12,"enemies":"IC_BLOCK_ARCHETYPE","floor":50,"turns":1}],"seed_played":"-8885231085198523986","potions_obtained":[{"floor":6.0,"key":"SpeedPotion"},{"floor":14.0,"key":"champ:UltimateStancePotion"},{"floor":16.0,"key":"Swift Potion"},{"floor":27,"key":"SkillPotion"},{"floor":49,"key":"DuplicationPotion"}],"is_trial":true,"path_per_floor":["R","M","?","T","M","E","T","E","R","E","M","?","$","E","M","B",null,"R","?","M","M","$","?","T","E","E","M","E","?","R","E","M","B",null,"R","M","?","?","T","M","T","E","$","E","$","R","?","T","M","B",null],"character_chosen":"THE_CHAMP","items_purchased":["hubris:EmptyBottle","hubris:Spice","Sundial","hubris:Spice","hubris:Spice","Regal Pillow","HornCleat"],"campfire_rested":0,"item_purchase_floors":[18,18,18,22,35,45,46],"current_hp_per_floor":[90,90,90,90,90,90,90,90,90,90,90,90,90,90,90,90,90,98,82,90,90,90,90,82,82,74,74,74,74,74,67,60,61,61,53,46,46,46,38,39,31,24,24,25,25,25,26,26,27,28],"gold":1816,"neow_bonus":"","is_daily":false,"chose_seed":false,"campfire_upgraded":0,"win_rate":0.0,"timestamp":1611501160,"path_taken":["R","M","?","?","?","E","T","?","R","E","?","?","$","?","M","BOSS","R","?","?","?","$","?","T","E","?","?","?","?","R","?","M","BOSS","R","M","?","?","?","?","T","?","?","?","$","R","?","?","M","BOSS"],"items_purchased_type":["Relic","Relic","Relic","Relic","Relic","Relic","Relic"],"build_version":"2020-12-22","purchased_purges":3,"victory":true,"max_hp_per_floor":[90,90,90,90,90,90,90,90,90,90,90,90,90,90,90,90,90,98,98,106,98,90,90,82,82,74,74,74,74,74,67,60,61,61,53,46,46,46,38,39,31,24,24,25,25,25,26,26,27,28],"relic_stats":{"Regal Pillow":0,"Gremlin Horn":[6,6],"Torii":0,"counters":[27,33],"Letter Opener":[663],"Boot":[17],"Mercury Hourglass":[105],"SsserpentHead":500,"Busted Crown":130,"FaceOfCleric":10,"Sundial":[14],"Turnip":[0],"Kunai":[1],"obtain_stats":[{"Regal Pillow":45,"champ:ChampStancesModRelic":0,"DaveBox":0,"Gremlin Horn":28,"Torii":40,"DianPoetry":10,"sneckomod:BlankCard":8,"Enchiridion":19,"champ:ChampionCrown":0,"downfall:HeartBlessingGreen":9,"GremlinMask":29,"SoulBox":17,"ice":0,"hubris:EmptyBottle":18,"Boot":15,"Old Coin":48,"SsserpentHead":29,"GreenFoldingFan":34,"HornCleat":46,"FaceOfCleric":29,"Sundial":18,"downfall:CloakOfManyFaces":29,"Kunai":49,"MoreBug":6,"hubris:Teleporter":47,"downfall:HeartBlessingRed":9,"hexamod:Sixitude":5,"hubris:SphereOfDissonance":7,"Thread and Needle":0,"Letter Opener":11,"hubris:Towel":3,"ThornShield":2,"Mercury Hourglass":14,"Bottled Flame":4,"CaptainsWheel":27,"Busted Crown":0,"FeatherPendant":0,"hubris:Spice":18,"Turnip":25,"CultistMask":29,"REME_HandOfSuture":37,"hubris:TenFootPole":44,"REME_ComplimentaryCards":0,"NlothsMask":29},{"Regal Pillow":24,"champ:ChampStancesModRelic":0,"DaveBox":0,"Gremlin Horn":16,"Torii":22,"DianPoetry":5,"sneckomod:BlankCard":4,"Enchiridion":10,"champ:ChampionCrown":0,"downfall:HeartBlessingGreen":4,"GremlinMask":17,"SoulBox":10,"ice":0,"hubris:EmptyBottle":10,"Boot":9,"Old Coin":25,"SsserpentHead":17,"GreenFoldingFan":20,"HornCleat":24,"FaceOfCleric":17,"Sundial":10,"downfall:CloakOfManyFaces":17,"Kunai":26,"MoreBug":3,"hubris:Teleporter":25,"downfall:HeartBlessingRed":4,"hexamod:Sixitude":2,"hubris:SphereOfDissonance":3,"Thread and Needle":0,"Letter Opener":6,"hubris:Towel":1,"ThornShield":1,"Mercury Hourglass":8,"Bottled Flame":1,"CaptainsWheel":15,"Busted Crown":0,"FeatherPendant":0,"hubris:Spice":10,"Turnip":13,"CultistMask":17,"REME_HandOfSuture":21,"hubris:TenFootPole":24,"REME_ComplimentaryCards":0,"NlothsMask":17},{"Regal Pillow":29,"champ:ChampStancesModRelic":0,"DaveBox":0,"Gremlin Horn":21,"Torii":27,"DianPoetry":7,"sneckomod:BlankCard":6,"Enchiridion":13,"champ:ChampionCrown":0,"downfall:HeartBlessingGreen":6,"GremlinMask":22,"SoulBox":13,"ice":0,"hubris:EmptyBottle":13,"Boot":12,"Old Coin":30,"SsserpentHead":22,"GreenFoldingFan":25,"HornCleat":29,"FaceOfCleric":22,"Sundial":13,"downfall:CloakOfManyFaces":22,"Kunai":32,"MoreBug":5,"hubris:Teleporter":30,"downfall:HeartBlessingRed":6,"hexamod:Sixitude":3,"hubris:SphereOfDissonance":5,"Thread and Needle":0,"Letter Opener":8,"hubris:Towel":1,"ThornShield":1,"Mercury Hourglass":11,"Bottled Flame":1,"CaptainsWheel":20,"Busted Crown":0,"FeatherPendant":0,"hubris:Spice":13,"Turnip":18,"CultistMask":22,"REME_HandOfSuture":26,"hubris:TenFootPole":29,"REME_ComplimentaryCards":0,"NlothsMask":22}]},"card_choices":[],"player_experience":404664,"relics_obtained":[{"floor":2.0,"key":"ThornShield"},{"floor":4.0,"key":"Bottled Flame"},{"floor":5.0,"key":"hexamod:Sixitude"},{"floor":6.0,"key":"MoreBug"},{"floor":7.0,"key":"hubris:SphereOfDissonance"},{"floor":8.0,"key":"sneckomod:BlankCard"},{"floor":10.0,"key":"DianPoetry"},{"floor":11.0,"key":"Letter Opener"},{"floor":14.0,"key":"Mercury Hourglass"},{"floor":15.0,"key":"Boot"},{"floor":19.0,"key":"Enchiridion"},{"floor":20.0,"key":"hubris:Spice"},{"floor":21.0,"key":"hubris:Spice"},{"floor":24,"key":"hubris:Spice"},{"floor":25,"key":"Turnip"},{"floor":26,"key":"hubris:Spice"},{"floor":27,"key":"CaptainsWheel"},{"floor":28,"key":"Gremlin Horn"},{"floor":29,"key":"downfall:CloakOfManyFaces"},{"floor":31,"key":"hubris:Spice"},{"floor":32,"key":"hubris:Spice"},{"floor":36,"key":"hubris:Spice"},{"floor":37,"key":"REME_HandOfSuture"},{"floor":39,"key":"hubris:Spice"},{"floor":40,"key":"Torii"},{"floor":41,"key":"hubris:Spice"},{"floor":42,"key":"hubris:Spice"},{"floor":44,"key":"hubris:TenFootPole"},{"floor":47,"key":"hubris:Teleporter"},{"floor":48,"key":"Old Coin"},{"floor":49,"key":"Kunai"}],"event_choices":[{"cards_removed":["champ:BerserkersShout"],"damage_healed":0.0,"max_hp_gain":0.0,"max_hp_loss":0.0,"gold_gain":0.0,"event_name":"Wheel of Change","player_choice":"Card Removal","floor":12.0,"gold_loss":0.0,"damage_taken":0.0},{"cards_removed":["champ:ShieldWall"],"damage_healed":0,"gold_gain":0,"player_choice":"Removed Power","damage_taken":0,"max_hp_gain":0,"max_hp_loss":0,"event_name":"Falling","floor":38,"gold_loss":0},{"damage_healed":0,"gold_gain":0,"player_choice":"Fight","damage_taken":0,"max_hp_gain":0,"max_hp_loss":0,"event_name":"Mysterious Sphere","floor":47,"gold_loss":0}],"is_beta":false,"boss_relics":[{"not_picked":["RhineSuit","RhineCircuit"],"picked":"SoulBox"},{"not_picked":["hubris:GrandSneckoEye","hubris:Spice"],"picked":"GreenFoldingFan"}],"items_purged_floors":[9,13,30],"is_endless":false,"potions_floor_spawned":[6,10,11,14,16,25,26,27,32,42,49],"ascension_level":0}}