{"host":"ebj6lkgm8suah319","time":1611459479,"event":{"mods":["2.2 Compatiblity","AchievementEnabler","BaseMod","Block Reminder","Colored Map","Colored Powertips","Minty Spire (QoL Compilation)","Quick Restart","Rare Cards Sparkle","Relic Stats","SuperFastMode"],"gold_per_floor":[111,128,53,67,85,85,111,111,137,137,212,212,284,49,49,49,49],"floor_reached":16,"language":"ENG","playtime":291,"items_purged":["Strike_R"],"score":186,"play_id":"03363315-319c-4cea-ab69-ef4db6c72c15","local_time":"20210123223759","is_ascension_mode":true,"campfire_choices":[{"data":"Wild Strike","floor":6,"key":"SMITH"},{"floor":8,"key":"REST"},{"data":"Bash","floor":10,"key":"SMITH"},{"data":"Disarm","floor":12,"key":"SMITH"},{"data":"Pommel Strike","floor":15,"key":"SMITH"}],"circlet_count":0,"master_deck":["AscendersBane","Strike_R","Strike_R","Strike_R","Defend_R","Defend_R","Defend_R","Defend_R","Bash+1","Disarm+1","Pommel Strike+1","Wild Strike+1"],"relics":["Mark of Pain","Toy Ornithopter","Omamori","Bag of Marbles"],"acts_visited":["Exordium"],"potions_floor_usage":[7],"damage_taken":[{"damage":5,"enemies":"Small Slimes","floor":1,"turns":4},{"damage":2,"enemies":"Jaw Worm","floor":2,"turns":5},{"damage":1,"enemies":"2 Louse","floor":4,"turns":4},{"damage":14,"enemies":"Large Slime","floor":5,"turns":7},{"damage":23,"enemies":"Lagavulin","floor":7,"turns":5},{"damage":35,"enemies":"Hexaghost","floor":16,"turns":10}],"seed_played":"-4702879684757159046","potions_obtained":[{"floor":1,"key":"Dexterity Potion"},{"floor":4,"key":"SkillPotion"},{"floor":5,"key":"SteroidPotion"}],"is_trial":false,"path_per_floor":["M","M","?","M","M","R","E","R","T","R","?","R","?","$","R","B"],"character_chosen":"IRONCLAD","items_purchased":["Bag of Marbles"],"campfire_rested":1,"item_purchase_floors":[14],"current_hp_per_floor":[63,61,61,60,46,46,23,45,45,45,34,34,34,34,34,0,0],"gold":49,"neow_bonus":"BOSS_RELIC","is_daily":false,"chose_seed":false,"campfire_upgraded":4,"win_rate":0.0,"timestamp":1611459479,"path_taken":["M","M","?","M","M","R","E","R","T","R","?","R","?","$","R","BOSS"],"items_purchased_type":["Relic"],"build_version":"2020-12-22","purchased_purges":1,"victory":false,"max_hp_per_floor":[75,75,75,75,75,75,75,75,75,75,75,75,75,75,75,75,75],"relic_stats":{"counters":[6,35],"obtain_stats":[{"Mark of Pain":0,"Omamori":9,"Bag of Marbles":14,"Burning Blood":0,"Toy Ornithopter":7},{"Mark of Pain":0,"Omamori":5,"Bag of Marbles":5,"Burning Blood":0,"Toy Ornithopter":5},{"Mark of Pain":0,"Omamori":25,"Bag of Marbles":25,"Burning Blood":0,"Toy Ornithopter":25}],"Toy Ornithopter":0},"card_choices":[{"not_picked":["Combust","Iron Wave"],"picked":"Disarm","floor":1},{"not_picked":["Flex","Reckless Charge","Heavy Blade"],"picked":"SKIP","floor":2},{"not_picked":["Flex","Shrug It Off"],"picked":"Pommel Strike","floor":4},{"not_picked":["Seeing Red","Shrug It Off"],"picked":"Wild Strike","floor":5},{"not_picked":["Twin Strike","Sword Boomerang","Juggernaut"],"picked":"SKIP","floor":7}],"player_experience":58758,"relics_obtained":[{"floor":7,"key":"Toy Ornithopter"},{"floor":9,"key":"Omamori"}],"event_choices":[{"cards_removed":["Strike_R"],"damage_healed":0,"gold_gain":0,"player_choice":"Card Removal","damage_taken":0,"max_hp_gain":0,"max_hp_loss":0,"event_name":"The Cleric","floor":3,"gold_loss":75},{"damage_healed":0,"gold_gain":75,"player_choice":"Gather Gold","damage_taken":11,"max_hp_gain":0,"max_hp_loss":0,"event_name":"World of Goop","floor":11,"gold_loss":0},{"damage_healed":0,"gold_gain":72,"player_choice":"Gained Gold","damage_taken":0,"max_hp_gain":0,"max_hp_loss":0,"event_name":"Golden Wing","floor":13,"gold_loss":0}],"is_beta":false,"boss_relics":[],"items_purged_floors":[14],"is_endless":false,"potions_floor_spawned":[1,4,5],"killed_by":"Hexaghost","ascension_level":18}}