{"host":"d61fcf2p3sjwe6yo","time":1611501403,"event":{"mods":["AchievementEnabler","BaseMod","Colored Map","Downfall","Minty Spire (QoL Compilation)","StSLib","SuperFastMode"],"gold_per_floor":[99,109,129,129,139,166,215,215,115,145,163,178,78,92,112,209,209,209,229,248,248,248,270,345,345,377,377,391,425,179,179,179,179,179],"floor_reached":32,"language":"ENG","playtime":1590,"items_purged":["sneckomod:Strike"],"score":517,"play_id":"3819ec1d-e643-4e14-9f12-3312f56e3963","local_time":"20210124181643","is_ascension_mode":true,"campfire_choices":[{"floor":1.0,"key":"RECALL"},{"floor":9.0,"key":"REST"},{"floor":13.0,"key":"REST"},{"data":"Immolate","floor":18.0,"key":"SMITH"},{"data":"sneckomod:QuickBite","floor":25.0,"key":"SMITH"},{"floor":27.0,"key":"REST"}],"circlet_count":0,"master_deck":["AscendersBane","sneckomod:Strike","sneckomod:Defend","sneckomod:Defend","sneckomod:Defend","sneckomod:TailWhip","sneckomod:SnekBite","sneckomod:Unknown","sneckomod:DiceBlock","sneckomod:UnknownUncommonSkill","sneckomod:QuickMove","sneckomod:UnknownVulnerable","sneckomod:DiceBlock","hexamod:ThirdSeal","sneckomod:Unknown1Cost","sneckomod:UnknownCommonAttack","sneckomod:UnknownUncommonPower","sneckomod:DiceBlock","sneckomod:UnknownWeak","sneckomod:Unknown3Cost","sneckomod:Transmogrify","Immolate+1","sneckomod:QuickBite+1","sneckomod:UnknownX","sneckomod:UnknownRarePower","sneckomod:UnknownCommonSkill","sneckomod:UnknownUncommonAttack","DevaForm","sneckomod:UnknownRareSkill","Wallop+1","sneckomod:SerpentIdol+1","sneckomod:Unknown1Cost","sneckomod:UnknownStrength","hexamod:SixthSeal","sneckomod:UnknownDraw","sneckomod:SerpentMind"],"relics":["Strawberry","downfall:HeartBlessingRed","Mercury Hourglass","downfall:HeartBlessingGreen","Omamori","sneckomod:SuperSneckoSoul","Molten Egg 2","Pantograph","Anchor","Guardian:PocketSentry"],"acts_visited":["Exordium","TheCity"],"potions_floor_usage":[32],"damage_taken":[{"damage":14.0,"enemies":"Jaw Worm","floor":2.0,"turns":4.0},{"damage":0.0,"enemies":"Small Slimes","floor":3.0,"turns":3.0},{"damage":1.0,"enemies":"2 Louse","floor":5.0,"turns":4.0},{"damage":32.0,"enemies":"Gremlin Nob","floor":6.0,"turns":4.0},{"damage":28.0,"enemies":"3 Sentries","floor":10.0,"turns":8.0},{"damage":1.0,"enemies":"2 Fungi Beasts","floor":11.0,"turns":4.0},{"damage":12.0,"enemies":"Blue Slaver","floor":12.0,"turns":4.0},{"damage":2.0,"enemies":"Red Slaver","floor":14.0,"turns":4.0},{"damage":0.0,"enemies":"2 Fungi Beasts","floor":15.0,"turns":2.0},{"damage":45.0,"enemies":"DF_ARCHETYPE_STREAMLINE","floor":16.0,"turns":13.0},{"damage":4.0,"enemies":"Spheric Guardian","floor":19.0,"turns":3.0},{"damage":14.0,"enemies":"Snake Plant","floor":20.0,"turns":5.0},{"damage":6.0,"enemies":"Cultist and Chosen","floor":23.0,"turns":6.0},{"damage":62.0,"enemies":"Book of Stabbing","floor":26.0,"turns":7.0},{"damage":40.0,"enemies":"Shelled Parasite and Fungi","floor":28.0,"turns":5.0},{"damage":20.0,"enemies":"Slavers","floor":29.0,"turns":4.0},{"damage":0.0,"enemies":"downfall:FleeingMerchant","floor":30.0,"turns":4.0},{"damage":0,"enemies":"3 Cultists","floor":32,"turns":2}],"seed_played":"-6997209189390642067","potions_obtained":[{"floor":2.0,"key":"sneckomod:DiceRollPotion"},{"floor":6.0,"key":"Guardian:BlockOnCardUsePotion"},{"floor":10.0,"key":"DuplicationPotion"},{"floor":11.0,"key":"champ:CounterPotion"},{"floor":14.0,"key":"SkillPotion"},{"floor":16.0,"key":"ColorlessPotion"},{"floor":19.0,"key":"Block Potion"},{"floor":20.0,"key":"LiquidBronze"},{"floor":26.0,"key":"bronze:BurnAndBuffPotion"},{"floor":29.0,"key":"Weak Potion"},{"floor":31.0,"key":"CultistPotion"}],"is_trial":false,"path_per_floor":["R","M","M","?","M","E","T","?","R","E","M","M","R","M","M","B",null,"R","M","M","?","?","M","T","R","E","R","M","E","$","?","M"],"character_chosen":"THE_SNECKO","items_purchased":["Guardian:PocketSentry"],"campfire_rested":3,"item_purchase_floors":[30],"current_hp_per_floor":[75,61,61,61,60,28,35,35,69,41,40,28,62,60,60,15,90,90,86,79,115,115,109,109,109,47,81,41,21,21,21,21,21,21],"gold":179,"neow_bonus":"TWENTY_PERCENT_HP_BONUS","is_daily":false,"chose_seed":false,"campfire_upgraded":2,"win_rate":0.0,"timestamp":1611501403,"path_taken":["R","M","M","?","M","E","T","?","R","E","?","M","R","M","M","BOSS","R","M","M","?","?","M","T","R","E","R","M","E","$","?","M"],"items_purchased_type":["Relic"],"build_version":"2020-12-22","purchased_purges":1,"victory":false,"max_hp_per_floor":[108,108,108,108,108,108,115,115,115,115,115,115,115,115,115,115,115,115,115,115,115,115,115,115,115,115,115,115,115,115,115,115,115,115],"card_choices":[{"not_picked":["sneckomod:SoulRoll","sneckomod:RainOfDice"],"picked":"sneckomod:DiceBlock","floor":2.0},{"not_picked":["sneckomod:UnknownCommonAttack","sneckomod:SoulDraw"],"picked":"sneckomod:UnknownUncommonSkill","floor":3.0},{"not_picked":["sneckomod:DiceCrush","sneckomod:Nope"],"picked":"sneckomod:QuickMove","floor":5.0},{"not_picked":["sneckomod:UnknownUncommonSkill","sneckomod:DiceBoulder"],"picked":"sneckomod:UnknownVulnerable","floor":6.0},{"not_picked":["sneckomod:IronFang","sneckomod:UnknownBoss"],"picked":"sneckomod:DiceBlock","floor":10.0},{"not_picked":["hexamod:SecondSeal","hexamod:FourthSeal"],"picked":"hexamod:ThirdSeal","floor":11.0},{"not_picked":["sneckomod:SoulCleanse","sneckomod:Rotation"],"picked":"sneckomod:Unknown2Cost","floor":11.0},{"not_picked":["sneckomod:RainOfDice","sneckomod:CheapStock"],"picked":"sneckomod:Unknown1Cost","floor":12.0},{"not_picked":["sneckomod:DefensiveFlair","sneckomod:UnknownDexterity"],"picked":"sneckomod:UnknownCommonAttack","floor":12.0},{"not_picked":["sneckomod:Unknown1Cost","sneckomod:TrashToTreasure"],"picked":"sneckomod:UnknownUncommonPower","floor":14.0},{"not_picked":["sneckomod:DiceBlock","sneckomod:MasterEye","sneckomod:TrashToTreasure"],"picked":"SKIP","floor":14.0},{"not_picked":["sneckomod:UnknownCommonAttack","sneckomod:IronFang"],"picked":"sneckomod:DiceBlock","floor":15.0},{"not_picked":["sneckomod:UnknownDraw","sneckomod:UnknownCommonSkill"],"picked":"sneckomod:UnknownWeak","floor":15.0},{"not_picked":["sneckomod:UnknownRareSkill","sneckomod:DangerNoodle"],"picked":"sneckomod:Unknown3Cost","floor":16.0},{"not_picked":["sneckomod:DangerNoodle","sneckomod:Cheat"],"picked":"sneckomod:Transmogrify","floor":16.0},{"not_picked":["sneckomod:DiceBlock","sneckomod:UnknownCommonAttack"],"picked":"sneckomod:QuickBite","floor":19.0},{"not_picked":["sneckomod:Unknown1Cost","sneckomod:IronFang"],"picked":"sneckomod:UnknownX","floor":19.0},{"not_picked":["sneckomod:DiceCrush","sneckomod:UnknownCommonSkill"],"picked":"sneckomod:UnknownRarePower","floor":20.0},{"not_picked":["sneckomod:UnknownStrike","sneckomod:SoulRoll"],"picked":"sneckomod:UnknownClassPURPLE","floor":20.0},{"not_picked":["sneckomod:DiceBlock","sneckomod:SoulDraw"],"picked":"sneckomod:UnknownCommonSkill","floor":23.0},{"not_picked":["sneckomod:UnknownX","sneckomod:QuickBite"],"picked":"sneckomod:UnknownUncommonAttack","floor":23.0},{"not_picked":["sneckomod:CheapStock","sneckomod:UnendingSupply"],"picked":"sneckomod:UnknownRareSkill","floor":26.0},{"not_picked":["sneckomod:SoulCleanse","sneckomod:RainOfDice+1","sneckomod:ImprovisedGuard"],"picked":"SKIP","floor":26.0},{"not_picked":["sneckomod:Unknown1Cost","sneckomod:UnknownClassRED"],"picked":"sneckomod:SerpentIdol+1","floor":28.0},{"not_picked":["sneckomod:ImprovisedAttack+1","sneckomod:UnendingSupply"],"picked":"sneckomod:Unknown1Cost","floor":28.0},{"not_picked":["sneckomod:UnknownX","sneckomod:UnknownBoss"],"picked":"sneckomod:UnknownStrength","floor":29.0},{"not_picked":["sneckomod:DiceBoulder+1","sneckomod:DefensiveFlair","sneckomod:UnknownBoss"],"picked":"SKIP","floor":29.0},{"not_picked":["hexamod:SecondSeal","hexamod:ThirdSeal"],"picked":"hexamod:SixthSeal","floor":30.0},{"not_picked":["sneckomod:SerpentIdol","sneckomod:UnknownCommonSkill"],"picked":"sneckomod:UnknownDraw","floor":30.0},{"not_picked":["sneckomod:UnknownCommonAttack+1","sneckomod:SoulRoll+1"],"picked":"sneckomod:SerpentMind","floor":30.0}],"player_experience":688103,"relics_obtained":[{"floor":6.0,"key":"Omamori"},{"floor":7.0,"key":"Strawberry"},{"floor":10.0,"key":"Mercury Hourglass"},{"floor":20.0,"key":"sneckomod:SuperSneckoSoul"},{"floor":23.0,"key":"Omamori"},{"floor":24.0,"key":"Pantograph"},{"floor":26.0,"key":"sneckomod:SuperSneckoSoul"},{"floor":26.0,"key":"Molten Egg 2"},{"floor":28.0,"key":"Pantograph"},{"floor":29.0,"key":"Anchor"}],"event_choices":[{"damage_healed":38.0,"max_hp_gain":0.0,"max_hp_loss":0.0,"gold_gain":0.0,"event_name":"The Library","player_choice":"Heal","floor":21.0,"gold_loss":0.0,"damage_taken":0.0},{"damage_healed":0.0,"max_hp_gain":0.0,"max_hp_loss":0.0,"gold_gain":0.0,"event_name":"Vampires","player_choice":"Ignored","floor":22.0,"gold_loss":0.0,"damage_taken":0.0}],"is_beta":false,"boss_relics":[{"not_picked":["Fusion Hammer","Velvet Choker"],"picked":"sneckomod:SuperSneckoSoul"}],"items_purged_floors":[30],"is_endless":false,"potions_floor_spawned":[2,6,10,11,14,16,19,20,26,29],"killed_by":"3 Cultists","ascension_level":12}}