{"host":"0ricjaa7rfq9v76t","time":1611459584,"event":{"mods":["AchievementEnabler","Aspiration","BaseMod","Better Vampires","BetterRewards","Colored Powertips","Downfall","Highlight Path","Hubris","Infinite Spire","Minty Spire (QoL Compilation)","Quick Restart","Rare Cards Sparkle","Relic Sorter","Replay The Spire","StSLib","SuperFastMode","Synergy Search","The Cursed","The Disciple","The Jungle","The Marked","The Runesmith","Uncapped"],"gold_per_floor":[110,210,226,244,244,244,90,90,117,127,127,146,2,20,20,125,125,135,135,147,62,62,62,62,80,80,80,80,97,113,113,113],"floor_reached":31,"language":"ENG","playtime":2395,"items_purged":["Strike_B"],"score":327,"play_id":"821e1b5c-04c9-462a-a9d8-0821d1df5a0c","local_time":"20210124113944","is_ascension_mode":false,"campfire_choices":[{"data":"Apotheosis","floor":6,"key":"SMITH"},{"data":"Turbo","floor":11,"key":"SMITH"},{"floor":15,"key":"REST"},{"data":"Biased Cognition","floor":23,"key":"SMITH"}],"circlet_count":0,"master_deck":["Strike_B","Strike_B+1","Strike_B","Defend_B","Defend_B","Defend_B","Defend_B","Zap+1","Dualcast","Apotheosis+1","Turbo+1","Storm","Gash","Storm","Biased Cognition+1","Time Bomb","Gash","All For One","Storm","RitualDagger","Biased Cognition","Loop","Buffer","Double Energy","hubris:Ukulele"],"relics":["Cracked Core","Replay:Wax Seal","Orrery","Runic Pyramid","Prayer Wheel","hubris:SlimyHat","hubris:SoftwareUpdate"],"acts_visited":["Exordium","TheCity"],"potions_floor_usage":[16,16,25,30],"damage_taken":[{"damage":2,"enemies":"2 Louse","floor":1,"turns":3},{"damage":0,"enemies":"Cultist","floor":3,"turns":3},{"damage":6,"enemies":"Jaw Worm","floor":4,"turns":5},{"damage":10,"enemies":"Exordium Thugs","floor":10,"turns":4},{"damage":6,"enemies":"Exordium Wildlife","floor":12,"turns":4},{"damage":13,"enemies":"3 Louse","floor":14,"turns":3},{"damage":32,"enemies":"Fading Forest","floor":16,"turns":11},{"damage":10,"enemies":"Spheric Guardian","floor":18,"turns":4},{"damage":12,"enemies":"3 Byrds","floor":20,"turns":3},{"damage":9,"enemies":"Snake Plant","floor":25,"turns":4},{"damage":15,"enemies":"Centurion and Healer","floor":29,"turns":5},{"damage":15,"enemies":"Snecko","floor":30,"turns":3},{"damage":12,"enemies":"3 Cultists","floor":31,"turns":2}],"seed_played":"2887723106359615753","potions_obtained":[{"floor":1,"key":"FocusPotion"},{"floor":4,"key":"ColorlessPotion"},{"floor":5,"key":"bronze:BurnAndBuffPotion"},{"floor":16,"key":"Flashbang"},{"floor":25,"key":"hexamod:SoulburnPotion"},{"floor":29,"key":"LiquidBronze"}],"is_trial":false,"path_per_floor":["M","?","M","M","?","R","$","?","T","M","R","M","$","M","R","B",null,"M","?","M","?","?","R","$","M","T","PTL","PTL","M","M","M"],"character_chosen":"DEFECT","items_purchased":["Apotheosis","Storm","Orrery"],"campfire_rested":1,"item_purchase_floors":[0,7,13],"current_hp_per_floor":[73,73,73,67,67,67,67,52,52,42,42,36,36,23,45,23,75,65,59,47,47,47,47,47,38,38,38,38,23,8,0,0],"gold":113,"neow_bonus":"","is_daily":false,"chose_seed":false,"campfire_upgraded":3,"win_rate":0.0,"timestamp":1611459584,"path_taken":["M","?","M","?","?","R","?","?","T","M","R","M","$","M","R","BOSS","M","?","M","?","?","R","$","M","T","PTL","PTL","?","M","M"],"items_purchased_type":["Card","Card","Relic"],"build_version":"2020-12-22","purchased_purges":1,"victory":false,"max_hp_per_floor":[75,75,75,75,75,75,75,75,75,75,75,75,75,75,75,75,75,75,75,75,75,75,75,75,75,75,75,75,75,75,75,75],"card_choices":[{"not_picked":["Skim","Beam Cell","Chaos"],"picked":"SKIP","floor":1},{"not_picked":["ReplayTheSpireMod:Repulse","Steam"],"picked":"Turbo","floor":3},{"not_picked":["Panic Button","Beam Cell","Coolheaded"],"picked":"SKIP","floor":4},{"not_picked":["Sunder","Rebound","Stack"],"picked":"SKIP","floor":10},{"not_picked":["Blizzard","Barrage"],"picked":"Gash","floor":12},{"not_picked":["Compile Driver","ReplayTheSpireMod:Calculation Training"],"picked":"Storm","floor":13},{"not_picked":["hubris:PowerSurge","Sweeping Beam"],"picked":"Biased Cognition","floor":13},{"not_picked":["Capacitor","Cold Snap"],"picked":"Time Bomb","floor":13},{"not_picked":["Leap","Barrage"],"picked":"Gash","floor":14},{"not_picked":["Reboot","All For One"],"picked":"ReplayTheSpireMod:Fabricate Wheel","floor":16},{"not_picked":["Cold Snap+1","Auto Shields"],"picked":"Storm","floor":18},{"not_picked":["Cold Snap","Panic Button","Crystallizer+1"],"picked":"SKIP","floor":18},{"not_picked":["Cold Snap","Panic Button","Crystallizer+1"],"picked":"SKIP","floor":18},{"not_picked":["Consume","Compile Driver","Doom and Gloom"],"picked":"SKIP","floor":20},{"not_picked":["Melter","Hyperbeam","Compile Driver"],"picked":"SKIP","floor":20},{"not_picked":["Go for the Eyes","Hologram"],"picked":"Loop","floor":25},{"not_picked":["Redo","Stack+1","Go for the Eyes+1"],"picked":"SKIP","floor":25},{"not_picked":["Crystallizer+1","Streamline+1"],"picked":"Buffer","floor":29},{"not_picked":["Barrage+1","BootSequence","Beam Cell"],"picked":"SKIP","floor":29},{"not_picked":["ReplayTheSpireMod:Calculation Training+1","Sunder+1"],"picked":"Double Energy","floor":30},{"not_picked":["Leap+1","Cold Snap+1"],"picked":"hubris:Ukulele","floor":30}],"player_experience":202624,"relics_obtained":[{"floor":9,"key":"Replay:Wax Seal"},{"floor":26,"key":"hubris:SoftwareUpdate"}],"event_choices":[{"damage_healed":0,"gold_gain":100,"player_choice":"Pray","damage_taken":0,"max_hp_gain":0,"max_hp_loss":0,"event_name":"Golden Shrine","floor":2,"gold_loss":0},{"damage_healed":0,"gold_gain":0,"player_choice":"Got Potions","damage_taken":0,"max_hp_gain":0,"max_hp_loss":0,"event_name":"Lab","floor":5,"gold_loss":0},{"damage_healed":0,"gold_gain":0,"player_choice":"Entered Light","damage_taken":15,"max_hp_gain":0,"max_hp_loss":0,"event_name":"Shining Light","floor":8,"gold_loss":0,"cards_upgraded":["Zap","Strike_B"]},{"damage_healed":0,"gold_gain":0,"player_choice":"Joined the Cult","damage_taken":6,"max_hp_gain":0,"max_hp_loss":0,"event_name":"Nest","floor":19,"gold_loss":0,"cards_obtained":["RitualDagger"]},{"damage_healed":0,"gold_gain":0,"player_choice":"Obtained Relic","damage_taken":0,"relics_obtained":["hubris:SlimyHat"],"max_hp_gain":0,"max_hp_loss":0,"event_name":"Addict","floor":21,"gold_loss":85},{"damage_healed":0,"gold_gain":0,"player_choice":"Copied","damage_taken":0,"max_hp_gain":0,"max_hp_loss":0,"event_name":"Duplicator","floor":22,"gold_loss":0,"cards_obtained":["Biased Cognition"]}],"is_beta":false,"boss_relics":[{"not_picked":["SacredBark","Painkiller Herb"],"picked":"Runic Pyramid"}],"items_purged_floors":[7],"is_endless":false,"potions_floor_spawned":[1,4,16,25,29],"killed_by":"3 Cultists","ascension_level":0}}