{"host":"yvb207ks1sg3cxef","time":1611512076,"event":{"mods":["2.2 Compatiblity","BaseMod","Bestiary","Colored Powertips","Minty Spire (QoL Compilation)","Permanent Neow","Quick Restart","Relic Stats","StSLib"],"gold_per_floor":[113,113,113,126,144,169,94,94,94],"floor_reached":8,"language":"ENG","playtime":295,"items_purged":[],"score":109,"play_id":"0f56131a-22d7-478d-aa62-fb7a4b8ae7a1","local_time":"20210124234436","is_ascension_mode":true,"campfire_choices":[],"circlet_count":0,"master_deck":["AscendersBane","Strike_P","Strike_P","Strike_P","Defend_P","Defend_P","Defend_P","Defend_P","Eruption","Vigilance","BattleHymn","BowlingBash","WheelKick","Wallop"],"relics":["PureWater","Torii","Happy Flower"],"acts_visited":["Exordium"],"potions_floor_usage":[6,6],"damage_taken":[{"damage":0,"enemies":"Jaw Worm","floor":1,"turns":4},{"damage":1,"enemies":"2 Louse","floor":4,"turns":3},{"damage":0,"enemies":"Small Slimes","floor":5,"turns":5},{"damage":3,"enemies":"3 Sentries","floor":6,"turns":7},{"damage":68,"enemies":"Gremlin Nob","floor":8,"turns":3}],"seed_played":"-2640625680014778963","potions_obtained":[{"floor":0,"key":"LiquidMemories"},{"floor":0,"key":"StancePotion"}],"is_trial":false,"path_per_floor":["M","?","T","M","M","E","?","E"],"character_chosen":"WATCHER","items_purchased":[],"campfire_rested":0,"item_purchase_floors":[],"current_hp_per_floor":[61,61,61,60,60,57,57,0,0],"gold":94,"neow_bonus":"THREE_SMALL_POTIONS","is_daily":false,"chose_seed":false,"campfire_upgraded":0,"win_rate":0.0,"timestamp":1611512076,"path_taken":["M","?","?","M","M","E","?","E"],"items_purchased_type":[],"build_version":"2020-12-22","purchased_purges":0,"victory":false,"max_hp_per_floor":[68,68,68,68,68,68,68,68,68],"relic_stats":{"Torii":6,"Happy Flower":[1],"counters":[5,22],"obtain_stats":[{"Torii":3,"Happy Flower":6,"PureWater":0},{"Torii":1,"Happy Flower":4,"PureWater":0},{"Torii":4,"Happy Flower":19,"PureWater":0}]},"card_choices":[{"not_picked":["ThirdEye","BowlingBash"],"picked":"BattleHymn","floor":1},{"not_picked":["CrushJoints","JustLucky"],"picked":"BowlingBash","floor":4},{"not_picked":["ClearTheMind","SandsOfTime"],"picked":"WheelKick","floor":5},{"not_picked":["InnerPeace","ConjureBlade"],"picked":"Wallop","floor":6}],"player_experience":444530,"relics_obtained":[{"floor":3,"key":"Torii"},{"floor":6,"key":"Happy Flower"}],"event_choices":[{"damage_healed":0,"gold_gain":0,"player_choice":"Ignored","damage_taken":0,"max_hp_gain":0,"max_hp_loss":0,"event_name":"Liars Game","floor":2,"gold_loss":0},{"cards_removed":["Strike_P"],"damage_healed":0,"gold_gain":0,"player_choice":"Card Removal","damage_taken":0,"max_hp_gain":0,"max_hp_loss":0,"event_name":"The Cleric","floor":7,"gold_loss":75}],"is_beta":false,"boss_relics":[],"items_purged_floors":[],"is_endless":false,"potions_floor_spawned":[4,5],"killed_by":"Gremlin Nob","ascension_level":19}}