{"host":"vyjryxuuuxkt43k4","time":1611493358,"event":{"mods":["AchievementEnabler","BaseMod","Colored Map","DeckTracker","Keyboard Shortcuts","Minty Spire (QoL Compilation)","Permanent Neow","Quick Restart","Rare Cards Sparkle","StSLib","SuperFastMode","everything is the same but u backflip on backflip"],"gold_per_floor":[111,17,17,31,31,65,82,109,132,132,146,163,189,215,215,292,292,311,311,138,138,148,175,175,202,214,246,293,325,368,380,392,475,487,518,530,542,554,581,628,640,679,691,718,749,91,106,106,106,106,106,106],"floor_reached":51,"language":"KOR","playtime":2246,"items_purged":[],"score":1531,"play_id":"fdcc12fa-bd7f-41b5-a054-c6338b38dcbb","local_time":"20210124220238","is_ascension_mode":true,"campfire_choices":[{"floor":10.0,"key":"REST"},{"data":"Blind","floor":15.0,"key":"SMITH"},{"data":"Perfected Strike","floor":24.0,"key":"SMITH"},{"floor":32.0,"key":"REST"},{"data":"Demon Form","floor":41.0,"key":"SMITH"},{"floor":49.0,"key":"RECALL"}],"circlet_count":0,"master_deck":["AscendersBane","Strike_R","Strike_R","Strike_R","Strike_R","Strike_R","Defend_R","Defend_R","Defend_R","Bash","Immolate","Perfected Strike+1","Blind+1","Shrug It Off+1","Perfected Strike","Headbutt","Pommel Strike","Twin Strike","Double Tap+1","Demon Form+1","Flame Barrier","Pommel Strike+1","Disarm+1","Perfected Strike","Inflame+1","True Grit+1","Offering","Perfected Strike","Perfected Strike","Reaper"],"relics":["Burning Blood","Toy Ornithopter","PreservedInsect","Bag of Preparation","Omamori","Odd Mushroom","Pantograph","SlaversCollar","Lee\u0027s Waffle","Smiling Mask","MawBank","Torii","Mercury Hourglass","Dream Catcher","Snecko Eye","War Paint","The Courier","Medical Kit","Turnip","Bag of Marbles"],"acts_visited":["Exordium","TheCity","TheBeyond"],"potions_floor_usage":[],"damage_taken":[{"damage":1.0,"enemies":"2 Louse","floor":1.0,"turns":2.0},{"damage":1.0,"enemies":"Cultist","floor":4.0,"turns":4.0},{"damage":47.0,"enemies":"Gremlin Nob","floor":6.0,"turns":5.0},{"damage":0.0,"enemies":"Small Slimes","floor":7.0,"turns":2.0},{"damage":15.0,"enemies":"Lagavulin","floor":8.0,"turns":4.0},{"damage":3.0,"enemies":"Looter","floor":11.0,"turns":2.0},{"damage":0.0,"enemies":"Exordium Thugs","floor":12.0,"turns":2.0},{"damage":0.0,"enemies":"The Mushroom Lair","floor":13.0,"turns":2.0},{"damage":12.0,"enemies":"3 Sentries","floor":14.0,"turns":5.0},{"damage":49.0,"enemies":"The Guardian","floor":16.0,"turns":11.0},{"damage":33.0,"enemies":"Shell Parasite","floor":18.0,"turns":4.0},{"damage":13.0,"enemies":"Chosen","floor":22.0,"turns":6.0},{"damage":24.0,"enemies":"Gremlin Leader","floor":23.0,"turns":4.0},{"damage":11.0,"enemies":"Book of Stabbing","floor":25.0,"turns":3.0},{"damage":20.0,"enemies":"Snecko","floor":27.0,"turns":5.0},{"damage":30.0,"enemies":"Slavers","floor":28.0,"turns":4.0},{"damage":1.0,"enemies":"3 Cultists","floor":29.0,"turns":3.0},{"damage":13.0,"enemies":"Gremlin Leader","floor":30.0,"turns":5.0},{"damage":49.0,"enemies":"Collector","floor":33.0,"turns":7.0},{"damage":11.0,"enemies":"Orb Walker","floor":35.0,"turns":2.0},{"damage":0.0,"enemies":"3 Darklings","floor":39.0,"turns":2.0},{"damage":15.0,"enemies":"Giant Head","floor":40.0,"turns":3.0},{"damage":45.0,"enemies":"Reptomancer","floor":42.0,"turns":4.0},{"damage":0.0,"enemies":"Spire Growth","floor":44.0,"turns":2.0},{"damage":12.0,"enemies":"Transient","floor":45.0,"turns":6.0},{"damage":17.0,"enemies":"Maw","floor":47.0,"turns":4.0},{"damage":50.0,"enemies":"Time Eater","floor":50.0,"turns":6.0},{"damage":99,"enemies":"Awakened One","floor":51,"turns":6}],"seed_played":"4314179799265994835","potions_obtained":[{"floor":3.0,"key":"Fire Potion"},{"floor":3.0,"key":"EssenceOfSteel"},{"floor":6.0,"key":"AttackPotion"},{"floor":8.0,"key":"DistilledChaos"},{"floor":11.0,"key":"LiquidMemories"},{"floor":12.0,"key":"Fire Potion"},{"floor":16.0,"key":"EntropicBrew"},{"floor":18.0,"key":"Fruit Juice"},{"floor":27.0,"key":"Regen Potion"},{"floor":30.0,"key":"SpeedPotion"},{"floor":33.0,"key":"Regen Potion"},{"floor":40.0,"key":"Strength Potion"},{"floor":42.0,"key":"Explosive Potion"},{"floor":45.0,"key":"SkillPotion"},{"floor":47.0,"key":"Block Potion"}],"is_trial":false,"path_per_floor":["M","$","?","M","?","E","M","E","T","R","M","M","?","E","R","B",null,"M","?","$","?","M","E","R","E","T","M","E","M","E","?","R","B",null,"M","$","$","?","M","E","R","E","T","M","M","$","M","?","R","B","B"],"character_chosen":"IRONCLAD","items_purchased":["Blind","Lee\u0027s Waffle","Medical Kit","Perfected Strike","Reaper","Turnip","Bag of Marbles"],"campfire_rested":2,"item_purchase_floors":[2,20,46,46,46,46,46],"current_hp_per_floor":[73,73,73,75,57,26,32,28,28,50,53,64,75,69,69,32,64,57,57,87,87,80,72,72,67,67,53,43,48,41,41,67,44,76,71,71,71,71,77,68,68,39,39,45,39,39,36,36,36,40,0,0],"gold":106,"neow_bonus":"ONE_RANDOM_RARE_CARD","is_daily":false,"chose_seed":false,"campfire_upgraded":3,"win_rate":0.0,"timestamp":1611493358,"path_taken":["M","$","?","?","?","E","M","E","T","R","M","M","?","E","R","BOSS","M","?","$","?","?","E","R","E","T","?","E","M","E","?","R","BOSS","M","?","$","?","?","E","R","E","T","M","M","$","M","?","R","BOSS","BOSS"],"items_purchased_type":["Card","Relic","Relic","Card","Card","Relic","Relic"],"build_version":"2020-12-22","purchased_purges":0,"victory":false,"max_hp_per_floor":[75,75,75,75,75,75,75,75,75,75,75,75,75,75,75,75,75,80,80,87,87,87,87,87,87,87,87,87,87,87,87,87,87,87,87,87,87,87,87,87,87,87,87,87,87,87,87,87,87,87,87,87],"card_choices":[{"not_picked":["Wild Strike","Infernal Blade"],"picked":"Perfected Strike","floor":1.0},{"not_picked":["Dropkick","Twin Strike"],"picked":"Shrug It Off","floor":4.0},{"not_picked":["Uppercut","Anger","Sever Soul"],"picked":"SKIP","floor":6.0},{"not_picked":["Havoc","Headbutt"],"picked":"Perfected Strike","floor":7.0},{"not_picked":["Juggernaut","Body Slam"],"picked":"Headbutt","floor":8.0},{"not_picked":["Flex","Entrench"],"picked":"Pommel Strike","floor":11.0},{"not_picked":["Clothesline","Clash","Entrench"],"picked":"SKIP","floor":12.0},{"not_picked":["Iron Wave","Anger"],"picked":"Twin Strike","floor":13.0},{"not_picked":["Flex","Clothesline"],"picked":"Double Tap","floor":14.0},{"not_picked":["Juggernaut","Limit Break"],"picked":"Demon Form","floor":16.0},{"not_picked":["Rage+1","Clothesline"],"picked":"Flame Barrier","floor":18.0},{"not_picked":["Iron Wave","Clash"],"picked":"Pommel Strike+1","floor":22.0},{"not_picked":["Warcry","Clothesline+1"],"picked":"Disarm","floor":23.0},{"not_picked":["Combust","Second Wind"],"picked":"Perfected Strike","floor":25.0},{"not_picked":["Headbutt","Burning Pact","Whirlwind"],"picked":"SKIP","floor":27.0},{"not_picked":["Thunderclap","Havoc"],"picked":"Inflame+1","floor":28.0},{"not_picked":["Second Wind","Uppercut","Pummel"],"picked":"SKIP","floor":29.0},{"not_picked":["Sword Boomerang+1","Second Wind","Cleave"],"picked":"SKIP","floor":30.0},{"not_picked":["Power Through","Armaments"],"picked":"True Grit+1","floor":32.0},{"not_picked":["Immolate","Double Tap"],"picked":"Offering","floor":33.0},{"not_picked":["Anger","Metallicize"],"picked":"Perfected Strike","floor":35.0},{"not_picked":["Intimidate","Headbutt+1","Armaments"],"picked":"SKIP","floor":39.0},{"not_picked":["Headbutt","Rampage+1","Iron Wave"],"picked":"SKIP","floor":40.0},{"not_picked":["Whirlwind","Cleave+1","Hemokinesis"],"picked":"SKIP","floor":42.0},{"not_picked":["Warcry","Anger","Searing Blow"],"picked":"SKIP","floor":44.0},{"not_picked":["Clothesline+1","Clash","Havoc"],"picked":"SKIP","floor":45.0},{"not_picked":["Cleave","Fire Breathing","Rupture"],"picked":"SKIP","floor":47.0}],"player_experience":287339,"relics_obtained":[{"floor":6.0,"key":"PreservedInsect"},{"floor":8.0,"key":"Bag of Preparation"},{"floor":9.0,"key":"Omamori"},{"floor":13.0,"key":"Odd Mushroom"},{"floor":14.0,"key":"Pantograph"},{"floor":23.0,"key":"Smiling Mask"},{"floor":25.0,"key":"MawBank"},{"floor":26.0,"key":"Torii"},{"floor":28.0,"key":"Mercury Hourglass"},{"floor":30.0,"key":"Dream Catcher"},{"floor":40.0,"key":"War Paint"},{"floor":42.0,"key":"The Courier"}],"event_choices":[{"damage_healed":0.0,"max_hp_gain":0.0,"max_hp_loss":0.0,"gold_gain":0.0,"event_name":"Lab","player_choice":"Got Potions","floor":3.0,"gold_loss":0.0,"damage_taken":0.0},{"damage_healed":0.0,"max_hp_gain":0.0,"max_hp_loss":0.0,"gold_gain":0.0,"event_name":"Scrap Ooze","player_choice":"Success","floor":5.0,"gold_loss":0.0,"damage_taken":18.0,"relics_obtained":["Toy Ornithopter"]},{"damage_healed":0.0,"max_hp_gain":0.0,"max_hp_loss":0.0,"gold_gain":0.0,"event_name":"Mushrooms","player_choice":"Fought Mushrooms","floor":13.0,"gold_loss":0.0,"damage_taken":0.0},{"damage_healed":0.0,"max_hp_gain":0.0,"max_hp_loss":0.0,"gold_gain":0.0,"event_name":"Ghosts","player_choice":"Ignored","floor":19.0,"gold_loss":0.0,"damage_taken":0.0},{"cards_removed":["Defend_R"],"damage_healed":0.0,"max_hp_gain":0.0,"max_hp_loss":0.0,"gold_gain":0.0,"event_name":"Purifier","player_choice":"Purged","floor":21.0,"gold_loss":0.0,"damage_taken":0.0},{"damage_healed":0.0,"max_hp_gain":0.0,"max_hp_loss":0.0,"gold_gain":0.0,"event_name":"Upgrade Shrine","player_choice":"Upgraded","floor":31.0,"gold_loss":0.0,"damage_taken":0.0,"cards_upgraded":["Double Tap"]},{"damage_healed":0.0,"max_hp_gain":0.0,"max_hp_loss":0.0,"gold_gain":0.0,"event_name":"Wheel of Change","player_choice":"Relic","floor":38.0,"gold_loss":0.0,"damage_taken":0.0},{"damage_healed":0.0,"max_hp_gain":0.0,"max_hp_loss":0.0,"gold_gain":0.0,"event_name":"SensoryStone","player_choice":"Memory 1","floor":48.0,"gold_loss":0.0,"damage_taken":0.0}],"is_beta":false,"boss_relics":[{"not_picked":["Ectoplasm","Empty Cage"],"picked":"SlaversCollar"},{"not_picked":["Velvet Choker","Black Blood"],"picked":"Snecko Eye"}],"items_purged_floors":[],"is_endless":false,"potions_floor_spawned":[6,8,11,12,16,18,27,30,33,40,42,45,47],"killed_by":"Awakened One","ascension_level":20}}