{"host":"1tl36azeqm6yhdgj","time":1611451677,"event":{"mods":["AchievementEnabler","BaseMod","Minty Spire (QoL Compilation)","StSLib","The IronCluck","everything is the same but u backflip on backflip"],"gold_per_floor":[117,117,17,29,29,58,58,58,58,58,93,93,121,135,135,213,213,227,0,17,35,35,35,65,78,78,78,90,115,135,167,167,167,167],"floor_reached":33,"language":"ENG","playtime":889,"items_purged":["Pain"],"score":846,"play_id":"a4e801df-38dd-4a1c-81aa-c3a6021fac31","local_time":"20210123202757","is_ascension_mode":true,"campfire_choices":[{"data":"Fire Breathing","floor":7.0,"key":"SMITH"},{"data":"Headbutt","floor":10.0,"key":"SMITH"},{"data":"Bash","floor":15.0,"key":"SMITH"},{"data":"Flex","floor":23.0,"key":"SMITH"},{"floor":27.0,"key":"REST"},{"floor":32.0,"key":"RECALL"}],"circlet_count":0,"master_deck":["AscendersBane","Strike_R","Strike_R","Strike_R","Strike_R","Strike_R","Defend_R","Defend_R","Defend_R","Defend_R","Bash+1","Headbutt+1","Flex+1","Burning Pact","Fire Breathing+1","Rampage+1","Anger+1","Heavy Blade+1","Bludgeon+1","Body Slam+1","Dramatic Entrance+1","Anger+1","Iron Wave+1","Spot Weakness+1","Body Slam+1"],"relics":["Burning Blood","NeowsBlessing","WarpedTongs","PreservedInsect","Omamori","Potion Belt","Molten Egg 2","Pocketwatch","Busted Crown","MutagenicStrength","Magic Flower","Letter Opener","Eternal Feather","Question Card"],"acts_visited":["Exordium","TheCity"],"potions_floor_usage":[33,33,33],"damage_taken":[{"damage":0.0,"enemies":"Jaw Worm","floor":1.0,"turns":1.0},{"damage":0.0,"enemies":"Cultist","floor":4.0,"turns":1.0},{"damage":0.0,"enemies":"Gremlin Nob","floor":6.0,"turns":1.0},{"damage":9.0,"enemies":"3 Sentries","floor":11.0,"turns":5.0},{"damage":11.0,"enemies":"Gremlin Nob","floor":13.0,"turns":3.0},{"damage":5.0,"enemies":"Small Slimes","floor":14.0,"turns":3.0},{"damage":0.0,"enemies":"Slime Boss","floor":16.0,"turns":5.0},{"damage":27.0,"enemies":"3 Byrds","floor":18.0,"turns":5.0},{"damage":0.0,"enemies":"Chosen","floor":20.0,"turns":2.0},{"damage":16.0,"enemies":"Snake Plant","floor":21.0,"turns":2.0},{"damage":14.0,"enemies":"Book of Stabbing","floor":24.0,"turns":2.0},{"damage":21.0,"enemies":"Shelled Parasite and Fungi","floor":25.0,"turns":2.0},{"damage":0.0,"enemies":"3 Cultists","floor":28.0,"turns":3.0},{"damage":15.0,"enemies":"Slavers","floor":29.0,"turns":3.0},{"damage":0.0,"enemies":"Snecko","floor":30.0,"turns":3.0},{"damage":0.0,"enemies":"Gremlin Leader","floor":31.0,"turns":3.0},{"damage":79,"enemies":"Automaton","floor":33,"turns":8}],"seed_played":"8358226113681182685","potions_obtained":[{"floor":1.0,"key":"DuplicationPotion"},{"floor":6.0,"key":"LiquidMemories"},{"floor":13.0,"key":"PowerPotion"},{"floor":20.0,"key":"BlessingOfTheForge"},{"floor":28.0,"key":"Strength Potion"},{"floor":29.0,"key":"GamblersBrew"},{"floor":31.0,"key":"AttackPotion"}],"is_trial":false,"path_per_floor":["M","?","$","M","T","E","R","$","T","R","E","?","E","M","R","B",null,"M","$","M","M","?","R","E","M","T","R","M","E","M","E","R","B"],"character_chosen":"IRONCLAD","items_purchased":["Flex","Dramatic Entrance+1","DistilledChaos","SteroidPotion"],"campfire_rested":1,"item_purchase_floors":[3,19,19,19],"current_hp_per_floor":[74,74,74,75,75,75,75,75,75,75,72,72,67,68,68,74,75,54,54,60,50,50,50,42,30,30,52,61,55,64,73,75,0,0],"gold":167,"neow_bonus":"THREE_ENEMY_KILL","is_daily":false,"chose_seed":false,"campfire_upgraded":4,"win_rate":0.0,"timestamp":1611451677,"path_taken":["M","?","$","?","?","E","R","?","T","R","E","?","E","M","R","BOSS","M","?","M","M","?","R","E","M","T","R","M","E","M","E","R","BOSS"],"items_purchased_type":["Card","Card","Potion","Potion"],"build_version":"2020-12-22","purchased_purges":1,"victory":false,"max_hp_per_floor":[75,75,75,75,75,75,75,75,75,75,75,75,75,75,75,75,75,75,75,75,75,75,75,75,75,75,75,75,75,75,75,75,75,75],"card_choices":[{"not_picked":["Entrench","Perfected Strike"],"picked":"Headbutt","floor":1.0},{"not_picked":["Flex","Clothesline"],"picked":"Burning Pact","floor":4.0},{"not_picked":["Shrug It Off","Armaments"],"picked":"Fire Breathing","floor":6.0},{"not_picked":["Wild Strike+1","Pommel Strike+1"],"picked":"Rampage+1","floor":11.0},{"not_picked":["Hemokinesis+1","Warcry"],"picked":"Anger+1","floor":13.0},{"not_picked":["Evolve","Exhume"],"picked":"Heavy Blade+1","floor":14.0},{"not_picked":["Reaper+1","Impervious"],"picked":"Bludgeon+1","floor":16.0},{"not_picked":[],"picked":"Body Slam+1","floor":18.0},{"not_picked":["Heavy Blade+1"],"picked":"SKIP","floor":20.0},{"not_picked":["Dual Wield"],"picked":"SKIP","floor":21.0},{"not_picked":[],"picked":"Anger+1","floor":24.0},{"not_picked":[],"picked":"Iron Wave+1","floor":25.0},{"not_picked":["Havoc"],"picked":"SKIP","floor":28.0},{"not_picked":[],"picked":"Spot Weakness+1","floor":29.0},{"not_picked":["Twin Strike+1"],"picked":"SKIP","floor":30.0},{"not_picked":[],"picked":"Body Slam+1","floor":31.0}],"player_experience":2025382,"relics_obtained":[{"floor":5.0,"key":"PreservedInsect"},{"floor":6.0,"key":"Omamori"},{"floor":9.0,"key":"Potion Belt"},{"floor":11.0,"key":"Molten Egg 2"},{"floor":13.0,"key":"Pocketwatch"},{"floor":24.0,"key":"Magic Flower"},{"floor":26.0,"key":"Letter Opener"},{"floor":29.0,"key":"Eternal Feather"},{"floor":31.0,"key":"Question Card"}],"event_choices":[{"damage_healed":0.0,"max_hp_gain":0.0,"max_hp_loss":0.0,"gold_gain":0.0,"event_name":"Accursed Blacksmith","player_choice":"Rummage","floor":2.0,"gold_loss":0.0,"damage_taken":0.0,"relics_obtained":["WarpedTongs"],"cards_obtained":["Pain"]},{"damage_healed":0.0,"max_hp_gain":0.0,"max_hp_loss":0.0,"gold_gain":0.0,"event_name":"Wheel of Change","player_choice":"Cursed","floor":12.0,"gold_loss":0.0,"damage_taken":0.0,"cards_obtained":["Decay"]},{"damage_healed":0.0,"max_hp_gain":0.0,"max_hp_loss":0.0,"gold_gain":0.0,"event_name":"Drug Dealer","player_choice":"Inject Mutagens","floor":22.0,"gold_loss":0.0,"damage_taken":0.0,"relics_obtained":["MutagenicStrength"]}],"is_beta":false,"boss_relics":[{"not_picked":["Velvet Choker","Runic Cube"],"picked":"Busted Crown"}],"items_purged_floors":[3],"is_endless":false,"potions_floor_spawned":[1,6,13,20,28,29,31],"killed_by":"Automaton","ascension_level":20}}