{"host":"takgv9cv6xf64vhq","time":1611467052,"event":{"mods":["BaseMod","Colored Powertips","Downfall","Marisa£®ÏF”Í°°ƒß¿Ì…≥£©","Minty Spire (QoL Compilation)","Replay The Spire","StSLib","The Cursed"],"gold_per_floor":[119,119,119,130,405,405,17,17,17,116,127,142,154,173,173,275,275,293,293,293,368,381,407,419,419,419,444,461,461,480,499,499,596,596,615,221,238,238,238,238,250,275,128,157,157,157,157,171,191,241,241,241,241,241,40,68,68],"floor_reached":58,"language":"ZHS","playtime":4569,"items_purged":["downfall:Bewildered"],"score":1349,"play_id":"dacc589c-af3d-4e3f-bde3-872d54aa72ed","local_time":"20210124134412","is_ascension_mode":false,"campfire_choices":[{"data":"Zap","floor":6.0,"key":"SMITH"},{"data":"Dualcast","floor":8.0,"key":"SMITH"},{"data":"Time Bomb","floor":15.0,"key":"SMITH"},{"data":"Rainbow","floor":29,"key":"SMITH"},{"data":"ReplayTheSpireMod:Repulse","floor":32,"key":"SMITH"},{"floor":47,"key":"RECALL"},{"data":"Defragment","floor":54,"key":"SMITH"}],"circlet_count":0,"master_deck":["Strike_B","Defend_B","Defend_B+1","Defend_B","Zap+1","Dualcast+1","Steam","Conserve Battery","Self Repair+1","Coolheaded","Go for the Eyes","Panic Button","Time Bomb+1","Conserve Battery+1","Glacier","Crystallizer","ReplayTheSpireMod:Repulse+1","Rainbow+1","Loop","Loop","White Noise","White Noise","Tempest","White Noise","Fusion","Coolheaded+1","Creative AI+1","BasicCrystalCard+1","Defragment+1","Panacea","Turbo","Madness","Madness","Turbo+1","Capacitor+1","Echo Form","Consume+1","Hologram+1","Defragment","Scrape","Consume+1"],"relics":["Honey Jar","Replay:Rubber Ducky","Lantern","Happy Flower","Coffee Dripper","sneckomod:BabySnecko","ReplayFunnel","Bird Faced Urn","TungstenRod","Replay:Bronze Core","Bronze Scales","Unceasing Top","Guide Book","War Paint","Replay:Accelerometer","Replay:PocketPolymizer","Bag of Preparation","Iron Hammer"],"acts_visited":["Exordium","TheCity","TheBeyond","TheEnding"],"potions_floor_usage":[23,27,27,33,35,37,48,52,56,57,57],"damage_taken":[{"damage":1.0,"enemies":"2 Louse","floor":1.0,"turns":3.0},{"damage":0.0,"enemies":"Cultist","floor":4.0,"turns":3.0},{"damage":4.0,"enemies":"Small Slimes","floor":11.0,"turns":4.0},{"damage":3.0,"enemies":"Exordium Thugs","floor":12.0,"turns":5.0},{"damage":0.0,"enemies":"3 Louse","floor":13.0,"turns":3.0},{"damage":2.0,"enemies":"Blue Slaver","floor":14.0,"turns":3.0},{"damage":18.0,"enemies":"The Guardian","floor":16.0,"turns":16.0},{"damage":1.0,"enemies":"3 Byrds","floor":18.0,"turns":6.0},{"damage":5,"enemies":"2 Thieves","floor":22,"turns":4},{"damage":0,"enemies":"Book of Stabbing","floor":23,"turns":5},{"damage":0,"enemies":"Sentry and Sphere","floor":24,"turns":4},{"damage":1,"enemies":"Gremlin Leader","floor":27,"turns":12},{"damage":7,"enemies":"Centurion and Healer","floor":28,"turns":6},{"damage":0,"enemies":"3 Cultists","floor":30,"turns":5},{"damage":4,"enemies":"Snake Plant","floor":31,"turns":4},{"damage":7,"enemies":"Champ","floor":33,"turns":12},{"damage":0,"enemies":"3 Shapes","floor":35,"turns":7},{"damage":5,"enemies":"3 Darklings","floor":37,"turns":8},{"damage":6,"enemies":"Sphere and 2 Shapes","floor":41,"turns":5},{"damage":10,"enemies":"Nemesis","floor":42,"turns":9},{"damage":0,"enemies":"Giant Head","floor":44,"turns":9},{"damage":35,"enemies":"Jaw Worm Horde","floor":48,"turns":7},{"damage":0,"enemies":"Spire Growth","floor":49,"turns":5},{"damage":0,"enemies":"2 Orb Walkers","floor":50,"turns":5},{"damage":13,"enemies":"Time Eater","floor":52,"turns":6},{"damage":48,"enemies":"Shield and Spear","floor":56,"turns":4},{"damage":0,"enemies":"The Heart","floor":57,"turns":8}],"seed_played":"5942145051484477370","potions_obtained":[{"floor":4.0,"key":"AttackPotion"},{"floor":13.0,"key":"Milkshake"},{"floor":14.0,"key":"Languid Potion"},{"floor":22,"key":"Strength Potion"},{"floor":23,"key":"Slimebound:ThreeZeroPotion"},{"floor":28,"key":"Regen Potion"},{"floor":31,"key":"champ:CounterPotion"},{"floor":33,"key":"Venom Potion"},{"floor":35,"key":"Fire Potion"},{"floor":49,"key":"GamblersBrew"},{"floor":50,"key":"FocusPotion"}],"is_trial":false,"path_per_floor":["M","?","?","M","?","R","$","R","T","?","M","M","M","M","R","B",null,"M","?","?","?","M","E","M","T","T","E","M","R","M","M","R","B",null,"M","$","M","?","PTL","PTL","M","E","$","E","T","?","R","M","M","?","R","B",null,"R","$","E","B",null],"character_chosen":"DEFECT","items_purchased":["Replay:Rubber Ducky","Self Repair","Lantern","Coolheaded","Bronze Scales","Defragment","Panacea","Guide Book","Bag of Preparation","PowerPotion"],"campfire_rested":0,"item_purchase_floors":[7,7,7,7,36,36,36,43,55,55],"current_hp_per_floor":[74,67,67,67,67,67,67,67,67,67,70,74,75,75,75,64,75,75,75,75,68,70,75,75,75,75,75,75,75,75,75,75,75,75,75,75,75,67,67,67,75,75,75,75,75,75,75,75,75,75,75,75,75,75,75,66,75],"gold":68,"neow_bonus":"BOSS_RELIC","is_daily":false,"chose_seed":false,"campfire_upgraded":6,"win_rate":0.0,"timestamp":1611467052,"path_taken":["M","?","?","?","?","R","?","R","T","?","M","M","M","M","R","BOSS","M","?","?","?","?","E","M","?","T","E","M","R","M","M","R","BOSS","M","$","M","?","PTL","PTL","M","E","$","E","T","?","R","?","?","?","R","BOSS","R","$","E","BOSS"],"items_purchased_type":["Relic","Card","Relic","Card","Relic","Card","Card","Relic","Relic","Potion"],"build_version":"2020-12-22","purchased_purges":1,"victory":true,"max_hp_per_floor":[75,75,75,75,75,75,75,75,75,75,75,75,75,75,75,75,75,75,75,75,75,75,75,75,75,75,75,75,75,75,75,75,75,75,75,75,75,75,75,75,75,75,75,75,75,75,75,75,75,75,75,75,75,75,75,75,75],"card_choices":[{"not_picked":["Reinforced Body","Beam Cell","Stack"],"picked":"Steam","floor":1.0},{"not_picked":["Reinforced Body","Stack","Compile Driver"],"picked":"Conserve Battery","floor":4.0},{"not_picked":["Steam","Barrage","Gash"],"picked":"Go for the Eyes","floor":10.0},{"not_picked":["ReplayTheSpireMod:Repulse","Beam Cell","Conserve Battery"],"picked":"Panic Button","floor":10.0},{"not_picked":["Stack","Aggregate","Panic Button"],"picked":"Time Bomb","floor":10.0},{"not_picked":["Go for the Eyes","Leap","Skim"],"picked":"Conserve Battery","floor":11.0},{"not_picked":["ReplayTheSpireMod:Repulse","Seek","Gash"],"picked":"Glacier","floor":12.0},{"not_picked":["ReplayTheSpireMod:Reroute Power","BasicCrystalCard","Ball Lightning"],"picked":"Crystallizer","floor":13.0},{"not_picked":["Reprogram","Steam","Streamline"],"picked":"ReplayTheSpireMod:Repulse","floor":14.0},{"not_picked":["Biased Cognition","Fission","ReplayTheSpireMod:Omega Cannon"],"picked":"Rainbow","floor":16.0},{"not_picked":["Stack+1","Fusion","Aggregate"],"picked":"Loop","floor":18.0},{"not_picked":["Gash","Rebound","Beam Cell"],"picked":"Loop","floor":22},{"not_picked":["Conserve Battery","Hologram","Rebound+1"],"picked":"White Noise","floor":23},{"not_picked":["Tempest","Double Energy","Redo"],"picked":"White Noise","floor":24},{"not_picked":["Force Field","Barrage","Fusion"],"picked":"Tempest","floor":27},{"not_picked":["Rip and Tear","BootSequence","Force Field"],"picked":"White Noise","floor":28},{"not_picked":["Blizzard","Genetic Algorithm","ReplayGash"],"picked":"Fusion","floor":30},{"not_picked":["ReplayTheSpireMod:Omega Cannon","ReplayTheSpireMod:GoodbyeWorld+1","Tempest"],"picked":"Coolheaded+1","floor":31},{"not_picked":["Meteor Strike","Electrodynamics","All For One"],"picked":"Creative AI","floor":33},{"not_picked":["Time Bomb+1","Ball Lightning+1","Sweeping Beam+1"],"picked":"BasicCrystalCard+1","floor":35},{"not_picked":["Cold Snap","Gash+1","Sweeping Beam"],"picked":"Turbo","floor":37},{"not_picked":["Ball Lightning","Go for the Eyes","Lockon"],"picked":"Turbo+1","floor":41},{"not_picked":["Genetic Algorithm+1","BootSequence+1","Self Repair+1"],"picked":"Capacitor+1","floor":42},{"not_picked":["Force Field+1","Ball Lightning+1","Darkness+1"],"picked":"Echo Form","floor":44},{"not_picked":["Beam Cell+1","ReplayGash","ReplayTheSpireMod:Calculation Training"],"picked":"Consume+1","floor":48},{"not_picked":["Panic Button","Gash+1","Rebound"],"picked":"Hologram+1","floor":49},{"not_picked":["Storm+1","Sunder+1","Ball Lightning+1"],"picked":"Defragment","floor":50},{"not_picked":["Rainbow","Compile Driver","Reinforced Body+1"],"picked":"Consume+1","floor":56}],"player_experience":43129,"relics_obtained":[{"floor":9.0,"key":"Happy Flower"},{"floor":23,"key":"ReplayFunnel"},{"floor":25,"key":"Bird Faced Urn"},{"floor":27,"key":"TungstenRod"},{"floor":42,"key":"Unceasing Top"},{"floor":44,"key":"War Paint"},{"floor":45,"key":"Replay:Accelerometer"},{"floor":50,"key":"Replay:PocketPolymizer"},{"floor":56,"key":"Iron Hammer"}],"event_choices":[{"cards_removed":["Strike_B"],"damage_healed":0.0,"max_hp_gain":0.0,"max_hp_loss":0.0,"gold_gain":0.0,"event_name":"Golden Wing","player_choice":"Card Removal","floor":2.0,"gold_loss":0.0,"damage_taken":7.0},{"cards_removed":["Defend_B"],"damage_healed":0.0,"max_hp_gain":0.0,"max_hp_loss":0.0,"gold_gain":0.0,"event_name":"Purifier","player_choice":"Purged","floor":3.0,"gold_loss":0.0,"damage_taken":0.0},{"damage_healed":0.0,"max_hp_gain":0.0,"max_hp_loss":0.0,"gold_gain":275.0,"event_name":"Golden Shrine","player_choice":"Desecrate","floor":5.0,"gold_loss":0.0,"damage_taken":0.0,"cards_obtained":["Regret"]},{"cards_removed":["Regret"],"damage_healed":0.0,"max_hp_gain":0.0,"max_hp_loss":0.0,"gold_gain":0.0,"event_name":"Back to Basics","player_choice":"Elegance","floor":19.0,"gold_loss":0.0,"damage_taken":0.0},{"damage_healed":0,"gold_gain":75,"player_choice":"Touch","damage_taken":7,"max_hp_gain":0,"max_hp_loss":0,"event_name":"FaceTrader","floor":21,"gold_loss":0},{"damage_healed":0,"gold_gain":0,"player_choice":"Embrace Madness","damage_taken":9,"max_hp_gain":0,"max_hp_loss":0,"event_name":"Winding Halls","floor":38,"gold_loss":0,"cards_obtained":["Madness","Madness"]},{"cards_removed":["Strike_B"],"damage_healed":0,"gold_gain":0,"player_choice":"Offered Basic","damage_taken":0,"max_hp_gain":0,"max_hp_loss":0,"event_name":"Bonfire Elementals","floor":46,"gold_loss":0},{"damage_healed":0,"gold_gain":0,"player_choice":"Fight","damage_taken":0,"max_hp_gain":0,"max_hp_loss":0,"event_name":"Mysterious Sphere","floor":50,"gold_loss":0},{"damage_healed":0,"gold_gain":0,"player_choice":"Ignored","damage_taken":0,"max_hp_gain":0,"max_hp_loss":0,"event_name":"Tomb of Lord Red Mask","floor":51,"gold_loss":0}],"is_beta":false,"boss_relics":[{"not_picked":["Replay:Ancient Bell","Runic Dome"],"picked":"Coffee Dripper"},{"not_picked":["Abe\u0027s Treasure","bronze:MakeshiftBattery"],"picked":"Replay:Bronze Core"}],"items_purged_floors":[36],"is_endless":false,"potions_floor_spawned":[4,13,14,22,23,28,31,33,35,49,50],"ascension_level":0}}