{"host":"7eytxr1oawi6r5nr","time":1611519618,"event":{"mods":["BaseMod","Better Third Choice","Curses Come First","Dark Map","Hermit","Hubris","Jorbs\u0027s Wanderer Trilogy","Minty Spire (QoL Compilation)","Permanent Neow","Quick Restart","Rare Cards Sparkle","Replay The Spire","Robot Space Explorer","StSLib","The Cursed","The Disciple","The Forsaken","The Marked","The Mystic","The Runesmith","Wide Potions"],"gold_per_floor":[113,131,73,89,14,46,56,131,156,156,191,191,191,201,201,298,298,314,136,148,148,166,166,184,184,235,263,138,138,157,82,82,186,186,198,213,213,213,213,213],"floor_reached":39,"language":"ENG","playtime":2680,"items_purged":["Strike_R","Strike_R","Strike_R"],"score":495,"play_id":"32ddca81-3ae5-417e-adb2-56063e650cc2","local_time":"20210124202018","is_ascension_mode":true,"campfire_choices":[{"floor":10,"key":"REST"},{"data":"Limit Break","floor":12,"key":"SMITH"},{"floor":15,"key":"REST"},{"floor":23,"key":"REST"},{"floor":25,"key":"REST"},{"floor":32,"key":"REST"}],"circlet_count":0,"master_deck":["Strike_R","Defend_R","Defend_R","Defend_R","Defend_R+1","Bash","Limit Break+1","ReplayTheSpireMod:Muscle Training","Shrug It Off","Metallicize+1","Clothesline","Rupture","ReplayTheSpireMod:Limb From Limb","Feed+1","Hemokinesis","Brutality","Life Link","ReplayTheSpireMod:Stacked","Battle Trance","Metallicize+1","ReplayReversal+1","Reckless Charge+1","Corruption","Heavy Blade"],"relics":["Burning Blood","Sundial","PreservedInsect","Meat on the Bone","theForsaken:PaleLantern","ReplayTheSpireMod:TigerMarble","Replay:Baseball","hubris:Towel","Mark of Pain"],"acts_visited":["Exordium","TheCity","TheBeyond"],"potions_floor_usage":[11,16,20,22,22,33],"damage_taken":[{"damage":0,"enemies":"2 Louse","floor":1,"turns":3},{"damage":10,"enemies":"Small Slimes","floor":2,"turns":5},{"damage":8,"enemies":"Jaw Worm","floor":4,"turns":4},{"damage":29,"enemies":"Gremlin Nob","floor":6,"turns":5},{"damage":24,"enemies":"3 Louse","floor":7,"turns":4},{"damage":10,"enemies":"3 Sentries","floor":11,"turns":5},{"damage":10,"enemies":"Blue Slaver","floor":14,"turns":5},{"damage":43,"enemies":"Hexaghost","floor":16,"turns":10},{"damage":29,"enemies":"Spheric Guardian","floor":18,"turns":5},{"damage":52,"enemies":"3 Byrds","floor":20,"turns":6},{"damage":38,"enemies":"Shelled Parasite and Fungi","floor":22,"turns":8},{"damage":28,"enemies":"Snake Plant","floor":24,"turns":4},{"damage":31,"enemies":"Replay:Snechameleon","floor":27,"turns":2},{"damage":38,"enemies":"Centurion and Healer","floor":30,"turns":8},{"damage":71,"enemies":"Automaton","floor":33,"turns":9},{"damage":61,"enemies":"3 Darklings","floor":35,"turns":8},{"damage":40,"enemies":"Orb Walker","floor":36,"turns":5},{"damage":61,"enemies":"Maw","floor":39,"turns":9}],"seed_played":"-2565959555760611317","potions_obtained":[{"floor":6,"key":"Strength Potion"},{"floor":14,"key":"Dexterity Potion"},{"floor":16,"key":"Fire Potion"},{"floor":18,"key":"DuplicationPotion"},{"floor":20,"key":"Strength Potion"},{"floor":27,"key":"Cursed Concoction"}],"is_trial":false,"path_per_floor":["M","M","$","M","$","E","M","?","T","R","E","R","?","M","R","B",null,"M","$","M","?","M","R","M","R","T","E","$","?","M","?","R","B",null,"M","M","$","?","M"],"character_chosen":"IRONCLAD","items_purchased":["Metallicize+1","Life Link"],"campfire_rested":5,"item_purchase_floors":[3,19],"current_hp_per_floor":[80,76,76,74,74,51,33,22,22,46,42,42,26,38,63,42,88,69,69,39,39,23,53,43,73,73,60,60,60,44,44,75,22,104,61,39,39,39,0,0],"gold":213,"neow_bonus":"ONE_RANDOM_RARE_CARD","is_daily":false,"chose_seed":false,"campfire_upgraded":1,"win_rate":0.0,"timestamp":1611519618,"path_taken":["M","M","$","M","$","E","M","?","T","R","E","R","?","M","R","BOSS","M","$","M","?","M","R","M","R","T","E","$","?","M","?","R","BOSS","M","M","$","?","M"],"items_purchased_type":["Card","Card"],"build_version":"2020-12-22","purchased_purges":3,"victory":false,"max_hp_per_floor":[80,80,80,80,80,80,80,80,80,80,80,80,80,84,84,88,88,92,92,96,96,100,100,100,100,100,100,100,100,104,104,104,104,104,104,104,104,104,104,104],"card_choices":[{"not_picked":["ReplayTheSpireMod:Strike From Hell","Twin Strike"],"picked":"ReplayTheSpireMod:Muscle Training","floor":1},{"not_picked":["Evolve","Replay:Undeath\u0027s Touch"],"picked":"Shrug It Off","floor":2},{"not_picked":["Anger","Replay:Undeath\u0027s Touch"],"picked":"Clothesline","floor":4},{"not_picked":["Abandon","Replay:Many Hands"],"picked":"Rupture","floor":6},{"not_picked":["Anger","Rage"],"picked":"ReplayTheSpireMod:Limb From Limb","floor":7},{"not_picked":["Pommel Strike","Body Slam"],"picked":"Feed","floor":11},{"not_picked":["Dual Wield","Run Through"],"picked":"Hemokinesis","floor":14},{"not_picked":["Demonic Infusion","Double Tap"],"picked":"Brutality","floor":16},{"not_picked":["Perfected Strike","Havoc","Clash"],"picked":"SKIP","floor":18},{"not_picked":["Headbutt+1","Body Slam+1"],"picked":"ReplayTheSpireMod:Stacked","floor":20},{"not_picked":["Seeing Red+1","Twin Strike"],"picked":"Battle Trance","floor":22},{"not_picked":["Twin Strike+1","Wild Strike"],"picked":"Metallicize+1","floor":24},{"not_picked":["Perfected Strike","Demonic Infusion"],"picked":"ReplayReversal+1","floor":27},{"not_picked":["Intimidate","Clothesline"],"picked":"Reckless Charge+1","floor":30},{"not_picked":["Demon Form","Limit Break"],"picked":"Corruption","floor":33},{"not_picked":["Clothesline","Clash+1","Perfected Strike+1"],"picked":"SKIP","floor":35},{"not_picked":["Anger","Havoc","Fire Breathing"],"picked":"SKIP","floor":36}],"player_experience":178191,"relics_obtained":[{"floor":6,"key":"Sundial"},{"floor":9,"key":"PreservedInsect"},{"floor":11,"key":"Meat on the Bone"},{"floor":26,"key":"ReplayTheSpireMod:TigerMarble"},{"floor":27,"key":"Replay:Baseball"}],"event_choices":[{"damage_healed":0,"gold_gain":75,"player_choice":"Gold","damage_taken":11,"max_hp_gain":0,"max_hp_loss":0,"event_name":"betterThird:BetterGoop","floor":8,"gold_loss":0},{"damage_healed":42,"gold_gain":0,"player_choice":"Upgrade","damage_taken":16,"max_hp_gain":0,"max_hp_loss":80,"event_name":"betterThird:BetterShining","floor":13,"gold_loss":0,"cards_upgraded":["Defend_R","Feed"]},{"cards_removed":["Strike_R"],"damage_healed":0,"gold_gain":0,"player_choice":"Gave Gold","damage_taken":0,"max_hp_gain":0,"max_hp_loss":0,"event_name":"Beggar","floor":31,"gold_loss":75}],"is_beta":false,"boss_relics":[{"not_picked":["Tiny House","Replay:Wanted Poster"],"picked":"theForsaken:PaleLantern"},{"not_picked":["Calling Bell","Empty Cage"],"picked":"Mark of Pain"}],"items_purged_floors":[5,19,28],"is_endless":false,"potions_floor_spawned":[6,14,16,18,20,27],"killed_by":"Maw","ascension_level":3}}