{"host":"61y0z9o9vf3ujftj","time":1611490097,"event":{"mods":["2.2 Compatiblity","BaseMod","Colored Map","Colored Powertips","GifTheSpireLib","HexUI Lib","Highlight Path","Minty Spire (QoL Compilation)","Relic Stats","StSLib","ojb\u0027s Info Mod"],"gold_per_floor":[110,185,203,213,65,95,95,125,125,125,155,155,182,182,182,286,286,306,324,5,20,20,20,55,55,81,109,51,80,24,34,34,131,131,151,151,51,70,70,105,118,153,179,212,45,17,34,61,61,61],"floor_reached":51,"language":"ENG","playtime":5126,"items_purged":["Strike_P","Defend_P","Defend_P"],"score":1159,"play_id":"77a3b236-223b-4171-b2aa-72a85e4e744d","local_time":"20210124060817","is_ascension_mode":true,"campfire_choices":[{"data":"Eruption","floor":7.0,"key":"SMITH"},{"data":"ClearTheMind","floor":10.0,"key":"SMITH"},{"data":"TalkToTheHand","floor":15.0,"key":"SMITH"},{"data":"LessonLearned","floor":23.0,"key":"SMITH"},{"data":"1","floor":25.0,"key":"LIFT"},{"data":"2","floor":32.0,"key":"LIFT"},{"data":"3","floor":49.0,"key":"LIFT"}],"circlet_count":0,"master_deck":["Strike_P+1","Defend_P+1","Eruption+1","Vigilance","FearNoEvil","EmptyBody+1","Sanctity+1","CutThroughFate+1","Crescendo+1","ClearTheMind+1","ThirdEye","TalkToTheHand+1","LessonLearned+1","TalkToTheHand+1","Wireheading+1","FlurryOfBlows+1","SashWhip","ClearTheMind+1","InnerPeace+1","EmptyFist+1","Prostrate+1","Tantrum","Crescendo","MentalFortress+1","Pray","Omniscience","Finesse+1","Trip","Panacea+1","BowlingBash","Ragnarok","EmptyMind+1","FlurryOfBlows","Vengeance","WaveOfTheHand"],"relics":["VioletLotus","The Courier","Girya","FossilizedHelix","Meat on the Bone","Damaru","Sozu","Eternal Feather","Orichalcum","Lantern","White Beast Statue","Sundial","Runic Pyramid","Juzu Bracelet","Art of War","Bronze Scales","Akabeko","PreservedInsect","StrikeDummy"],"acts_visited":["Exordium","TheCity","TheBeyond"],"potions_floor_usage":[50,50],"damage_taken":[{"damage":1.0,"enemies":"Jaw Worm","floor":1.0,"turns":5.0},{"damage":3.0,"enemies":"Small Slimes","floor":3.0,"turns":2.0},{"damage":0.0,"enemies":"Cultist","floor":4.0,"turns":3.0},{"damage":12.0,"enemies":"Gremlin Nob","floor":6.0,"turns":4.0},{"damage":8.0,"enemies":"Lagavulin","floor":8.0,"turns":6.0},{"damage":11.0,"enemies":"3 Sentries","floor":11.0,"turns":9.0},{"damage":0.0,"enemies":"Gremlin Nob","floor":13.0,"turns":3.0},{"damage":7.0,"enemies":"Hexaghost","floor":16.0,"turns":11.0},{"damage":6.0,"enemies":"3 Byrds","floor":18.0,"turns":6.0},{"damage":0.0,"enemies":"Chosen","floor":19.0,"turns":4.0},{"damage":18.0,"enemies":"Snake Plant","floor":21.0,"turns":5.0},{"damage":11.0,"enemies":"Slavers","floor":24.0,"turns":8.0},{"damage":20.0,"enemies":"Gremlin Leader","floor":27.0,"turns":7.0},{"damage":20.0,"enemies":"Slavers","floor":29.0,"turns":5.0},{"damage":9.0,"enemies":"Centurion and Healer","floor":31.0,"turns":4.0},{"damage":38.0,"enemies":"Collector","floor":33.0,"turns":7.0},{"damage":5.0,"enemies":"3 Shapes","floor":35.0,"turns":4.0},{"damage":0.0,"enemies":"Orb Walker","floor":38.0,"turns":4.0},{"damage":0.0,"enemies":"Giant Head","floor":40.0,"turns":6.0},{"damage":0.0,"enemies":"Spire Growth","floor":41.0,"turns":3.0},{"damage":9.0,"enemies":"Reptomancer","floor":42.0,"turns":5.0},{"damage":8.0,"enemies":"Nemesis","floor":44.0,"turns":5.0},{"damage":0.0,"enemies":"Transient","floor":47.0,"turns":5.0},{"damage":26.0,"enemies":"Reptomancer","floor":48.0,"turns":4.0},{"damage":2,"enemies":"Awakened One","floor":50,"turns":6}],"seed_played":"-3588037247065437724","potions_obtained":[{"floor":6.0,"key":"LiquidMemories"},{"floor":8.0,"key":"Swift Potion"},{"floor":11.0,"key":"LiquidBronze"},{"floor":13.0,"key":"Dexterity Potion"}],"is_trial":false,"path_per_floor":["M","?","M","M","$","E","R","E","T","R","E","?","E","?","R","B",null,"M","M","$","M","?","R","E","R","T","E","$","E","$","M","R","B",null,"M","?","$","M","?","E","M","E","T","E","$","$","M","E","R","B",null],"character_chosen":"WATCHER","items_purchased":["CutThroughFate","Crescendo","FlurryOfBlows","Eternal Feather","Tantrum","MentalFortress","PreservedInsect","FlurryOfBlows","Vengeance"],"campfire_rested":0,"item_purchase_floors":[5,5,20,20,28,30,45,45,46],"current_hp_per_floor":[64,53,50,50,50,38,38,30,30,30,19,12,24,10,10,15,58,52,52,52,46,46,58,47,59,59,39,39,31,31,34,49,23,60,55,45,45,45,45,45,45,48,48,40,40,40,40,26,47,45],"gold":61,"neow_bonus":"BOSS_RELIC","is_daily":false,"chose_seed":false,"campfire_upgraded":4,"win_rate":0.0,"timestamp":1611490097,"path_taken":["M","?","M","M","$","E","R","E","T","R","E","?","E","?","R","BOSS","M","M","$","M","?","R","E","R","T","E","$","E","$","M","R","BOSS","M","?","$","M","?","E","M","E","T","E","?","$","M","E","R","BOSS"],"items_purchased_type":["Card","Card","Card","Relic","Card","Card","Relic","Card","Card"],"build_version":"2020-12-22","purchased_purges":3,"victory":true,"max_hp_per_floor":[72,72,72,72,72,72,72,72,72,72,72,72,72,72,72,72,72,72,72,72,72,72,72,72,72,72,72,72,72,72,72,72,72,72,72,72,72,72,72,72,72,72,72,72,72,72,72,72,72,72],"relic_stats":{"Sozu":12,"counters":[25,131],"Sundial":[2],"Bronze Scales":[56],"Eternal Feather":60,"VioletLotus":[52],"PreservedInsect":59,"Juzu Bracelet":0,"Art of War":[1],"Orichalcum":[18],"obtain_stats":[{"Girya":8,"Lantern":26,"Damaru":13,"Eternal Feather":20,"The Courier":6,"PreservedInsect":45,"Juzu Bracelet":40,"Orichalcum":24,"White Beast Statue":27,"Akabeko":44,"Sozu":17,"Sundial":29,"Bronze Scales":43,"VioletLotus":0,"Art of War":42,"PureWater":0,"StrikeDummy":48,"FossilizedHelix":9,"Meat on the Bone":11,"Runic Pyramid":34},{"Girya":5,"Lantern":12,"Damaru":7,"Eternal Feather":10,"The Courier":4,"PreservedInsect":22,"Juzu Bracelet":19,"Orichalcum":12,"White Beast Statue":13,"Akabeko":22,"Sozu":8,"Sundial":14,"Bronze Scales":21,"VioletLotus":0,"Art of War":21,"PureWater":0,"StrikeDummy":24,"FossilizedHelix":5,"Meat on the Bone":6,"Runic Pyramid":16},{"Girya":20,"Lantern":66,"Damaru":32,"Eternal Feather":53,"The Courier":14,"PreservedInsect":116,"Juzu Bracelet":103,"Orichalcum":66,"White Beast Statue":73,"Akabeko":116,"Sozu":43,"Sundial":78,"Bronze Scales":111,"VioletLotus":0,"Art of War":111,"PureWater":0,"StrikeDummy":125,"FossilizedHelix":20,"Meat on the Bone":29,"Runic Pyramid":89}],"Meat on the Bone":96},"card_choices":[{"not_picked":["SashWhip","EmptyBody"],"picked":"FearNoEvil","floor":1.0},{"not_picked":["Fasting2","Weave"],"picked":"EmptyBody","floor":3.0},{"not_picked":["Consecrate","FollowUp"],"picked":"Sanctity","floor":4.0},{"not_picked":["JustLucky","CrushJoints","Crescendo"],"picked":"SKIP","floor":6.0},{"not_picked":["CrushJoints","InnerPeace"],"picked":"ClearTheMind","floor":8.0},{"not_picked":["Fasting2","WindmillStrike"],"picked":"ThirdEye","floor":11.0},{"not_picked":["Prostrate","Halt"],"picked":"TalkToTheHand","floor":13.0},{"not_picked":["ConjureBlade","Brilliance"],"picked":"LessonLearned","floor":16.0},{"not_picked":["SashWhip","CarveReality"],"picked":"TalkToTheHand+1","floor":18.0},{"not_picked":["ThirdEye","PathToVictory"],"picked":"Wireheading","floor":19.0},{"not_picked":["Evaluate","Protect"],"picked":"SashWhip","floor":21.0},{"not_picked":["TalkToTheHand","LikeWater"],"picked":"EmptyFist","floor":24.0},{"not_picked":["WindmillStrike","CutThroughFate"],"picked":"Prostrate","floor":27.0},{"not_picked":["TalkToTheHand+1","InnerPeace+1"],"picked":"Crescendo","floor":29.0},{"not_picked":["Blasphemy","CrushJoints"],"picked":"Pray","floor":31.0},{"not_picked":["Blasphemy","Ragnarok"],"picked":"Omniscience","floor":33.0},{"not_picked":["PathToVictory","Crescendo+1","BattleHymn"],"picked":"SKIP","floor":35.0},{"not_picked":["Blind","Dramatic Entrance"],"picked":"Finesse","floor":36.0},{"not_picked":["PanicButton","Good Instincts"],"picked":"Trip","floor":36.0},{"not_picked":["Purity","Chrysalis"],"picked":"Panacea","floor":36.0},{"not_picked":["LikeWater+1","FollowUp"],"picked":"BowlingBash","floor":38.0},{"not_picked":["Judgement","CrushJoints+1"],"picked":"Ragnarok","floor":40.0},{"not_picked":["DeceiveReality","PathToVictory","EmptyBody"],"picked":"SKIP","floor":41.0},{"not_picked":["Establishment","Crescendo+1","Swivel+1"],"picked":"SKIP","floor":42.0},{"not_picked":["JustLucky+1","Pray+1"],"picked":"EmptyMind+1","floor":44.0},{"not_picked":["FlurryOfBlows+1","PathToVictory","SignatureMove+1"],"picked":"SKIP","floor":47.0},{"not_picked":["Protect+1","Weave+1"],"picked":"WaveOfTheHand","floor":48.0}],"player_experience":399156,"relics_obtained":[{"floor":6.0,"key":"The Courier"},{"floor":8.0,"key":"Girya"},{"floor":9.0,"key":"FossilizedHelix"},{"floor":11.0,"key":"Meat on the Bone"},{"floor":13.0,"key":"Damaru"},{"floor":24.0,"key":"Orichalcum"},{"floor":26.0,"key":"Lantern"},{"floor":27.0,"key":"White Beast Statue"},{"floor":29.0,"key":"Sundial"},{"floor":40.0,"key":"Juzu Bracelet"},{"floor":42.0,"key":"Art of War"},{"floor":43.0,"key":"Bronze Scales"},{"floor":44.0,"key":"Akabeko"},{"floor":48.0,"key":"StrikeDummy"}],"event_choices":[{"damage_healed":0.0,"max_hp_gain":0.0,"max_hp_loss":0.0,"gold_gain":75.0,"event_name":"World of Goop","player_choice":"Gather Gold","floor":2.0,"gold_loss":0.0,"damage_taken":11.0},{"cards_removed":["Defend_P"],"damage_healed":0.0,"max_hp_gain":0.0,"max_hp_loss":0.0,"gold_gain":0.0,"event_name":"Golden Wing","player_choice":"Card Removal","floor":12.0,"gold_loss":0.0,"damage_taken":7.0},{"damage_healed":0.0,"max_hp_gain":0.0,"max_hp_loss":0.0,"gold_gain":0.0,"event_name":"Shining Light","player_choice":"Entered Light","floor":14.0,"gold_loss":0.0,"damage_taken":14.0,"cards_upgraded":["Strike_P","Sanctity"]},{"damage_healed":0.0,"max_hp_gain":0.0,"max_hp_loss":0.0,"gold_gain":0.0,"cards_transformed":["Strike_P","Strike_P"],"event_name":"Drug Dealer","player_choice":"Became Test Subject","floor":22.0,"gold_loss":0.0,"damage_taken":0.0,"cards_obtained":["ClearTheMind","InnerPeace"]},{"damage_healed":0.0,"max_hp_gain":0.0,"max_hp_loss":0.0,"gold_gain":0.0,"event_name":"SensoryStone","player_choice":"Memory 3","floor":36.0,"gold_loss":0.0,"damage_taken":10.0},{"damage_healed":0.0,"max_hp_gain":0.0,"max_hp_loss":0.0,"gold_gain":0.0,"event_name":"Mysterious Sphere","player_choice":"Ignored","floor":39.0,"gold_loss":0.0,"damage_taken":0.0}],"is_beta":false,"boss_relics":[{"not_picked":["Calling Bell","Runic Dome"],"picked":"Sozu"},{"not_picked":["SlaversCollar","Philosopher\u0027s Stone"],"picked":"Runic Pyramid"}],"items_purged_floors":[5,20,37],"is_endless":false,"potions_floor_spawned":[6,8,11,13,19,21,24,29,31,33,35,38,40,41,42,44,47,48],"ascension_level":6}}