{"host":"vibqkechdt2q5u53","time":1611504993,"event":{"mods":["2.2 Compatiblity","Act Like it!","Aspiration","BaseMod","Better Note","Challenge The Spire","Chen","Colored Map","Conspire","Dota2Spire","Gensokyo","GungeonMod","Hallownest","HololiveMod","KinomotoSakuraMod(Ä¾Ö®±¾Ó£)","KomeijiMod","Lobotomy","LobotomyExtend","Minty Spire (QoL Compilation)","Reimu£¨²©ÀöÁéÃÎ£©","Replay The Spire","RumiaBox-Â¶Ã×æ«µÄÉñÃØºÐ×Ó","Spicy Shops","StSLib","The Bug Knight","The Poker Player","WarShipGirlsR/Õ½½¢ÉÙÅ®R mod","Youmu£¨»êÆÇÑýÃÎ£©","[IsaacMod]ÒÔÈö¼âËþ","vexMod"],"gold_per_floor":[119,132,51,51,69,69,102,102,149,178,103,203,203,203,213,15,15,113,113,127,137,120,135,154,179,179,235,235,235,253,265,277,289,300,300,300,397,397,417,417,467,481,495,495,506,132,132,166,60,35,49,49,49,49,49],"floor_reached":54,"language":"ZHS","playtime":5597,"items_purged":[],"score":528,"play_id":"4421e4a7-ea24-48a5-970b-7e94372af2ca","local_time":"20210125001633","is_ascension_mode":false,"campfire_choices":[{"data":"ClowCardTheSand","floor":6,"key":"SMITH"},{"data":"SpellCardSeal","floor":8,"key":"SMITH"},{"data":"ClowCardTheShot","floor":17,"key":"SMITH"},{"data":"ClowCardTheWood","floor":26,"key":"SMITH"},{"data":"ClowCardTheEarthy","floor":29,"key":"SMITH"},{"data":"ClowCardTheFloat","floor":35,"key":"SMITH"},{"data":"ClowCardTheShot","floor":44,"key":"SMITH"},{"data":"ClowCardTheBubbles","floor":53,"key":"SMITH"}],"circlet_count":0,"master_deck":["SakuraCardTheEarthy+","SakuraCardTheSweet+","SakuraCardTheMist+","ClowCardTheSword","ClowCardTheSword","ClowCardTheSword","ClowCardTheSword","ClowCardTheShield","ClowCardTheShield","ClowCardTheShield","ClowCardTheShield","SpellCardSeal+1","SpellCardRelease","ClowCardTheSand+1","ClowCardTheSilent","ClowCardTheBubbles+1","ClowCardTheFly","ClowCardTheShot+1","ClowCardTheThrough","ClowCardTheEarthy+1","ClowCardTheWave+1","ClowCardTheWood+1","ClowCardTheSweet+1","ClowCardTheLight","ClowCardTheEarthy+1","ClowCardTheFloat+1","ClowCardTheShadow+1","ClowCardTheDark","ClowCardTheShadow+1","ClowCardTheShot+1","ClowCardTheLittle+1","Gensokyo:GapWoman","ClowCardTheMist+1"],"relics":["KSMOD_SealedBook","KSMOD_SealedWand","HushsDoor","D6","aspiration:Nostalgia","DemoMod:Dog","LetterFromLob","Divine Protection","MealTicket","Dota2Spire:MaskOfMadness","Hallownest:BankAccountRelic","Replay:Bottled Snecko","Velvet Choker","ReplayTheSpireMod:TigerMarble","PreservedInsect","Replay:Rubber Ducky","DemoMod:RatBoots","DemoMod:ResourcefulSack","DemoMod:PartiallyEatenCheese","aspiration:PoetsPen_weak","Ornamental Fan","PillsDrop","Sling","SharpPlug","Onion Ring","ClockworkSouvenir"],"acts_visited":["Hallownest:Greenpath","Hallownest:CityofTears","Hallownest:CityofTears","Gensokyo:Gensokyoest"],"potions_floor_usage":[36,37],"damage_taken":[{"damage":3,"enemies":"Hallownest:2_Tiktiks_and_1_Crawlid","floor":1,"turns":2},{"damage":0,"enemies":"Hallownest:2_MossCreeps","floor":2,"turns":4},{"damage":0,"enemies":"Hallownest:monsterHuskWarrior","floor":5,"turns":4},{"damage":3,"enemies":"Hallownest:eliteVengeflyKing","floor":7,"turns":7},{"damage":0,"enemies":"Hallownest:eliteMossKnight","floor":10,"turns":8},{"damage":0,"enemies":"Hallownest:monsterFoolEater","floor":15,"turns":4},{"damage":26,"enemies":"Hallownest:BossBrokenVessel","floor":18,"turns":6},{"damage":16,"enemies":"Hallownest:Guard_and_Sentry","floor":20,"turns":4},{"damage":17,"enemies":"Hallownest:Flukemon_and_Top","floor":21,"turns":5},{"damage":0,"enemies":"Hallownest:2_Husk_Sentries","floor":23,"turns":5},{"damage":6,"enemies":"Hallownest:3_Mistakes","floor":24,"turns":4},{"damage":4,"enemies":"Hallownest:eliteWatcherKnight","floor":25,"turns":12},{"damage":8,"enemies":"Hallownest:Glutton_and_Coward","floor":27,"turns":5},{"damage":0,"enemies":"DemoMod:4_Bullet_Kins","floor":30,"turns":4},{"damage":0,"enemies":"DemoMod:Veteran_shot_gun_kin_and_bullet_kin","floor":31,"turns":4},{"damage":0,"enemies":"DemoMod:2_Mousers","floor":32,"turns":4},{"damage":9,"enemies":"DemoMod:Red_and_blue_shotgun_kin_with_gunsinger","floor":33,"turns":3},{"damage":0,"enemies":"DemoMod:Veteran_shot_gun_kin_and_blue_shotgun_kin_with_gunsinger","floor":34,"turns":4},{"damage":8,"enemies":"DemoMod:ResourcefulRat","floor":37,"turns":9},{"damage":0,"enemies":"Gensokyo:3_Boulders","floor":39,"turns":7},{"damage":0,"enemies":"Hiden Room Battle","floor":41,"turns":4},{"damage":0,"enemies":"Gensokyo:AncientGuardian","floor":42,"turns":1},{"damage":0,"enemies":"Gensokyo:Dusk_and_Dawn","floor":43,"turns":6},{"damage":7,"enemies":"Gensokyo:4_Bats","floor":45,"turns":5},{"damage":0,"enemies":"Gensokyo:Marisa","floor":48,"turns":3},{"damage":0,"enemies":"Gensokyo:SeedOfUnknown","floor":51,"turns":6},{"damage":82,"enemies":"Delirium","floor":54,"turns":11}],"seed_played":"-7875246655760707686","potions_obtained":[{"floor":1,"key":"Dota2Spire:Clarity"},{"floor":7,"key":"Reflective Coating"},{"floor":10,"key":"Energy Potion"},{"floor":15,"key":"DuplicationPotion"},{"floor":24,"key":"KSMOD_MagickBottle"},{"floor":25,"key":"DistilledChaos"},{"floor":42,"key":"FearPotion"},{"floor":51,"key":"AttackPotion"}],"is_trial":false,"path_per_floor":["M","M","$","?","M","R","E","R","T","E","?","?","PTL","PTL","M","$","R","B",null,"M","M","$","M","M","E","R","M","T","R","M","M","M","M","M","R","B","B",null,"M","?","?","M","M","R","M","COS","T","E","$","?","M","?","R","B"],"character_chosen":"KINOMOTOSAKURA","items_purchased":["DemoMod:GnawedKey","ClowCardTheMist","Replay:Bottled Snecko","ClowCardTheSweet+1","ClockworkSouvenir"],"campfire_rested":0,"item_purchase_floors":[3,3,16,22,49],"current_hp_per_floor":[67,67,67,67,67,67,64,64,64,64,64,49,49,49,49,64,64,39,70,61,44,59,64,63,64,64,61,70,70,70,70,70,66,66,66,70,67,70,70,70,62,62,64,64,67,67,67,67,70,70,70,70,70,0,0],"gold":49,"neow_bonus":"NOSTALGIA","is_daily":false,"chose_seed":false,"campfire_upgraded":8,"win_rate":0.0,"timestamp":1611504993,"path_taken":["M","M","$","?","M","R","E","R","T","E","?","?","PTL","PTL","M","$","R","BOSS","M","M","$","M","M","E","R","M","T","R","M","M","M","M","M","R","BOSS","BOSS","M","?","?","M","M","R","M","COS","T","E","$","?","M","?","R","BOSS"],"items_purchased_type":["Relic","Card","Relic","Card","Relic"],"build_version":"2020-12-22","purchased_purges":0,"victory":false,"max_hp_per_floor":[70,70,70,70,70,70,70,70,70,70,70,70,70,70,70,70,70,70,70,70,70,70,70,70,70,70,70,70,70,70,70,70,70,70,70,70,70,70,70,70,70,70,70,70,70,70,70,70,70,70,70,70,70,70,70],"card_choices":[{"not_picked":[],"picked":"Bomb","floor":0},{"not_picked":["ClowCardTheCloud","ClowCardTheVoice"],"picked":"ClowCardTheSand","floor":1},{"not_picked":["ClowCardTheLittle","ClowCardTheSnow","ClowCardTheTime"],"picked":"SKIP","floor":2},{"not_picked":["ClowCardTheMist","ClowCardTheSand"],"picked":"ClowCardTheSilent","floor":5},{"not_picked":["ClowCardTheWave","ClowCardTheMove"],"picked":"ClowCardTheBubbles","floor":7},{"not_picked":["ClowCardTheSleep","ClowCardTheShadow"],"picked":"ClowCardTheFly","floor":10},{"not_picked":["ClowCardTheDream","ClowCardTheLibra"],"picked":"ClowCardTheShot","floor":15},{"not_picked":["ClowCardTheTime","ClowCardTheThunder"],"picked":"ClowCardTheThrough","floor":18},{"not_picked":["ClowCardTheDream","ClowCardTheRain"],"picked":"ClowCardTheEarthy","floor":20},{"not_picked":["ClowCardTheSong","ClowCardTheErase"],"picked":"ClowCardTheWave+1","floor":20},{"not_picked":["ClowCardTheSilent+1","ClowCardTheFreeze"],"picked":"ClowCardTheWood","floor":21},{"not_picked":["ClowCardTheWood+1","ClowCardTheIllusion"],"picked":"ClowCardTheLight","floor":23},{"not_picked":["ClowCardTheSnow","ClowCardTheFlower","ClowCardTheFirey"],"picked":"SKIP","floor":24},{"not_picked":["ClowCardTheRain","ClowCardTheArrow","ClowCardTheSong+1"],"picked":"SKIP","floor":25},{"not_picked":["ClowCardTheWave","ClowCardTheWood"],"picked":"ClowCardTheSweet","floor":27},{"not_picked":["ClowCardTheVoice","ClowCardTheGlow"],"picked":"ClowCardTheEarthy+1","floor":30},{"not_picked":["ClowCardTheMaze","ClowCardTheFlower+1"],"picked":"ClowCardTheFloat","floor":31},{"not_picked":["ClowCardThePower","ClowCardTheSand"],"picked":"ClowCardTheEarthy+1","floor":32},{"not_picked":["ClowCardTheFirey","ClowCardTheSong"],"picked":"ClowCardTheShadow+1","floor":33},{"not_picked":["ClowCardTheFloat","ClowCardTheFreeze+1","ClowCardTheSong+1"],"picked":"SKIP","floor":34},{"not_picked":["ClowCardTheFight","ClowCardTheReturn"],"picked":"ClowCardTheDark","floor":37},{"not_picked":["ClowCardTheLittle","ClowCardTheSand"],"picked":"ClowCardTheShadow+1","floor":38},{"not_picked":["ClowCardTheWood+1","ClowCardTheLittle","ClowCardTheErase"],"picked":"SKIP","floor":39},{"not_picked":["ClowCardTheMove+1","ClowCardTheFlower+1"],"picked":"ClowCardTheShot","floor":41},{"not_picked":["ClowCardTheArrow+1","ClowCardTheFreeze+1","ClowCardTheWood+1"],"picked":"SKIP","floor":42},{"not_picked":["ClowCardTheCloud","ClowCardTheShot+1","ClowCardTheFly"],"picked":"SKIP","floor":43},{"not_picked":["ClowCardTheRain","ClowCardTheErase+1"],"picked":"ClowCardTheLittle+1","floor":45},{"not_picked":["ClowCardThePower+1","ClowCardTheFloat+1","ClowCardTheErase"],"picked":"SKIP","floor":48},{"not_picked":["ClowCardTheMaze","ClowCardTheDream+1"],"picked":"ClowCardTheMist+1","floor":51}],"player_experience":205259,"relics_obtained":[{"floor":1,"key":"LetterFromLob"},{"floor":7,"key":"Divine Protection"},{"floor":9,"key":"MealTicket"},{"floor":10,"key":"Dota2Spire:MaskOfMadness"},{"floor":25,"key":"ReplayTheSpireMod:TigerMarble"},{"floor":31,"key":"PreservedInsect"},{"floor":34,"key":"Replay:Rubber Ducky"},{"floor":38,"key":"DemoMod:RatBoots"},{"floor":38,"key":"DemoMod:ResourcefulSack"},{"floor":38,"key":"DemoMod:PartiallyEatenCheese"},{"floor":38,"key":"aspiration:PoetsPen_weak"},{"floor":41,"key":"Ornamental Fan"},{"floor":41,"key":"PillsDrop"},{"floor":47,"key":"SharpPlug"},{"floor":48,"key":"Onion Ring"}],"event_choices":[{"damage_healed":0,"gold_gain":0,"player_choice":"Fight","damage_taken":0,"max_hp_gain":0,"max_hp_loss":0,"event_name":"HidenRoomEvent","floor":41,"gold_loss":0}],"is_beta":false,"boss_relics":[{"not_picked":["Kintsugi","vexMod:MegatonBomb"],"picked":"Velvet Choker"},{"not_picked":[]},{"not_picked":[]}],"items_purged_floors":[],"is_endless":false,"potions_floor_spawned":[1,7,10,15,23,24,25,30,32,34,42,45,51],"killed_by":"Delirium","ascension_level":0}}