{"host":"t9zjxed0utvsfjwc","time":1611496639,"event":{"mods":["2.2 Compatiblity","Aspiration","BaseMod","Better Altar","Better Match","Better Note","Better Sensory Stone","Better Skull","Better Third Choice","Block Reminder","Colored Map","Colored Powertips","Custom Start","Hermit","Highlight Path","Hubris","Infinite Spire","Minty Spire (QoL Compilation)","Quick Restart","Rare Cards Sparkle","Replay The Spire","Shade Mod","StSLib","The Cursed","The Disciple","The Marked","The Runesmith","Unceasing Turn Reminder","everything is the same but u backflip on backflip"],"gold_per_floor":[117,135,135,148,148,148,148],"floor_reached":6,"language":"ENG","playtime":258,"items_purged":[],"score":38,"play_id":"2c987cc3-3f51-45ed-9f01-947fd06dc7a6","local_time":"20210124135719","is_ascension_mode":true,"campfire_choices":[],"circlet_count":0,"master_deck":["Strike_R","Strike_R","Strike_R","Strike_R","Strike_R","Defend_R","Defend_R","Defend_R","Defend_R","Bash","Defend_R","Defend_B","Master of Strategy","Iron Wave"],"relics":["Burning Blood","CultistMask","hubris:PeanutButter","Shuriken","hubris:OldNail","hubris:FruitBowl"],"acts_visited":["Exordium"],"potions_floor_usage":[6,6],"damage_taken":[{"damage":4,"enemies":"Jaw Worm","floor":1,"turns":6},{"damage":1,"enemies":"Cultist","floor":2,"turns":3},{"damage":0,"enemies":"2 Louse","floor":4,"turns":3},{"damage":36,"enemies":"Lagavulin","floor":6,"turns":6}],"seed_played":"7665078363412432409","potions_obtained":[{"floor":2,"key":"Energy Potion"},{"floor":4,"key":"Fire Potion"}],"is_trial":false,"path_per_floor":["M","M","?","M","$","E"],"character_chosen":"IRONCLAD","items_purchased":["hubris:PeanutButter","Shuriken","hubris:OldNail","hubris:FruitBowl"],"campfire_rested":0,"item_purchase_floors":[5,5,5,5],"current_hp_per_floor":[80,80,80,80,19,0,0],"gold":148,"neow_bonus":"RANDOM_COLORLESS_2","is_daily":false,"chose_seed":false,"campfire_upgraded":0,"win_rate":0.0,"timestamp":1611496639,"path_taken":["M","M","?","?","?","E"],"items_purchased_type":["Relic","Relic","Relic","Relic"],"build_version":"2020-12-22","purchased_purges":0,"victory":false,"max_hp_per_floor":[80,80,80,80,80,80,80],"card_choices":[{"not_picked":["Panache","Sadistic Nature"],"picked":"Master of Strategy","floor":0},{"not_picked":["Replay:Undeath\u0027s Touch","Pummel"],"picked":"Iron Wave","floor":1},{"not_picked":["Abandon","Clothesline","ReplayTheSpireMod:Strike From Hell"],"picked":"SKIP","floor":2},{"not_picked":["Replay:Undeath\u0027s Touch","Warcry","Juggernaut"],"picked":"SKIP","floor":4}],"player_experience":407273,"relics_obtained":[],"event_choices":[{"damage_healed":0,"gold_gain":0,"player_choice":"Trade","damage_taken":0,"relics_obtained":["CultistMask"],"max_hp_gain":0,"max_hp_loss":0,"event_name":"FaceTrader","floor":3,"gold_loss":0}],"is_beta":false,"boss_relics":[],"items_purged_floors":[],"is_endless":false,"potions_floor_spawned":[2,4],"killed_by":"Lagavulin","ascension_level":1}}