{"host":"2ica2wc1gg7guzbw","time":1611497344,"event":{"mods":["BaseMod","Colored Map","Minty Spire (QoL Compilation)","Replay The Spire","Shop Mod","StSLib"],"gold_per_floor":[117,137,137,137,153,153,181,193,193,227,239,239,267,317,317,391,391,404,1,52,52,52,52,83,93,143,175,185,200,200,211,211,211,211],"floor_reached":33,"language":"RUS","playtime":940,"items_purged":["Strike_B"],"score":610,"play_id":"18673bd0-5677-4f98-ad39-6fbc0f7692be","local_time":"20210124180904","is_ascension_mode":true,"campfire_choices":[{"floor":6.0,"key":"REST"},{"floor":12.0,"key":"REST"},{"floor":15.0,"key":"DIG"},{"data":"Sunder","floor":23.0,"key":"SMITH"},{"data":"Capacitor","floor":30.0,"key":"SMITH"},{"floor":32.0,"key":"RECALL"}],"circlet_count":0,"master_deck":["AscendersBane","Strike_B","Strike_B","Strike_B","Defend_B","Defend_B","Defend_B","Defend_B","Zap+1","Dualcast","Ball Lightning","Rebound","Sunder+1","Auto Shields","Ball Lightning","Streamline","Defragment","Electrodynamics","Chill","Injury","Hologram+1","Cold Snap+1","Steam Power","Seek","Capacitor+1"],"relics":["Cracked Core","Juzu Bracelet","Pantograph","Replay:Bottled Snecko","Meat on the Bone","Molten Egg 2","Darkstone Periapt","SlaversCollar","Lantern","ClockworkSouvenir","Pen Nib","Replay:Bottled Steam","Letter Opener","PreservedInsect","Gremlin Food"],"acts_visited":["Exordium","TheCity"],"potions_floor_usage":[],"damage_taken":[{"damage":9.0,"enemies":"2 Louse","floor":1.0,"turns":3.0},{"damage":2.0,"enemies":"Jaw Worm","floor":2.0,"turns":3.0},{"damage":15.0,"enemies":"Small Slimes","floor":5.0,"turns":3.0},{"damage":30.0,"enemies":"Lagavulin","floor":7.0,"turns":6.0},{"damage":0.0,"enemies":"Exordium Wildlife","floor":8.0,"turns":2.0},{"damage":19.0,"enemies":"Replay:BlueRogue","floor":10.0,"turns":5.0},{"damage":8.0,"enemies":"3 Louse","floor":11.0,"turns":2.0},{"damage":30.0,"enemies":"Lagavulin","floor":13.0,"turns":6.0},{"damage":28.0,"enemies":"The Guardian","floor":16.0,"turns":8.0},{"damage":11.0,"enemies":"Spheric Guardian","floor":18.0,"turns":3.0},{"damage":29.0,"enemies":"Replay:Snechameleon","floor":24.0,"turns":4.0},{"damage":14.0,"enemies":"3 Byrds","floor":25.0,"turns":4.0},{"damage":17.0,"enemies":"Slavers","floor":27.0,"turns":3.0},{"damage":8.0,"enemies":"Centurion and Healer","floor":28.0,"turns":6.0},{"damage":6.0,"enemies":"Chosen and Byrds","floor":29.0,"turns":3.0},{"damage":7.0,"enemies":"Cultist and Chosen","floor":31.0,"turns":6.0},{"damage":0,"enemies":"Pondfish","floor":33,"turns":1}],"seed_played":"-2833664816974239019","potions_obtained":[{"floor":8.0,"key":"Dexterity Potion"},{"floor":13.0,"key":"Swift Potion"},{"floor":16.0,"key":"DuplicationPotion"},{"floor":27.0,"key":"Ancient Potion"},{"floor":31.0,"key":"PowerPotion"}],"is_trial":false,"path_per_floor":["M","M","?","T","M","R","E","M","T","E","M","R","E","?","R_BF","B",null,"M","$","T","?","?","R","E","M","T","E","M","M","R","M","R","B"],"character_chosen":"DEFECT","items_purchased":["Lantern","ClockworkSouvenir"],"campfire_rested":2,"item_purchase_floors":[19,19],"current_hp_per_floor":[55,53,53,53,38,59,29,29,29,10,14,35,17,17,17,26,60,49,49,49,49,55,55,38,36,36,31,35,41,41,46,46,71,71],"gold":211,"neow_bonus":"RANDOM_COMMON_RELIC","is_daily":false,"chose_seed":false,"campfire_upgraded":2,"win_rate":0.0,"timestamp":1611497344,"path_taken":["M","M","?","?","M","R","E","M","T","E","M","R","E","?","R","BOSS","M","$","?","?","?","R","E","M","T","E","M","M","R","M","R","BOSS"],"items_purchased_type":["Relic","Relic"],"build_version":"2020-12-22","purchased_purges":1,"victory":false,"max_hp_per_floor":[71,71,71,71,71,71,71,71,71,71,71,71,71,71,71,71,71,71,71,71,71,77,77,77,77,77,77,77,77,77,77,77,77,77],"card_choices":[{"not_picked":["Rebound","Cold Snap"],"picked":"Ball Lightning","floor":1.0},{"not_picked":["Barrage","ReplayTheSpireMod:Repulse"],"picked":"Rebound","floor":2.0},{"not_picked":["Double Energy","Consume"],"picked":"Sunder","floor":5.0},{"not_picked":["Genetic Algorithm","Storm"],"picked":"Auto Shields","floor":7.0},{"not_picked":["ReplayTheSpireMod:System Scan","Stack"],"picked":"Ball Lightning","floor":8.0},{"not_picked":["Melter","Sweeping Beam"],"picked":"Streamline","floor":10.0},{"not_picked":["Gash","ReplayTheSpireMod:Omega Cannon"],"picked":"Defragment","floor":11.0},{"not_picked":["Ball Lightning+1","Heatsinks","Chaos"],"picked":"SKIP","floor":13.0},{"not_picked":["Fission","ReplayTheSpireMod:Omega Cannon+1"],"picked":"Electrodynamics","floor":16.0},{"not_picked":["Redo","Stack"],"picked":"Chill","floor":18.0},{"not_picked":["Scrape+1","Streamline+1"],"picked":"Hologram+1","floor":24.0},{"not_picked":["Redo","Sunder+1"],"picked":"Cold Snap+1","floor":25.0},{"not_picked":["Beam Cell+1","Heatsinks"],"picked":"Steam Power","floor":27.0},{"not_picked":["Gash+1","Hologram+1"],"picked":"Seek","floor":28.0},{"not_picked":["Go for the Eyes+1","Doom and Gloom+1"],"picked":"Capacitor","floor":29.0},{"not_picked":["Streamline+1","Leap","Compile Driver+1"],"picked":"SKIP","floor":31.0}],"player_experience":929715,"relics_obtained":[{"floor":7.0,"key":"Pantograph"},{"floor":9.0,"key":"Replay:Bottled Snecko"},{"floor":10.0,"key":"Meat on the Bone"},{"floor":13.0,"key":"Molten Egg 2"},{"floor":15.0,"key":"Darkstone Periapt"},{"floor":20.0,"key":"Pen Nib"},{"floor":24.0,"key":"Letter Opener"},{"floor":26.0,"key":"PreservedInsect"},{"floor":27.0,"key":"Gremlin Food"}],"event_choices":[{"damage_healed":0.0,"max_hp_gain":0.0,"max_hp_loss":0.0,"gold_gain":0.0,"event_name":"Living Wall","player_choice":"Grow","floor":3.0,"gold_loss":0.0,"damage_taken":0.0,"cards_upgraded":["Zap"]},{"damage_healed":0.0,"max_hp_gain":0.0,"max_hp_loss":0.0,"gold_gain":50.0,"event_name":"Golden Shrine","player_choice":"Pray","floor":14.0,"gold_loss":0.0,"damage_taken":0.0},{"damage_healed":0.0,"max_hp_gain":0.0,"max_hp_loss":0.0,"gold_gain":0.0,"event_name":"Vampires","player_choice":"Ignored","floor":21.0,"gold_loss":0.0,"damage_taken":0.0}],"is_beta":false,"boss_relics":[{"not_picked":["Painkiller Herb","Coffee Dripper"],"picked":"SlaversCollar"}],"items_purged_floors":[19],"is_endless":false,"potions_floor_spawned":[8,13,16,27,31],"killed_by":"Pondfish","ascension_level":20}}