{"host":"ocll6kdfqxraqtza","time":1611508532,"event":{"mods":["2.2 Compatiblity","Act Like it!","Aspiration","BaseMod","Better Third Choice","Gensokyo","Hallownest","Hermit","Hubris","Jorbs\u0027s Wanderer Trilogy","Luminous","Marisa（霧雨　魔理沙）","Minty Spire (QoL Compilation)","Reimu（博??梦）","Replay The Spire","Shade Mod","StSLib","The Alterego","The Bug Knight","The Cursed","The Hierophant","The Marked","The Runesmith","TheBandit","Wandering Minibosses","vexMod"],"gold_per_floor":[113,130,149,217,142,169,169,183,183,213,223,238,263,101,101,198,198,216,235,69,80,80,105,105,95,176,201,214,224,71,71,71,167,167,183,183,183,233,233,264,264,279,328,328,328],"floor_reached":44,"language":"ENG","playtime":1377,"items_purged":["theMarked:Strike","theMarked:Defend","theMarked:Strike","theMarked:Strike"],"score":546,"play_id":"9175b595-7e04-4601-8be5-06eca8c667c4","local_time":"20210125011532","is_ascension_mode":false,"campfire_choices":[{"data":"theMarked:DispelDoubt","floor":7.0,"key":"SMITH"},{"data":"theMarked:OneWithTheBlade","floor":15.0,"key":"SMITH"},{"data":"theMarked:TunnelVision","floor":24.0,"key":"SMITH"},{"data":"theMarked:ComboAttacks","floor":32,"key":"SMITH"},{"data":"Madness","floor":41,"key":"SMITH"}],"circlet_count":0,"master_deck":["theMarked:Strike","theMarked:Strike","theMarked:Defend","theMarked:Defend","theMarked:Defend","theMarked:SoldierOfQuellstein","theMarked:TwofoldDefense","theMarked:RepellingDischarge","theMarked:TunnelVision+1","theMarked:DispelDoubt+1","theMarked:ElectricStrings","theMarked:BanishingStrike+1","theMarked:StartUp+1","theMarked:Frustration+1","theMarked:OneWithTheBlade+1","theMarked:Defy+1","theMarked:ResourceFulStrike+1","theMarked:ChainLightning+1","theMarked:ChainLightning+1","theMarked:ContemptForTheProud+1","theMarked:ComboAttacks+1","theMarked:BanishingWave+1","theMarked:PowerFlow+1","theMarked:UnarmedFury+1","theMarked:Determination+1","Madness","Madness+1","theMarked:SwordAndMagic+1","theMarked:Defy+1","theMarked:Friction+1"],"relics":["theMarked:ArtifactOfAir","ReplayTheSpireMod:TigerMarble","Smiling Mask","Hallownest:BankAccountRelic","Garlic","Molten Egg 2","hubris:GlazedTorus","Toy Ornithopter","aspiration:FutureDiary","theMarked:DemonDagger","hubris:SlimyHat","hubris:MysteriousPyramids","Ginger","Vajra","hubris:TerracottaHorce","Runesmith:Locket","hubris:CrystalStatue","Dream Catcher"],"acts_visited":["Hallownest:Greenpath","TheCity","TheBeyond"],"potions_floor_usage":[33,38],"damage_taken":[{"damage":1.0,"enemies":"2_ Uuma","floor":1.0,"turns":5.0},{"damage":0.0,"enemies":"Hallownest:2_Baldur","floor":2.0,"turns":3.0},{"damage":0.0,"enemies":"Hallownest:monsterHuskGuard","floor":3.0,"turns":2.0},{"damage":0.0,"enemies":"Hallownest:eliteVengeflyKing","floor":6.0,"turns":4.0},{"damage":0.0,"enemies":"Hallownest:monsterMossCharger","floor":8.0,"turns":4.0},{"damage":7.0,"enemies":"Hallownest:eliteCrystalGuardian","floor":10.0,"turns":5.0},{"damage":13.0,"enemies":"Hallownest:1_Ooma_and_2_Uuma","floor":11.0,"turns":4.0},{"damage":0.0,"enemies":"Hallownest:Wandering_and_Horned","floor":12.0,"turns":4.0},{"damage":2.0,"enemies":"Hallownest:eliteMossKnight","floor":13.0,"turns":2.0},{"damage":20.0,"enemies":"Hallownest:BossBrokenVessel","floor":16.0,"turns":6.0},{"damage":4.0,"enemies":"2 Thieves","floor":18.0,"turns":3.0},{"damage":13.0,"enemies":"3 Cultists","floor":19.0,"turns":5.0},{"damage":7.0,"enemies":"Snake Plant","floor":21.0,"turns":2.0},{"damage":14.0,"enemies":"Replay:Snechameleon","floor":23.0,"turns":4.0},{"damage":4.0,"enemies":"Gremlin Leader","floor":27.0,"turns":4.0},{"damage":0.0,"enemies":"Centurion and Healer","floor":28.0,"turns":3.0},{"damage":6.0,"enemies":"Snecko","floor":29.0,"turns":3.0},{"damage":11,"enemies":"Automaton","floor":33,"turns":6},{"damage":7,"enemies":"3 Darklings","floor":35,"turns":2},{"damage":21,"enemies":"2 Orb Walkers","floor":38,"turns":3},{"damage":27,"enemies":"Nemesis","floor":40,"turns":5},{"damage":0,"enemies":"Orb Walker","floor":42,"turns":2},{"damage":4,"enemies":"Sphere and 2 Shapes","floor":44,"turns":1}],"seed_played":"5635267871184673556","potions_obtained":[{"floor":1.0,"key":"SteroidPotion"},{"floor":3.0,"key":"theMarked:ChargePotion"},{"floor":4.0,"key":"SpeedPotion"},{"floor":8.0,"key":"Regen Potion"},{"floor":12.0,"key":"GamblersBrew"},{"floor":16.0,"key":"Venom Potion"},{"floor":19.0,"key":"BlessingOfTheForge"},{"floor":21.0,"key":"SkillPotion"},{"floor":27.0,"key":"SteroidPotion"},{"floor":29.0,"key":"Fire Potion"},{"floor":33,"key":"Dexterity Potion"},{"floor":38,"key":"Swift Potion"}],"is_trial":false,"path_per_floor":["M","M","M","?","?","E","R","M","T","E","M","M","E","$","R","B",null,"M","M","$","M","?","E","R","$","T","E","M","M","$","?","R","B",null,"M","?","?","?","?","E","R","M","T","M"],"character_chosen":"THE_DEFAULT","items_purchased":["Toy Ornithopter","theMarked:DemonDagger","Vajra"],"campfire_rested":0,"item_purchase_floors":[14,20,30],"current_hp_per_floor":[69,69,69,52,52,52,52,52,52,45,32,32,30,30,30,30,70,66,53,53,51,58,49,49,49,49,50,50,44,44,44,44,38,62,55,46,46,30,30,3,3,3,3,0,0],"gold":328,"neow_bonus":"RANDOM_COMMON_RELIC","is_daily":false,"chose_seed":false,"campfire_upgraded":5,"win_rate":0.0,"timestamp":1611508532,"path_taken":["M","M","M","?","?","E","R","M","T","E","?","M","E","$","R","BOSS","M","?","$","M","?","E","R","$","T","E","M","M","$","?","R","BOSS","M","?","?","?","?","E","R","M","T","M"],"items_purchased_type":["Relic","Relic","Relic"],"build_version":"2020-12-22","purchased_purges":4,"victory":false,"max_hp_per_floor":[70,70,70,70,70,70,70,70,70,70,70,70,70,70,70,70,70,70,70,70,70,70,70,70,70,70,70,70,70,70,70,70,70,70,70,70,70,70,70,70,70,70,70,70,70],"card_choices":[{"not_picked":["theMarked:LightningStrikesTwice","theMarked:ResourceFulStrike"],"picked":"theMarked:SwordAndMagic","floor":1.0},{"not_picked":["theMarked:Aftermath","theMarked:Pokerface"],"picked":"theMarked:TwofoldDefense","floor":2.0},{"not_picked":["theMarked:WardOff","theMarked:Memento"],"picked":"theMarked:RepellingDischarge","floor":3.0},{"not_picked":["theMarked:WardOff","theMarked:Indomitable"],"picked":"theMarked:TunnelVision","floor":4.0},{"not_picked":["theMarked:MuscleMemory","theMarked:Generate"],"picked":"theMarked:DispelDoubt","floor":6.0},{"not_picked":["theMarked:Aftermath","theMarked:Standoff"],"picked":"theMarked:ElectricStrings","floor":8.0},{"not_picked":["theMarked:BanishingWave+1","theMarked:WardOff"],"picked":"theMarked:BanishingStrike+1","floor":10.0},{"not_picked":["theMarked:Opportunist","theMarked:PowerFlow"],"picked":"theMarked:StartUp+1","floor":11.0},{"not_picked":["theMarked:SwordAndMagic+1","theMarked:HeightenedSenses"],"picked":"theMarked:Frustration+1","floor":12.0},{"not_picked":["theMarked:Parry","theMarked:Heritage"],"picked":"theMarked:OneWithTheBlade","floor":13.0},{"not_picked":["theMarked:BindingBlade","theMarked:Levitate"],"picked":"theMarked:Defy+1","floor":16.0},{"not_picked":["theMarked:BanishingStrike+1","theMarked:MuscleMemory"],"picked":"theMarked:ResourceFulStrike+1","floor":18.0},{"not_picked":["theMarked:EmpowerWeapon","theMarked:Pokerface+1"],"picked":"theMarked:ChainLightning+1","floor":19.0},{"not_picked":["theMarked:EmpowerWeapon","theMarked:Convert"],"picked":"theMarked:ChainLightning+1","floor":21.0},{"not_picked":["theMarked:ResourceFulStrike+1","theMarked:SwordAndMagic+1"],"picked":"theMarked:ContemptForTheProud+1","floor":23.0},{"not_picked":["theMarked:Heritage","theMarked:WastefulAttack+1"],"picked":"theMarked:ComboAttacks","floor":27.0},{"not_picked":["theMarked:SwordAndMagic+1","theMarked:TakeCover"],"picked":"theMarked:BanishingWave+1","floor":28.0},{"not_picked":["theMarked:OneWithTheBlade","theMarked:TwofoldDefense"],"picked":"theMarked:PowerFlow+1","floor":29.0},{"not_picked":["theMarked:ChannelForce","theMarked:EternalStudent"],"picked":"theMarked:UnarmedFury+1","floor":33},{"not_picked":["theMarked:ElectricStrings+1","theMarked:ChainLightning+1"],"picked":"theMarked:Determination+1","floor":35},{"not_picked":["theMarked:TunnelVision+1","theMarked:ElectricStrings+1"],"picked":"theMarked:SwordAndMagic+1","floor":38},{"not_picked":["theMarked:ComboAttacks+1","theMarked:WardOff+1"],"picked":"theMarked:Defy+1","floor":40},{"not_picked":["theMarked:Improvise","theMarked:WardOff"],"picked":"theMarked:Friction+1","floor":42}],"player_experience":467893,"relics_obtained":[{"floor":4.0,"key":"Smiling Mask"},{"floor":6.0,"key":"Garlic"},{"floor":10.0,"key":"Molten Egg 2"},{"floor":13.0,"key":"hubris:GlazedTorus"},{"floor":23.0,"key":"hubris:SlimyHat"},{"floor":26.0,"key":"hubris:MysteriousPyramids"},{"floor":27.0,"key":"Ginger"},{"floor":38,"key":"Runesmith:Locket"},{"floor":40,"key":"hubris:CrystalStatue"},{"floor":43,"key":"Dream Catcher"}],"event_choices":[{"damage_healed":0,"gold_gain":0,"player_choice":"Embrace Madness","damage_taken":9,"max_hp_gain":0,"max_hp_loss":0,"event_name":"Winding Halls","floor":36,"gold_loss":0,"cards_obtained":["Madness","Madness"]},{"cards_removed":["theMarked:SwordAndMagic"],"damage_healed":0,"gold_gain":0,"player_choice":"Removed Attack","damage_taken":0,"max_hp_gain":0,"max_hp_loss":0,"event_name":"Falling","floor":37,"gold_loss":0},{"damage_healed":0,"gold_gain":0,"player_choice":"Fight","damage_taken":0,"max_hp_gain":0,"max_hp_loss":0,"event_name":"Mysterious Sphere","floor":38,"gold_loss":0},{"damage_healed":0,"gold_gain":0,"player_choice":"Ignored","damage_taken":0,"max_hp_gain":0,"max_hp_loss":0,"event_name":"Tomb of Lord Red Mask","floor":39,"gold_loss":0}],"is_beta":false,"boss_relics":[{"not_picked":["Black Star","Busted Crown"],"picked":"aspiration:FutureDiary"},{"not_picked":["Runic Dome","hubris:ScarierMask"],"picked":"hubris:TerracottaHorce"}],"items_purged_floors":[14,20,25,30],"is_endless":false,"potions_floor_spawned":[1,3,8,12,16,19,21,27,29,33,38,42],"killed_by":"Sphere and 2 Shapes","ascension_level":0}}