{"host":"cfluht5kr2kfk9p9","time":1611458235,"event":{"mods":["Arknights The Spire","BaseMod","Minty Spire (QoL Compilation)","Quick Restart","Rare Cards Sparkle","Relic Stats","StSLib"],"gold_per_floor":[118,138,138,158,169,203,218,218,218],"floor_reached":8,"language":"ZHS","playtime":167,"items_purged":[],"score":75,"play_id":"c5b72d20-a575-4780-9d3a-d51790f1be42","local_time":"20210124111715","is_ascension_mode":true,"campfire_choices":[],"circlet_count":0,"master_deck":["ats:Strike C","ats:Strike G","ats:Strike V","ats:Armor Crushing Shot","ats:Defend","ats:Defend","ats:Defend","ats:Defend","ats:Emotion Absorption","ats:Closed Bolt Burst Fire","ats:Chain Hook","ats:Nebulous Foxfire","ats:Curse Doll","ats:Blood Oath","ats:Steam Pump","ats:Apocalypse"],"relics":["ats:Sanity","NeowsBlessing","ats:Originium","Dream Catcher"],"acts_visited":["Exordium"],"potions_floor_usage":[8,8],"damage_taken":[{"damage":0,"enemies":"Small Slimes","floor":1,"turns":1},{"damage":0,"enemies":"Jaw Worm","floor":2,"turns":1},{"damage":0,"enemies":"2 Louse","floor":4,"turns":1},{"damage":15,"enemies":"Gremlin Gang","floor":5,"turns":4},{"damage":45,"enemies":"Lagavulin","floor":6,"turns":6},{"damage":13,"enemies":"Blue Slaver","floor":7,"turns":3},{"damage":2,"enemies":"3 Sentries","floor":8,"turns":2}],"seed_played":"1986131550148494600","potions_obtained":[{"floor":1,"key":"SpeedPotion"},{"floor":6,"key":"LiquidBronze"},{"floor":7,"key":"Energy Potion"}],"is_trial":false,"path_per_floor":["M","M","?","M","M","E","M","E"],"character_chosen":"DOCTOR_CLASS","items_purchased":[],"campfire_rested":0,"item_purchase_floors":[],"current_hp_per_floor":[72,72,72,72,57,21,8,6,6],"gold":218,"neow_bonus":"THREE_ENEMY_KILL","is_daily":false,"chose_seed":false,"campfire_upgraded":0,"win_rate":0.0,"timestamp":1611458235,"path_taken":["M","M","?","M","M","E","M","E"],"items_purchased_type":[],"build_version":"2020-12-22","purchased_purges":0,"victory":false,"max_hp_per_floor":[72,72,72,72,72,72,72,72,72],"relic_stats":{"Dream Catcher":0,"counters":[7,18],"obtain_stats":[{"Dream Catcher":6,"NeowsBlessing":0,"ats:Originium":6,"ats:Sanity":0},{"Dream Catcher":5,"NeowsBlessing":0,"ats:Originium":5,"ats:Sanity":0},{"Dream Catcher":13,"NeowsBlessing":0,"ats:Originium":13,"ats:Sanity":0}]},"card_choices":[{"not_picked":["ats:Overload","ats:Very Hot Blade"],"picked":"ats:Closed Bolt Burst Fire","floor":1},{"not_picked":["ats:Closed Bolt Burst Fire","ats:Thermite Blade"],"picked":"ats:Chain Hook","floor":2},{"not_picked":["ats:Counter Healing Mode","ats:Explosion Area Strengthen"],"picked":"ats:Curse Doll","floor":4},{"not_picked":["ats:Magnetic Hammer","ats:Burning Ground"],"picked":"ats:Blood Oath","floor":5},{"not_picked":["ats:Ignite","ats:Roar Of Ursus"],"picked":"ats:Steam Pump","floor":6},{"not_picked":["ats:Curse Doll","ats:Blood Oath"],"picked":"ats:Apocalypse","floor":7}],"player_experience":64552,"relics_obtained":[{"floor":6,"key":"ats:Originium"},{"floor":6,"key":"Dream Catcher"}],"event_choices":[{"damage_healed":0,"gold_gain":0,"cards_transformed":["ats:Strike S"],"player_choice":"Change","damage_taken":0,"max_hp_gain":0,"max_hp_loss":0,"event_name":"Living Wall","floor":3,"gold_loss":0,"cards_obtained":["ats:Nebulous Foxfire"]}],"is_beta":false,"boss_relics":[],"items_purged_floors":[],"is_endless":false,"potions_floor_spawned":[1,6,7],"killed_by":"3 Sentries","ascension_level":5}}