{"host":"aj7el8l5kufbk20z","time":1611467133,"event":{"mods":["AchievementEnabler","BaseMod","Colored Map","Colored Powertips","Curses Come First","Highlight Path","Minty Spire (QoL Compilation)","Permanent Neow","Poor People Problems","Quick Restart","Rare Cards Sparkle","Relic Stats","StSLib","SuperFastMode","Waifu the Spire"],"gold_per_floor":[111,121,87,106,106,106,118,118,145,145,145,320,320,320,320,320,320],"floor_reached":16,"language":"ZHS","playtime":537,"items_purged":[],"score":141,"play_id":"324fd57d-a15d-4346-b2ec-c40a16c85a45","local_time":"20210124134533","is_ascension_mode":true,"campfire_choices":[{"data":"Infinite Blades","floor":6.0,"key":"SMITH"},{"data":"Well Laid Plans","floor":8,"key":"SMITH"},{"data":"Escape Plan","floor":10,"key":"SMITH"},{"data":"Backflip","floor":13,"key":"SMITH"},{"data":"PiercingWail","floor":15,"key":"SMITH"}],"circlet_count":0,"master_deck":["AscendersBane","Strike_G","Strike_G","Strike_G","Strike_G","Strike_G","Defend_G","Defend_G","Defend_G","Defend_G","Defend_G","Survivor","Neutralize","Escape Plan+1","PiercingWail+1","Infinite Blades+1","Well Laid Plans+1","Backflip+1"],"relics":["Ring of the Snake","Toy Ornithopter","Centennial Puzzle","Lantern"],"acts_visited":["Exordium"],"potions_floor_usage":[],"damage_taken":[{"damage":0.0,"enemies":"2 Louse","floor":1.0,"turns":3.0},{"damage":1.0,"enemies":"Jaw Worm","floor":2.0,"turns":6.0},{"damage":5.0,"enemies":"Cultist","floor":4.0,"turns":5.0},{"damage":13,"enemies":"3 Louse","floor":7,"turns":5},{"damage":20,"enemies":"The Guardian","floor":16,"turns":8}],"seed_played":"-7829311304371129563","potions_obtained":[{"floor":4.0,"key":"SmokeBomb"}],"is_trial":false,"path_per_floor":["M","M","$","M","$","R","M","R","T","R","?","?","R","?","R","B"],"character_chosen":"THE_SILENT","items_purchased":["Infinite Blades"],"campfire_rested":0,"item_purchase_floors":[3],"current_hp_per_floor":[63,62,62,57,57,57,44,44,44,44,41,41,41,41,41,21,21],"gold":320,"neow_bonus":"RANDOM_COMMON_RELIC","is_daily":false,"chose_seed":false,"campfire_upgraded":5,"win_rate":0.0,"timestamp":1611467133,"path_taken":["M","M","$","M","$","R","M","R","T","R","?","?","R","?","R","BOSS"],"items_purchased_type":["Card"],"build_version":"2020-12-22","purchased_purges":0,"victory":false,"max_hp_per_floor":[70,70,70,70,70,70,70,70,70,70,70,70,70,70,70,70,70],"relic_stats":{"Centennial Puzzle":[3],"counters":[5,27],"obtain_stats":[{"Centennial Puzzle":9,"Lantern":11,"Toy Ornithopter":0,"Ring of the Snake":0},{"Centennial Puzzle":4,"Lantern":4,"Toy Ornithopter":0,"Ring of the Snake":0},{"Centennial Puzzle":19,"Lantern":19,"Toy Ornithopter":0,"Ring of the Snake":0}],"Toy Ornithopter":0,"Ring of the Snake":[10]},"card_choices":[{"not_picked":["Dodge and Roll","Catalyst"],"picked":"Escape Plan","floor":1.0},{"not_picked":["Slice","Deflect"],"picked":"PiercingWail","floor":2.0},{"not_picked":["Crippling Poison","Deadly Poison"],"picked":"Well Laid Plans","floor":4.0},{"not_picked":["Flechettes","Deadly Poison"],"picked":"Backflip","floor":7}],"player_experience":372845,"relics_obtained":[{"floor":9,"key":"Centennial Puzzle"}],"event_choices":[{"damage_healed":0,"gold_gain":0,"player_choice":"Success","damage_taken":3,"relics_obtained":["Lantern"],"max_hp_gain":0,"max_hp_loss":0,"event_name":"Scrap Ooze","floor":11,"gold_loss":0},{"damage_healed":0,"gold_gain":175,"player_choice":"AGREE","damage_taken":0,"max_hp_gain":0,"max_hp_loss":0,"event_name":"Liars Game","floor":12,"gold_loss":0,"cards_obtained":["Doubt"]},{"cards_removed":["Doubt"],"damage_healed":0,"gold_gain":0,"player_choice":"Forget","damage_taken":0,"max_hp_gain":0,"max_hp_loss":0,"event_name":"Living Wall","floor":14,"gold_loss":0}],"is_beta":false,"boss_relics":[],"items_purged_floors":[],"is_endless":false,"potions_floor_spawned":[4],"killed_by":"The Guardian","ascension_level":12}}