{"host":"h1qktzcccqnez8tx","time":1611506666,"event":{"mods":["BaseMod","Block Reminder","Colored Map","Colored Powertips","Curses Come First","Highlight Path","Infinite Spire","Minty Spire (QoL Compilation)","Permanent Neow","Quick Restart","Replay The Spire","StSLib","The Jungle"],"gold_per_floor":[115,66,77,77,88,116,116,147,147,159,159,174,39,56,56,159,159,173,22,42,58,58,58],"floor_reached":22,"language":"ENG","playtime":1033,"items_purged":["Parasite"],"score":397,"play_id":"dd16aa2f-f72d-4a4a-99c2-8335db696a15","local_time":"20210124174426","daily_mods":["SealedDeck"],"is_ascension_mode":true,"campfire_choices":[{"data":"Dodge and Roll","floor":7,"key":"SMITH"},{"data":"Infinite Blades","floor":15,"key":"SMITH"}],"circlet_count":0,"master_deck":["AscendersBane","Prepared","Dodge and Roll+1","Skewer","PiercingWail","Cloak And Dagger","Blade Dance","Blade Dance","Blade Dance","Blade Dance","Infinite Blades+1","Flying Knee","Dagger Spray","Dodge and Roll","Acrobatics","Unload","Predator","Accuracy+1","Terror","CommonCold","Storm of Steel","Forethought","infinitespire:SevenWalls","Eruption","Finisher","Accuracy","Blade Dance","After Image","Deadly Poison","Choke","Blade Dance+1"],"relics":["Ring of the Snake","Pantograph","Byrd Skull","Ice Cream","ReplayTheSpireMod:SealedPack","Orrery"],"acts_visited":["Exordium","TheCity"],"potions_floor_usage":[16,16,22],"damage_taken":[{"damage":6,"enemies":"Jaw Worm","floor":1,"turns":2},{"damage":0,"enemies":"Cultist","floor":3,"turns":2},{"damage":0,"enemies":"Small Slimes","floor":5,"turns":3},{"damage":26,"enemies":"Lagavulin","floor":6,"turns":5},{"damage":14,"enemies":"Gremlin Nob","floor":8,"turns":3},{"damage":0,"enemies":"3 Louse","floor":10,"turns":2},{"damage":10,"enemies":"Large Slime","floor":12,"turns":4},{"damage":0,"enemies":"2 Fungi Beasts","floor":14,"turns":3},{"damage":0,"enemies":"Slime Boss","floor":16,"turns":2},{"damage":5,"enemies":"2 Thieves","floor":18,"turns":4},{"damage":12,"enemies":"Chosen","floor":20,"turns":3},{"damage":48,"enemies":"Snake Plant","floor":21,"turns":4},{"damage":8,"enemies":"Sentry and Sphere","floor":22,"turns":3}],"seed_played":"81674166778311084","potions_obtained":[{"floor":3,"key":"DistilledChaos"},{"floor":5,"key":"Elixir"},{"floor":6,"key":"Strength Potion"},{"floor":20,"key":"BlessingOfTheForge"}],"is_trial":true,"path_per_floor":["M","$","M","?","M","E","R","E","T","M","?","M","$","M","R","B",null,"M","$","M","M","M"],"character_chosen":"THE_SILENT","items_purchased":["Strength Potion","Accuracy+1","Orrery"],"campfire_rested":0,"item_purchase_floors":[2,13,19],"current_hp_per_floor":[57,57,57,62,62,36,36,22,22,22,40,30,30,30,30,55,68,63,63,51,3,0,0],"gold":58,"neow_bonus":"","is_daily":false,"chose_seed":false,"campfire_upgraded":2,"win_rate":0.0,"timestamp":1611506666,"path_taken":["M","$","M","?","M","E","R","E","T","M","?","M","?","M","R","BOSS","M","$","M","M","M"],"items_purchased_type":["Potion","Card","Relic"],"build_version":"2020-12-22","purchased_purges":1,"victory":false,"max_hp_per_floor":[70,70,70,75,75,75,75,75,75,75,75,75,72,72,72,72,72,72,72,72,72,72,72],"card_choices":[{"not_picked":["Underhanded Strike","Deadly Poison"],"picked":"Flying Knee","floor":1},{"not_picked":["Poisoned Stab","Backflip","Dodge and Roll"],"picked":"SKIP","floor":3},{"not_picked":["Bouncing Flask","Dagger Throw"],"picked":"Dagger Spray","floor":5},{"not_picked":["Dagger Throw","Crippling Poison"],"picked":"Dodge and Roll","floor":6},{"not_picked":["Expertise","Dodge and Roll"],"picked":"Acrobatics","floor":8},{"not_picked":["Well Laid Plans","Sucker Punch"],"picked":"Unload","floor":10},{"not_picked":["Outmaneuver","Flying Knee"],"picked":"Predator","floor":12},{"not_picked":["Poisoned Stab","Replay:Poison Smokescreen"],"picked":"Terror","floor":14},{"not_picked":["Atom Bomb","Night Terror"],"picked":"Storm of Steel","floor":17},{"not_picked":["PanicButton","Bandage Up"],"picked":"Forethought","floor":17},{"not_picked":["infinitespire:Execution","infinitespire:Oblivion"],"picked":"infinitespire:SevenWalls","floor":17},{"not_picked":["Bash","Dualcast"],"picked":"Eruption","floor":17},{"not_picked":["Quick Slash","Deadly Poison"],"picked":"Finisher","floor":18},{"not_picked":["Flying Knee","Sneak Up+1"],"picked":"Accuracy","floor":19},{"not_picked":["Prepared","Underhanded Strike"],"picked":"Blade Dance","floor":19},{"not_picked":["ReplayTheSpireMod:Exploit Weakness","Underhanded Strike"],"picked":"After Image","floor":19},{"not_picked":["Underhanded Strike","Deflect+1"],"picked":"Deadly Poison","floor":19},{"not_picked":["Distraction","Doppelganger"],"picked":"Choke","floor":19},{"not_picked":["Backflip","Prepared","Deadly Poison"],"picked":"SKIP","floor":20},{"not_picked":["PiercingWail","Escape Plan"],"picked":"Blade Dance+1","floor":21}],"player_experience":134906,"relics_obtained":[{"floor":6,"key":"Pantograph"},{"floor":8,"key":"Byrd Skull"},{"floor":9,"key":"Ice Cream"}],"event_choices":[{"damage_healed":0,"gold_gain":0,"player_choice":"Donut","damage_taken":0,"max_hp_gain":5,"max_hp_loss":0,"event_name":"Big Fish","floor":4,"gold_loss":0},{"damage_healed":18,"gold_gain":0,"player_choice":"Healed and dodged fight","damage_taken":0,"max_hp_gain":0,"max_hp_loss":0,"event_name":"Mushrooms","floor":11,"gold_loss":0,"cards_obtained":["Parasite"]}],"is_beta":false,"boss_relics":[{"not_picked":["Snecko Scales","Painkiller Herb"],"picked":"ReplayTheSpireMod:SealedPack"}],"items_purged_floors":[13],"is_endless":false,"potions_floor_spawned":[3,5,6,14,20],"killed_by":"Sentry and Sphere","ascension_level":10}}