{"host":"bsjxazy3oyu2p5p6","time":1611448629,"event":{"mods":["AchievementEnabler","BaseMod","Colored Map","Colored Powertips","Minty Spire (QoL Compilation)"],"gold_per_floor":[215,290,309,329,186,186,186,200,200,200,200,200,200,219,219,323,373,385,403,403,415,415,415,432,442,468,468,480,480,14,33,33,129,129,139,139,155,155,7,7,7],"floor_reached":40,"language":"ENG","playtime":2305,"items_purged":["Writhe"],"score":428,"play_id":"d047d543-3575-4d6f-aa29-637782c5a9bc","local_time":"20210123173709","is_ascension_mode":false,"campfire_choices":[{"data":"Eruption","floor":6,"key":"SMITH"},{"data":"EmptyMind","floor":11,"key":"SMITH"},{"data":"BattleHymn","floor":15,"key":"SMITH"},{"data":"SashWhip","floor":23,"key":"SMITH"},{"data":"Scrawl","floor":27,"key":"SMITH"},{"data":"Prostrate","floor":32,"key":"SMITH"}],"circlet_count":0,"master_deck":["Eruption+1","Vigilance","Consecrate","Consecrate","EmptyMind+1","BattleHymn+1","Scrawl+1","JustLucky","FollowUp+1","Prostrate+1","SashWhip+1","CutThroughFate+1","Conclude+1","CarveReality","Worship","Crescendo","Brilliance","Alpha","Protect","Alpha","Protect","BattleHymn","Fasting2","FearNoEvil","WindmillStrike","WaveOfTheHand+1","ThirdEye+1","Fasting2"],"relics":["PureWater","Toolbox","Tiny House","StoneCalendar","Nloth\u0027s Gift","Toy Ornithopter","Lee\u0027s Waffle","Ice Cream","Pandora\u0027s Box"],"acts_visited":["Exordium","TheCity","TheBeyond"],"potions_floor_usage":[16,16,19,21,24,24,24,24,25,28,40,40],"damage_taken":[{"damage":0,"enemies":"Jaw Worm","floor":1,"turns":3},{"damage":0,"enemies":"Small Slimes","floor":3,"turns":2},{"damage":0,"enemies":"Cultist","floor":4,"turns":2},{"damage":0,"enemies":"3 Louse","floor":8,"turns":2},{"damage":3,"enemies":"Large Slime","floor":14,"turns":4},{"damage":0,"enemies":"Slime Boss","floor":16,"turns":2},{"damage":5,"enemies":"3 Byrds","floor":18,"turns":3},{"damage":2,"enemies":"Chosen","floor":19,"turns":3},{"damage":13,"enemies":"Snecko","floor":21,"turns":5},{"damage":1,"enemies":"3 Cultists","floor":24,"turns":4},{"damage":4,"enemies":"Cultist and Chosen","floor":25,"turns":6},{"damage":0,"enemies":"Chosen and Byrds","floor":28,"turns":2},{"damage":15,"enemies":"Centurion and Healer","floor":31,"turns":3},{"damage":32,"enemies":"Automaton","floor":33,"turns":6},{"damage":0,"enemies":"3 Shapes","floor":35,"turns":2},{"damage":51,"enemies":"Orb Walker","floor":37,"turns":6},{"damage":87,"enemies":"Nemesis","floor":40,"turns":5}],"seed_played":"-6640848395727356633","potions_obtained":[{"floor":3,"key":"Swift Potion"},{"floor":14,"key":"Ambrosia"},{"floor":16,"key":"DistilledChaos"},{"floor":17,"key":"EntropicBrew"},{"floor":18,"key":"SneckoOil"},{"floor":21,"key":"Block Potion"},{"floor":25,"key":"Fire Potion"},{"floor":33,"key":"Strength Potion"},{"floor":37,"key":"DuplicationPotion"}],"is_trial":false,"path_per_floor":["M","?","M","M","$","R","?","M","T","?","R","?","?","M","R","B",null,"M","M","?","M","?","R","M","M","T","R","M","?","$","M","R","B",null,"M","?","M","?","$","E"],"character_chosen":"WATCHER","items_purchased":["Toolbox","Lee\u0027s Waffle","Ice Cream","Worship","Fasting2"],"campfire_rested":0,"item_purchase_floors":[5,30,30,30,39],"current_hp_per_floor":[72,61,61,61,61,61,72,72,72,72,72,77,77,74,74,77,82,77,77,77,66,66,66,65,61,61,61,66,50,94,79,79,47,94,94,94,43,82,82,0,0],"gold":7,"neow_bonus":"HUNDRED_GOLD","is_daily":false,"chose_seed":false,"campfire_upgraded":6,"win_rate":0.0,"timestamp":1611448629,"path_taken":["M","?","M","M","$","R","?","?","T","?","R","?","?","M","R","BOSS","M","?","?","M","?","R","?","M","T","R","M","?","$","M","R","BOSS","M","?","?","?","$","E"],"items_purchased_type":["Relic","Relic","Relic","Card","Card"],"build_version":"2020-12-22","purchased_purges":1,"victory":false,"max_hp_per_floor":[72,72,72,72,72,72,72,72,72,72,72,77,77,77,77,77,82,82,82,82,82,82,82,82,82,82,82,82,87,94,94,94,94,94,94,94,94,82,82,82,82],"card_choices":[{"not_picked":["MentalFortress","Protect"],"picked":"Consecrate","floor":1},{"not_picked":["EmptyBody","Vengeance"],"picked":"Worship","floor":3},{"not_picked":["Halt","Crescendo"],"picked":"Consecrate","floor":4},{"not_picked":["Crescendo","FlyingSleeves"],"picked":"EmptyMind","floor":8},{"not_picked":["Prostrate","Wallop"],"picked":"BattleHymn","floor":14},{"not_picked":["Blasphemy","Vault"],"picked":"Scrawl","floor":16},{"not_picked":["Evaluate","ForeignInfluence"],"picked":"JustLucky","floor":17},{"not_picked":["BowlingBash+1","Nirvana"],"picked":"FollowUp+1","floor":18},{"not_picked":["Sanctity","Adaptation"],"picked":"Prostrate","floor":19},{"not_picked":["Halt","LikeWater"],"picked":"SashWhip","floor":21},{"not_picked":["Protect+1","Crescendo"],"picked":"CutThroughFate+1","floor":24},{"not_picked":["EmptyBody","ThirdEye"],"picked":"Conclude+1","floor":25},{"not_picked":["EmptyBody","Wallop+1"],"picked":"CarveReality","floor":28},{"not_picked":["CutThroughFate","InnerPeace"],"picked":"Crescendo","floor":31},{"not_picked":["ConjureBlade","Ragnarok"],"picked":"Brilliance","floor":33},{"not_picked":["ClearTheMind+1","Tantrum"],"picked":"WaveOfTheHand+1","floor":35},{"not_picked":["Nirvana","WheelKick+1"],"picked":"ThirdEye+1","floor":37}],"player_experience":490944,"relics_obtained":[{"floor":9,"key":"Bird Faced Urn"},{"floor":26,"key":"Toy Ornithopter"}],"event_choices":[{"damage_healed":0,"gold_gain":75,"player_choice":"Gather Gold","damage_taken":11,"max_hp_gain":0,"max_hp_loss":0,"event_name":"World of Goop","floor":2,"gold_loss":0},{"cards_removed":["Worship"],"damage_healed":11,"gold_gain":0,"player_choice":"Offered Uncommon","damage_taken":0,"max_hp_gain":0,"max_hp_loss":0,"event_name":"Bonfire Elementals","floor":7,"gold_loss":0},{"damage_healed":0,"gold_gain":0,"player_choice":"Ignored","damage_taken":0,"max_hp_gain":0,"max_hp_loss":0,"event_name":"Golden Wing","floor":10,"gold_loss":0},{"damage_healed":0,"gold_gain":0,"player_choice":"Donut","damage_taken":0,"max_hp_gain":5,"max_hp_loss":0,"event_name":"Big Fish","floor":12,"gold_loss":0},{"damage_healed":0,"gold_gain":0,"player_choice":"Ignored","damage_taken":0,"max_hp_gain":0,"max_hp_loss":0,"event_name":"Purifier","floor":13,"gold_loss":0},{"damage_healed":0,"gold_gain":0,"player_choice":"Opened","damage_taken":0,"relics_obtained":["StoneCalendar"],"max_hp_gain":0,"max_hp_loss":0,"event_name":"The Mausoleum","floor":20,"gold_loss":0,"cards_obtained":["Writhe"]},{"damage_healed":0,"gold_gain":0,"player_choice":"Traded Relic","damage_taken":0,"relics_obtained":["Nloth\u0027s Gift"],"max_hp_gain":0,"max_hp_loss":0,"event_name":"N\u0027loth","floor":22,"relics_lost":["Bird Faced Urn"],"gold_loss":0},{"damage_healed":0,"gold_gain":0,"player_choice":"Shed Blood","damage_taken":21,"max_hp_gain":5,"max_hp_loss":0,"event_name":"Forgotten Altar","floor":29,"gold_loss":0},{"damage_healed":0,"gold_gain":0,"player_choice":"Ignored","damage_taken":0,"max_hp_gain":0,"max_hp_loss":0,"event_name":"SecretPortal","floor":36,"gold_loss":0},{"damage_healed":82,"gold_gain":0,"player_choice":"Heal","damage_taken":0,"max_hp_gain":0,"max_hp_loss":12,"event_name":"The Moai Head","floor":38,"gold_loss":0}],"is_beta":false,"boss_relics":[{"not_picked":["Cursed Key","Empty Cage"],"picked":"Tiny House"},{"not_picked":["Velvet Choker","Philosopher\u0027s Stone"],"picked":"Pandora\u0027s Box"}],"items_purged_floors":[39],"is_endless":false,"potions_floor_spawned":[3,14,16,18,21,25,33,37],"killed_by":"Nemesis","ascension_level":0}}