{"host":"j4g6ia6asvpyu2b0","time":1611521905,"event":{"mods":["BaseMod","Colored Map","Minty Spire (QoL Compilation)","Permanent Neow","Quick Restart","Relic Stats","StSLib","Unceasing Turn Reminder"],"gold_per_floor":[115,115,125,138,138,138,164,180,180,214,214,230,63,82,82,156,156,174,15,35,35,35,70,70,85,162,162,162],"floor_reached":27,"language":"ENG","playtime":621,"items_purged":["Strike_R"],"score":474,"play_id":"f454c7a2-3bed-4b66-a57e-f96347fa61cc","local_time":"20210124135825","is_ascension_mode":true,"campfire_choices":[{"data":"Bash","floor":6,"key":"SMITH"},{"data":"Disarm","floor":11,"key":"SMITH"},{"data":"Metallicize","floor":15,"key":"SMITH"},{"floor":24,"key":"REST"}],"circlet_count":0,"master_deck":["AscendersBane","Strike_R","Strike_R","Strike_R","Defend_R","Defend_R","Defend_R","Defend_R","Bash+1","Cleave","Whirlwind+1","Metallicize+1","Warcry","Clothesline","Disarm+1","Thunderclap","Limit Break","Limit Break","Warcry","Inflame","Inflame","Pain","Warcry","Inflame"],"relics":["Sozu","Ornamental Fan","Darkstone Periapt","Lee\u0027s Waffle","Busted Crown","WarpedTongs","Oddly Smooth Stone","Self Forming Clay"],"acts_visited":["Exordium","TheCity"],"potions_floor_usage":[],"damage_taken":[{"damage":2,"enemies":"2 Louse","floor":1,"turns":3},{"damage":12,"enemies":"Jaw Worm","floor":3,"turns":2},{"damage":0,"enemies":"Cultist","floor":4,"turns":2},{"damage":24,"enemies":"Lagavulin","floor":7,"turns":7},{"damage":3,"enemies":"Looter","floor":8,"turns":3},{"damage":5,"enemies":"Gremlin Nob","floor":10,"turns":3},{"damage":12,"enemies":"Exordium Thugs","floor":12,"turns":3},{"damage":0,"enemies":"2 Fungi Beasts","floor":14,"turns":1},{"damage":40,"enemies":"The Guardian","floor":16,"turns":9},{"damage":20,"enemies":"3 Byrds","floor":18,"turns":5},{"damage":22,"enemies":"2 Thieves","floor":20,"turns":2},{"damage":35,"enemies":"Gremlin Leader","floor":23,"turns":5},{"damage":8,"enemies":"Snake Plant","floor":25,"turns":4},{"damage":19,"enemies":"Book of Stabbing","floor":27,"turns":3}],"seed_played":"3671761820490024677","potions_obtained":[],"is_trial":false,"path_per_floor":["M","?","M","M","?","R","E","M","T","E","R","M","$","M","R","B",null,"M","$","M","?","$","E","R","M","T","E"],"character_chosen":"IRONCLAD","items_purchased":["Lee\u0027s Waffle","Inflame"],"campfire_rested":1,"item_purchase_floors":[13,19],"current_hp_per_floor":[66,59,47,47,47,47,23,20,20,15,15,3,82,82,82,42,72,52,52,30,36,36,1,27,19,19,0,0],"gold":162,"neow_bonus":"BOSS_RELIC","is_daily":false,"chose_seed":false,"campfire_upgraded":3,"win_rate":0.0,"timestamp":1611521905,"path_taken":["M","?","M","M","?","R","E","M","T","E","R","M","?","?","R","BOSS","M","$","M","?","?","E","R","M","T","E"],"items_purchased_type":["Relic","Card"],"build_version":"2020-12-22","purchased_purges":1,"victory":false,"max_hp_per_floor":[75,75,75,75,75,75,75,75,75,75,75,75,82,82,82,82,82,82,82,82,88,88,88,88,88,88,88,88],"relic_stats":{"Sozu":7,"Darkstone Periapt":6,"Lee\u0027s Waffle":79,"Busted Crown":8,"counters":[14,52],"Ornamental Fan":[12],"Self Forming Clay":[9],"obtain_stats":[{"Sozu":0,"Darkstone Periapt":10,"Lee\u0027s Waffle":13,"Busted Crown":17,"Ornamental Fan":7,"Self Forming Clay":26,"Oddly Smooth Stone":23,"Burning Blood":0,"WarpedTongs":21},{"Sozu":0,"Darkstone Periapt":6,"Lee\u0027s Waffle":7,"Busted Crown":9,"Ornamental Fan":4,"Self Forming Clay":13,"Oddly Smooth Stone":12,"Burning Blood":0,"WarpedTongs":11},{"Sozu":0,"Darkstone Periapt":20,"Lee\u0027s Waffle":23,"Busted Crown":33,"Ornamental Fan":14,"Self Forming Clay":49,"Oddly Smooth Stone":45,"Burning Blood":0,"WarpedTongs":40}],"WarpedTongs":[12]},"card_choices":[{"not_picked":["Anger","Combust"],"picked":"Cleave","floor":1},{"not_picked":["Flame Barrier","Blood for Blood"],"picked":"Whirlwind","floor":3},{"not_picked":["Sentinel","Heavy Blade"],"picked":"Metallicize","floor":4},{"not_picked":["Anger","Flex"],"picked":"Warcry","floor":7},{"not_picked":["True Grit","Sword Boomerang"],"picked":"Clothesline","floor":8},{"not_picked":["Uppercut","Thunderclap"],"picked":"Disarm","floor":10},{"not_picked":["Wild Strike","Entrench"],"picked":"Thunderclap","floor":12},{"not_picked":["Heavy Blade","Reckless Charge"],"picked":"Limit Break","floor":14},{"not_picked":["Fiend Fire","Impervious"],"picked":"Limit Break","floor":16},{"not_picked":[],"picked":"Warcry","floor":18},{"not_picked":[],"picked":"Inflame","floor":20},{"not_picked":[],"picked":"Warcry","floor":23},{"not_picked":[],"picked":"Inflame","floor":25}],"player_experience":992524,"relics_obtained":[{"floor":7,"key":"Ornamental Fan"},{"floor":10,"key":"Darkstone Periapt"},{"floor":23,"key":"Oddly Smooth Stone"},{"floor":26,"key":"Self Forming Clay"}],"event_choices":[{"cards_removed":["Strike_R"],"damage_healed":0,"gold_gain":0,"player_choice":"Card Removal","damage_taken":7,"max_hp_gain":0,"max_hp_loss":0,"event_name":"Golden Wing","floor":2,"gold_loss":0},{"damage_healed":0,"gold_gain":0,"player_choice":"Grow","damage_taken":0,"max_hp_gain":0,"max_hp_loss":0,"event_name":"Living Wall","floor":5,"gold_loss":0,"cards_upgraded":["Whirlwind"]},{"damage_healed":0,"gold_gain":0,"player_choice":"Rummage","damage_taken":0,"relics_obtained":["WarpedTongs"],"max_hp_gain":0,"max_hp_loss":0,"event_name":"Accursed Blacksmith","floor":21,"gold_loss":0,"cards_obtained":["Pain"]}],"is_beta":false,"boss_relics":[{"not_picked":["Mark of Pain","Runic Cube"],"picked":"Busted Crown"}],"items_purged_floors":[19],"is_endless":false,"potions_floor_spawned":[3,8,10,12,16,18,25],"killed_by":"Book of Stabbing","ascension_level":19}}