{"host":"92108ef2q9tm8rod","time":1611516448,"event":{"mods":["BaseMod","Defuse TimeMaze Blight","Minty Spire (QoL Compilation)","StSLib","The Jungle"],"gold_per_floor":[111,124,124,141,155,189,189,221,221,221,236,262,262,282,282,380,380,400,248,266,279,279,279,314,326,364,376,388,400,440,471,483,600,612,639,670,287,300,44,55,90,90,90,117,117,117,142,154,154,154],"floor_reached":51,"language":"ENG","playtime":2473,"items_purged":["Streamline+1","Dark Shackles"],"score":945,"play_id":"80b96e18-6490-4e95-99c5-5a11803621f8","local_time":"20210124192728","daily_mods":["SealedDeck","Colorless Cards","Heirloom","Flight"],"is_ascension_mode":false,"campfire_choices":[{"data":"Defragment","floor":7,"key":"SMITH"},{"data":"Blind","floor":10,"key":"SMITH"},{"data":"Good Instincts","floor":13,"key":"SMITH"},{"data":"Conserve Battery","floor":15,"key":"SMITH"},{"data":"Ball Lightning","floor":23,"key":"SMITH"},{"floor":25,"key":"REST"},{"data":"Streamline","floor":27,"key":"SMITH"},{"data":"Ball Lightning","floor":28,"key":"SMITH"},{"data":"Ball Lightning","floor":32,"key":"SMITH"},{"data":"Loop","floor":42,"key":"SMITH"},{"data":"Finesse","floor":45,"key":"SMITH"},{"data":"Leap","floor":46,"key":"SMITH"},{"data":"Leap","floor":49,"key":"SMITH"}],"circlet_count":0,"master_deck":["Ball Lightning+1","Leap+1","Leap+1","Good Instincts+1","Ball Lightning+1","Defragment+1","Ball Lightning+1","Blind+1","Conserve Battery+1","Defragment+1","Finesse+1","Loop+1"],"relics":["Cracked Core","Dead Branch","Blood Vial","Mummified Hand","HornCleat","Regal Pillow","Inserter","DollysMirror","MawBank","Nunchaku","Bronze Scales","Mercury Hourglass","DataDisk","Whetstone","CeramicFish","Molten Egg 2","Thread and Needle"],"acts_visited":["Exordium","Exordium","TheBeyond"],"potions_floor_usage":[16,20,21,33,50,50],"damage_taken":[{"damage":0,"enemies":"2 Louse","floor":1,"turns":2},{"damage":0,"enemies":"Jaw Worm","floor":2,"turns":2},{"damage":0,"enemies":"Cultist","floor":4,"turns":3},{"damage":0,"enemies":"Large Slime","floor":5,"turns":3},{"damage":6,"enemies":"Lagavulin","floor":6,"turns":4},{"damage":6,"enemies":"Gremlin Nob","floor":8,"turns":3},{"damage":0,"enemies":"3 Louse","floor":11,"turns":2},{"damage":0,"enemies":"3 Sentries","floor":12,"turns":4},{"damage":0,"enemies":"Looter","floor":14,"turns":2},{"damage":3,"enemies":"The Guardian","floor":16,"turns":7},{"damage":0,"enemies":"theJungle:Flameango_and_Byrd","floor":18,"turns":4},{"damage":0,"enemies":"theJungle:MUSHROOMGANG","floor":20,"turns":3},{"damage":7,"enemies":"theJungle:2_Snecko_Cultists","floor":21,"turns":4},{"damage":3,"enemies":"theJungle:2_Phrogs","floor":24,"turns":5},{"damage":0,"enemies":"theJungle:Cassacara","floor":30,"turns":5},{"damage":0,"enemies":"theJungle:SlimyTreeVines","floor":31,"turns":3},{"damage":6,"enemies":"theJungle:TotemBoss","floor":33,"turns":6},{"damage":0,"enemies":"3 Darklings","floor":35,"turns":4},{"damage":0,"enemies":"3 Shapes","floor":36,"turns":4},{"damage":0,"enemies":"Transient","floor":38,"turns":5},{"damage":0,"enemies":"Maw","floor":40,"turns":5},{"damage":1,"enemies":"Giant Head","floor":41,"turns":7},{"damage":0,"enemies":"Reptomancer","floor":44,"turns":4},{"damage":0,"enemies":"Giant Head","floor":47,"turns":7},{"damage":0,"enemies":"Sphere and 2 Shapes","floor":48,"turns":4},{"damage":6,"enemies":"Time Eater","floor":50,"turns":8}],"seed_played":"377514377577999724","potions_obtained":[{"floor":2,"key":"SteroidPotion"},{"floor":4,"key":"Block Potion"},{"floor":11,"key":"BlessingOfTheForge"},{"floor":20,"key":"EntropicBrew"},{"floor":29,"key":"FocusPotion"},{"floor":30,"key":"CultistPotion"},{"floor":31,"key":"PowerPotion"},{"floor":38,"key":"Explosive Potion"},{"floor":40,"key":"Energy Potion"}],"is_trial":true,"path_per_floor":["M","M","?","M","M","E","R","E","T","R","M","E","R","M","R","B",null,"M","$","M","M","?","R","E","R","T","R","R","?","E","M","R","B",null,"M","M","$","M","$","M","E","R","T","E","R","R","E","M","R","B",null],"character_chosen":"DEFECT","items_purchased":["DollysMirror","Mercury Hourglass","Loop","DataDisk"],"campfire_rested":1,"item_purchase_floors":[19,37,37,39],"current_hp_per_floor":[75,75,75,75,75,69,69,65,65,65,67,69,69,71,71,70,75,75,75,75,68,68,68,67,75,75,75,75,75,75,75,75,69,75,75,75,75,75,75,75,74,74,74,75,75,75,75,75,75,69],"gold":154,"neow_bonus":"","is_daily":false,"chose_seed":false,"campfire_upgraded":12,"win_rate":0.0,"timestamp":1611516448,"path_taken":["M","M","?","M","M","E","R","E","T","R","M","E","R","M","R","BOSS","M","$","M","M","?","R","E","R","T","R","R","?","E","M","R","BOSS","M","M","$","M","$","M","E","R","T","E","R","R","E","M","R","BOSS"],"items_purchased_type":["Relic","Relic","Card","Relic"],"build_version":"2020-12-22","purchased_purges":2,"victory":true,"max_hp_per_floor":[75,75,75,75,75,75,75,75,75,75,75,75,75,75,75,75,75,75,75,75,75,75,75,75,75,75,75,75,75,75,75,75,75,75,75,75,75,75,75,75,75,75,75,75,75,75,75,75,75,75],"card_choices":[{"not_picked":["Barrage","Leap","Rebound"],"picked":"SKIP","floor":1},{"not_picked":["Steam","Stack","Skim"],"picked":"SKIP","floor":2},{"not_picked":["Turbo","Aggregate","Beam Cell"],"picked":"SKIP","floor":4},{"not_picked":["Hologram","Redo"],"picked":"Conserve Battery","floor":5},{"not_picked":["Trip","FTL","PanicButton"],"picked":"SKIP","floor":6},{"not_picked":["Barrage","Master of Strategy","Impatience"],"picked":"SKIP","floor":8},{"not_picked":["Compile Driver","Barrage","Leap"],"picked":"SKIP","floor":11},{"not_picked":["Go for the Eyes","Redo","Hologram"],"picked":"SKIP","floor":12},{"not_picked":["Barrage","Auto Shields","Gash"],"picked":"SKIP","floor":14},{"not_picked":["Doom and Gloom","Go for the Eyes","Coolheaded"],"picked":"SKIP","floor":18},{"not_picked":["Reprogram","Scrape","Reinforced Body"],"picked":"SKIP","floor":20},{"not_picked":["Genetic Algorithm","Gash+1","Cold Snap"],"picked":"SKIP","floor":21},{"not_picked":["Metamorphosis","Ball Lightning","Go for the Eyes+1"],"picked":"SKIP","floor":24},{"not_picked":["Blizzard+1","Mind Blast+1","Auto Shields"],"picked":"SKIP","floor":30},{"not_picked":["Ball Lightning+1","Blizzard"],"picked":"Finesse","floor":31},{"not_picked":["Dramatic Entrance+1","Sweeping Beam","Go for the Eyes+1"],"picked":"SKIP","floor":35},{"not_picked":["Beam Cell+1","Stack","Impatience"],"picked":"SKIP","floor":36},{"not_picked":["Hologram","Cold Snap","Swift Strike"],"picked":"SKIP","floor":38},{"not_picked":["Coolheaded+1","Go for the Eyes","Doom and Gloom"],"picked":"SKIP","floor":40},{"not_picked":["Ball Lightning+1","Beam Cell","Blizzard"],"picked":"SKIP","floor":41},{"not_picked":["Steam+1","Ball Lightning+1","Gash+1"],"picked":"SKIP","floor":44},{"not_picked":["Purity+1","Reboot","Leap"],"picked":"SKIP","floor":47},{"not_picked":["Leap+1","Beam Cell+1","Sweeping Beam+1"],"picked":"SKIP","floor":48}],"player_experience":3336359,"relics_obtained":[{"floor":6,"key":"Blood Vial"},{"floor":8,"key":"Mummified Hand"},{"floor":9,"key":"HornCleat"},{"floor":12,"key":"Regal Pillow"},{"floor":24,"key":"MawBank"},{"floor":26,"key":"Nunchaku"},{"floor":30,"key":"Bronze Scales"},{"floor":41,"key":"Whetstone"},{"floor":43,"key":"CeramicFish"},{"floor":44,"key":"Molten Egg 2"},{"floor":47,"key":"Thread and Needle"}],"event_choices":[{"damage_healed":0,"gold_gain":0,"player_choice":"Ignored","damage_taken":0,"max_hp_gain":0,"max_hp_loss":0,"event_name":"Liars Game","floor":3,"gold_loss":0},{"damage_healed":0,"gold_gain":0,"player_choice":"Got Potions","damage_taken":0,"max_hp_gain":0,"max_hp_loss":0,"event_name":"Lab","floor":29,"gold_loss":0}],"is_beta":false,"boss_relics":[{"not_picked":["Empty Cage","Coffee Dripper"],"picked":"Inserter"},{"not_picked":["Cursed Key","Philosopher\u0027s Stone","Calling Bell"]}],"items_purged_floors":[37,39],"is_endless":false,"potions_floor_spawned":[2,4,11,20,30,31,38,40,48],"ascension_level":0}}