{"host":"szp1d6dso4pv7ddl","time":1611516813,"event":{"mods":["AchievementEnabler","Alarm Clock","BaseMod","Bestiary","Block Reminder","Colored Map","Colored Powertips","Curses Come First","Dark Map","Displayed Cursed Tome","Highlight Path","Minty Spire (QoL Compilation)","Permanent Neow","Quick Restart","Relic Sorter","Relic Stats","StSLib","Synergy Search"],"gold_per_floor":[213,41,61,61,24,24,24,53,53,53,53,3,3,16,16,16,16],"floor_reached":16,"language":"ENG","playtime":634,"items_purged":["Defend_B"],"score":164,"play_id":"d0fb15da-6666-47f7-ace7-7962a75373ab","local_time":"20210124113333","is_ascension_mode":true,"campfire_choices":[{"data":"Self Repair","floor":7,"key":"SMITH"},{"floor":11,"key":"REST"},{"data":"Defend_B","floor":15,"key":"SMITH"}],"circlet_count":0,"master_deck":["AscendersBane","Strike_B","Strike_B","Strike_B","Defend_B+1","Defend_B","Defend_B","Zap","Dualcast","Panache","Self Repair+1","Gash"],"relics":["Cracked Core","Nunchaku","Smiling Mask","Oddly Smooth Stone"],"acts_visited":["Exordium"],"potions_floor_usage":[6],"damage_taken":[{"damage":0,"enemies":"2 Louse","floor":1,"turns":2},{"damage":1,"enemies":"Cultist","floor":3,"turns":3},{"damage":0,"enemies":"Gremlin Nob","floor":6,"turns":2},{"damage":60,"enemies":"Lagavulin","floor":8,"turns":7},{"damage":7,"enemies":"Jaw Worm","floor":14,"turns":3},{"damage":59,"enemies":"Slime Boss","floor":16,"turns":5}],"seed_played":"-938074250080405391","potions_obtained":[{"floor":1,"key":"SmokeBomb"}],"is_trial":false,"path_per_floor":["M","$","M","?","$","E","R","E","T","?","R","$","?","M","R","B"],"character_chosen":"DEFECT","items_purchased":["Panache","Self Repair"],"campfire_rested":1,"item_purchase_floors":[2,5],"current_hp_per_floor":[68,68,67,67,67,74,74,24,24,17,39,39,44,47,47,0,0],"gold":16,"neow_bonus":"HUNDRED_GOLD","is_daily":false,"chose_seed":false,"campfire_upgraded":2,"win_rate":0.0,"timestamp":1611516813,"path_taken":["M","$","M","?","?","E","R","E","T","?","R","$","?","M","R","BOSS"],"items_purchased_type":["Card","Card"],"build_version":"2020-12-22","purchased_purges":1,"victory":false,"max_hp_per_floor":[75,75,75,75,75,75,75,75,75,75,75,75,80,80,80,80,80],"relic_stats":{"Nunchaku":[1],"counters":[6,22],"Smiling Mask":25,"obtain_stats":[{"Nunchaku":8,"Oddly Smooth Stone":10,"Cracked Core":0,"Smiling Mask":9},{"Nunchaku":4,"Oddly Smooth Stone":4,"Cracked Core":0,"Smiling Mask":4},{"Nunchaku":14,"Oddly Smooth Stone":14,"Cracked Core":0,"Smiling Mask":14}]},"card_choices":[{"not_picked":["BootSequence","Beam Cell","Coolheaded"],"picked":"SKIP","floor":1},{"not_picked":["Beam Cell","Streamline","Auto Shields"],"picked":"SKIP","floor":3},{"not_picked":["Loop","Steam","Go for the Eyes"],"picked":"SKIP","floor":8},{"not_picked":["Sweeping Beam","Go for the Eyes"],"picked":"Gash","floor":14}],"player_experience":1268476,"relics_obtained":[{"floor":8,"key":"Nunchaku"},{"floor":9,"key":"Smiling Mask"}],"event_choices":[{"cards_removed":["Strike_B"],"damage_healed":0,"gold_gain":0,"player_choice":"Offered Basic","damage_taken":0,"max_hp_gain":0,"max_hp_loss":0,"event_name":"Bonfire Elementals","floor":4,"gold_loss":0},{"damage_healed":0,"gold_gain":0,"player_choice":"Success","damage_taken":7,"relics_obtained":["Oddly Smooth Stone"],"max_hp_gain":0,"max_hp_loss":0,"event_name":"Scrap Ooze","floor":10,"gold_loss":0},{"damage_healed":0,"gold_gain":0,"player_choice":"Donut","damage_taken":0,"max_hp_gain":5,"max_hp_loss":0,"event_name":"Big Fish","floor":13,"gold_loss":0}],"is_beta":false,"boss_relics":[],"items_purged_floors":[12],"is_endless":false,"potions_floor_spawned":[1,6],"killed_by":"Slime Boss","ascension_level":11}}