{"host":"52jmisti11ysmja4","time":1611451880,"event":{"mods":["Aspiration","BaseMod","Better Third Choice","Minty Spire (QoL Compilation)","Remove Card Discount Mod","StSLib","The Bug Knight"],"gold_per_floor":[117,4,17,37,37,37,47,79,104,104,104,121,151,165,165,269,269,287,38,38,54,54,54],"floor_reached":22,"language":"ENG","playtime":1307,"items_purged":["HollowMod:QuickDashStart","HollowMod:FocusHealStart","HollowMod:QuickDashStart","HollowMod:QuickDashStart","HollowMod:QuickDashStart","HollowMod:NailStrikeStart","HollowMod:NailStrikeStart","HollowMod:NailStrikeStart"],"score":255,"play_id":"1b139503-2fe7-498f-b38d-4a5d3653f229","local_time":"20210123173120","is_ascension_mode":true,"campfire_choices":[{"data":"HollowMod:Weaversong","floor":6,"key":"SMITH"},{"floor":10,"key":"REST"},{"floor":15,"key":"REST"}],"circlet_count":0,"master_deck":["HollowMod:NailStrikeStart","HollowMod:PogoStrike","HollowMod:Weaversong+1","HollowMod:DashSlash+1","HollowMod:SoulStrike","HollowMod:MothsMistake","HollowMod:ChannelNail","HollowMod:ChannelNail","HollowMod:DesolateDive","HollowMod:SoulSplash","HollowMod:SoulEater","HollowMod:VoidDash","HollowMod:DescendingDark","HollowMod:SoulVessel"],"relics":["HollowMod:KingsSoulRelic","Kunai","Vajra","HollowMod:MantisClawRelic","Toxic Egg 2"],"acts_visited":["Exordium","TheCity"],"potions_floor_usage":[13,16,16,16,16,16],"damage_taken":[{"damage":7,"enemies":"Small Slimes","floor":1,"turns":3},{"damage":0,"enemies":"Cultist","floor":3,"turns":2},{"damage":8,"enemies":"Jaw Worm","floor":4,"turns":2},{"damage":17,"enemies":"3 Louse","floor":7,"turns":2},{"damage":18,"enemies":"3 Sentries","floor":8,"turns":5},{"damage":12,"enemies":"2 Fungi Beasts","floor":12,"turns":2},{"damage":14,"enemies":"Lagavulin","floor":13,"turns":3},{"damage":0,"enemies":"Large Slime","floor":14,"turns":3},{"damage":37,"enemies":"HollowMod:FalseKnight","floor":16,"turns":4},{"damage":12,"enemies":"3 Byrds","floor":18,"turns":3},{"damage":12,"enemies":"Chosen","floor":21,"turns":3},{"damage":0,"enemies":"Sentry and Sphere","floor":22,"turns":2}],"seed_played":"-2541329685553309027","potions_obtained":[{"floor":7,"key":"Energy Potion"},{"floor":12,"key":"LiquidBronze"},{"floor":14,"key":"EntropicBrew"}],"is_trial":false,"path_per_floor":["M","$","M","M","?","R","M","E","T","R","?","M","E","M","R","B",null,"M","$","?","M","M"],"character_chosen":"THE_BUGKNIGHT","items_purchased":["HollowMod:DashSlash","HollowMod:SoulStrike","Toxic Egg 2"],"campfire_rested":2,"item_purchase_floors":[2,2,19],"current_hp_per_floor":[61,61,61,53,53,53,36,18,18,38,60,48,34,34,54,17,55,43,43,43,31,31,31],"gold":54,"neow_bonus":"THREE_RARE_CARDS","is_daily":false,"chose_seed":false,"campfire_upgraded":1,"win_rate":0.0,"timestamp":1611451880,"path_taken":["M","$","M","M","?","R","?","E","T","R","?","M","E","M","R","BOSS","M","$","?","M","M"],"items_purchased_type":["Card","Card","Relic"],"build_version":"2020-12-22","purchased_purges":8,"victory":false,"max_hp_per_floor":[68,68,68,68,68,68,68,68,68,68,68,68,68,68,68,68,68,68,68,68,68,68,68],"card_choices":[{"not_picked":["HollowMod:theNailsmith","HollowMod:HornetsHelp"],"picked":"HollowMod:Weaversong","floor":0},{"not_picked":["HollowMod:HeavyBlow","HollowMod:LuriensSpire","HollowMod:TaintedHusks"],"picked":"SKIP","floor":1},{"not_picked":["HollowMod:DoubleDash","HollowMod:SiblingsSouls"],"picked":"HollowMod:MothsMistake","floor":3},{"not_picked":["HollowMod:GoodIntentions","HollowMod:CornifersMapStart"],"picked":"HollowMod:ChannelNail","floor":4},{"not_picked":["HollowMod:CloakDash","HollowMod:WhiteLadysBlessing"],"picked":"HollowMod:ChannelNail","floor":7},{"not_picked":["HollowMod:SiblingsSouls","HollowMod:BrokenVessel"],"picked":"HollowMod:DesolateDive","floor":8},{"not_picked":["HollowMod:SiblingsShadow","HollowMod:CloakDash","HollowMod:QuirrelsAssistance"],"picked":"SKIP","floor":12},{"not_picked":["HollowMod:SoulShaman","HollowMod:SiblingsSouls"],"picked":"HollowMod:SoulSplash","floor":13},{"not_picked":["HollowMod:FallenFury","HollowMod:CornifersMapStart"],"picked":"HollowMod:SoulEater","floor":14},{"not_picked":["HollowMod:AwokenDreamNail","HollowMod:ElderbugsWisdom"],"picked":"HollowMod:VoidDash","floor":16},{"not_picked":["HollowMod:SharpenedNail","HollowMod:MonomonsArchive+1"],"picked":"HollowMod:DescendingDark","floor":18},{"not_picked":["HollowMod:SoulStrike","HollowMod:SharpenedNail"],"picked":"HollowMod:SoulVessel","floor":21}],"player_experience":571935,"relics_obtained":[{"floor":8,"key":"Kunai"},{"floor":9,"key":"Vajra"},{"floor":13,"key":"HollowMod:MantisClawRelic"}],"event_choices":[{"damage_healed":0,"gold_gain":0,"player_choice":"Forge","damage_taken":0,"max_hp_gain":0,"max_hp_loss":0,"event_name":"Accursed Blacksmith","floor":5,"gold_loss":0,"cards_upgraded":["HollowMod:DashSlash"]},{"damage_healed":22,"gold_gain":0,"player_choice":"Banana","damage_taken":0,"max_hp_gain":0,"max_hp_loss":0,"event_name":"Big Fish","floor":11,"gold_loss":0},{"damage_healed":0,"gold_gain":0,"player_choice":"Ignored","damage_taken":0,"max_hp_gain":0,"max_hp_loss":0,"event_name":"Ghosts","floor":20,"gold_loss":0}],"is_beta":false,"boss_relics":[{"not_picked":["Calling Bell","Astrolabe"],"picked":"HollowMod:KingsSoulRelic"}],"items_purged_floors":[2,2,2,2,2,2,2,2],"is_endless":false,"potions_floor_spawned":[7,12,14,18],"killed_by":"Sentry and Sphere","ascension_level":6}}