{"host":"8c7ixdz8x9d2d2wv","time":1611521784,"event":{"mods":["AYAYA","BaseMod","Better Altar","Better Sensory Stone","Better Third Choice","Better-Laid Plans","BetterRewards","Colored Map","Colored Powertips","Curses Come First","Dark Map","Defuse TimeMaze Blight","Emptier Cage","Good Game Mod","Highlight Path","Minty Spire (QoL Compilation)","Quick Restart","Rare Cards Sparkle","Relic Sorter","Remove Card Discount Mod","Reorder Act Four","Shop Mod","StSLib","Transform Curses","Uncapped","everything is the same but u backflip on backflip"],"gold_per_floor":[119,131,131,147,147,147,164,164,211,541,541,541,541,558,558,658,658,632,644,644,644,660,660,694,694,694,498,517,517,149,166,166,262,262,276,19,39,59,59,93,93,108,108,123,123,123,123,140,140,140,140,18,18,45,45],"floor_reached":56,"language":"ENG","playtime":2828,"items_purged":["Strike_G","Defend_G","Survivor","Pain","Normality","Clumsy","Shame","Strike_G","Strike_G","Defend_G","Defend_G","Defend_G","Defend_G","Bite","Bite","Bite","Dodge and Roll","Dodge and Roll"],"score":1462,"play_id":"32f6ffb8-7bad-48c0-a8b3-a6e7aa98db49","local_time":"20210124215624","is_ascension_mode":false,"campfire_choices":[{"data":"Catalyst","floor":6,"key":"SMITH"},{"floor":8,"key":"RECALL"},{"data":"Neutralize","floor":11,"key":"SMITH"},{"data":"Cloak And Dagger","floor":15,"key":"SMITH"},{"floor":23,"key":"REST"},{"data":"Noxious Fumes","floor":32,"key":"SMITH"},{"data":"Noxious Fumes","floor":41,"key":"SMITH"},{"data":"Bouncing Flask","floor":45,"key":"SMITH"},{"data":"Deflect","floor":49,"key":"SMITH"},{"floor":53,"key":"REST"}],"circlet_count":0,"master_deck":["Cloak And Dagger+1","Catalyst+1","Cloak And Dagger+1","Bite+1","Bite+1","Noxious Fumes+1","Deflect+1","Deflect+1","Noxious Fumes+1","Panache+1","Bouncing Flask+1","Panache+1","Burst"],"relics":["Ring of the Snake","Blood Vial","Membership Card","TungstenRod","Snake Skull","Vajra","REME:ComplimentaryCards","MerchantsRug","Lizard Tail","Bag of Marbles","Paper Crane","Pantograph","Sundial","Bag of Preparation","Frozen Eye","Runic Pyramid","Frozen Egg 2","Shuriken","Oddly Smooth Stone","DollysMirror","Orichalcum","Mercury Hourglass"],"acts_visited":["Exordium","TheCity","TheBeyond","TheEnding"],"potions_floor_usage":[7,16,16,16,16,16,16,24,31,31,33,33,40,40,40,44,50],"damage_taken":[{"damage":0,"enemies":"Small Slimes","floor":1,"turns":3},{"damage":0,"enemies":"Cultist","floor":2,"turns":3},{"damage":0,"enemies":"Jaw Worm","floor":4,"turns":4},{"damage":0,"enemies":"Looter","floor":7,"turns":2},{"damage":0,"enemies":"Large Slime","floor":14,"turns":5},{"damage":7,"enemies":"Hexaghost","floor":16,"turns":11},{"damage":9,"enemies":"2 Thieves","floor":18,"turns":5},{"damage":14,"enemies":"Spheric Guardian","floor":19,"turns":4},{"damage":43,"enemies":"3 Cultists","floor":22,"turns":8},{"damage":40,"enemies":"Gremlin Leader","floor":24,"turns":7},{"damage":2,"enemies":"Centurion and Healer","floor":28,"turns":13},{"damage":0,"enemies":"Snake Plant","floor":31,"turns":4},{"damage":16,"enemies":"Collector","floor":33,"turns":8},{"damage":0,"enemies":"Orb Walker","floor":35,"turns":3},{"damage":0,"enemies":"3 Shapes","floor":37,"turns":3},{"damage":0,"enemies":"Transient","floor":38,"turns":5},{"damage":2,"enemies":"Nemesis","floor":40,"turns":7},{"damage":0,"enemies":"Maw","floor":42,"turns":4},{"damage":0,"enemies":"Spire Growth","floor":44,"turns":4},{"damage":0,"enemies":"Sphere and 2 Shapes","floor":48,"turns":3},{"damage":42,"enemies":"Donu and Deca","floor":50,"turns":6},{"damage":50,"enemies":"Shield and Spear","floor":54,"turns":4},{"damage":70,"enemies":"The Heart","floor":55,"turns":5}],"seed_played":"-7352973859311994395","potions_obtained":[{"floor":2,"key":"FearPotion"},{"floor":7,"key":"Explosive Potion"},{"floor":13,"key":"Strength Potion"},{"floor":13,"key":"Weak Potion"},{"floor":14,"key":"EntropicBrew"},{"floor":22,"key":"PowerPotion"},{"floor":31,"key":"SkillPotion"},{"floor":33,"key":"Weak Potion"},{"floor":37,"key":"PowerPotion"},{"floor":38,"key":"FairyPotion"},{"floor":42,"key":"SpeedPotion"}],"is_trial":false,"path_per_floor":["M","M","?","M","?","R","M","R","T","?","R","?","?","M","R","B",null,"M","M","?","?","M","R","E","T","T","$","M","?","$","M","R","B",null,"M","$","M","M","?","E","R","M","T","M","R","?","?","M","R","B",null,"$","R","E","B",null],"character_chosen":"THE_SILENT","items_purchased":["MerchantsRug","Blood Vial","Membership Card","Torii","Cloak And Dagger","Snake Skull","Pantograph","Sundial","Poison Potion","Noxious Fumes","Bag of Preparation","Potion Belt","Frozen Eye","Deflect","CunningPotion","Explosive Potion","Swift Potion","Noxious Fumes","Whetstone","Frozen Egg 2","Panache+1","Dodge and Roll","Block Potion","Oddly Smooth Stone","DollysMirror","Orichalcum"],"campfire_rested":2,"item_purchase_floors":[0,0,0,0,0,0,27,27,27,30,30,30,30,30,30,30,30,36,36,36,36,36,36,52,52,52],"current_hp_per_floor":[30,32,32,34,28,28,30,30,30,30,30,25,25,27,27,22,70,61,49,49,59,18,42,4,4,4,4,4,4,4,18,24,44,56,56,56,56,56,56,56,56,56,56,56,56,56,56,56,56,20,56,56,56,12,7],"gold":45,"neow_bonus":"","is_daily":false,"chose_seed":false,"campfire_upgraded":7,"win_rate":0.0,"timestamp":1611521784,"path_taken":["M","M","?","?","?","R","M","R","T","?","R","?","?","M","R","BOSS","M","M","?","?","M","R","E","?","T","$","M","?","$","M","R","BOSS","M","$","M","M","?","E","R","?","T","M","R","?","?","?","R","BOSS","$","R","E","BOSS"],"items_purchased_type":["Relic","Relic","Relic","Relic","Card","Relic","Relic","Relic","Potion","Card","Relic","Relic","Relic","Card","Potion","Potion","Potion","Card","Relic","Relic","Card","Card","Potion","Relic","Relic","Relic"],"build_version":"2020-12-22","purchased_purges":18,"victory":true,"max_hp_per_floor":[70,70,70,70,70,70,70,70,70,70,70,70,70,70,70,70,70,70,70,70,80,80,80,80,80,80,80,80,56,56,56,56,56,56,56,56,56,56,56,56,56,56,56,56,56,56,56,56,56,56,56,56,56,56,56],"card_choices":[{"not_picked":["Outmaneuver","Sucker Punch","Flechettes"],"picked":"SKIP","floor":1},{"not_picked":["Accuracy","Backflip","Slice"],"picked":"SKIP","floor":2},{"not_picked":["Envenom","Caltrops"],"picked":"Catalyst","floor":4},{"not_picked":["Quick Slash","Slice","Acrobatics"],"picked":"SKIP","floor":7},{"not_picked":["Dagger Throw","Predator"],"picked":"Cloak And Dagger","floor":14},{"not_picked":["Eviscerate+1","Bane"],"picked":"Dodge and Roll","floor":18},{"not_picked":["Infinite Blades","Slice","Quick Slash"],"picked":"SKIP","floor":19},{"not_picked":["Sucker Punch","Dagger Throw","Underhanded Strike"],"picked":"SKIP","floor":22},{"not_picked":["Terror+1","PiercingWail","Flying Knee"],"picked":"SKIP","floor":24},{"not_picked":["Wraith Form v2","Leg Sweep","Terror"],"picked":"SKIP","floor":28},{"not_picked":["Dagger Spray","Quick Slash","Bane"],"picked":"SKIP","floor":31},{"not_picked":["Flying Knee","Dagger Spray+1"],"picked":"Deflect+1","floor":35},{"not_picked":["Backflip+1","Accuracy+1","Quick Slash+1"],"picked":"SKIP","floor":37},{"not_picked":["Crippling Poison","Cloak And Dagger+1"],"picked":"Bouncing Flask","floor":38},{"not_picked":["Bane+1","Envenom+1","Cloak And Dagger"],"picked":"SKIP","floor":40},{"not_picked":["Dagger Spray+1","Poisoned Stab+1","Deadly Poison+1"],"picked":"SKIP","floor":42},{"not_picked":["Dagger Throw+1","Deflect","Underhanded Strike+1"],"picked":"SKIP","floor":44},{"not_picked":["Outmaneuver+1","Cloak And Dagger+1","Quick Slash+1"],"picked":"SKIP","floor":48},{"not_picked":["Cloak And Dagger","Flying Knee+1"],"picked":"Burst","floor":54}],"player_experience":676028,"relics_obtained":[{"floor":24,"key":"Eternal Feather"},{"floor":25,"key":"Blue Candle"},{"floor":26,"key":"Paper Crane"},{"floor":40,"key":"Centennial Puzzle"},{"floor":43,"key":"Shuriken"},{"floor":54,"key":"Mercury Hourglass"}],"event_choices":[{"damage_healed":0,"gold_gain":0,"player_choice":"Forge","damage_taken":0,"max_hp_gain":0,"max_hp_loss":0,"event_name":"Accursed Blacksmith","floor":3,"gold_loss":0,"cards_upgraded":["Cloak And Dagger"]},{"cards_removed":["Secret Weapon"],"damage_healed":0,"gold_gain":0,"player_choice":"Card Removal","damage_taken":7,"max_hp_gain":0,"max_hp_loss":0,"event_name":"Golden Wing","floor":5,"gold_loss":0},{"damage_healed":0,"gold_gain":30,"player_choice":"Searched \u00273\u0027 times","damage_taken":0,"relics_obtained":["Old Coin"],"max_hp_gain":0,"max_hp_loss":0,"event_name":"Dead Adventurer","floor":10,"gold_loss":0},{"damage_healed":0,"gold_gain":0,"player_choice":"Relic ","damage_taken":7,"max_hp_gain":0,"max_hp_loss":0,"event_name":"betterThird:BetterScrap","floor":12,"gold_loss":0,"cards_obtained":["SpiritShield"]},{"damage_healed":0,"gold_gain":0,"player_choice":"Got Potions","damage_taken":0,"max_hp_gain":0,"max_hp_loss":0,"event_name":"Lab","floor":13,"gold_loss":0},{"damage_healed":0,"gold_gain":0,"player_choice":"Ignored","damage_taken":0,"max_hp_gain":0,"max_hp_loss":0,"event_name":"Ghosts","floor":20,"gold_loss":0},{"damage_healed":0,"gold_gain":0,"player_choice":"Stole Relic","damage_taken":0,"relics_obtained":["Pear"],"max_hp_gain":0,"max_hp_loss":0,"event_name":"Addict","floor":21,"gold_loss":0,"cards_obtained":["Shame"]},{"damage_healed":0,"gold_gain":0,"player_choice":"Became a vampire","damage_taken":0,"max_hp_gain":0,"max_hp_loss":24,"event_name":"Vampires","floor":29,"gold_loss":0,"cards_obtained":["Bite","Bite","Bite","Bite","Bite"]},{"damage_healed":0,"gold_gain":0,"player_choice":"Ignored","damage_taken":0,"max_hp_gain":0,"max_hp_loss":0,"event_name":"Transmorgrifier","floor":39,"gold_loss":0},{"cards_removed":["Neutralize"],"damage_healed":0,"gold_gain":0,"player_choice":"Removed Attack","damage_taken":0,"max_hp_gain":0,"max_hp_loss":0,"event_name":"Falling","floor":46,"gold_loss":0},{"damage_healed":0,"gold_gain":0,"player_choice":"Ignored","damage_taken":0,"max_hp_gain":0,"max_hp_loss":0,"event_name":"NoteForYourself","floor":47,"gold_loss":0}],"is_beta":false,"boss_relics":[{"not_picked":["Calling Bell","SacredBark"],"picked":"Cursed Key"},{"not_picked":["Sozu","Snecko Eye"],"picked":"Runic Pyramid"}],"items_purged_floors":[0,0,0,0,27,27,27,27,27,27,27,30,30,36,36,36,52,52],"is_endless":false,"potions_floor_spawned":[2,7,14,22,31,33,37,38,42],"ascension_level":0}}