{"host":"8i58hvcssdezoe94","time":1611489400,"event":{"mods":["Act Like it!","BaseMod","BetterRewards","Colored Map","Colored Powertips","Conspire","Downfall","Gensokyo","Good Game Mod","KinomotoSakuraMod(木之本樱)","Marisa（F雨　魔理沙）","Minty Spire (QoL Compilation)","Quick Restart","Rare Cards Sparkle","Remilia（蕾米莉亚）","Replay The Spire","Shop Mod","StSLib","The Bug Knight","The Construct","The Cursed","The Hierophant","The Jungle","The Servant 0.9.4"],"gold_per_floor":[118,198,215,179,193,227,237,213,239,31,50,81,81,103,103,216,216,232,253,213,238,21,21,45,78,104,112,112],"floor_reached":27,"language":"ZHS","playtime":1608,"items_purged":[],"score":252,"play_id":"2d5aaaa3-16e7-43fe-b364-e7741cb4abe0","local_time":"20210124195640","is_ascension_mode":false,"campfire_choices":[{"floor":13,"key":"RECALL"},{"data":"Metallicize","floor":15,"key":"SMITH"},{"data":"Metallicize","floor":23,"key":"SMITH"}],"circlet_count":0,"master_deck":["Strike_R","Strike_R","Strike_R","Strike_R","Defend_R","Defend_R","Defend_R","Defend_R","Bash","champ:StrikeOfGenius","Metallicize+1","Feel No Pain","Replay:Undeath\u0027s Touch","Shockwave","Ghostly Armor","Metallicize+1","Thunderclap","Metallicize+1","Inflame","Heavy Blade","ReplayTheSpireMod:Strike From Hell","Shrug It Off","Havoc","Feed","Havoc","Clash","Double Tap","Metallicize","Flex","Wild Strike","Gensokyo:BlemishedSteel","Gensokyo:DepletedGenerator","Spot Weakness","Perfected Strike"],"relics":["Burning Blood","REME:ComplimentaryCards","Lantern","Bird Faced Urn","Happy Flower","Replay:Bandana","ReplayTheSpireMod:TigerMarble","Potion Belt","construct:RocketBooster","MealTicket","Blue Doll","Blood Vial"],"acts_visited":["Gensokyo:Gensokyo","Gensokyo:Gensokyoer"],"potions_floor_usage":[25,25],"damage_taken":[{"damage":4,"enemies":"Gensokyo:3_Fairies","floor":1,"turns":6},{"damage":0,"enemies":"Gensokyo:2_Kodama","floor":3,"turns":5},{"damage":3,"enemies":"Gensokyo:Python","floor":5,"turns":6},{"damage":21,"enemies":"Gensokyo:Cirno","floor":6,"turns":9},{"damage":21,"enemies":"Gensokyo:LivingMonolith","floor":7,"turns":4},{"damage":4,"enemies":"Gensokyo:Kitsune","floor":11,"turns":5},{"damage":21,"enemies":"Gensokyo:Aya","floor":12,"turns":7},{"damage":5,"enemies":"Gensokyo:Python_and_Kodama","floor":14,"turns":6},{"damage":1,"enemies":"Gensokyo:Yukari","floor":16,"turns":13},{"damage":20,"enemies":"Gensokyo:Chomper","floor":18,"turns":6},{"damage":13,"enemies":"Gensokyo:CosmicMonolith","floor":19,"turns":6},{"damage":15,"enemies":"Gensokyo:Wraith","floor":21,"turns":6},{"damage":73,"enemies":"Gensokyo:Chomper_and_Gloop","floor":24,"turns":9},{"damage":26,"enemies":"Gensokyo:Slime_Group","floor":25,"turns":8},{"damage":22,"enemies":"Gensokyo:Monolith_and_Dog","floor":27,"turns":2}],"seed_played":"-5314348454964461403","potions_obtained":[{"floor":1,"key":"Weak Potion"},{"floor":5,"key":"SteroidPotion"},{"floor":7,"key":"ColorlessPotion"},{"floor":16,"key":"ElixirPotion"},{"floor":18,"key":"Elixir"},{"floor":21,"key":"Doom Potion"}],"is_trial":false,"path_per_floor":["M","?","M","$","M","E","M","$","T","COS","M","E","R","M","R","B",null,"M","M","?","M","COS","R","M","M","T","M"],"character_chosen":"IRONCLAD","items_purchased":["Lantern","Metallicize","Feel No Pain","Ghostly Armor","Metallicize","Shrug It Off"],"campfire_rested":0,"item_purchase_floors":[0,0,0,0,4,8],"current_hp_per_floor":[52,52,62,62,75,63,58,58,58,58,70,65,65,78,78,78,78,72,77,77,80,80,80,20,14,14,0,0],"gold":112,"neow_bonus":"","is_daily":false,"chose_seed":false,"campfire_upgraded":2,"win_rate":0.0,"timestamp":1611489400,"path_taken":["M","?","M","$","M","E","M","$","T","COS","?","E","R","M","R","BOSS","M","M","?","M","COS","R","M","M","T","?"],"items_purchased_type":["Relic","Card","Card","Card","Card","Card"],"build_version":"2020-12-22","purchased_purges":0,"victory":false,"max_hp_per_floor":[75,75,75,75,75,75,75,75,75,75,75,75,75,78,78,78,78,78,78,78,81,81,81,81,81,81,81,81],"card_choices":[{"not_picked":["Sentinel","True Grit"],"picked":"Metallicize","floor":1},{"not_picked":["Replay:Undeath\u0027s Touch","Iron Wave"],"picked":"Thunderclap","floor":3},{"not_picked":["ReplayTheSpireMod:Strike From Hell","Flex"],"picked":"Inflame","floor":5},{"not_picked":["Offering","Warcry"],"picked":"Heavy Blade","floor":6},{"not_picked":["True Grit","Sever Soul"],"picked":"ReplayTheSpireMod:Strike From Hell","floor":7},{"not_picked":["Inflame","Perfected Strike"],"picked":"Havoc","floor":11},{"not_picked":["Offering","Impervious"],"picked":"Feed","floor":12},{"not_picked":["Anger","Thunderclap"],"picked":"Havoc","floor":12},{"not_picked":["ReplayTheSpireMod:Strike From Hell","Armaments"],"picked":"Clash","floor":14},{"not_picked":["Demon Form","Corruption"],"picked":"Double Tap","floor":16},{"not_picked":["Run Through","Clothesline"],"picked":"Metallicize","floor":18},{"not_picked":["Defy Death","ReplayTheSpireMod:Corrosion Curse"],"picked":"Flex","floor":19},{"not_picked":["Thunderclap","Fiend Fire"],"picked":"Wild Strike","floor":21},{"not_picked":["Clash","Headbutt+1"],"picked":"Spot Weakness","floor":24},{"not_picked":["Dual Wield","Pommel Strike"],"picked":"Perfected Strike","floor":25}],"player_experience":57951,"relics_obtained":[{"floor":6,"key":"Happy Flower"},{"floor":12,"key":"ReplayTheSpireMod:TigerMarble"},{"floor":26,"key":"Blue Doll"}],"event_choices":[],"is_beta":false,"boss_relics":[{"not_picked":["conspire:RunicOctahedron","Replay:Wanted Poster","conspire:SeveredTorchhead"]}],"items_purged_floors":[],"is_endless":false,"potions_floor_spawned":[1,5,7,16,18,21,24],"killed_by":"Gensokyo:Monolith_and_Dog","ascension_level":0}}