{"host":"fworv1gvvajf3x0f","time":1611466966,"event":{"mods":["AchievementEnabler","Aspiration","BaseMod","Better Match","Better Note","Better Sensory Stone","Better Third Choice","Better-Laid Plans","BetterRewards","Colored Map","Colored Powertips","Displayed Cursed Tome","Energized Spire","Good Game Mod","Highlight Path","Infinite Spire","Minty Spire (QoL Compilation)","Relic Stats","Replay The Spire","Spicy Shops","StSLib"],"gold_per_floor":[115,115,132,152,98,98,117,117,117,117,164,184,184,227,227,335,335,362,362,50,67,67,98,98,98,98,98,114,114,142,170,170,296,296,348,404,454,454,515,515,865,865,865,945,1036,1123,1225,1225,1225,1265,1265,1265,6,58,76,76],"floor_reached":55,"language":"ZHS","playtime":8518,"items_purged":["Strike_G","Strike_G","Normality"],"score":1430,"play_id":"e4f4da18-f361-441a-b18e-438ec9bfd558","local_time":"20210124134246","is_ascension_mode":true,"campfire_choices":[{"data":"Apotheosis","floor":6.0,"key":"SMITH"},{"floor":8.0,"key":"RECALL"},{"data":"Draining Mist","floor":13.0,"key":"SMITH"},{"floor":15.0,"key":"REST"},{"floor":25.0,"key":"REST"},{"floor":29.0,"key":"REST"},{"floor":32.0,"key":"DIG"},{"floor":40.0,"key":"REST"},{"floor":42.0,"key":"REST"},{"floor":49.0,"key":"REST"},{"data":"Vault","floor":52,"key":"SMITH"}],"circlet_count":0,"master_deck":["Strike_G","Strike_G","Strike_G+1","Defend_G","Defend_G","Defend_G","Defend_G","Survivor","Neutralize","BattleHymn","Apotheosis+1","Underhanded Strike+1","Draining Mist+1","Hidden Blade","Backflip","Second Wind","Feed","Vault+1","PathToVictory","Night Terror","Auto Shields+1","Underhanded Strike","ReplayTheSpireMod:Necrogeddon","Jack Of All Trades","Rampage+1","MasterReality","Madness","Madness","Sickly","Normality","Regret","Outmaneuver+1","ReplayTheSpireMod:IOU","Dark Embrace+1","AscendersBane","ReplayTheSpireMod:Scrap Shanks+1","Languid","CommonCold","Doubt","Pain","Parasite","Looming Evil","Hallucinations","Sickly","Looming Evil","Clumsy","Thinking Ahead","Footwork","Footwork","Underhanded Strike+1"],"relics":["Ring of the Snake","REME:ComplimentaryCards","PrismaticShard","Pet Ghost","Bag of Marbles","Replay:Bandana","infinitespire:Satchel","Snecko Scales","aspiration:HatOfInfinitePower","aspiration:RitualStick","Snake Skull","Blue Doll","Mirror","ReplayTheSpireMod:EnergyBall","aspiration:StickyExplosives","infinitespire:EvilPickle","aspiration:RunicSpoon","Ring of Peace","Ring of Greed","Old Coin","The Courier","Toy Ornithopter","Bottled Tornado","Bag of Preparation","Ornamental Fan","Whetstone","ClockworkSouvenir","Replay:Rubber Ducky","HandDrill","infinitespire:Beetle Shell","infinitespire:Magic Flask"],"acts_visited":["Exordium","TheCity","TheBeyond","TheEnding"],"potions_floor_usage":[50,55],"damage_taken":[{"damage":0.0,"enemies":"Cultist","floor":1.0,"turns":4.0},{"damage":10.0,"enemies":"infinitespire:Voidling","floor":3.0,"turns":4.0},{"damage":1.0,"enemies":"2 Louse","floor":4.0,"turns":3.0},{"damage":0.0,"enemies":"Blue Slaver","floor":7.0,"turns":4.0},{"damage":0.0,"enemies":"Exordium Wildlife","floor":12.0,"turns":4.0},{"damage":22.0,"enemies":"Gremlin Nob","floor":14.0,"turns":4.0},{"damage":52.0,"enemies":"The Guardian","floor":16.0,"turns":13.0},{"damage":10.0,"enemies":"Shell Parasite","floor":18.0,"turns":6.0},{"damage":7.0,"enemies":"Chosen","floor":21.0,"turns":4.0},{"damage":5.0,"enemies":"Book of Stabbing","floor":23.0,"turns":6.0},{"damage":12.0,"enemies":"3 Cultists","floor":28.0,"turns":5.0},{"damage":0.0,"enemies":"Chosen and Byrds","floor":30.0,"turns":5.0},{"damage":0.0,"enemies":"Centurion and Healer","floor":31.0,"turns":4.0},{"damage":10.0,"enemies":"Pondfish","floor":33.0,"turns":7.0},{"damage":41.0,"enemies":"3 Shapes","floor":35.0,"turns":4.0},{"damage":6.0,"enemies":"3 Darklings","floor":36.0,"turns":4.0},{"damage":0.0,"enemies":"Transient","floor":37.0,"turns":8.0},{"damage":19.0,"enemies":"Writhing Mass","floor":39.0,"turns":5.0},{"damage":24.0,"enemies":"4 Shapes","floor":44.0,"turns":5.0},{"damage":10.0,"enemies":"Giant Head","floor":45.0,"turns":11.0},{"damage":0.0,"enemies":"Sphere and 2 Shapes","floor":46.0,"turns":9.0},{"damage":15.0,"enemies":"Jaw Worm Horde","floor":47.0,"turns":4.0},{"damage":28,"enemies":"infinitespire:MassOfShapes","floor":50,"turns":6},{"damage":3,"enemies":"Shield and Spear","floor":54,"turns":6},{"damage":93,"enemies":"The Heart","floor":55,"turns":8}],"seed_played":"4295399041379765431","potions_obtained":[{"floor":1.0,"key":"Strength Potion"},{"floor":7.0,"key":"Swift Potion"},{"floor":16.0,"key":"CunningPotion"},{"floor":28.0,"key":"Swift Potion"},{"floor":31.0,"key":"Adrenaline Potion"},{"floor":39.0,"key":"LifebloodPotion"},{"floor":44.0,"key":"Weak Potion"},{"floor":47.0,"key":"DuplicationPotion"}],"is_trial":false,"path_per_floor":["M","?","M","M","$","R","M","R","T","?","T","M","R","E","R","B",null,"M","?","$","M","?","E","T","R","T","AVR","M","R","M","M","R_BF","B",null,"M","M","M","?","M","R","?","R","T","M","E","M","M","?","R","B",null,"R","$","E","B"],"character_chosen":"THE_SILENT","items_purchased":["Apotheosis","Underhanded Strike","PrismaticShard","Draining Mist","Backflip","aspiration:HatOfInfinitePower","Bottled Tornado","Bag of Preparation","Ornamental Fan","Whetstone","ClockworkSouvenir","Thinking Ahead","Replay:Rubber Ducky","HandDrill","infinitespire:Beetle Shell","Footwork"],"campfire_rested":6,"item_purchase_floors":[0,0,0,0,5,20,53,53,53,53,53,53,53,53,53,53],"current_hp_per_floor":[70,70,69,68,68,68,68,68,68,68,68,68,68,46,67,19,60,54,54,54,51,35,34,34,59,59,59,47,72,76,80,80,70,88,47,41,41,29,10,38,38,66,66,46,36,36,26,26,55,32,82,82,82,79,0,0],"gold":76,"neow_bonus":"","is_daily":false,"chose_seed":false,"campfire_upgraded":3,"win_rate":0.0,"timestamp":1611466966,"path_taken":["M","?","?","M","?","R","M","R","T","?","?","M","R","E","R","BOSS","M","?","$","M","?","E","?","R","T","AVR","M","R","?","M","R_BF","BOSS","M","M","M","?","M","R","?","R","T","M","E","M","M","?","R","BOSS","R","$","E","BOSS"],"items_purchased_type":["Card","Card","Relic","Card","Card","Relic","Relic","Relic","Relic","Relic","Relic","Card","Relic","Relic","Relic","Card"],"build_version":"2020-12-22","purchased_purges":3,"victory":false,"max_hp_per_floor":[70,70,70,70,70,70,70,70,70,70,70,70,70,70,70,74,74,78,78,78,82,82,86,86,86,86,86,86,86,90,94,94,94,94,94,94,94,94,94,94,94,94,94,98,98,98,98,98,98,98,98,98,98,98,98,98],"relic_stats":{"counters":[219,895],"Ornamental Fan":[48],"aspiration:RunicSpoon":[129],"Snake Skull":[3],"Bag of Preparation":[2],"HandDrill":[2],"Whetstone":["Underhanded Strike","Strike_G"],"obtain_stats":[{"Golden Egg":31,"energizedSpire:UnstableMolecules":34,"Vampiric Spirits":29,"energizedSpire:CrystalSphere":22,"Whetstone":6,"Ginger":26,"Bottled Tornado":53,"Boot":40,"aspiration:RitualStick":19,"Ring of Searing":11,"Old Coin":6,"Blood Vial":8,"Replay:Ringing Soul":44,"aspiration:PoetsPen":51,"aspiration:BabyByrd":7,"Sundial":43,"MealTicket":13,"infinitespire:Golems Mask":7,"Fusion Hammer":17,"HandDrill":0,"Kunai":31,"aspiration:Headhunter":22,"aspiration:StickyExplosives":0,"Pear":54,"Counterbalance":5,"Blue Candle":17,"Velvet Choker":34,"Pen Nib":20,"Replay:Ancient Bell":17,"infinitespire:Magic Flask":10,"Akabeko":29,"aspiration:FrozenJewel":47,"infinitespire:EvilPickle":0,"Snecko Scales":29,"infinitespire:Lychee Nut":0,"infinitespire:Broken Mirror":13,"ReplayTheSpireMod:Ring of Collecting":12,"Bird Faced Urn":0,"Snecko Eye":34,"Pandora\u0027s Box":17,"CultistMask":14,"Unceasing Top":0,"energizedSpire:PogoStick":34,"Lantern":9,"aspiration:Lifesprig":2,"Singing Bowl":46,"Blue Doll":0,"King of Hearts":0,"Bag of Preparation":53,"Smiling Mask":7,"Burning Blood":0,"Pet Ghost":9,"Replay:Rubber Ducky":53,"Ring of Peace":20,"aspiration:AnachronicSnailShell":46,"Replay:Lucky Slots":24,"WingedGreaves":40,"energizedSpire:HugeHouse":17,"aspiration:FutureDiary":26,"Ring of Panic":11,"Ring of the Snake":0,"NeowsBlessing":0,"Self Forming Clay":9,"Golden Idol":3,"Damaru":36,"betterThird:NestCultRelic":21,"PreservedInsect":23,"The Courier":0,"aspiration:RandomNobGenerator":17,"infinitespire:Lucky Rock":20,"Ring of Greed":0,"MawBank":9,"Ornamental Fan":54,"betterThird:SlimedRelic":4,"Orrery":53,"Art of War":7,"Garlic":12,"Bottled Lightning":26,"Champion Belt":42,"ReplayTheSpireMod:Ring of Challenge":26,"ReplayTheSpireMod:Lightbulb":36,"Toy Ornithopter":28,"infinitespire:Midas Blood":9,"Divine Protection":28,"Calipers":26,"Tiny House":34,"CeramicFish":47,"Vajra":9,"Lizard Tail":9,"Honey Jar":17,"aspiration:ArtOfWarUpgrade":10,"Ring of Hypnosis":12,"Happy Flower":53,"ReplayTheSpireMod:CursedCoin":10,"Dead Branch":27,"Oddly Smooth Stone":15,"infinitespire:Beetle Shell":53,"aspiration:SeaSaltIceCream":26,"Letter Opener":30,"Replay:Baseball":14,"Shuriken":9,"Bronze Scales":42,"Molten Egg 2":7,"Simple Rune":43,"Onion Ring":46,"infinitespire:EmpoweringShard":19,"ReplayTheSpireMod:TigerMarble":17,"Grinning Jar":0,"aspiration:HatOfInfinitePower":0,"Mirror":0,"Pocketwatch":0,"Meat on the Bone":9,"ReplayFunnel":53,"ReplayTheSpireMod:Ring of Exchange":22,"Snecko Heart":17,"Replay:PocketPolymizer":17,"aspiration:TomeofQuesting":0,"Snake Skull":0,"Incense Burner":36,"Empty Cage":17,"PrismaticShard":27,"ClockworkSouvenir":53,"ReplayTheSpireMod:EnergyBall":27,"Replay:Bandana":10,"energizedSpire:CursedPentagram":17,"Chameleon Ring":23,"Mummified Hand":53,"Pantograph":5,"Tiny Chest":0,"infinitespire:Chaos":0,"Cracked Core":0,"Gremlin Food":36,"energizedSpire:RedRose":17,"aspiration:FetidBarrel":46,"infinitespire:CursedDice":42,"Guide Book":36,"Quantum Egg":2,"aspiration:RunicSpoon":0,"infinitespire:EmptyRelic":0,"Odd Mushroom":8,"Orichalcum":0,"Medical Kit":11,"White Beast Statue":0,"Mercury Hourglass":23,"Strange Spoon":31,"REME:ComplimentaryCards":0,"CaptainsWheel":45,"aspiration:WatcherSkillbook":34,"infinitespire:Satchel":12,"Bag of Marbles":41,"Membership Card":0,"PureWater":0,"FossilizedHelix":20},{"Golden Egg":119,"energizedSpire:UnstableMolecules":146,"Vampiric Spirits":35,"energizedSpire:CrystalSphere":199,"Whetstone":57,"Ginger":142,"Bottled Tornado":217,"Boot":148,"aspiration:RitualStick":62,"Ring of Searing":82,"Old Coin":132,"Blood Vial":133,"Replay:Ringing Soul":211,"aspiration:PoetsPen":46,"aspiration:BabyByrd":67,"Sundial":210,"MealTicket":26,"infinitespire:Golems Mask":81,"Fusion Hammer":112,"HandDrill":64,"Kunai":145,"aspiration:Headhunter":199,"aspiration:StickyExplosives":0,"Pear":155,"Counterbalance":131,"Blue Candle":186,"Velvet Choker":94,"Pen Nib":187,"Replay:Ancient Bell":186,"infinitespire:Magic Flask":23,"Akabeko":13,"aspiration:FrozenJewel":44,"infinitespire:EvilPickle":0,"Snecko Scales":35,"infinitespire:Lychee Nut":156,"infinitespire:Broken Mirror":173,"ReplayTheSpireMod:Ring of Collecting":6,"Bird Faced Urn":53,"Snecko Eye":120,"Pandora\u0027s Box":73,"CultistMask":6,"Unceasing Top":18,"energizedSpire:PogoStick":14,"Lantern":159,"aspiration:Lifesprig":189,"Singing Bowl":212,"Blue Doll":0,"King of Hearts":104,"Bag of Preparation":217,"Smiling Mask":23,"Burning Blood":0,"Pet Ghost":133,"Replay:Rubber Ducky":217,"Ring of Peace":9,"aspiration:AnachronicSnailShell":126,"Replay:Lucky Slots":77,"WingedGreaves":97,"energizedSpire:HugeHouse":61,"aspiration:FutureDiary":12,"Ring of Panic":82,"Ring of the Snake":0,"NeowsBlessing":0,"Self Forming Clay":53,"Golden Idol":166,"Damaru":207,"betterThird:NestCultRelic":76,"PreservedInsect":88,"The Courier":0,"aspiration:RandomNobGenerator":197,"infinitespire:Lucky Rock":9,"Ring of Greed":0,"MawBank":169,"Ornamental Fan":103,"betterThird:SlimedRelic":131,"Orrery":154,"Art of War":53,"Garlic":83,"Bottled Lightning":90,"Champion Belt":98,"ReplayTheSpireMod:Ring of Challenge":12,"ReplayTheSpireMod:Lightbulb":95,"Toy Ornithopter":117,"infinitespire:Midas Blood":23,"Divine Protection":13,"Calipers":33,"Tiny House":206,"CeramicFish":152,"Vajra":107,"Lizard Tail":5,"Honey Jar":137,"aspiration:ArtOfWarUpgrade":53,"Ring of Hypnosis":6,"Happy Flower":154,"ReplayTheSpireMod:CursedCoin":23,"Dead Branch":143,"Oddly Smooth Stone":196,"infinitespire:Beetle Shell":217,"aspiration:SeaSaltIceCream":12,"Letter Opener":92,"Replay:Baseball":162,"Shuriken":81,"Bronze Scales":149,"Molten Egg 2":4,"Simple Rune":124,"Onion Ring":126,"infinitespire:EmpoweringShard":113,"ReplayTheSpireMod:TigerMarble":186,"Grinning Jar":18,"aspiration:HatOfInfinitePower":0,"Mirror":0,"Pocketwatch":47,"Meat on the Bone":193,"ReplayFunnel":102,"ReplayTheSpireMod:Ring of Exchange":30,"Snecko Heart":85,"Replay:PocketPolymizer":186,"aspiration:TomeofQuesting":156,"Snake Skull":0,"Incense Burner":39,"Empty Cage":7,"PrismaticShard":12,"ClockworkSouvenir":217,"ReplayTheSpireMod:EnergyBall":90,"Replay:Bandana":23,"energizedSpire:CursedPentagram":28,"Chameleon Ring":31,"Mummified Hand":154,"Pantograph":167,"Tiny Chest":178,"infinitespire:Chaos":53,"Cracked Core":0,"Gremlin Food":39,"energizedSpire:RedRose":175,"aspiration:FetidBarrel":100,"infinitespire:CursedDice":124,"Guide Book":39,"Quantum Egg":130,"aspiration:RunicSpoon":0,"infinitespire:EmptyRelic":53,"Odd Mushroom":68,"Orichalcum":104,"Medical Kit":58,"White Beast Statue":53,"Mercury Hourglass":11,"Strange Spoon":13,"REME:ComplimentaryCards":0,"CaptainsWheel":212,"aspiration:WatcherSkillbook":38,"infinitespire:Satchel":110,"Bag of Marbles":42,"Membership Card":18,"PureWater":53,"FossilizedHelix":138},{"Golden Egg":525,"energizedSpire:UnstableMolecules":633,"Vampiric Spirits":170,"energizedSpire:CrystalSphere":824,"Whetstone":242,"Ginger":617,"Bottled Tornado":881,"Boot":641,"aspiration:RitualStick":272,"Ring of Searing":346,"Old Coin":582,"Blood Vial":585,"Replay:Ringing Soul":860,"aspiration:PoetsPen":208,"aspiration:BabyByrd":291,"Sundial":858,"MealTicket":124,"infinitespire:Golems Mask":344,"Fusion Hammer":482,"HandDrill":280,"Kunai":626,"aspiration:Headhunter":824,"aspiration:StickyExplosives":0,"Pear":664,"Counterbalance":579,"Blue Candle":764,"Velvet Choker":389,"Pen Nib":768,"Replay:Ancient Bell":764,"infinitespire:Magic Flask":112,"Akabeko":55,"aspiration:FrozenJewel":199,"infinitespire:EvilPickle":0,"Snecko Scales":170,"infinitespire:Lychee Nut":665,"infinitespire:Broken Mirror":718,"ReplayTheSpireMod:Ring of Collecting":18,"Bird Faced Urn":233,"Snecko Eye":533,"Pandora\u0027s Box":318,"CultistMask":18,"Unceasing Top":95,"energizedSpire:PogoStick":66,"Lantern":671,"aspiration:Lifesprig":774,"Singing Bowl":862,"Blue Doll":0,"King of Hearts":435,"Bag of Preparation":881,"Smiling Mask":112,"Burning Blood":0,"Pet Ghost":585,"Replay:Rubber Ducky":881,"Ring of Peace":38,"aspiration:AnachronicSnailShell":561,"Replay:Lucky Slots":332,"WingedGreaves":399,"energizedSpire:HugeHouse":265,"aspiration:FutureDiary":49,"Ring of Panic":346,"Ring of the Snake":0,"NeowsBlessing":0,"Self Forming Clay":233,"Golden Idol":691,"Damaru":851,"betterThird:NestCultRelic":327,"PreservedInsect":371,"The Courier":0,"aspiration:RandomNobGenerator":816,"infinitespire:Lucky Rock":38,"Ring of Greed":0,"MawBank":701,"Ornamental Fan":428,"betterThird:SlimedRelic":579,"Orrery":662,"Art of War":233,"Garlic":349,"Bottled Lightning":376,"Champion Belt":403,"ReplayTheSpireMod:Ring of Challenge":49,"ReplayTheSpireMod:Lightbulb":391,"Toy Ornithopter":514,"infinitespire:Midas Blood":112,"Divine Protection":55,"Calipers":160,"Tiny House":848,"CeramicFish":655,"Vajra":447,"Lizard Tail":16,"Honey Jar":598,"aspiration:ArtOfWarUpgrade":233,"Ring of Hypnosis":18,"Happy Flower":662,"ReplayTheSpireMod:CursedCoin":112,"Dead Branch":621,"Oddly Smooth Stone":806,"infinitespire:Beetle Shell":881,"aspiration:SeaSaltIceCream":49,"Letter Opener":381,"Replay:Baseball":676,"Shuriken":344,"Bronze Scales":645,"Molten Egg 2":11,"Simple Rune":551,"Onion Ring":561,"infinitespire:EmpoweringShard":489,"ReplayTheSpireMod:TigerMarble":764,"Grinning Jar":95,"aspiration:HatOfInfinitePower":0,"Mirror":0,"Pocketwatch":209,"Meat on the Bone":796,"ReplayFunnel":422,"ReplayTheSpireMod:Ring of Exchange":147,"Snecko Heart":361,"Replay:PocketPolymizer":764,"aspiration:TomeofQuesting":665,"Snake Skull":0,"Incense Burner":184,"Empty Cage":29,"PrismaticShard":49,"ClockworkSouvenir":881,"ReplayTheSpireMod:EnergyBall":376,"Replay:Bandana":112,"energizedSpire:CursedPentagram":138,"Chameleon Ring":153,"Mummified Hand":662,"Pantograph":695,"Tiny Chest":740,"infinitespire:Chaos":233,"Cracked Core":0,"Gremlin Food":184,"energizedSpire:RedRose":731,"aspiration:FetidBarrel":413,"infinitespire:CursedDice":551,"Guide Book":184,"Quantum Egg":577,"aspiration:RunicSpoon":0,"infinitespire:EmptyRelic":233,"Odd Mushroom":295,"Orichalcum":435,"Medical Kit":247,"White Beast Statue":233,"Mercury Hourglass":46,"Strange Spoon":55,"REME:ComplimentaryCards":0,"CaptainsWheel":862,"aspiration:WatcherSkillbook":181,"infinitespire:Satchel":465,"Bag of Marbles":193,"Membership Card":95,"PureWater":233,"FossilizedHelix":601}],"aspiration:RitualStick":[7],"Toy Ornithopter":15,"Ring of the Snake":[50]},"card_choices":[{"not_picked":["Panic Button","Crystallizer","Sweeping Beam"],"picked":"SKIP","floor":1.0},{"not_picked":["Warcry","Replay:Undeath\u0027s Touch","Pommel Strike"],"picked":"SKIP","floor":3.0},{"not_picked":["Storm","Power Through"],"picked":"Hidden Blade","floor":4.0},{"not_picked":["JustLucky","Skim"],"picked":"Second Wind","floor":7.0},{"not_picked":["Steam","Reckless Charge","SignatureMove"],"picked":"SKIP","floor":12.0},{"not_picked":["Lockon","Clothesline"],"picked":"Feed","floor":14.0},{"not_picked":["Envenom","Thinking Ahead"],"picked":"Vault","floor":16.0},{"not_picked":["Metallicize","Swivel+1"],"picked":"PathToVictory","floor":18.0},{"not_picked":["Coolheaded","Cold Snap","Carnage"],"picked":"SKIP","floor":21.0},{"not_picked":["Protect+1","Forethought"],"picked":"Night Terror","floor":23.0},{"not_picked":["EmptyFist","Clothesline"],"picked":"Auto Shields+1","floor":28.0},{"not_picked":["Cleave","ReplayTheSpireMod:Reroute Power"],"picked":"Underhanded Strike","floor":30.0},{"not_picked":["Beam Cell+1","Sunder","Panic Button"],"picked":"SKIP","floor":31.0},{"not_picked":["Mirror Shield","Night Terror"],"picked":"ReplayTheSpireMod:Necrogeddon","floor":33.0},{"not_picked":["FlurryOfBlows+1","Hello World+1"],"picked":"Jack Of All Trades","floor":35.0},{"not_picked":["CarveReality+1","Clothesline"],"picked":"Rampage+1","floor":36.0},{"not_picked":["Static Discharge","Havoc"],"picked":"MasterReality","floor":37.0},{"not_picked":["JustLucky+1","Compile Driver","Shrug It Off+1"],"picked":"SKIP","floor":39.0},{"not_picked":["PathToVictory","Carnage"],"picked":"Outmaneuver+1","floor":44.0},{"not_picked":["Entrench","Sweeping Beam","Immolate"],"picked":"SKIP","floor":45.0},{"not_picked":["ReplayTheSpireMod:LeadingStrike","Wild Strike+1"],"picked":"Dark Embrace+1","floor":46.0},{"not_picked":["Coolheaded","Consecrate","Rampage+1"],"picked":"SKIP","floor":47.0},{"not_picked":["Coolheaded+1","Ball Lightning"],"picked":"Underhanded Strike+1","floor":54}],"player_experience":306217,"relics_obtained":[{"floor":9.0,"key":"Pet Ghost"},{"floor":10.0,"key":"Bag of Marbles"},{"floor":11.0,"key":"Replay:Bandana"},{"floor":14.0,"key":"infinitespire:Satchel"},{"floor":23.0,"key":"Snake Skull"},{"floor":24.0,"key":"Blue Doll"},{"floor":26.0,"key":"Mirror"},{"floor":32.0,"key":"aspiration:StickyExplosives"},{"floor":41.0,"key":"Ring of Peace"},{"floor":41.0,"key":"Ring of Greed"},{"floor":41.0,"key":"Old Coin"},{"floor":41.0,"key":"The Courier"},{"floor":45.0,"key":"Toy Ornithopter"},{"floor":54,"key":"infinitespire:Magic Flask"}],"event_choices":[{"damage_healed":0.0,"max_hp_gain":0.0,"max_hp_loss":0.0,"gold_gain":0.0,"event_name":"The Woman in Blue","player_choice":"Bought 0 Potions","floor":2.0,"gold_loss":0.0,"damage_taken":0.0},{"cards_removed":["Defend_G"],"damage_healed":0.0,"max_hp_gain":0.0,"max_hp_loss":0.0,"gold_gain":0.0,"event_name":"betterThird:BetterWriting","player_choice":"Elegance","floor":19.0,"gold_loss":0.0,"damage_taken":0.0},{"damage_healed":0.0,"max_hp_gain":0.0,"max_hp_loss":0.0,"gold_gain":0.0,"event_name":"Winding Halls","player_choice":"Embrace Madness","floor":38.0,"gold_loss":0.0,"damage_taken":12.0,"cards_obtained":["Madness","Madness"]},{"damage_healed":0.0,"max_hp_gain":0.0,"max_hp_loss":0.0,"gold_gain":3.0,"event_name":"betterStone:BetterStone","player_choice":"3","floor":48.0,"gold_loss":0.0,"damage_taken":0.0,"cards_obtained":["ReplayTheSpireMod:Scrap Shanks"]}],"is_beta":false,"boss_relics":[{"not_picked":["Honey Jar","energizedSpire:HighHeels"],"picked":"Snecko Scales"},{"not_picked":["Ring of Chaos","aspiration:FutureDiary"],"picked":"aspiration:RunicSpoon"}],"items_purged_floors":[0,27,53],"is_endless":false,"potions_floor_spawned":[1,7,16,18,28,31,33,39,44,45,47],"killed_by":"The Heart","ascension_level":5}}