{"host":"n3x47g3cen64bqy7","time":1611490452,"event":{"mods":["Aspiration","BaseMod","Downfall","Hermit","Hubris","Marisa£®ÏF”Í°°ƒß¿Ì…≥£©","Minty Spire (QoL Compilation)","Remilia£®¿Ÿ√◊¿Ú—«£©","Replay The Spire","Shop Mod","StSLib","The Construct","The Cursed","The Mystic","The Runesmith","The Servant 0.9.4","Youmu£®ªÍ∆«—˝√Œ£©"],"gold_per_floor":[119,119,119,119,129,162,189,189,212,241,284,284,359,382,292,292,292],"floor_reached":16,"language":"ZHS","playtime":686,"items_purged":[],"score":135,"play_id":"56ac8da8-83fb-48e4-b65c-21c6493a646e","local_time":"20210124201412","is_ascension_mode":false,"campfire_choices":[{"data":"SanzenSekai","floor":8.0,"key":"SMITH"}],"circlet_count":0,"master_deck":["Strike_YM","Strike_YM","Strike_YM","Strike_YM","Defend_YM+1","Defend_YM","Defend_YM","SlashOfPresentWorld+1","WheelOfPainOfLivingAndDead","SlashOfMeditation","Decay","SanzenSekai+1","ConstancyOfTheConventionalTruth","StrangeHalfBody","KarmicPunishmentOfTheIdleAndUnfocused"],"relics":["HalfPhantom","NeowsBlessing","ReplayTheSpireMod:Ring of Addiction","hubris:EmptyBottle","SacredBark","Ring of Peace","Gremlin Food","CeramicFish","MealTicket","Nunchaku","Omamori"],"acts_visited":["Exordium"],"potions_floor_usage":[14,16],"damage_taken":[{"damage":0.0,"enemies":"2 Louse","floor":1.0,"turns":2.0},{"damage":0.0,"enemies":"Small Slimes","floor":5.0,"turns":1.0},{"damage":0.0,"enemies":"3 Sentries","floor":6.0,"turns":2.0},{"damage":1.0,"enemies":"Cultist","floor":7.0,"turns":4.0},{"damage":0.0,"enemies":"Looter","floor":10.0,"turns":3.0},{"damage":6.0,"enemies":"Gremlin Nob","floor":11.0,"turns":5.0},{"damage":0,"enemies":"Large Slime","floor":14,"turns":6},{"damage":22,"enemies":"Slime Boss","floor":16,"turns":7}],"seed_played":"1841535305041450513","potions_obtained":[{"floor":2.0,"key":"Adrenaline Potion"},{"floor":2.0,"key":"BlessingOfTheForge"},{"floor":2.0,"key":"Block Potion"},{"floor":5.0,"key":"SpeedPotion"}],"is_trial":false,"path_per_floor":["M","?","?","?","M","E","M","R","T","M","E","?","?","M","R","B"],"character_chosen":"YOUMU","items_purchased":[],"campfire_rested":0,"item_purchase_floors":[],"current_hp_per_floor":[75,75,75,75,75,73,72,72,71,71,65,53,47,47,47,25,25],"gold":292,"neow_bonus":"THREE_ENEMY_KILL","is_daily":false,"chose_seed":false,"campfire_upgraded":1,"win_rate":0.0,"timestamp":1611490452,"path_taken":["M","?","?","?","?","E","M","R","T","M","E","?","?","M","R","BOSS"],"items_purchased_type":[],"build_version":"2020-12-22","purchased_purges":0,"victory":false,"max_hp_per_floor":[75,75,75,75,75,73,73,73,71,71,71,69,69,69,69,69,69],"card_choices":[{"not_picked":["HumanKnowledgeSword","DispleasureOfTheSevenHakus"],"picked":"SlashOfMeditation","floor":1.0},{"not_picked":["WickedSoul","SlashOfMeditation","HumanKnowledgeSword"],"picked":"SKIP","floor":5.0},{"not_picked":["CherryBlossomFlashing","CrescentMoonSlash","GhostSword"],"picked":"SKIP","floor":6.0},{"not_picked":["BizarrenessOfSixRealms","FlashingScatteredFlowers"],"picked":"SanzenSekai","floor":7.0},{"not_picked":["CherryBlossomFlashing","SlashOfMeditation"],"picked":"ConstancyOfTheConventionalTruth","floor":10.0},{"not_picked":["DispleasureOfTheSevenHakus","SlashOfMeditation"],"picked":"StrangeHalfBody","floor":11.0},{"not_picked":["TransmigrationSlash","SlashOfMeditation"],"picked":"KarmicPunishmentOfTheIdleAndUnfocused","floor":14}],"player_experience":108900,"relics_obtained":[{"floor":2.0,"key":"ReplayTheSpireMod:Ring of Addiction"},{"floor":2.0,"key":"hubris:EmptyBottle"},{"floor":2.0,"key":"SacredBark"},{"floor":2.0,"key":"Ring of Peace"},{"floor":6.0,"key":"CeramicFish"},{"floor":9.0,"key":"MealTicket"},{"floor":11.0,"key":"Nunchaku"}],"event_choices":[{"damage_healed":0.0,"max_hp_gain":0.0,"max_hp_loss":0.0,"gold_gain":0.0,"event_name":"WeMeetAgain","player_choice":"Gave Potion","floor":4.0,"gold_loss":0.0,"damage_taken":0.0,"relics_obtained":["Gremlin Food"]},{"damage_healed":0.0,"max_hp_gain":0.0,"max_hp_loss":0.0,"gold_gain":0.0,"event_name":"Scrap Ooze","player_choice":"Success","floor":12.0,"gold_loss":0.0,"damage_taken":12.0,"relics_obtained":["Omamori"]},{"damage_healed":0,"gold_gain":75,"player_choice":"Touch","damage_taken":6,"max_hp_gain":0,"max_hp_loss":0,"event_name":"FaceTrader","floor":13,"gold_loss":0},{"cards_removed":["Defend_YM"],"damage_healed":0,"gold_gain":0,"player_choice":"Upgrade and Remove","damage_taken":0,"max_hp_gain":0,"max_hp_loss":0,"event_name":"Designer","floor":15,"gold_loss":90,"cards_upgraded":["Defend_YM"]}],"is_beta":false,"boss_relics":[],"items_purged_floors":[],"is_endless":false,"potions_floor_spawned":[5,6,10],"killed_by":"Slime Boss","ascension_level":0}}