{"host":"9xv6exvwmlpefxuw","time":1611477074,"event":{"mods":["ATMod(阿瑾Mod)","AchievementEnabler","Act Like it!","Aspiration","BaseMod","Chen","Colored Powertips","Conspire","Downfall","Friendly Minions","Gensokyo","GifTheSpireLib","KinomotoSakuraMod(木之本樱)","Koishi","KomeijiMod","Lobotomy","LobotomyExtend","Marisa（F雨　魔理沙）","Minty Spire (QoL Compilation)","Pale of the Ancients","Rare Cards Sparkle","Reimu（博丽灵梦）","Remilia_Scarlet Moed（蕾米莉亚・斯卡雷特）3.3.5","Remilia（蕾米莉亚）","RumiaBox-露米娅的神秘盒子","StSLib","The Administrix","The Mystic","The Servant 0.9.4","WarShipGirlsR/战舰少女R mod","Yakumo Yukari mod","Youmu（魂魄妖梦）","Yuyuko","[IsaacMod]以撒尖塔","[功能]功能增强和修复MOD","【功能Mod】混沌之环修复补丁","【功能Mod】聪明的最终Boss","【遗物卡牌】REMEMod"],"gold_per_floor":[114,132,132,149,165,195,195,230,230,265,281,281,331,362,362,464,464,484,503,503,503,518,548,548,548,548,559,559,564,564,565,565,575,575,585,585,590,590,591,591,596,596,606,606,616,616,626,636,636,636,641,641,642,642,643,643,648,648,649,649,659,659,664,664,674,674,684,684,689,689,690,690,691,691,701,701,702,702,703,703,708,708,713,713,714,714,724,724,725,725,726,726,727,727],"floor_reached":27,"language":"ZHS","playtime":1562,"items_purged":[],"score":274,"play_id":"e0220579-b3e6-4a80-b006-f5d04f3ba1fb","local_time":"20210124163114","is_ascension_mode":true,"campfire_choices":[{"data":"Limit Break","floor":7,"key":"SMITH"},{"floor":15,"key":"REST"},{"floor":25,"key":"REST"}],"circlet_count":0,"master_deck":["Strike_R","Strike_R","Strike_R","Strike_R","Strike_R","Defend_R","Defend_R","Defend_R","Defend_R","Bash","EpicFetus","AT_OneInchPunch","REME_SingleHolding","AT_DrawKnifeCut","Anger","Limit Break+1","Thunderclap","Infernal Blade","Pommel Strike","Anger","Cleave","AT_ManFootWork","Demon Form","Armaments+1","Inflame"],"relics":["Burning Blood","AT_ATBox","HushsDoor","REME_ComplimentaryCards","PokeGo","aspiration:Nostalgia","KomeijisEye","conspire:GiftBox","TheBible","Kunai","Heaven_r","White Beast Statue","TheBean","conspire:DeflatedDodgeball","Calling Bell","Omamori","DeadEye","conspire:Boomerang","Blue Candle","Matryoshka","Centennial Puzzle","BloodDonationBag"],"acts_visited":[],"potions_floor_usage":[14,14,16,16,16,22,22,23,23,23],"damage_taken":[{"damage":5,"enemies":"2 Louse","floor":1,"turns":2},{"damage":6,"enemies":"conspire:RoseBush","floor":2,"turns":2},{"damage":0,"enemies":"Cultist","floor":4,"turns":2},{"damage":0,"enemies":"Large Slime","floor":5,"turns":2},{"damage":4,"enemies":"3 Sentries","floor":6,"turns":4},{"damage":24,"enemies":"Gremlin Nob","floor":8,"turns":4},{"damage":15,"enemies":"3 Sentries","floor":10,"turns":4},{"damage":0,"enemies":"Exordium Wildlife","floor":11,"turns":3},{"damage":15,"enemies":"Exordium Wildlife","floor":12,"turns":9},{"damage":47,"enemies":"Exordium Wildlife","floor":12,"turns":4},{"damage":30,"enemies":"Hiden Room Battle","floor":13,"turns":5},{"damage":29,"enemies":"Lagavulin","floor":14,"turns":4},{"damage":28,"enemies":"Hexaghost","floor":16,"turns":9},{"damage":32,"enemies":"Chosen","floor":18,"turns":5},{"damage":25,"enemies":"2 Thieves","floor":19,"turns":4},{"damage":20,"enemies":"Snake Plant","floor":22,"turns":4},{"damage":23,"enemies":"Book of Stabbing","floor":23,"turns":4},{"damage":28,"enemies":"Slavers","floor":27,"turns":5},{"damage":29,"enemies":"Slavers","floor":27,"turns":5},{"damage":30,"enemies":"Slavers","floor":27,"turns":5},{"damage":31,"enemies":"Slavers","floor":27,"turns":5},{"damage":32,"enemies":"Slavers","floor":27,"turns":5},{"damage":33,"enemies":"Slavers","floor":27,"turns":5},{"damage":34,"enemies":"Slavers","floor":27,"turns":5},{"damage":35,"enemies":"Slavers","floor":27,"turns":5},{"damage":36,"enemies":"Slavers","floor":27,"turns":5},{"damage":37,"enemies":"Slavers","floor":27,"turns":5},{"damage":38,"enemies":"Slavers","floor":27,"turns":5},{"damage":39,"enemies":"Slavers","floor":27,"turns":5},{"damage":40,"enemies":"Slavers","floor":27,"turns":5},{"damage":41,"enemies":"Slavers","floor":27,"turns":5},{"damage":42,"enemies":"Slavers","floor":27,"turns":5},{"damage":43,"enemies":"Slavers","floor":27,"turns":5},{"damage":44,"enemies":"Slavers","floor":27,"turns":5},{"damage":45,"enemies":"Slavers","floor":27,"turns":5},{"damage":46,"enemies":"Slavers","floor":27,"turns":5},{"damage":47,"enemies":"Slavers","floor":27,"turns":5},{"damage":48,"enemies":"Slavers","floor":27,"turns":5},{"damage":49,"enemies":"Slavers","floor":27,"turns":5},{"damage":50,"enemies":"Slavers","floor":27,"turns":5},{"damage":51,"enemies":"Slavers","floor":27,"turns":5},{"damage":52,"enemies":"Slavers","floor":27,"turns":5},{"damage":53,"enemies":"Slavers","floor":27,"turns":5},{"damage":54,"enemies":"Slavers","floor":27,"turns":5},{"damage":55,"enemies":"Slavers","floor":27,"turns":5},{"damage":56,"enemies":"Slavers","floor":27,"turns":5},{"damage":57,"enemies":"Slavers","floor":27,"turns":5},{"damage":58,"enemies":"Slavers","floor":27,"turns":5},{"damage":59,"enemies":"Slavers","floor":27,"turns":5},{"damage":60,"enemies":"Slavers","floor":27,"turns":5},{"damage":61,"enemies":"Slavers","floor":27,"turns":5}],"seed_played":"6471125601727478390","potions_obtained":[{"floor":1,"key":"SpeedPotion"},{"floor":6,"key":"Dexterity Potion"},{"floor":6,"key":"RedTea"},{"floor":10,"key":"BlessingOfTheForge"},{"floor":13,"key":"Regen Potion"},{"floor":14,"key":"bronze:BurnAndBuffPotion"},{"floor":14,"key":"EssenceOfSteel"},{"floor":16,"key":"AttackPotion"},{"floor":16,"key":"BlessingOfTheForge"},{"floor":18,"key":"LiquidBronze"},{"floor":22,"key":"ExcitationPotion"},{"floor":22,"key":"SkillPotion"}],"is_trial":false,"path_per_floor":["M","M","?","M","M","E","R","E","T","E","M","?","?","E","R","B",null,"M","M","?","?","M","E","?","R","T","E"],"character_chosen":"IRONCLAD","items_purchased":[],"campfire_rested":2,"item_purchase_floors":[],"current_hp_per_floor":[80,80,80,80,80,80,80,62,62,53,59,49,25,7,31,9,80,54,35,30,38,24,7,7,31,31,0,0,0,0,0,0,0,0,0,0,0,0,0,0,0,0,0,0,0,0,0,0,0,0,0,0,0,0,0,0,0,0,0,0,0,0,0,0,0,0,0,0,0,0,0,0,0,0,0,0,0,0,0,0,0,0,0,0,0,0,0,0,0,0,0,0,0,0],"gold":727,"neow_bonus":"NOSTALGIA","is_daily":false,"chose_seed":false,"campfire_upgraded":1,"win_rate":0.0,"timestamp":1611477074,"path_taken":["M","M","?","M","M","E","R","E","T","E","?","?","?","E","R","BOSS","M","M","?","?","M","E","?","R","T","E"],"items_purchased_type":[],"build_version":"2020-12-22","purchased_purges":0,"victory":false,"max_hp_per_floor":[80,80,80,80,80,80,80,80,80,80,80,80,80,80,80,80,80,80,80,80,80,80,80,80,80,80,80,80,80,80,80,80,80,80,80,80,80,80,80,80,80,80,80,80,80,80,80,80,80,80,80,80,80,80,80,80,80,80,80,80,80,80,80,80,80,80,80,80,80,80,80,80,80,80,80,80,80,80,80,80,80,80,80,80,80,80,80,80,80,80,80,80,80,80],"card_choices":[{"not_picked":[],"picked":"EpicFetus","floor":0},{"not_picked":["Headbutt","Uppercut"],"picked":"REME_SingleHolding","floor":1},{"not_picked":["Fire Breathing","AT_BodySlamDance"],"picked":"AT_DrawKnifeCut","floor":2},{"not_picked":["Dropkick","AT_BodySlamDance","Clash"],"picked":"SKIP","floor":4},{"not_picked":["Cleave","Warcry"],"picked":"Anger","floor":5},{"not_picked":["REME_ACTH","Demon Form"],"picked":"Limit Break","floor":6},{"not_picked":["Warcry","Headbutt","REME_TheLastStrike"],"picked":"SKIP","floor":6},{"not_picked":["Battle Trance","AT_BodySlamDance"],"picked":"Thunderclap","floor":8},{"not_picked":["conspire:ExplosiveBarrier","Intimidate"],"picked":"Infernal Blade","floor":10},{"not_picked":["Dropkick","Body Slam"],"picked":"Pommel Strike","floor":11},{"not_picked":["Armaments","AT_Dispersion"],"picked":"Cleave","floor":13},{"not_picked":["Anger","Sword Boomerang"],"picked":"AT_ManFootWork","floor":14},{"not_picked":["Limit Break","Impervious"],"picked":"Demon Form","floor":16},{"not_picked":["Dark Embrace","Feel No Pain"],"picked":"Armaments+1","floor":18},{"not_picked":["Cleave","Sever Soul","Clash+1"],"picked":"SKIP","floor":19},{"not_picked":["Body Slam","Headbutt","Sever Soul"],"picked":"SKIP","floor":22},{"not_picked":["AT_IchimonjiDouble+1","Infernal Blade"],"picked":"Inflame","floor":23}],"player_experience":31658,"relics_obtained":[{"floor":6,"key":"conspire:GiftBox"},{"floor":8,"key":"TheBible"},{"floor":10,"key":"Kunai"},{"floor":13,"key":"White Beast Statue"},{"floor":13,"key":"TheBean"},{"floor":14,"key":"conspire:DeflatedDodgeball"},{"floor":17,"key":"Omamori"},{"floor":17,"key":"DeadEye"},{"floor":17,"key":"conspire:Boomerang"},{"floor":23,"key":"Matryoshka"},{"floor":26,"key":"Centennial Puzzle"},{"floor":26,"key":"BloodDonationMachine"}],"event_choices":[{"damage_healed":0,"gold_gain":0,"player_choice":"Bought 0 Potions","damage_taken":0,"max_hp_gain":0,"max_hp_loss":0,"event_name":"The Woman in Blue","floor":3,"gold_loss":0},{"damage_healed":0,"gold_gain":0,"player_choice":"Fight","damage_taken":0,"max_hp_gain":0,"max_hp_loss":0,"event_name":"HidenRoomEvent","floor":13,"gold_loss":0}],"is_beta":false,"boss_relics":[{"not_picked":["aspiration:RitualDagger","aspiration:SilentSkillbook"],"picked":"Calling Bell"},{"not_picked":[]}],"items_purged_floors":[],"is_endless":false,"potions_floor_spawned":[1,6,6,6,10,11,13,14,14,14,16,16,18,18,18,19,22,22,22,23],"killed_by":"Slavers","ascension_level":1}}