{"host":"h1ba9qculgt1zycs","time":1611521938,"event":{"mods":["BaseMod","Hermit","Minty Spire (QoL Compilation)","Remove Card Discount Mod","StSLib","The Cursed"],"gold_per_floor":[119,119,83,98,98,132,145,160,160,171,171,171],"floor_reached":11,"language":"ENG","playtime":414,"items_purged":[],"score":144,"play_id":"0cfe55f7-47d9-4736-8b16-0d2734c27890","local_time":"20210124215858","is_ascension_mode":true,"campfire_choices":[],"circlet_count":0,"master_deck":["Strike_P","Strike_P","Strike_P","Strike_P","Defend_P","Defend_P","Defend_P","Eruption+1","Vigilance","Adaptation","ForeignInfluence","Establishment","Study","Crescendo","Protect","ForeignInfluence"],"relics":["PureWater","NeowsBlessing","Ornamental Fan"],"acts_visited":["Exordium"],"potions_floor_usage":[8],"damage_taken":[{"damage":0,"enemies":"Small Slimes","floor":1,"turns":1},{"damage":0,"enemies":"Jaw Worm","floor":4,"turns":1},{"damage":0,"enemies":"Gremlin Nob","floor":6,"turns":1},{"damage":12,"enemies":"Cultist","floor":7,"turns":3},{"damage":3,"enemies":"Blue Slaver","floor":8,"turns":4},{"damage":17,"enemies":"Exordium Thugs","floor":10,"turns":4},{"damage":12,"enemies":"3 Sentries","floor":11,"turns":3}],"seed_played":"6417930167555248794","potions_obtained":[{"floor":6,"key":"Explosive Potion"},{"floor":10,"key":"StancePotion"}],"is_trial":false,"path_per_floor":["M","?","$","M","?","E","M","M","T","M","E"],"character_chosen":"WATCHER","items_purchased":["Adaptation"],"campfire_rested":0,"item_purchase_floors":[3],"current_hp_per_floor":[72,72,72,72,72,72,60,57,57,40,28,28],"gold":171,"neow_bonus":"THREE_ENEMY_KILL","is_daily":false,"chose_seed":false,"campfire_upgraded":0,"win_rate":0.0,"timestamp":1611521938,"path_taken":["M","?","$","M","?","E","?","M","T","M","E"],"items_purchased_type":["Card"],"build_version":"2020-12-22","purchased_purges":0,"victory":false,"max_hp_per_floor":[72,72,72,72,72,72,72,72,72,72,72,72],"card_choices":[{"not_picked":["Crescendo","EmptyBody","ClearTheMind"],"picked":"SKIP","floor":1},{"not_picked":["BowlingBash","Evaluate"],"picked":"ForeignInfluence","floor":4},{"not_picked":["Conclude","Sanctity"],"picked":"Study","floor":6},{"not_picked":["Sanctity","CutThroughFate"],"picked":"Crescendo","floor":7},{"not_picked":["JustLucky","SashWhip"],"picked":"Protect","floor":8},{"not_picked":["Worship","CutThroughFate"],"picked":"ForeignInfluence","floor":10}],"player_experience":284536,"relics_obtained":[{"floor":6,"key":"Ornamental Fan"}],"event_choices":[{"damage_healed":0,"gold_gain":0,"player_choice":"Grow","damage_taken":0,"max_hp_gain":0,"max_hp_loss":0,"event_name":"Living Wall","floor":2,"gold_loss":0,"cards_upgraded":["Eruption"]},{"damage_healed":0,"gold_gain":0,"cards_transformed":["Defend_P"],"player_choice":"Transformed","damage_taken":0,"max_hp_gain":0,"max_hp_loss":0,"event_name":"Transmorgrifier","floor":5,"gold_loss":0,"cards_obtained":["Establishment"]}],"is_beta":false,"boss_relics":[],"items_purged_floors":[],"is_endless":false,"potions_floor_spawned":[6,10],"killed_by":"3 Sentries","ascension_level":3}}