{"host":"rzvepkyh9344fbo1","time":1611481931,"event":{"mods":["AchievementEnabler","Act Like it!","BaseMod","Colored Map","Colored Powertips","Curses Come First","Downfall","Hermit","Highlight Path","Minty Spire (QoL Compilation)","Replay The Spire","Shop Mod","StS++","StSLib","The Cursed","The Necromancer"],"gold_per_floor":[152,172,272,272,50,50,73,99,112,141,158,171,71,82,102,205,205,205,217,217,233,12,41,117,136,150,165,200,214,79,92,103,199,199,99,116,128,146,197,208,208,129,129,129,29,389,389,180,190,190,190,190,190,190],"floor_reached":52,"language":"ENG","playtime":9092,"items_purged":["Decay","Defend_G","Doubt"],"score":808,"play_id":"38f1085a-ca0a-4fd8-a546-574dbf2f7746","local_time":"20210124205211","is_ascension_mode":false,"campfire_choices":[{"data":"champ:Taunt","floor":6.0,"key":"SMITH"},{"data":"champ:BringItOn","floor":13.0,"key":"SMITH"},{"data":"champ:GladiatorForm","floor":18.0,"key":"SMITH"},{"floor":35.0,"key":"RECALL"},{"data":"champ:CalledShot","floor":45.0,"key":"SMITH"}],"circlet_count":0,"master_deck":["champ:Strike","champ:Strike","champ:Strike","champ:Defend","champ:Defend","champ:Execute","champ:Taunt+1","champ:Circumvent+1","champ:ShieldSlam+1","champ:DefensiveShout","Pot Of Greed","champ:BringItOn+1","Pot Of Greed","champ:GladiatorForm+1","champ:TornadoPunch","champ:FocusedDefense","champ:GutPunch","champ:CalledShot+1","champ:RapidStrikes","champ:Shatter","champ:ShieldWall","champ:VampiricStrike","champ:PreemptiveStrike+1","Pot Of Greed","champ:FocusedBerserking","champ:EnragedBash+1","champ:DefensiveShout+1","champ:FlashCut","champ:PerfectedStrike","Dramatic Entrance","champ:Encircle","champ:Duel","champ:HoldFirm","champ:Backstep+1","champ:ArenaPreparation","champ:Encircle","Pot Of Greed","champ:Duel","champ:Endure+1","champ:LastStand+1","champ:SetATrap+1","champ:SetATrap+1","champ:IronFortress+1","champ:MurderStrike+1","champ:BerserkersShout","expansioncontent:Chronoboost+1","champ:FocusedBerserking+1"],"relics":["champ:ChampionCrown","Happy Flower","Grinning Jar","downfall:HeartBlessingGreen","Meat on the Bone","MerchantsRug","Runic Pyramid","downfall:HeartBlessingBlue","Replay:Towering Pillar of Hats","Sundial","Golden Egg","BargainBundle","downfall:HeartBlessingRed"],"acts_visited":["Exordium","TheCity","TheBeyond","TheEnding"],"potions_floor_usage":[49,50],"damage_taken":[{"damage":10.0,"enemies":"Jaw Worm","floor":2.0,"turns":2.0},{"damage":22.0,"enemies":"downfall:FleeingMerchant","floor":5.0,"turns":4.0},{"damage":47.0,"enemies":"Gremlin Nob","floor":8.0,"turns":5.0},{"damage":15.0,"enemies":"2 Louse","floor":9.0,"turns":3.0},{"damage":20.0,"enemies":"Lagavulin","floor":10.0,"turns":8.0},{"damage":1.0,"enemies":"Cultist","floor":11.0,"turns":4.0},{"damage":8.0,"enemies":"Red Slaver","floor":12.0,"turns":4.0},{"damage":0.0,"enemies":"Blue Slaver","floor":14.0,"turns":2.0},{"damage":0.0,"enemies":"Lots of Slimes","floor":15.0,"turns":2.0},{"damage":76.0,"enemies":"WA_ARCHETYPE_RETAIN","floor":16.0,"turns":14.0},{"damage":26.0,"enemies":"Shell Parasite","floor":19.0,"turns":6.0},{"damage":25.0,"enemies":"Chosen","floor":21.0,"turns":5.0},{"damage":25.0,"enemies":"downfall:FleeingMerchant","floor":22.0,"turns":4.0},{"damage":26.0,"enemies":"Gremlin Leader","floor":23.0,"turns":7.0},{"damage":16.0,"enemies":"Snake Plant","floor":25.0,"turns":5.0},{"damage":33.0,"enemies":"Snecko","floor":26.0,"turns":6.0},{"damage":29.0,"enemies":"Chosen and Byrds","floor":27.0,"turns":5.0},{"damage":36.0,"enemies":"Slavers","floor":28.0,"turns":5.0},{"damage":27.0,"enemies":"Centurion and Healer","floor":29.0,"turns":5.0},{"damage":15.0,"enemies":"downfall:FleeingMerchant","floor":30.0,"turns":4.0},{"damage":8.0,"enemies":"Snake Plant","floor":31.0,"turns":4.0},{"damage":10.0,"enemies":"Sentry and Sphere","floor":32.0,"turns":3.0},{"damage":55.0,"enemies":"DF_ARCHETYPE_CLAW","floor":33.0,"turns":7.0},{"damage":13.0,"enemies":"3 Shapes","floor":36.0,"turns":4.0},{"damage":10.0,"enemies":"3 Darklings","floor":37.0,"turns":5.0},{"damage":76.0,"enemies":"Transient","floor":38.0,"turns":5.0},{"damage":30.0,"enemies":"2 Orb Walkers","floor":39.0,"turns":4.0},{"damage":29.0,"enemies":"Jaw Worm Horde","floor":40.0,"turns":4.0},{"damage":35.0,"enemies":"downfall:FleeingMerchant","floor":42.0,"turns":4.0},{"damage":5.0,"enemies":"downfall:FleeingMerchant","floor":46.0,"turns":4.0},{"damage":39,"enemies":"Writhing Mass","floor":49,"turns":6},{"damage":49,"enemies":"SI_POISON_ARCHETYPE","floor":50,"turns":10},{"damage":127,"enemies":"downfall:CharBossMerchant","floor":52,"turns":6}],"seed_played":"-5660968001532469964","potions_obtained":[{"floor":2.0,"key":"Dexterity Potion"},{"floor":8.0,"key":"Swift Potion"},{"floor":10.0,"key":"Reflective Coating"},{"floor":11.0,"key":"SpeedPotion"},{"floor":12.0,"key":"StSpp:SecondWindPotion"},{"floor":15.0,"key":"champ:TechniquePotion"},{"floor":19.0,"key":"Flashbang"},{"floor":26.0,"key":"CultistPotion"},{"floor":29.0,"key":"Regen Potion"},{"floor":32.0,"key":"AttackPotion"},{"floor":33.0,"key":"CultistPotion"},{"floor":36.0,"key":"Swift Potion"},{"floor":47,"key":"downfall:CursedFountainPotion"}],"is_trial":false,"path_per_floor":["R_BF","M","?","?","$","R","T","E","M","E","M","M","R","M","M","B",null,"R","M","?","M","$","E","T","M","M","M","E","M","$","M","M","B",null,"R","M","M","M","?","M","T","$","?","?","R","$","?","$","M","B",null,"E"],"character_chosen":"THE_CHAMP","items_purchased":["Guide Book","champ:DefensiveShout","champ:ShieldWall","champ:CounterPotion","MerchantsRug","Dramatic Entrance","BargainBundle","champ:SetATrap","champ:IronFortress","DistilledChaos","Doom Potion","champ:CounterPotion","champ:MurderStrike","expansioncontent:Chronoboost"],"campfire_rested":0,"item_purchase_floors":[5,5,22,22,30,30,42,42,42,42,42,42,42,48],"current_hp_per_floor":[99,99,99,99,97,97,97,70,70,70,69,61,61,61,61,20,99,99,98,98,98,98,92,92,91,78,61,62,72,72,69,69,61,99,109,101,101,57,64,47,47,59,109,109,109,109,109,109,95,61,109,0,0,0],"gold":190,"neow_bonus":"TEN_PERCENT_HP_BONUS","is_daily":false,"chose_seed":false,"campfire_upgraded":4,"win_rate":0.0,"timestamp":1611481931,"path_taken":["R_BF","M","?","?","$","R","T","E","M","E","M","M","R","M","M","BOSS","R","M","?","M","$","E","T","?","M","M","E","M","$","M","M","BOSS","R","M","M","M","?","M","T","$","?","?","R","?","?","$","M","BOSS","E"],"items_purchased_type":["Relic","Card","Card","Potion","Relic","Card","Relic","Card","Card","Potion","Potion","Potion","Card","Card"],"build_version":"2020-12-22","purchased_purges":3,"victory":false,"max_hp_per_floor":[99,99,99,99,99,99,99,99,99,99,99,99,99,99,99,99,99,99,99,99,99,99,99,99,99,99,99,99,99,99,99,99,99,99,109,109,109,109,109,109,109,109,109,109,109,109,109,109,109,109,109,109,109,109],"card_choices":[{"not_picked":["champ:RapidStrikes","champ:PreciseThrust"],"picked":"champ:Circumvent","floor":2.0},{"not_picked":["champ:Shatter","champ:EndlessRage"],"picked":"champ:ShieldSlam","floor":5.0},{"not_picked":["champ:Haymaker","champ:FancyFootwork","champ:BladeFlurry"],"picked":"SKIP","floor":8.0},{"not_picked":["champ:PerfectedStrike","champ:FlashCut"],"picked":"champ:BringItOn","floor":9.0},{"not_picked":["champ:Circumvent","champ:HeartStrike"],"picked":"champ:GladiatorForm","floor":10.0},{"not_picked":["champ:StanceDance","champ:PerfectedStrike"],"picked":"champ:TornadoPunch","floor":11.0},{"not_picked":["champ:Circumvent","champ:RecklessLeap"],"picked":"champ:FocusedDefense","floor":12.0},{"not_picked":["champ:AdrenalArmor","champ:FlashCut"],"picked":"champ:GutPunch","floor":14.0},{"not_picked":["champ:GutPunch","champ:DancingMaster","champ:AdrenalArmor"],"picked":"SKIP","floor":15.0},{"not_picked":["champ:CheapShot","champ:IgnorePain"],"picked":"champ:LastStand","floor":16.0},{"not_picked":["champ:FalseCounter","champ:AdrenalArmor","champ:EnGarde"],"picked":"champ:CalledShot","floor":19.0},{"not_picked":["champ:BladeFlurry","champ:Parry","champ:CrownThrow"],"picked":"champ:RapidStrikes","floor":21.0},{"not_picked":["champ:Parry+1","champ:BladeFlurry","champ:CalledShot"],"picked":"champ:Shatter","floor":22.0},{"not_picked":["champ:PreciseThrust+1","champ:BerserkersShout","champ:Haymaker"],"picked":"champ:VampiricStrike","floor":23.0},{"not_picked":["champ:EnGarde","champ:PreciseThrust","champ:AdrenalArmor"],"picked":"champ:PreemptiveStrike+1","floor":25.0},{"not_picked":["champ:RisingSlash+1","champ:CrownThrow","champ:ShieldSlam"],"picked":"champ:FocusedBerserking","floor":26.0},{"not_picked":["champ:IronFortress","champ:PreciseThrust","champ:StanceDance"],"picked":"champ:EnragedBash+1","floor":27.0},{"not_picked":["champ:Haymaker","champ:PerfectedStrike","champ:BladeFlurry+1"],"picked":"champ:DefensiveShout+1","floor":28.0},{"not_picked":["champ:BerserkersShout","champ:Shatter","champ:EnGarde"],"picked":"champ:FlashCut","floor":29.0},{"not_picked":["champ:DancingMaster","champ:RecklessLeap+1","champ:PreemptiveStrike"],"picked":"champ:PerfectedStrike","floor":30.0},{"not_picked":["champ:TornadoPunch","champ:PerfectedStrike","champ:GladiatorStyle"],"picked":"champ:Encircle","floor":31.0},{"not_picked":["champ:EnragedBash","champ:TornadoPunch","champ:CrownThrow+1"],"picked":"champ:Duel","floor":32.0},{"not_picked":["champ:IgnorePain","champ:GladiatorForm","champ:LastStand"],"picked":"champ:HoldFirm","floor":33.0},{"not_picked":["champ:Haymaker","champ:Lariat+1","champ:PerfectedStrike"],"picked":"champ:Backstep+1","floor":36.0},{"not_picked":["champ:PerfectedStrike","champ:AdrenalArmor+1","champ:BringItOn"],"picked":"champ:ArenaPreparation","floor":37.0},{"not_picked":["champ:Circumvent+1","champ:EnGarde+1","champ:Backstep+1"],"picked":"champ:Encircle","floor":38.0},{"not_picked":["champ:DefensiveShout","champ:PerfectedStrike+1","champ:TornadoPunch+1"],"picked":"champ:Duel","floor":39.0},{"not_picked":["champ:Shatter+1","champ:Circumvent","champ:SwordThrow"],"picked":"champ:Endure+1","floor":40.0},{"not_picked":["champ:PerfectedStrike+1","champ:ArenaPreparation+1","champ:CrownThrow"],"picked":"champ:LastStand","floor":42.0},{"not_picked":["champ:Endure","champ:Encircle"],"picked":"champ:BerserkersShout","floor":46},{"not_picked":["champ:AdrenalArmor+1","champ:PerfectedStrike+1"],"picked":"champ:FocusedBerserking+1","floor":49}],"player_experience":224571,"relics_obtained":[{"floor":7.0,"key":"Happy Flower"},{"floor":8.0,"key":"Grinning Jar"},{"floor":10.0,"key":"Unceasing Top"},{"floor":23.0,"key":"Meat on the Bone"},{"floor":28.0,"key":"Matryoshka"},{"floor":39.0,"key":"Replay:Towering Pillar of Hats"},{"floor":41.0,"key":"Sundial"},{"floor":41.0,"key":"Golden Egg"}],"event_choices":[{"cards_removed":["champ:LastStand"],"damage_healed":0.0,"max_hp_gain":0.0,"max_hp_loss":0.0,"gold_gain":0.0,"event_name":"NoteForYourself","player_choice":"Took Card","floor":20.0,"gold_loss":0.0,"damage_taken":0.0,"cards_obtained":["Defend_G"]},{"damage_healed":0.0,"max_hp_gain":0.0,"max_hp_loss":0.0,"gold_gain":0.0,"event_name":"Mysterious Sphere","player_choice":"Fight","floor":39.0,"gold_loss":0.0,"damage_taken":0.0}],"is_beta":false,"boss_relics":[{"not_picked":["ReplayTheSpireMod:DimensionalGlitch","Pandora\u0027s Box"],"picked":"Honey Jar"},{"not_picked":["Calling Bell","bronze:MakeshiftBattery"],"picked":"Runic Pyramid"}],"items_purged_floors":[22,42,48],"is_endless":false,"potions_floor_spawned":[2,8,10,11,12,15,19,26,29,32,33,36],"killed_by":"downfall:CharBossMerchant","ascension_level":0}}