{"host":"cgwysqtmt736mr58","time":1611461227,"event":{"mods":["2.2 Compatiblity","Aspiration","BaseMod","Beaked The Cultist","Colored Map","Colored Powertips","Downfall","Googly Eyes","Halation","Hermit","Hubris","Infinite Spire","Lobotomy","LobotomyExtend","Marisa????????","Minty Spire (QoL Compilation)","Relic Stats","Replay The Spire","Shade Mod","StSLib","The Bug Knight","The Construct","The Cursed","The Disciple","The Exalted","The Jungle","The Necromancer","The Runesmith","The Servant 0.9.4","The Wild Card","Waifu the Spire","Yuri Mod","[IsaacMod]????"],"gold_per_floor":[99,113,128,140,140,40,65,75,250,267,267,267,267,279,292,292,292,292],"floor_reached":16,"language":"ENG","playtime":488,"items_purged":[],"score":94,"play_id":"c855dbc8-ca86-4a3a-8417-21863db2433a","local_time":"20210124150707","is_ascension_mode":false,"campfire_choices":[{"floor":1,"key":"RECALL"},{"data":"bronze:Replicate","floor":6,"key":"SMITH"},{"floor":11,"key":"REST"},{"data":"bronze:DelayedSlice","floor":13,"key":"SMITH"}],"circlet_count":0,"master_deck":["bronze:Strike","bronze:Strike","bronze:Strike","bronze:Strike","bronze:Defend","bronze:Defend","bronze:Defend","bronze:Replicate+1","bronze:Goto","bronze:ShipIt","bronze:CloningBeam","bronze:Repair","bronze:Verify","Doubt","bronze:DelayedSlice+1","bronze:BitShift","bronze:WhirlingStrike"],"relics":["bronze:BronzeCore","HushsDoor","SteamSale","LetterFromLob","downfall:HeartBlessingRed","PreservedInsect"],"acts_visited":["Exordium"],"potions_floor_usage":[16],"damage_taken":[{"damage":9,"enemies":"2 Louse","floor":2,"turns":2},{"damage":1,"enemies":"Cultist","floor":3,"turns":4},{"damage":4,"enemies":"Small Slimes","floor":4,"turns":4},{"damage":14,"enemies":"3 Louse","floor":8,"turns":3},{"damage":14,"enemies":"Blue Slaver","floor":10,"turns":3},{"damage":16,"enemies":"Lots of Slimes","floor":14,"turns":3},{"damage":0,"enemies":"Large Slime","floor":15,"turns":5},{"damage":61,"enemies":"WA_ARCHETYPE_RETAIN","floor":16,"turns":7}],"seed_played":"1084056286447919335","potions_obtained":[{"floor":3,"key":"Milkshake"},{"floor":4,"key":"Elixir"},{"floor":10,"key":"BlessingOfTheForge"}],"is_trial":false,"path_per_floor":["R_BF","M","M","M","?","R","T","M","?","M","R","?","R","M","M","B"],"character_chosen":"THE_AUTOMATON","items_purchased":[],"campfire_rested":1,"item_purchase_floors":[],"current_hp_per_floor":[70,61,60,56,56,56,56,56,56,49,70,70,70,54,54,0,0,0],"gold":292,"neow_bonus":"ONE_RANDOM_RARE_CARD","is_daily":false,"chose_seed":false,"campfire_upgraded":2,"win_rate":0.0,"timestamp":1611461227,"path_taken":["R_BF","M","M","M","?","R","T","M","?","M","R","?","R","M","M","BOSS"],"items_purchased_type":[],"build_version":"2020-12-22","purchased_purges":0,"victory":false,"max_hp_per_floor":[70,70,70,70,70,70,70,70,70,70,70,70,70,70,70,70,70,70],"relic_stats":{"counters":[8,31],"PreservedInsect":0,"obtain_stats":[{"KeepersGift":0,"bronze:BronzeCore":0,"downfall:HeartBlessingRed":6,"PreservedInsect":7,"LetterFromLob":2,"HushsDoor":0,"SteamSale":1},{"KeepersGift":0,"bronze:BronzeCore":0,"downfall:HeartBlessingRed":3,"PreservedInsect":3,"LetterFromLob":1,"HushsDoor":0,"SteamSale":0},{"KeepersGift":0,"bronze:BronzeCore":0,"downfall:HeartBlessingRed":10,"PreservedInsect":10,"LetterFromLob":2,"HushsDoor":0,"SteamSale":0}]},"card_choices":[{"not_picked":["bronze:DarkDash","bronze:BitShift","bronze:BuggyMess"],"picked":"SKIP","floor":2},{"not_picked":["bronze:Repulsor","bronze:Frontload"],"picked":"bronze:CloningBeam","floor":3},{"not_picked":["bronze:Deprecate","bronze:Repulsor"],"picked":"bronze:Repair","floor":4},{"not_picked":["bronze:WhirlingStrike","bronze:BuggyMess"],"picked":"bronze:Verify","floor":8},{"not_picked":["bronze:DarkDash","bronze:ForLoop"],"picked":"bronze:DelayedSlice","floor":10},{"not_picked":["bronze:DelayedGuard","bronze:Overheat"],"picked":"bronze:BitShift","floor":14},{"not_picked":["bronze:Overheat","bronze:Deprecate"],"picked":"bronze:WhirlingStrike","floor":15}],"player_experience":1025172,"relics_obtained":[{"floor":2,"key":"LetterFromLob"},{"floor":7,"key":"PreservedInsect"}],"event_choices":[],"is_beta":false,"boss_relics":[],"items_purged_floors":[],"is_endless":false,"potions_floor_spawned":[3,4,10],"killed_by":"WA_ARCHETYPE_RETAIN","ascension_level":0}}