{"host":"359hz4210ybch7ku","time":1611471505,"event":{"mods":["BaseMod","Block Reminder","Colored Map","Colored Powertips","Highlight Path","Minty Spire (QoL Compilation)","Slay the Relics Exporter","StSLib"],"gold_per_floor":[111,111,36,36,52,52,70,24,47,47,61,90,90,152,152,152,152],"floor_reached":16,"language":"ENG","playtime":960,"items_purged":["Defend_R"],"score":113,"play_id":"ccd461fa-4c7a-4ea4-a0c2-bfb76a846c69","local_time":"20210123225825","is_ascension_mode":true,"campfire_choices":[{"data":"Shrug It Off","floor":6,"key":"SMITH"},{"data":"Warcry","floor":10,"key":"SMITH"},{"data":"Clash","floor":13,"key":"SMITH"},{"data":"Warcry","floor":15,"key":"SMITH"}],"circlet_count":0,"master_deck":["Strike_R","Strike_R","Strike_R","Strike_R+1","Strike_R","Defend_R","Defend_R","Bash+1","Heavy Blade","Shrug It Off+1","Clash+1","Warcry+1","Warcry+1","Clash"],"relics":["Runic Pyramid","Anchor","Orichalcum","Whetstone"],"acts_visited":["Exordium"],"potions_floor_usage":[16,16],"damage_taken":[{"damage":9,"enemies":"2 Louse","floor":1,"turns":4},{"damage":1,"enemies":"Cultist","floor":5,"turns":3},{"damage":7,"enemies":"Jaw Worm","floor":7,"turns":4},{"damage":0,"enemies":"Looter","floor":11,"turns":3},{"damage":12,"enemies":"Lagavulin","floor":12,"turns":8},{"damage":12,"enemies":"3 Sentries","floor":14,"turns":7},{"damage":54,"enemies":"Slime Boss","floor":16,"turns":8}],"seed_played":"-9078554859439808224","potions_obtained":[{"floor":5,"key":"CultistPotion"},{"floor":7,"key":"Weak Potion"},{"floor":14,"key":"Regen Potion"}],"is_trial":false,"path_per_floor":["M","?","$","$","M","R","M","$","T","R","M","E","R","?","R","B"],"character_chosen":"IRONCLAD","items_purchased":["Warcry"],"campfire_rested":0,"item_purchase_floors":[8],"current_hp_per_floor":[71,71,71,71,70,70,63,63,63,63,63,51,51,39,39,0,0],"gold":152,"neow_bonus":"BOSS_RELIC","is_daily":false,"chose_seed":false,"campfire_upgraded":4,"win_rate":0.0,"timestamp":1611471505,"path_taken":["M","?","?","$","?","R","M","$","T","R","M","E","R","?","R","BOSS"],"items_purchased_type":["Card"],"build_version":"2020-12-22","purchased_purges":1,"victory":false,"max_hp_per_floor":[80,80,80,80,80,80,80,80,80,80,80,80,80,80,80,80,80],"card_choices":[{"not_picked":["Twin Strike","Entrench"],"picked":"Heavy Blade","floor":1},{"not_picked":["Thunderclap","Carnage"],"picked":"Shrug It Off","floor":5},{"not_picked":["Perfected Strike","Heavy Blade"],"picked":"Clash","floor":7},{"not_picked":["Flame Barrier","Entrench","Perfected Strike"],"picked":"SKIP","floor":11},{"not_picked":["Battle Trance","Searing Blow"],"picked":"Warcry","floor":12},{"not_picked":["Headbutt","Wild Strike"],"picked":"Clash","floor":14}],"player_experience":275210,"relics_obtained":[{"floor":9,"key":"Anchor"},{"floor":12,"key":"Orichalcum"},{"floor":14,"key":"Whetstone"}],"event_choices":[{"cards_removed":["Defend_R"],"damage_healed":0,"gold_gain":0,"player_choice":"Offered Basic","damage_taken":0,"max_hp_gain":0,"max_hp_loss":0,"event_name":"Bonfire Elementals","floor":2,"gold_loss":0},{"damage_healed":0,"gold_gain":30,"player_choice":"Searched \u00272\u0027 times","damage_taken":0,"max_hp_gain":0,"max_hp_loss":0,"event_name":"Dead Adventurer","floor":14,"gold_loss":0}],"is_beta":false,"boss_relics":[],"items_purged_floors":[3],"is_endless":false,"potions_floor_spawned":[5,7,14],"killed_by":"Slime Boss","ascension_level":3}}