{"host":"Penguin","time":1611492160,"event":{"mods":["BaseMod","Colored Map","Colored Powertips","Downfall","Minty Spire (QoL Compilation)","Relic Stats","StSLib","Synergy Search","Unceasing Turn Reminder"],"gold_per_floor":[99,99,99,99,99,126,126,126,126,158,158,158,158,192,208,208,208,208],"floor_reached":16,"language":"ENG","playtime":832,"items_purged":[],"score":137,"play_id":"861f30dc-5dce-45a8-9c68-5ab0241c8b08","local_time":"20210124134240","is_ascension_mode":false,"campfire_choices":[{"data":"sneckomod:UnknownBlock","floor":8,"key":"SMITH"}],"circlet_count":0,"master_deck":["sneckomod:Strike","sneckomod:Strike","sneckomod:Strike","sneckomod:Defend","sneckomod:Defend+1","sneckomod:Defend+1","sneckomod:TailWhip+1","sneckomod:SnekBite","sneckomod:Unknown","Spot Weakness","sneckomod:UnknownBlock+1","sneckomod:SoulRoll+1","sneckomod:Restock+1","Parasite","sneckomod:Unknown1Cost+1","sneckomod:UnknownUncommonSkill+1"],"relics":["sneckomod:SneckoSoul","downfall:HeartsMalice","Toxic Egg 2","Oddly Smooth Stone","Tiny Chest","Omamori"],"acts_visited":["Exordium"],"potions_floor_usage":[],"damage_taken":[{"damage":0,"enemies":"Small Slimes","floor":2,"turns":1},{"damage":0,"enemies":"Jaw Worm","floor":4,"turns":1},{"damage":0,"enemies":"Gremlin Nob","floor":6,"turns":1},{"damage":24,"enemies":"Lagavulin","floor":10,"turns":5},{"damage":0,"enemies":"Cultist","floor":13,"turns":1},{"damage":21,"enemies":"3 Sentries","floor":14,"turns":9},{"damage":11,"enemies":"Large Slime","floor":15,"turns":3},{"damage":84,"enemies":"DF_ARCHETYPE_STREAMLINE","floor":16,"turns":9}],"seed_played":"8429267527199403136","potions_obtained":[{"floor":10,"key":"Dexterity Potion"},{"floor":14,"key":"Strength Potion"}],"is_trial":false,"path_per_floor":["R","M","?","M","?","E","T","R","?","E","?","?","M","E","M","B"],"character_chosen":"THE_SNECKO","items_purchased":[],"campfire_rested":0,"item_purchase_floors":[],"current_hp_per_floor":[90,90,90,90,90,90,90,90,90,66,66,88,88,67,56,0,0,0],"gold":208,"neow_bonus":"THREE_ENEMY_KILL","is_daily":false,"chose_seed":false,"campfire_upgraded":1,"win_rate":0.0,"timestamp":1611492160,"path_taken":["R","M","?","M","?","E","T","R","?","E","?","?","M","E","M","BOSS"],"items_purchased_type":[],"build_version":"2020-12-18","purchased_purges":0,"victory":false,"max_hp_per_floor":[90,90,90,90,90,90,90,90,90,90,90,90,90,90,90,90,90,90],"relic_stats":{"counters":[8,27],"Tiny Chest":0,"obtain_stats":[{"downfall:BrokenWingStatue":11,"Oddly Smooth Stone":9,"downfall:HeartsMalice":0,"Tiny Chest":10,"Omamori":14,"Toxic Egg 2":6,"sneckomod:SneckoSoul":0},{"downfall:BrokenWingStatue":4,"Oddly Smooth Stone":3,"downfall:HeartsMalice":0,"Tiny Chest":4,"Omamori":6,"Toxic Egg 2":3,"sneckomod:SneckoSoul":0},{"downfall:BrokenWingStatue":5,"Oddly Smooth Stone":0,"downfall:HeartsMalice":0,"Tiny Chest":5,"Omamori":15,"Toxic Egg 2":0,"sneckomod:SneckoSoul":0}]},"card_choices":[{"not_picked":["sneckomod:QuickBite","sneckomod:RainOfDice","sneckomod:SerpentIdol"],"picked":"SKIP","floor":2},{"not_picked":["sneckomod:RainOfDice","sneckomod:DiceCrush"],"picked":"sneckomod:UnknownBlock","floor":4},{"not_picked":["sneckomod:SoulDraw+1","sneckomod:UnknownBlock+1"],"picked":"sneckomod:SoulRoll+1","floor":6},{"not_picked":["sneckomod:UnknownExhaust+1","sneckomod:SoulDraw+1"],"picked":"sneckomod:Restock+1","floor":10},{"not_picked":["sneckomod:SnekBeam","sneckomod:SerpentIdol+1"],"picked":"sneckomod:Unknown1Cost+1","floor":13},{"not_picked":["sneckomod:UnknownCommonAttack","sneckomod:QuickBite"],"picked":"sneckomod:UnknownUncommonSkill+1","floor":14},{"not_picked":["sneckomod:UnknownUncommonSkill+1","sneckomod:Unknown1Cost+1","sneckomod:UnknownCommonSkill+1"],"picked":"SKIP","floor":15}],"player_experience":353882,"relics_obtained":[{"floor":6,"key":"Toxic Egg 2"},{"floor":10,"key":"Tiny Chest"},{"floor":14,"key":"Omamori"}],"event_choices":[{"cards_removed":["downfall:Malfunctioning"],"damage_healed":0,"gold_gain":0,"player_choice":"Card Removal","damage_taken":0,"max_hp_gain":0,"max_hp_loss":0,"event_name":"The Cleric","floor":5,"gold_loss":0},{"damage_healed":22,"gold_gain":0,"player_choice":"Healed and dodged fight","damage_taken":0,"max_hp_gain":0,"max_hp_loss":0,"event_name":"Mushrooms","floor":12,"gold_loss":0,"cards_obtained":["Parasite"]}],"is_beta":true,"boss_relics":[],"items_purged_floors":[],"is_endless":false,"potions_floor_spawned":[10,14],"killed_by":"DF_ARCHETYPE_STREAMLINE","ascension_level":0}}