{"host":"6xsbn6ynqlzwllfm","time":1611516322,"event":{"mods":["2.2 Compatiblity","BaseMod","Bestiary","Colored Map","Colored Powertips","Curses Come First","Highlight Path","Keyboard Shortcuts","Minty Spire (QoL Compilation)","Relic Stats","Slay the Relics Exporter","StSLib","SuperFastMode"],"gold_per_floor":[109,123,140,140,65,101,101,141,141,181,17,42,69,95,95,181,181,209,223,223,243,243,278,278,290,290,290,321,321,337,369,369,443,443,460,460,460,477,495,495,513,546,546,546,546],"floor_reached":44,"language":"ENG","playtime":2295,"items_purged":["Strike_R"],"score":1106,"play_id":"02ad8bb8-66c7-4945-b1d7-22eb17c57154","local_time":"20210124142522","is_ascension_mode":true,"campfire_choices":[{"data":"Bludgeon","floor":7.0,"key":"SMITH"},{"data":"Demon Form","floor":15.0,"key":"SMITH"},{"data":"Double Tap","floor":24.0,"key":"SMITH"},{"data":"Body Slam","floor":27.0,"key":"SMITH"},{"data":"Rupture","floor":32.0,"key":"SMITH"},{"data":"Brutality","floor":40,"key":"SMITH"}],"circlet_count":0,"master_deck":["AscendersBane","Strike_R+1","Strike_R+1","Strike_R+1","Strike_R+1","Defend_R+1","Defend_R+1","Defend_R+1","Defend_R+1","Bash","Shockwave","Clothesline","Shrug It Off","Bludgeon+1","Power Through+1","Body Slam+1","Reaper","Seeing Red","Demon Form+1","Double Tap+1","Sentinel+1","Combust","Impervious","Bloodletting","Heavy Blade+1","Rupture+1","Brutality+1","Flash of Steel","Metamorphosis","Secret Weapon","Bloodletting+1","Impervious","Injury"],"relics":["Cursed Key","War Paint","MealTicket","Centennial Puzzle","Runic Cube","Nloth\u0027s Gift","Juzu Bracelet","Letter Opener","MutagenicStrength","Ancient Tea Set","Coffee Dripper","Lantern"],"acts_visited":["Exordium","TheCity","TheBeyond"],"potions_floor_usage":[39,42],"damage_taken":[{"damage":0.0,"enemies":"Cultist","floor":1.0,"turns":3.0},{"damage":12.0,"enemies":"Jaw Worm","floor":2.0,"turns":4.0},{"damage":4.0,"enemies":"Small Slimes","floor":3.0,"turns":3.0},{"damage":16.0,"enemies":"Lagavulin","floor":6.0,"turns":7.0},{"damage":7.0,"enemies":"Gremlin Nob","floor":8.0,"turns":3.0},{"damage":29.0,"enemies":"3 Sentries","floor":10.0,"turns":9.0},{"damage":0.0,"enemies":"Looter","floor":12.0,"turns":4.0},{"damage":0.0,"enemies":"2 Fungi Beasts","floor":13.0,"turns":3.0},{"damage":5.0,"enemies":"Gremlin Nob","floor":14.0,"turns":4.0},{"damage":9.0,"enemies":"The Guardian","floor":16.0,"turns":9.0},{"damage":38.0,"enemies":"3 Byrds","floor":18.0,"turns":9.0},{"damage":12.0,"enemies":"Chosen","floor":19.0,"turns":7.0},{"damage":18.0,"enemies":"Snake Plant","floor":21.0,"turns":4.0},{"damage":12.0,"enemies":"Gremlin Leader","floor":23.0,"turns":7.0},{"damage":24.0,"enemies":"Shelled Parasite and Fungi","floor":25.0,"turns":4.0},{"damage":9.0,"enemies":"Book of Stabbing","floor":28.0,"turns":4.0},{"damage":25.0,"enemies":"Snecko","floor":30.0,"turns":4.0},{"damage":12.0,"enemies":"Gremlin Leader","floor":31.0,"turns":5.0},{"damage":15.0,"enemies":"Champ","floor":33.0,"turns":9.0},{"damage":3,"enemies":"Orb Walker","floor":35,"turns":2},{"damage":19,"enemies":"3 Darklings","floor":38,"turns":5},{"damage":57,"enemies":"Transient","floor":39,"turns":6},{"damage":8,"enemies":"Jaw Worm Horde","floor":41,"turns":3},{"damage":31,"enemies":"Giant Head","floor":42,"turns":5},{"damage":24,"enemies":"Maw","floor":44,"turns":5}],"seed_played":"6423066053110105710","potions_obtained":[{"floor":3.0,"key":"Ancient Potion"},{"floor":8.0,"key":"BloodPotion"},{"floor":13.0,"key":"HeartOfIron"},{"floor":14.0,"key":"Dexterity Potion"},{"floor":16.0,"key":"SkillPotion"},{"floor":18.0,"key":"LiquidMemories"},{"floor":19.0,"key":"DistilledChaos"},{"floor":28.0,"key":"Energy Potion"},{"floor":30.0,"key":"Block Potion"},{"floor":31.0,"key":"PowerPotion"},{"floor":38,"key":"Weak Potion"},{"floor":41,"key":"SkillPotion"}],"is_trial":false,"path_per_floor":["M","M","M","?","$","E","R","E","T","E","$","M","M","E","R","B",null,"M","M","?","M","?","E","R","M","T","R","E","?","M","E","R","B",null,"M","?","?","M","M","R","M","E","T","M"],"character_chosen":"IRONCLAD","items_purchased":["Reaper"],"campfire_rested":0,"item_purchase_floors":[11],"current_hp_per_floor":[68,56,52,41,41,25,25,18,18,4,19,19,25,20,20,27,63,67,72,72,75,75,74,74,75,75,75,66,66,55,75,75,74,75,72,71,61,67,38,38,41,10,10,0,0],"gold":546,"neow_bonus":"BOSS_RELIC","is_daily":false,"chose_seed":false,"campfire_upgraded":6,"win_rate":0.0,"timestamp":1611516322,"path_taken":["M","M","?","?","$","E","R","E","T","E","$","M","M","E","R","BOSS","M","?","?","M","?","E","R","M","T","R","E","?","M","E","R","BOSS","M","?","?","M","M","R","M","E","T","M"],"items_purchased_type":["Card"],"build_version":"2020-12-22","purchased_purges":1,"victory":false,"max_hp_per_floor":[75,75,75,75,75,75,75,75,75,75,75,75,75,75,75,75,75,75,75,75,75,75,75,75,75,75,75,75,75,75,75,75,75,75,75,71,71,71,71,71,71,71,71,71,71],"relic_stats":{"Centennial Puzzle":[48],"counters":[25,128],"MealTicket":15,"Nloth\u0027s Gift":3,"Juzu Bracelet":1,"Letter Opener":[90],"War Paint":["Defend_R","Power Through"],"Cursed Key":1,"obtain_stats":[{"Lantern":42,"CeramicFish":6,"Juzu Bracelet":23,"Letter Opener":28,"War Paint":8,"Cursed Key":0,"Ancient Tea Set":31,"Burning Blood":0,"Centennial Puzzle":14,"MutagenicStrength":29,"MealTicket":10,"Nloth\u0027s Gift":22,"Coffee Dripper":34,"Runic Cube":17},{"Lantern":24,"CeramicFish":4,"Juzu Bracelet":14,"Letter Opener":16,"War Paint":5,"Cursed Key":0,"Ancient Tea Set":18,"Burning Blood":0,"Centennial Puzzle":9,"MutagenicStrength":16,"MealTicket":6,"Nloth\u0027s Gift":13,"Coffee Dripper":19,"Runic Cube":10},{"Lantern":123,"CeramicFish":17,"Juzu Bracelet":76,"Letter Opener":84,"War Paint":20,"Cursed Key":0,"Ancient Tea Set":93,"Burning Blood":0,"Centennial Puzzle":40,"MutagenicStrength":84,"MealTicket":29,"Nloth\u0027s Gift":69,"Coffee Dripper":102,"Runic Cube":49}],"Runic Cube":[80]},"card_choices":[{"not_picked":["Shrug It Off","Combust"],"picked":"Shockwave","floor":1.0},{"not_picked":["Second Wind","Body Slam"],"picked":"Clothesline","floor":2.0},{"not_picked":["Wild Strike","Heavy Blade"],"picked":"Shrug It Off","floor":3.0},{"not_picked":["Rupture","Body Slam"],"picked":"Bludgeon","floor":6.0},{"not_picked":["Rage","Bloodletting"],"picked":"Power Through","floor":8.0},{"not_picked":["Rampage","Anger"],"picked":"Body Slam","floor":10.0},{"not_picked":["Perfected Strike","Armaments"],"picked":"Seeing Red","floor":12.0},{"not_picked":["Sword Boomerang","Flame Barrier"],"picked":"Demon Form","floor":13.0},{"not_picked":["Second Wind","Fire Breathing","Warcry"],"picked":"SKIP","floor":14.0},{"not_picked":["Berserk","Exhume"],"picked":"Double Tap","floor":16.0},{"not_picked":["Perfected Strike","Sword Boomerang"],"picked":"Sentinel+1","floor":18.0},{"not_picked":["Twin Strike","Clash","Entrench"],"picked":"SKIP","floor":19.0},{"not_picked":["Shrug It Off","Clothesline"],"picked":"Combust","floor":21.0},{"not_picked":["Clothesline+1","Intimidate"],"picked":"Impervious","floor":23.0},{"not_picked":["Limit Break","Metallicize"],"picked":"Bloodletting","floor":28.0},{"not_picked":["Armaments","Thunderclap"],"picked":"Heavy Blade+1","floor":30.0},{"not_picked":["Power Through","Carnage"],"picked":"Rupture","floor":31.0},{"not_picked":["Berserk","Juggernaut"],"picked":"Brutality","floor":33.0},{"not_picked":["Finesse","Panacea"],"picked":"Flash of Steel","floor":37},{"not_picked":["Apotheosis","Enlightenment"],"picked":"Metamorphosis","floor":37},{"not_picked":["Trip","Finesse"],"picked":"Secret Weapon","floor":37},{"not_picked":["Feel No Pain","Bloodletting+1","Twin Strike+1"],"picked":"SKIP","floor":38},{"not_picked":["Feel No Pain","Twin Strike+1"],"picked":"Bloodletting+1","floor":38},{"not_picked":["Iron Wave+1","Disarm"],"picked":"Impervious","floor":42}],"player_experience":1108429,"relics_obtained":[{"floor":6.0,"key":"CeramicFish"},{"floor":8.0,"key":"War Paint"},{"floor":10.0,"key":"MealTicket"},{"floor":14.0,"key":"Centennial Puzzle"},{"floor":23.0,"key":"Juzu Bracelet"},{"floor":28.0,"key":"Letter Opener"},{"floor":31.0,"key":"Ancient Tea Set"},{"floor":42,"key":"Lantern"}],"event_choices":[{"damage_healed":0.0,"max_hp_gain":0.0,"max_hp_loss":0.0,"gold_gain":0.0,"event_name":"Wheel of Change","player_choice":"Damaged","floor":4.0,"gold_loss":0.0,"damage_taken":11.0},{"damage_healed":0.0,"max_hp_gain":0.0,"max_hp_loss":0.0,"gold_gain":0.0,"event_name":"Back to Basics","player_choice":"Simplicity","floor":20.0,"gold_loss":0.0,"damage_taken":0.0,"cards_upgraded":["Strike_R","Strike_R","Strike_R","Strike_R","Defend_R","Defend_R","Defend_R"]},{"damage_healed":0.0,"max_hp_gain":0.0,"max_hp_loss":0.0,"gold_gain":0.0,"event_name":"N\u0027loth","player_choice":"Traded Relic","floor":22.0,"relics_lost":["CeramicFish"],"gold_loss":0.0,"damage_taken":0.0,"relics_obtained":["Nloth\u0027s Gift"]},{"damage_healed":0.0,"max_hp_gain":0.0,"max_hp_loss":0.0,"gold_gain":0.0,"event_name":"Drug Dealer","player_choice":"Inject Mutagens","floor":29.0,"gold_loss":0.0,"damage_taken":0.0,"relics_obtained":["MutagenicStrength"]},{"damage_healed":0,"gold_gain":0,"player_choice":"Max HP","damage_taken":0,"max_hp_gain":0,"max_hp_loss":4,"event_name":"Winding Halls","floor":36,"gold_loss":0},{"damage_healed":0,"gold_gain":0,"player_choice":"Memory 3","damage_taken":10,"max_hp_gain":0,"max_hp_loss":0,"event_name":"SensoryStone","floor":37,"gold_loss":0}],"is_beta":false,"boss_relics":[{"not_picked":["Pandora\u0027s Box","Runic Dome"],"picked":"Runic Cube"},{"not_picked":["Runic Pyramid","Philosopher\u0027s Stone"],"picked":"Coffee Dripper"}],"items_purged_floors":[5],"is_endless":false,"potions_floor_spawned":[3,8,13,14,16,18,19,28,30,31,38,41],"killed_by":"Maw","ascension_level":20}}