{"host":"iy0764csshny54kk","time":1611482912,"event":{"mods":["100% Spire Juice","Arknights The Spire","BaseMod","Bestiary","Better Altar","Better Sensory Stone","Better Skull","Better Third Choice","Block Reminder","Colored Powertips","Downfall","Highlight Path","Minty Spire (QoL Compilation)","Relic Sorter","StS++","StSLib","The Alterego","The Hierophant","The Marked"],"gold_per_floor":[116,116,126,126,139,139,158,171,195,211,211,224,224,234,234,336,336,301,149,149,169,184,209,209,238,317,352,372,390,352,362,362,462,462,477,423,423,369,387,387,402,402,402,402,402],"floor_reached":44,"language":"ENG","playtime":4212,"items_purged":[],"score":464,"play_id":"6f95f563-1c57-448e-9799-5cbde3d28950","local_time":"20210124030832","daily_mods":["SealedDeck"],"is_ascension_mode":false,"campfire_choices":[{"data":"ats:Counter Healing Mode","floor":6,"key":"SMITH"},{"data":"ats:Counter Healing Mode","floor":11,"key":"SMITH"},{"floor":13,"key":"REST"},{"data":"ats:Revitalization","floor":15,"key":"SMITH"},{"data":"ats:Thorns","floor":24,"key":"SMITH"},{"data":"ats:Thorns","floor":32,"key":"SMITH"},{"data":"ats:Revitalization","floor":40,"key":"SMITH"},{"data":"ats:Thorns","floor":42,"key":"SMITH"}],"circlet_count":0,"master_deck":["ats:Thorns+1","ats:Flame Of Heaven","ats:Ignite","ats:Automatic Cover","ats:Very Hot Blade","ats:Counter Healing Mode+1","ats:Directed Diagnosis","ats:Revitalization+1","ats:Sunburst","ats:Healing Drone","ats:Thorns+1","ats:Apocalypse","ats:Calcification","ats:Thorns+1","ats:Ignite","ats:Revitalization+1","ats:Revitalization","ats:Dogmatic Field+1","ats:Burning Ground+1","ats:Apocalypse","ats:Very Hot Blade"],"relics":["ats:Sanity","Guardian:PocketSentry","sneckomod:SneckoTalon","ats:Assault","ats:Originium","StSpp:SailingBoat","Juzu Bracelet","Frozen Egg 2","Blue Candle","Empty Cage","Gremlin Horn"],"acts_visited":["Exordium","TheCity","TheBeyond"],"potions_floor_usage":[11,25,33,33,41,44],"damage_taken":[{"damage":6,"enemies":"2 Louse","floor":1,"turns":4},{"damage":21,"enemies":"Cultist","floor":3,"turns":5},{"damage":14,"enemies":"Jaw Worm","floor":5,"turns":4},{"damage":39,"enemies":"Lots of Slimes","floor":7,"turns":4},{"damage":25,"enemies":"Looter","floor":8,"turns":4},{"damage":18,"enemies":"2 Fungi Beasts","floor":10,"turns":4},{"damage":18,"enemies":"Exordium Thugs","floor":12,"turns":4},{"damage":39,"enemies":"Gremlin Gang","floor":14,"turns":5},{"damage":119,"enemies":"The Guardian","floor":16,"turns":14},{"damage":47,"enemies":"2 Thieves","floor":18,"turns":5},{"damage":13,"enemies":"3 Byrds","floor":21,"turns":3},{"damage":50,"enemies":"Centurion and Healer","floor":22,"turns":14},{"damage":91,"enemies":"Book of Stabbing","floor":23,"turns":7},{"damage":75,"enemies":"Slavers","floor":25,"turns":6},{"damage":80,"enemies":"Book of Stabbing","floor":27,"turns":7},{"damage":50,"enemies":"Snecko","floor":28,"turns":6},{"damage":60,"enemies":"Sentry and Sphere","floor":29,"turns":7},{"damage":53,"enemies":"Snake Plant","floor":31,"turns":6},{"damage":211,"enemies":"Automaton","floor":33,"turns":15},{"damage":77,"enemies":"3 Shapes","floor":35,"turns":7},{"damage":59,"enemies":"Orb Walker","floor":39,"turns":5},{"damage":79,"enemies":"Writhing Mass","floor":41,"turns":7},{"damage":121,"enemies":"Transient","floor":44,"turns":5}],"seed_played":"-7799878586951850211","potions_obtained":[{"floor":1,"key":"FearPotion"},{"floor":5,"key":"ats:Top Emergency Sanity Potion"},{"floor":10,"key":"Fruit Juice"},{"floor":14,"key":"sneckomod:MuddlingPotion"},{"floor":18,"key":"PowerPotion"},{"floor":23,"key":"Strength Potion"},{"floor":29,"key":"Dexterity Potion"},{"floor":31,"key":"Block Potion"},{"floor":39,"key":"AttackPotion"}],"is_trial":true,"path_per_floor":["M","?","M","?","M","R","M","M","T","M","R","M","R","M","R","B",null,"M","$","?","M","M","E","R","E","T","E","M","M","$","M","R","B",null,"M","$","?","$","M","R","M","R","T","M"],"character_chosen":"DOCTOR_CLASS","items_purchased":["ats:Assault","ats:Defend Order+1","ats:Apocalypse","ats:Very Hot Blade"],"campfire_rested":1,"item_purchase_floors":[19,30,36,38],"current_hp_per_floor":[68,68,58,58,59,59,37,24,24,39,44,44,67,49,49,74,77,77,77,77,73,77,61,61,43,43,34,35,40,40,44,44,39,77,66,66,66,66,56,56,70,70,70,0,0],"gold":402,"neow_bonus":"","is_daily":false,"chose_seed":false,"campfire_upgraded":7,"win_rate":0.0,"timestamp":1611482912,"path_taken":["M","?","M","?","?","R","M","M","T","M","R","M","R","M","R","BOSS","M","$","?","?","M","E","R","E","T","E","M","M","$","M","R","BOSS","M","$","?","$","M","R","M","R","T","M"],"items_purchased_type":["Relic","Card","Card","Card"],"build_version":"2020-12-22","purchased_purges":0,"victory":false,"max_hp_per_floor":[72,72,72,72,72,72,72,72,72,72,77,77,77,77,77,77,77,77,77,77,77,77,77,77,77,77,77,77,77,77,77,77,77,77,77,77,77,77,77,77,77,77,77,77,77],"card_choices":[{"not_picked":["ats:Serious Mode","ats:Thermite Blade"],"picked":"ats:Revitalization","floor":1},{"not_picked":["ats:Curse Doll","ats:Part Time Job"],"picked":"ats:Sunburst","floor":3},{"not_picked":["ats:Hammer On","ats:Flexible Camouflage","ats:Curse Doll"],"picked":"SKIP","floor":5},{"not_picked":["ats:Leaping Hammer","ats:Shadow Raid","ats:Encircling Forest"],"picked":"SKIP","floor":7},{"not_picked":["ats:Leaping Hammer","ats:Very Hot Blade"],"picked":"ats:Healing Drone","floor":8},{"not_picked":["ats:Overload","ats:Poison Spread","ats:Demon Strength"],"picked":"SKIP","floor":10},{"not_picked":["ats:Rapid Magazine","ats:Hammer On"],"picked":"ats:Thorns","floor":12},{"not_picked":["ats:Shell Defense","ats:Flexible Camouflage"],"picked":"ats:Apocalypse","floor":14},{"not_picked":["ats:True Silver Slash","ats:Durian"],"picked":"ats:Calcification","floor":16},{"not_picked":["ats:Explosion Area Strengthen","ats:Part Time Job","ats:Childhood Dance+1"],"picked":"SKIP","floor":18},{"not_picked":["ats:Very Hot Blade","ats:Demon Strength+1"],"picked":"ats:Thorns","floor":21},{"not_picked":["ats:Curse Doll","ats:Poison Spread","ats:Sword Rain"],"picked":"SKIP","floor":22},{"not_picked":["ats:Counter Healing Mode","ats:Guardian Obelisk"],"picked":"ats:Ignite","floor":23},{"not_picked":["ats:Poison Spread","ats:Flexible Camouflage"],"picked":"ats:Revitalization","floor":25},{"not_picked":["ats:Hammer On","ats:Powerful Strike+1","ats:Ignite"],"picked":"SKIP","floor":27},{"not_picked":["ats:Rat Pack","ats:Blood Oath","ats:Poison Spread"],"picked":"SKIP","floor":28},{"not_picked":["ats:Ignite+1","ats:Phantom+1"],"picked":"ats:Revitalization","floor":29},{"not_picked":["ats:Rat Pack","ats:Childhood Dance+1","ats:Overload"],"picked":"SKIP","floor":31},{"not_picked":["ats:Echo Reverb","ats:Fractured Body"],"picked":"ats:Dogmatic Field+1","floor":33},{"not_picked":["ats:Defend Order+1","ats:Counter Healing Mode+1"],"picked":"ats:Burning Ground+1","floor":35},{"not_picked":["ats:Hook Shot","ats:Curse Doll","ats:Poison Spread+1"],"picked":"SKIP","floor":39},{"not_picked":["ats:Curse Doll","ats:Cat Scratch","ats:Ambush+1"],"picked":"SKIP","floor":41}],"player_experience":198918,"relics_obtained":[{"floor":9,"key":"Guardian:PocketSentry"},{"floor":23,"key":"ats:Originium"},{"floor":23,"key":"StSpp:SailingBoat"},{"floor":25,"key":"ats:Originium"},{"floor":25,"key":"Juzu Bracelet"},{"floor":26,"key":"Frozen Egg 2"},{"floor":27,"key":"ats:Originium"},{"floor":27,"key":"Blue Candle"},{"floor":43,"key":"Gremlin Horn"}],"event_choices":[{"damage_healed":0,"gold_gain":0,"player_choice":"Ignored","damage_taken":116,"max_hp_gain":0,"max_hp_loss":0,"event_name":"betterThird:BetterSerpent","floor":2,"gold_loss":0},{"cards_removed":["ats:Very Hot Blade"],"damage_healed":0,"gold_gain":0,"player_choice":"Purged","damage_taken":0,"max_hp_gain":0,"max_hp_loss":0,"event_name":"Purifier","floor":4,"gold_loss":0},{"damage_healed":0,"gold_gain":0,"player_choice":"Ignored","damage_taken":0,"max_hp_gain":0,"max_hp_loss":0,"event_name":"NoteForYourself","floor":20,"gold_loss":0},{"cards_removed":["ats:Revitalization"],"damage_healed":0,"gold_gain":0,"player_choice":"Removed Skill","damage_taken":0,"max_hp_gain":0,"max_hp_loss":0,"event_name":"Falling","floor":37,"gold_loss":0}],"is_beta":false,"boss_relics":[{"not_picked":["Cursed Key","Astrolabe"],"picked":"sneckomod:SneckoTalon"},{"not_picked":["StSpp:CrystalBall","Runic Pyramid"],"picked":"Empty Cage"}],"items_purged_floors":[],"is_endless":false,"potions_floor_spawned":[1,5,10,14,18,23,29,31,39],"killed_by":"Transient","ascension_level":0}}