{"host":"j61pjxqytd94o6ng","time":1611470715,"event":{"mods":["BaseMod","Bestiary","Colored Map","Colored Powertips","Curses Come First","Minty Spire (QoL Compilation)","StSLib"],"gold_per_floor":[113,113,113,138,154,154,304,325,325,348,361,361,394,413,413,506,506,530,530,445,435,59,98,98,2,70,70,114,135,135,171,171,262,262,280,16,47,0,0,0,14,49,88,138,150,178,190,246,258,270,270],"floor_reached":50,"language":"ENG","playtime":22985,"items_purged":["Doubt","Injury","Pain"],"score":1360,"play_id":"95171ca6-f524-4f5f-a2a9-dffeca56baed","local_time":"20210123234515","is_ascension_mode":true,"campfire_choices":[{"data":"Cloak And Dagger","floor":6.0,"key":"SMITH"},{"floor":12.0,"key":"REST"},{"data":"Terror","floor":15.0,"key":"SMITH"},{"data":"Envenom","floor":24.0,"key":"SMITH"},{"data":"Blade Dance","floor":27.0,"key":"SMITH"},{"data":"Cloak And Dagger","floor":30.0,"key":"SMITH"},{"floor":32.0,"key":"DIG"},{"floor":40.0,"key":"DIG"},{"floor":49.0,"key":"DIG"}],"circlet_count":0,"master_deck":["AscendersBane","Defend_G","Defend_G","Defend_G","Defend_G","Defend_G","Survivor","Neutralize","Sadistic Nature+1","Cloak And Dagger+1","Cloak And Dagger+1","Terror+1","Leg Sweep","PiercingWail","Poisoned Stab","Finisher","PiercingWail","Storm of Steel","Blur","Bite","Bite","Bite","Bite","Bite","Blade Dance+1","Envenom+1","Accuracy","Noxious Fumes","Backflip","Deflect","Choke","Adrenaline","CurseOfTheBell","Footwork","Blind","Infinite Blades","Caltrops","Sadistic Nature+1","Shame","Writhe","Footwork+1","Madness+1","Madness+1"],"relics":["Ring of the Snake","Golden Idol","The Courier","Shuriken","Cursed Key","Tiny Chest","Membership Card","Ninja Scroll","Eternal Feather","InkBottle","Ornamental Fan","Pantograph","Shovel","Darkstone Periapt","Calling Bell","Orichalcum","Singing Bowl","Unceasing Top","Strawberry","The Specimen","Red Mask","Toxic Egg 2","MawBank","Smiling Mask","Prayer Wheel","HornCleat","Juzu Bracelet","Bronze Scales"],"acts_visited":["Exordium","TheCity","TheBeyond"],"potions_floor_usage":[50],"damage_taken":[{"damage":0.0,"enemies":"2 Louse","floor":1.0,"turns":2.0},{"damage":10.0,"enemies":"Jaw Worm","floor":4.0,"turns":5.0},{"damage":0.0,"enemies":"Small Slimes","floor":5.0,"turns":4.0},{"damage":10.0,"enemies":"3 Louse","floor":8.0,"turns":5.0},{"damage":0.0,"enemies":"Looter","floor":10.0,"turns":4.0},{"damage":7.0,"enemies":"Exordium Thugs","floor":11.0,"turns":5.0},{"damage":20.0,"enemies":"3 Sentries","floor":13.0,"turns":10.0},{"damage":0.0,"enemies":"Gremlin Gang","floor":14.0,"turns":3.0},{"damage":0.0,"enemies":"Hexaghost","floor":16.0,"turns":9.0},{"damage":4.0,"enemies":"Chosen","floor":18.0,"turns":5.0},{"damage":2.0,"enemies":"2 Thieves","floor":21.0,"turns":4.0},{"damage":22.0,"enemies":"Slavers","floor":23.0,"turns":7.0},{"damage":1.0,"enemies":"Gremlin Leader","floor":28.0,"turns":6.0},{"damage":13.0,"enemies":"3 Cultists","floor":29.0,"turns":5.0},{"damage":5.0,"enemies":"Book of Stabbing","floor":31.0,"turns":4.0},{"damage":71.0,"enemies":"Champ","floor":33.0,"turns":8.0},{"damage":6.0,"enemies":"Orb Walker","floor":35.0,"turns":2.0},{"damage":0.0,"enemies":"Mind Bloom Boss Battle","floor":37.0,"turns":4.0},{"damage":0.0,"enemies":"3 Shapes","floor":41.0,"turns":6.0},{"damage":1.0,"enemies":"Giant Head","floor":42.0,"turns":3.0},{"damage":0.0,"enemies":"Reptomancer","floor":44.0,"turns":2.0},{"damage":8.0,"enemies":"Sphere and 2 Shapes","floor":46.0,"turns":4.0},{"damage":34.0,"enemies":"Giant Head","floor":48.0,"turns":6.0},{"damage":96,"enemies":"Time Eater","floor":50,"turns":9}],"seed_played":"-1788207021535400767","potions_obtained":[{"floor":4.0,"key":"BlessingOfTheForge"},{"floor":10.0,"key":"SteroidPotion"},{"floor":14.0,"key":"EntropicBrew"},{"floor":16.0,"key":"Regen Potion"},{"floor":29.0,"key":"FairyPotion"},{"floor":33.0,"key":"Energy Potion"},{"floor":44.0,"key":"GamblersBrew"},{"floor":46.0,"key":"Regen Potion"},{"floor":48.0,"key":"Strength Potion"}],"is_trial":false,"path_per_floor":["M","?","?","M","M","R","?","M","T","M","M","R","E","M","R","B",null,"M","?","?","M","$","E","R","$","T","R","E","M","R","E","R","B",null,"M","$","?","?","?","R","M","E","T","E","T","M","?","E","R","B"],"character_chosen":"THE_SILENT","items_purchased":["Membership Card","Ninja Scroll","Eternal Feather","Accuracy","Noxious Fumes","Footwork","Strawberry","Blind","Infinite Blades","Caltrops"],"campfire_rested":1,"item_purchase_floors":[22,22,22,25,25,36,36,36,36,36],"current_hp_per_floor":[59,41,41,31,31,31,31,21,21,21,14,32,12,12,12,12,48,44,42,42,42,42,42,42,42,42,42,42,33,42,42,42,16,42,38,45,59,59,59,59,61,62,68,70,76,71,57,40,64,0,0],"gold":270,"neow_bonus":"RANDOM_COLORLESS_2","is_daily":false,"chose_seed":false,"campfire_upgraded":5,"win_rate":0.0,"timestamp":1611470715,"path_taken":["M","?","?","M","M","R","?","M","T","M","?","R","E","M","R","BOSS","M","?","?","M","$","E","R","$","T","R","E","M","R","E","R","BOSS","M","$","?","?","?","R","M","E","T","E","?","?","?","E","R","BOSS"],"items_purchased_type":["Relic","Relic","Relic","Card","Card","Card","Relic","Card","Card","Card"],"build_version":"2020-12-22","purchased_purges":3,"victory":false,"max_hp_per_floor":[60,60,60,60,60,60,60,60,60,60,60,60,60,60,60,60,60,60,42,42,42,42,42,42,42,42,42,42,42,42,42,42,42,48,50,57,59,59,59,59,61,63,69,71,77,79,79,81,81,81,81],"card_choices":[{"not_picked":["Magnetism","Apotheosis"],"picked":"Sadistic Nature","floor":0.0},{"not_picked":["Dagger Spray","Bane"],"picked":"Cloak And Dagger","floor":1.0},{"not_picked":["Eviscerate","Expertise"],"picked":"Cloak And Dagger","floor":4.0},{"not_picked":["Flechettes","Underhanded Strike"],"picked":"Terror","floor":5.0},{"not_picked":["Quick Slash","Outmaneuver"],"picked":"Leg Sweep","floor":8.0},{"not_picked":["Underhanded Strike","Heel Hook"],"picked":"PiercingWail","floor":10.0},{"not_picked":["All Out Attack","Dagger Throw"],"picked":"Poisoned Stab","floor":11.0},{"not_picked":["Night Terror","All Out Attack"],"picked":"Finisher","floor":13.0},{"not_picked":["Infinite Blades","Quick Slash"],"picked":"PiercingWail","floor":14.0},{"not_picked":["Grand Finale","Bullet Time"],"picked":"Storm of Steel","floor":16.0},{"not_picked":["Dagger Spray","Slice"],"picked":"Blur","floor":18.0},{"not_picked":["Underhanded Strike","Prepared"],"picked":"Blade Dance","floor":21.0},{"not_picked":["Outmaneuver+1","Distraction"],"picked":"Envenom","floor":23.0},{"not_picked":["Outmaneuver+1","Quick Slash"],"picked":"Backflip","floor":28.0},{"not_picked":["Acrobatics","Bane"],"picked":"Deflect","floor":29.0},{"not_picked":["Prepared","Masterful Stab"],"picked":"Choke","floor":31.0},{"not_picked":["Unload","A Thousand Cuts"],"picked":"Adrenaline","floor":33.0},{"not_picked":["Deflect","Heel Hook","Cloak And Dagger"],"picked":"Singing Bowl","floor":35.0},{"not_picked":["Underhanded Strike+1","Dagger Throw+1","Skewer"],"picked":"Singing Bowl","floor":37.0},{"not_picked":["Dodge and Roll+1","Backstab+1","Acrobatics+1"],"picked":"Singing Bowl","floor":41.0},{"not_picked":["Bouncing Flask+1","Heel Hook","Glass Knife"],"picked":"Singing Bowl","floor":42.0},{"not_picked":["Tactician+1","Underhanded Strike","Dagger Throw"],"picked":"Singing Bowl","floor":44.0},{"not_picked":["Quick Slash+1","Prepared+1"],"picked":"Footwork+1","floor":46.0},{"not_picked":["Dagger Spray","Poisoned Stab","Dodge and Roll+1"],"picked":"Singing Bowl","floor":46.0},{"not_picked":["Flechettes+1","Distraction+1","Dagger Throw"],"picked":"Singing Bowl","floor":48.0}],"player_experience":503591,"relics_obtained":[{"floor":9.0,"key":"The Courier"},{"floor":13.0,"key":"Shuriken"},{"floor":23.0,"key":"InkBottle"},{"floor":26.0,"key":"Ornamental Fan"},{"floor":28.0,"key":"Pantograph"},{"floor":31.0,"key":"Shovel"},{"floor":32.0,"key":"Darkstone Periapt"},{"floor":34.0,"key":"Orichalcum"},{"floor":34.0,"key":"Singing Bowl"},{"floor":34.0,"key":"Unceasing Top"},{"floor":37.0,"key":"The Specimen"},{"floor":40.0,"key":"Toxic Egg 2"},{"floor":42.0,"key":"MawBank"},{"floor":43.0,"key":"Smiling Mask"},{"floor":44.0,"key":"Prayer Wheel"},{"floor":45.0,"key":"HornCleat"},{"floor":48.0,"key":"Juzu Bracelet"},{"floor":49.0,"key":"Bronze Scales"}],"event_choices":[{"damage_healed":0.0,"max_hp_gain":0.0,"max_hp_loss":0.0,"gold_gain":0.0,"event_name":"Shining Light","player_choice":"Entered Light","floor":2.0,"gold_loss":0.0,"damage_taken":18.0,"cards_upgraded":["Strike_G","Sadistic Nature"]},{"damage_healed":0.0,"max_hp_gain":0.0,"max_hp_loss":0.0,"gold_gain":0.0,"event_name":"Golden Idol","player_choice":"Take Wound","floor":3.0,"gold_loss":0.0,"damage_taken":0.0,"relics_obtained":["Golden Idol"],"cards_obtained":["Injury"]},{"damage_healed":0.0,"max_hp_gain":0.0,"max_hp_loss":0.0,"gold_gain":150.0,"event_name":"Liars Game","player_choice":"AGREE","floor":7.0,"gold_loss":0.0,"damage_taken":0.0,"cards_obtained":["Doubt"]},{"damage_healed":0.0,"max_hp_gain":0.0,"max_hp_loss":18.0,"gold_gain":0.0,"event_name":"Vampires","player_choice":"Became a vampire","floor":19.0,"gold_loss":0.0,"damage_taken":0.0,"cards_obtained":["Bite","Bite","Bite","Bite","Bite"]},{"damage_healed":0.0,"max_hp_gain":0.0,"max_hp_loss":0.0,"gold_gain":0.0,"event_name":"Addict","player_choice":"Obtained Relic","floor":20.0,"gold_loss":85.0,"damage_taken":0.0,"relics_obtained":["Tiny Chest"]},{"damage_healed":0.0,"max_hp_gain":0.0,"max_hp_loss":0.0,"gold_gain":0.0,"event_name":"MindBloom","player_choice":"Fight","floor":37.0,"gold_loss":0.0,"damage_taken":0.0},{"damage_healed":0.0,"max_hp_gain":0.0,"max_hp_loss":0.0,"gold_gain":0.0,"event_name":"Tomb of Lord Red Mask","player_choice":"Paid","floor":38.0,"gold_loss":47.0,"damage_taken":0.0,"relics_obtained":["Red Mask"]},{"damage_healed":0.0,"max_hp_gain":0.0,"max_hp_loss":0.0,"gold_gain":0.0,"event_name":"Duplicator","player_choice":"Copied","floor":39.0,"gold_loss":0.0,"damage_taken":0.0,"cards_obtained":["Sadistic Nature"]},{"damage_healed":0.0,"max_hp_gain":0.0,"max_hp_loss":0.0,"gold_gain":0.0,"event_name":"Winding Halls","player_choice":"Embrace Madness","floor":47.0,"gold_loss":0.0,"damage_taken":14.0,"cards_obtained":["Madness","Madness"]}],"is_beta":false,"boss_relics":[{"not_picked":["SacredBark","Velvet Choker"],"picked":"Cursed Key"},{"not_picked":["Ring of the Serpent","Philosopher\u0027s Stone"],"picked":"Calling Bell"}],"items_purged_floors":[22,25,36],"is_endless":false,"potions_floor_spawned":[4,10,14,16,29,33,42,44,46,48],"killed_by":"Time Eater","ascension_level":16}}