{"host":"rolltorest","time":1611452272,"event":{"mods":["BaseMod","Minty Spire (QoL Compilation)","Relic Stats","Slay the Relics Exporter","StSLib"],"gold_per_floor":[119,119,139,158,308,308,342,210,233,233,233],"floor_reached":10,"language":"ENG","playtime":215,"items_purged":["Doubt"],"score":132,"play_id":"a878846d-5cca-4a89-abc5-6ce682033e57","local_time":"20210123173752","is_ascension_mode":true,"campfire_choices":[{"data":"Sunder","floor":6,"key":"SMITH"}],"circlet_count":0,"master_deck":["AscendersBane","Strike_B","Strike_B","Strike_B","Defend_B","Defend_B","Defend_B","Defend_B","Zap","Dualcast","Sunder+1","Compile Driver","Multi-Cast","Cold Snap"],"relics":["Cracked Core","NeowsBlessing","PreservedInsect","Juzu Bracelet"],"acts_visited":["Exordium"],"potions_floor_usage":[10],"damage_taken":[{"damage":0,"enemies":"Small Slimes","floor":1,"turns":1},{"damage":0,"enemies":"Cultist","floor":3,"turns":1},{"damage":0,"enemies":"Jaw Worm","floor":4,"turns":1},{"damage":45,"enemies":"3 Sentries","floor":7,"turns":9},{"damage":13,"enemies":"Lagavulin","floor":10,"turns":5}],"seed_played":"4676971139254076578","potions_obtained":[{"floor":3,"key":"PotionOfCapacity"},{"floor":4,"key":"Weak Potion"}],"is_trial":false,"path_per_floor":["M","?","M","M","?","R","E","$","T","E"],"character_chosen":"DEFECT","items_purchased":["Cold Snap"],"campfire_rested":0,"item_purchase_floors":[8],"current_hp_per_floor":[64,64,64,64,64,64,19,19,19,6,6],"gold":233,"neow_bonus":"THREE_ENEMY_KILL","is_daily":false,"chose_seed":false,"campfire_upgraded":1,"win_rate":0.0,"timestamp":1611452272,"path_taken":["M","?","?","?","?","R","E","?","T","E"],"items_purchased_type":["Card"],"build_version":"2020-12-18","purchased_purges":1,"victory":false,"max_hp_per_floor":[71,71,71,71,71,71,71,71,71,71,71],"relic_stats":{"counters":[5,17],"PreservedInsect":29,"Juzu Bracelet":0,"obtain_stats":[{"NeowsBlessing":0,"PreservedInsect":7,"Juzu Bracelet":9,"Cracked Core":0},{"NeowsBlessing":0,"PreservedInsect":4,"Juzu Bracelet":4,"Cracked Core":0},{"NeowsBlessing":0,"PreservedInsect":12,"Juzu Bracelet":12,"Cracked Core":0}]},"card_choices":[{"not_picked":["Steam","Conserve Battery","Beam Cell"],"picked":"SKIP","floor":1},{"not_picked":["Rebound","Go for the Eyes"],"picked":"Sunder","floor":3},{"not_picked":["Tempest","Rebound"],"picked":"Compile Driver","floor":4},{"not_picked":["Conserve Battery","Scrape"],"picked":"Multi-Cast","floor":7}],"player_experience":1768460,"relics_obtained":[{"floor":7,"key":"PreservedInsect"},{"floor":9,"key":"Juzu Bracelet"}],"event_choices":[{"cards_removed":["Strike_B"],"damage_healed":0,"gold_gain":0,"player_choice":"Purged","damage_taken":0,"max_hp_gain":0,"max_hp_loss":0,"event_name":"Purifier","floor":2,"gold_loss":0},{"damage_healed":0,"gold_gain":150,"player_choice":"AGREE","damage_taken":0,"max_hp_gain":0,"max_hp_loss":0,"event_name":"Liars Game","floor":5,"gold_loss":0,"cards_obtained":["Doubt"]}],"is_beta":true,"boss_relics":[],"items_purged_floors":[8],"is_endless":false,"potions_floor_spawned":[3,4,7],"killed_by":"Lagavulin","ascension_level":20}}