{"host":"q1ejl7hv5l3527la","time":1611474554,"event":{"mods":["Aspiration","BaseMod","Better Altar","Better Third Choice","Colored Powertips","Downfall","Energized Spire","Evolution","Highlight Path","Infinite Spire","Jorbs\u0027s Wanderer Trilogy","Minty Spire (QoL Compilation)","Replay The Spire","Shop Mod","StSLib","The Hierophant","The Juggle"],"gold_per_floor":[114,126,144,144,56,56,85,85,139,139,159,159,159,159],"floor_reached":13,"language":"ENG","playtime":646,"items_purged":[],"score":87,"play_id":"ffffa6c1-56e0-4c2b-bdf1-60458b8211d0","local_time":"20210124014914","is_ascension_mode":true,"campfire_choices":[{"data":"Loop","floor":6,"key":"SMITH"},{"floor":8,"key":"REST"}],"circlet_count":0,"master_deck":["Strike_B","Strike_B","Strike_B","Strike_B","Defend_B","Defend_B","Defend_B","Defend_B","Zap","Dualcast","Gash","Leap","Sweeping Beam","Loop+1","Beam Cell","ReplaySolidLightProjector","Machine Learning","Injury"],"relics":["EVO:Axolotl","energizedSpire:MagnifyingGlass","Lantern","Juzu Bracelet","Molten Egg 2"],"acts_visited":["Exordium"],"potions_floor_usage":[7,7],"damage_taken":[{"damage":3,"enemies":"Jaw Worm","floor":1,"turns":4},{"damage":4,"enemies":"Cultist","floor":2,"turns":4},{"damage":0,"enemies":"Small Slimes","floor":3,"turns":3},{"damage":10,"enemies":"Lagavulin","floor":7,"turns":7},{"damage":11,"enemies":"Exordium Wildlife","floor":11,"turns":6},{"damage":68,"enemies":"Gremlin Nob","floor":13,"turns":5}],"seed_played":"8650602366813069146","potions_obtained":[{"floor":2,"key":"FearPotion"},{"floor":3,"key":"ColorlessPotion"}],"is_trial":false,"path_per_floor":["M","M","M","?","$","R","E","R","T","?","M","?","E"],"character_chosen":"DEFECT","items_purchased":["Loop","Beam Cell"],"campfire_rested":1,"item_purchase_floors":[5,5],"current_hp_per_floor":[72,68,68,68,68,68,58,75,75,75,64,64,0,0],"gold":159,"neow_bonus":"BOSS_RELIC","is_daily":false,"chose_seed":true,"campfire_upgraded":1,"win_rate":0.0,"timestamp":1611474554,"path_taken":["M","M","M","?","$","R","E","R","T","?","M","?","E"],"items_purchased_type":["Card","Card"],"build_version":"2020-12-22","purchased_purges":0,"victory":false,"max_hp_per_floor":[75,75,75,75,75,75,75,75,75,75,75,75,75,75],"card_choices":[{"not_picked":["Fusion","Rebound"],"picked":"Gash","floor":1},{"not_picked":["Force Field","Hologram"],"picked":"Leap","floor":2},{"not_picked":["Compile Driver","Sunder"],"picked":"Sweeping Beam","floor":3},{"not_picked":["ReplayTheSpireMod:GoodbyeWorld","Stack"],"picked":"ReplaySolidLightProjector","floor":7},{"not_picked":["BasicCrystalCard","Barrage"],"picked":"Machine Learning","floor":11}],"player_experience":111853,"relics_obtained":[{"floor":7,"key":"Lantern"},{"floor":9,"key":"Juzu Bracelet"}],"event_choices":[{"damage_healed":68,"gold_gain":0,"player_choice":"Embrace Burn","damage_taken":0,"max_hp_gain":0,"max_hp_loss":75,"event_name":"betterThird:BetterShining","floor":4,"gold_loss":0},{"cards_removed":["Burn"],"damage_healed":5,"gold_gain":0,"player_choice":"Offered Common","damage_taken":0,"max_hp_gain":0,"max_hp_loss":0,"event_name":"Bonfire Elementals","floor":10,"gold_loss":0},{"cards_removed":["Burn"],"damage_healed":5,"gold_gain":0,"player_choice":"Offered Special","damage_taken":0,"max_hp_gain":0,"max_hp_loss":0,"event_name":"Bonfire Elementals","floor":10,"gold_loss":0}],"is_beta":false,"boss_relics":[],"items_purged_floors":[],"is_endless":false,"potions_floor_spawned":[2,3],"killed_by":"Gremlin Nob","ascension_level":1}}