{"host":"2yhbarjh4s9lrrzt","time":1611524069,"event":{"mods":["BaseMod","Better Third Choice","Minty Spire (QoL Compilation)","Replay The Spire","StSLib"],"gold_per_floor":[116,12,24,24,39,39,58,58,132,24,24,24,24],"floor_reached":12,"language":"ENG","playtime":414,"items_purged":[],"score":68,"play_id":"1e5217db-f694-4e4e-92f7-4db28580ebf3","local_time":"20210124163429","is_ascension_mode":false,"campfire_choices":[{"data":"Eruption","floor":6,"key":"SMITH"},{"floor":8,"key":"REST"},{"data":"Fasting2","floor":11,"key":"SMITH"}],"circlet_count":0,"master_deck":["Strike_P","Strike_P","Strike_P","Defend_P","Defend_P","Defend_P","Defend_P","Eruption+1","Vigilance","Halt","Replay:AtTheReady","Fasting2+1","MentalFortress","SpiritShield","EmptyMind","Replay:Battleflow","Wallop"],"relics":["PureWater","NeowsBlessing","Letter Opener"],"acts_visited":["Exordium"],"potions_floor_usage":[],"damage_taken":[{"damage":0,"enemies":"Jaw Worm","floor":1,"turns":1},{"damage":0,"enemies":"Cultist","floor":3,"turns":1},{"damage":0,"enemies":"Small Slimes","floor":5,"turns":1},{"damage":18,"enemies":"3 Louse","floor":7,"turns":7},{"damage":87,"enemies":"Gremlin Nob","floor":12,"turns":7}],"seed_played":"65077715289646883","potions_obtained":[],"is_trial":false,"path_per_floor":["M","$","M","?","M","R","M","R","T","$","R","E"],"character_chosen":"WATCHER","items_purchased":["Replay:AtTheReady","Fasting2","Replay:Battleflow","Wallop"],"campfire_rested":1,"item_purchase_floors":[2,2,10,10],"current_hp_per_floor":[72,72,72,72,72,72,54,72,72,72,72,0,0],"gold":24,"neow_bonus":"THREE_ENEMY_KILL","is_daily":false,"chose_seed":false,"campfire_upgraded":2,"win_rate":0.0,"timestamp":1611524069,"path_taken":["M","$","M","?","M","R","M","R","T","$","R","E"],"items_purchased_type":["Card","Card","Card","Card"],"build_version":"2020-12-22","purchased_purges":0,"victory":false,"max_hp_per_floor":[72,72,72,72,72,72,72,72,72,72,72,72,72],"card_choices":[{"not_picked":["CrushJoints","Replay:ManipulateFuture"],"picked":"Halt","floor":1},{"not_picked":["DeceiveReality","ClearTheMind"],"picked":"MentalFortress","floor":3},{"not_picked":["Evaluate","SandsOfTime"],"picked":"SpiritShield","floor":5},{"not_picked":["DeceiveReality","InnerPeace"],"picked":"EmptyMind","floor":7}],"player_experience":247146,"relics_obtained":[{"floor":9,"key":"Letter Opener"}],"event_choices":[{"cards_removed":["Strike_P"],"damage_healed":0,"gold_gain":0,"player_choice":"Purged","damage_taken":0,"max_hp_gain":0,"max_hp_loss":0,"event_name":"Purifier","floor":4,"gold_loss":0}],"is_beta":false,"boss_relics":[],"items_purged_floors":[],"is_endless":false,"potions_floor_spawned":[],"killed_by":"Gremlin Nob","ascension_level":0}}