{"host":"ss2ocoam53r2lno0","time":1611485278,"event":{"mods":["Act Like it!","BaseMod","ChefMod","Clockwork Mod","Colored Powertips","Curses Come First","Displayed Cursed Tome","Downfall","Evolution","Googly Eyes","Hallownest","Highlight Path","Minty Spire (QoL Compilation)","Poor People Problems","Rare Cards Sparkle","Robot Space Explorer","Shade Mod","Shop Mod","Spicy Shops","StSLib","The Marked"],"gold_per_floor":[119,44,44,44,44,44,79,79,105,105,124,141,66,79,79,157,157,176,176,176,116,131,131,159,177,228,228,3,3,16,36,36,107,107,124,124,135,135,160,190,190,222,222,222,222,222,0,0,0,0],"floor_reached":51,"language":"ENG","playtime":2529,"items_purged":["Clockwork:Shield","Clockwork:Shield","Clockwork:Shield"],"score":1556,"play_id":"5315e420-0044-4fef-aa7e-c18f563fd547","local_time":"20210124114758","is_ascension_mode":true,"campfire_choices":[{"data":"Clockwork:Tinker","floor":6.0,"key":"SMITH"},{"data":"Clockwork:CraftMomentumEngine","floor":8.0,"key":"SMITH"},{"data":"Clockwork:Handicap","floor":10.0,"key":"SMITH"},{"data":"Clockwork:CraftSomewhatSmoothStone","floor":15.0,"key":"SMITH"},{"floor":23.0,"key":"REST"},{"floor":29.0,"key":"REST"},{"floor":32.0,"key":"REST"},{"data":"Clockwork:OccamsRazor","floor":41.0,"key":"SMITH"},{"floor":44.0,"key":"REST"},{"floor":46.0,"key":"REST"},{"floor":49.0,"key":"REST"}],"circlet_count":0,"master_deck":["AscendersBane","Clockwork:Strike","Clockwork:Shield","Clockwork:Tinker+1","Clockwork:WarmUp","Clockwork:SnapKeep","Clockwork:PerfectForm","Clockwork:OccamsRazor+1","Clockwork:Clone"],"relics":["Clockwork:MomentumEngine","EVO:Axolotl","NeowsBlessing","Mango","Guardian:PocketSentry","Clockwork:SomewhatSmoothStone","Clockwork:BootleggersToolkit","Clockwork:Varja","Clockwork:BloodPhial","Boot","Nunchaku","Clockwork:CopperScales","Sozu","Du-Vu Doll","Shuriken","White Beast Statue","Potion Belt","Red Mask","Singing Bowl"],"acts_visited":["Exordium","TheCity","TheBeyond"],"potions_floor_usage":[],"damage_taken":[{"damage":0.0,"enemies":"2 Louse","floor":1.0,"turns":5.0},{"damage":0.0,"enemies":"Lagavulin","floor":7.0,"turns":4.0},{"damage":0.0,"enemies":"Jaw Worm","floor":11.0,"turns":2.0},{"damage":0.0,"enemies":"Small Slimes","floor":12.0,"turns":6.0},{"damage":0.0,"enemies":"Red Slaver","floor":14.0,"turns":6.0},{"damage":18.0,"enemies":"The Guardian","floor":16.0,"turns":15.0},{"damage":54.0,"enemies":"Chosen","floor":18.0,"turns":11.0},{"damage":6.0,"enemies":"2 Thieves","floor":21.0,"turns":4.0},{"damage":1.0,"enemies":"Snake Plant","floor":22.0,"turns":7.0},{"damage":36.0,"enemies":"Gremlin Leader","floor":24.0,"turns":10.0},{"damage":5.0,"enemies":"Sentry and Sphere","floor":25.0,"turns":9.0},{"damage":0.0,"enemies":"Centurion and Healer","floor":30.0,"turns":8.0},{"damage":0.0,"enemies":"Snecko","floor":31.0,"turns":3.0},{"damage":0.0,"enemies":"Collector","floor":33.0,"turns":12.0},{"damage":0.0,"enemies":"3 Shapes","floor":35.0,"turns":4.0},{"damage":17.0,"enemies":"Orb Walker","floor":37.0,"turns":6.0},{"damage":0.0,"enemies":"Mind Bloom Boss Battle","floor":39.0,"turns":9.0},{"damage":0.0,"enemies":"Giant Head","floor":40.0,"turns":5.0},{"damage":84.0,"enemies":"Reptomancer","floor":42.0,"turns":9.0},{"damage":18,"enemies":"Time Eater","floor":50,"turns":6}],"seed_played":"4730273301164963783","potions_obtained":[{"floor":11.0,"key":"Ancient Potion"},{"floor":12.0,"key":"sneckomod:MuddlingPotion"},{"floor":24.0,"key":"bronze:BurnAndBuffPotion"},{"floor":25.0,"key":"BlessingOfTheForge"},{"floor":30.0,"key":"SkillPotion"},{"floor":31.0,"key":"Guardian:BlockOnCardUsePotion"}],"is_trial":false,"path_per_floor":["M","$","?","$","?","R","E","R","T","R","M","M","?","M","R","B",null,"M","?","?","M","M","R","E","M","T","?","$","R","M","M","R","B",null,"M","?","M","$","?","E","R","E","T","R","?","R","?","T","R","B",null],"character_chosen":"CLOCKWORK","items_purchased":[],"campfire_rested":6,"item_purchase_floors":[],"current_hp_per_floor":[71,71,71,71,71,71,85,85,85,85,85,85,85,85,85,67,87,33,33,33,31,32,59,25,22,22,22,22,49,51,53,80,82,90,92,92,76,76,78,86,86,6,6,33,33,60,60,60,87,73],"gold":0,"neow_bonus":"THREE_ENEMY_KILL","is_daily":false,"chose_seed":false,"campfire_upgraded":5,"win_rate":0.0,"timestamp":1611485278,"path_taken":["M","$","?","?","?","R","E","R","T","R","?","M","?","M","R","BOSS","M","?","?","M","?","R","E","M","T","?","?","R","?","M","R","BOSS","M","?","?","$","?","E","R","E","T","R","?","R","?","?","R","BOSS"],"items_purchased_type":[],"build_version":"2020-12-22","purchased_purges":3,"victory":true,"max_hp_per_floor":[79,79,79,79,79,79,93,93,93,93,93,93,93,93,93,93,93,93,93,93,93,93,93,93,93,93,93,93,93,93,93,93,93,93,93,93,93,93,93,93,93,93,93,93,93,93,93,93,93,93],"card_choices":[{"not_picked":["Clockwork:Friction","Clockwork:TestingEnvironment","Clockwork:CogBarrier"],"picked":"SKIP","floor":1.0},{"not_picked":["Clockwork:Inspiration","Clockwork:MechanicalBulk"],"picked":"Clockwork:CraftMomentumEngine","floor":7.0},{"not_picked":["Clockwork:ForgeStrike","Clockwork:ChargingShield"],"picked":"Clockwork:SnapKeep","floor":11.0},{"not_picked":["Clockwork:HoardingStrike","Clockwork:Enhance"],"picked":"Clockwork:CraftSomewhatSmoothStone","floor":12.0},{"not_picked":["Clockwork:SystemScan","Clockwork:RampUp","Clockwork:CogShield"],"picked":"SKIP","floor":14.0},{"not_picked":["Clockwork:Strangle","Clockwork:Halt"],"picked":"Clockwork:CraftMomentumEngine","floor":16.0},{"not_picked":["Clockwork:SpurOn","Clockwork:Friction"],"picked":"Clockwork:CraftBloodPhial","floor":18.0},{"not_picked":["Clockwork:ReserveSystems","Clockwork:ForgeStrike","Clockwork:SystemHardening"],"picked":"SKIP","floor":21.0},{"not_picked":["Clockwork:CogToss+1","Clockwork:CogBarrier+1"],"picked":"Clockwork:CraftVarja","floor":22.0},{"not_picked":["Clockwork:SearingStrike","Clockwork:Pluck","Clockwork:SmithsMallet"],"picked":"SKIP","floor":24.0},{"not_picked":["Clockwork:Redundancy","Clockwork:Minimalism","Clockwork:TestingEnvironment"],"picked":"SKIP","floor":25.0},{"not_picked":["Clockwork:ReserveSystems","Clockwork:Downsize","Clockwork:CraftVarja"],"picked":"SKIP","floor":30.0},{"not_picked":["Clockwork:ChargingBlade","Clockwork:StasisBreak","Clockwork:Minimalism"],"picked":"SKIP","floor":31.0},{"not_picked":["Clockwork:WindupStrike","Clockwork:AeonShield"],"picked":"Clockwork:PerfectForm","floor":33.0},{"not_picked":["Clockwork:Improve+1","Clockwork:MechanicalMass","Clockwork:Pluck"],"picked":"SKIP","floor":35.0},{"not_picked":["Clockwork:Pluck","Clockwork:CogBarrier"],"picked":"Clockwork:OccamsRazor","floor":37.0},{"not_picked":["Clockwork:RampUp","Clockwork:EnthusiasticStrike+1"],"picked":"Clockwork:Clone","floor":39.0},{"not_picked":["Clockwork:AdaptiveShield","Clockwork:SnapKeep","Clockwork:CogToss+1"],"picked":"SKIP","floor":40.0},{"not_picked":["Clockwork:PerfectedShield","Clockwork:CogToss","Clockwork:InertialShield+1"],"picked":"SKIP","floor":42.0}],"player_experience":818714,"relics_obtained":[{"floor":7.0,"key":"Mango"},{"floor":9.0,"key":"Guardian:PocketSentry"},{"floor":24.0,"key":"Boot"},{"floor":26.0,"key":"Nunchaku"},{"floor":39.0,"key":"Du-Vu Doll"},{"floor":40.0,"key":"Shuriken"},{"floor":42.0,"key":"White Beast Statue"},{"floor":43.0,"key":"Potion Belt"},{"floor":48.0,"key":"Singing Bowl"}],"event_choices":[{"damage_healed":0.0,"max_hp_gain":0.0,"max_hp_loss":0.0,"gold_gain":0.0,"event_name":"Liars Game","player_choice":"Ignored","floor":3.0,"gold_loss":0.0,"damage_taken":0.0},{"cards_removed":["Clockwork:Strike"],"damage_healed":0.0,"max_hp_gain":0.0,"max_hp_loss":0.0,"gold_gain":0.0,"event_name":"Bonfire Elementals","player_choice":"Offered Basic","floor":5.0,"gold_loss":0.0,"damage_taken":0.0},{"cards_removed":["Clockwork:Strike"],"damage_healed":0.0,"max_hp_gain":0.0,"max_hp_loss":0.0,"gold_gain":0.0,"event_name":"The Cleric","player_choice":"Card Removal","floor":13.0,"gold_loss":75.0,"damage_taken":0.0},{"damage_healed":0.0,"max_hp_gain":0.0,"max_hp_loss":0.0,"gold_gain":0.0,"event_name":"Cursed Tome","player_choice":"Ignored","floor":19.0,"gold_loss":0.0,"damage_taken":0.0},{"cards_removed":["Clockwork:Strike"],"damage_healed":0.0,"max_hp_gain":0.0,"max_hp_loss":0.0,"gold_gain":0.0,"event_name":"Purifier","player_choice":"Purged","floor":20.0,"gold_loss":0.0,"damage_taken":0.0},{"damage_healed":0.0,"max_hp_gain":0.0,"max_hp_loss":0.0,"gold_gain":0.0,"event_name":"Match and Keep!","player_choice":"0 cards matched","floor":27.0,"gold_loss":0.0,"damage_taken":0.0,"cards_obtained":[]},{"damage_healed":0.0,"max_hp_gain":0.0,"max_hp_loss":0.0,"gold_gain":0.0,"event_name":"Transmorgrifier","player_choice":"Ignored","floor":36.0,"gold_loss":0.0,"damage_taken":0.0},{"damage_healed":0.0,"max_hp_gain":0.0,"max_hp_loss":0.0,"gold_gain":0.0,"event_name":"MindBloom","player_choice":"Fight","floor":39.0,"gold_loss":0.0,"damage_taken":0.0},{"damage_healed":0.0,"max_hp_gain":0.0,"max_hp_loss":0.0,"gold_gain":0.0,"event_name":"The Moai Head","player_choice":"Ignored","floor":45.0,"gold_loss":0.0,"damage_taken":0.0},{"damage_healed":0.0,"max_hp_gain":0.0,"max_hp_loss":0.0,"gold_gain":0.0,"event_name":"Tomb of Lord Red Mask","player_choice":"Paid","floor":47.0,"gold_loss":222.0,"damage_taken":0.0,"relics_obtained":["Red Mask"]}],"is_beta":false,"boss_relics":[{"not_picked":["Pandora\u0027s Box","SacredBark"],"picked":"Clockwork:BootleggersToolkit"},{"not_picked":["Black Star","Velvet Choker"],"picked":"Sozu"}],"items_purged_floors":[2,28,28],"is_endless":false,"potions_floor_spawned":[11,12,24,25,30,31,42],"ascension_level":16}}