{"host":"xj2wyr3bqqv4irjd","time":1611519369,"event":{"mods":["Act Like it!","Aspiration","BaseMod","Gensokyo","Koishi","Lobotomy","LobotomyExtend","Marisa£®ÏF”Í°°ƒß¿Ì…≥£©","Minty Spire (QoL Compilation)","Quick Restart","Rare Cards Sparkle","Reimu£®≤©¿ˆ¡È√Œ£©","Remilia£®¿Ÿ√◊¿Ú—«£©","Replay The Spire","SIMod","StSLib","The Alterego","The Servant 0.9.4","WarShipGirlsR/’ΩΩ¢…Ÿ≈ÆR mod","Yakumo Yukari mod","Youmu£®ªÍ∆«—˝√Œ£©"],"gold_per_floor":[219,238,238,250,250,275,275,200,200,200,200,220,246,260,260,358,358,373,393,353,353,366,391,391,426,449,449,449,465,485,92,92,187,187,199,213,13,13,23,23,50,68,68,68,68,68,68,78,78,78,78,78,78,78,109,109,109],"floor_reached":56,"language":"ZHS","playtime":3108,"items_purged":["Strike_S","Strike_S","Strike_S"],"score":805,"play_id":"9083a0f5-7e41-40c2-8c44-b1295c5a6aa8","local_time":"20210124201609","is_ascension_mode":true,"campfire_choices":[{"data":"SilverBlades","floor":7.0,"key":"SMITH"},{"data":"Ricochet","floor":10.0,"key":"SMITH"},{"data":"KidneyShot","floor":15.0,"key":"SMITH"},{"data":"KillingDoll","floor":24.0,"key":"SMITH"},{"floor":27.0,"key":"REST"},{"data":"ShiftingGears","floor":32.0,"key":"SMITH"},{"floor":40.0,"key":"RECALL"},{"data":"ForgedInTime","floor":47.0,"key":"SMITH"},{"data":"TheWorld","floor":49.0,"key":"SMITH"},{"data":"Rearm","floor":53.0,"key":"SMITH"}],"circlet_count":0,"master_deck":["Strike_S","Defend_S","Defend_S","Defend_S","KidneyShot+1","Exchange","Ricochet+1","Starlight","SilverBlades+1","Injury","Rearm+1","Foresight+1","SilverBlades+1","ShiftingGears+1","KillingDoll+1","Manipulate+1","Read+1","Rearm+1","BottledTime","TheWorld+1","FastForward+1","FanOfKnives+1","Reset+1","ForgedInTime+1","BottledTime+1"],"relics":["SplendidAttire","LetterFromLob","Frozen Egg 2","Pocketwatch","Chameleon Ring","Omamori","ZunR:ReiMu","Gaze_r","InspiredRelic","PreservedInsect","Oddly Smooth Stone","aspiration:ChemicalBlood","Orrery","Replay:Baseball","aspiration:PoetsPen","Snack Pack","Strawberry"],"acts_visited":["Exordium","TheCity","TheBeyond","TheEnding"],"potions_floor_usage":[56,56],"damage_taken":[{"damage":0.0,"enemies":"2 Louse","floor":1.0,"turns":3.0},{"damage":4.0,"enemies":"Jaw Worm","floor":2.0,"turns":4.0},{"damage":2.0,"enemies":"Small Slimes","floor":4.0,"turns":3.0},{"damage":18.0,"enemies":"Replay:BlueRogue","floor":6.0,"turns":5.0},{"damage":1.0,"enemies":"2 Fungi Beasts","floor":12.0,"turns":2.0},{"damage":12.0,"enemies":"Gremlin Nob","floor":13.0,"turns":3.0},{"damage":9.0,"enemies":"Large Slime","floor":14.0,"turns":4.0},{"damage":5.0,"enemies":"The Guardian","floor":16.0,"turns":10.0},{"damage":22.0,"enemies":"2 Thieves","floor":18.0,"turns":2.0},{"damage":8.0,"enemies":"3 Byrds","floor":19.0,"turns":3.0},{"damage":16.0,"enemies":"3 Byrds","floor":21.0,"turns":3.0},{"damage":10.0,"enemies":"Snecko","floor":22.0,"turns":3.0},{"damage":34.0,"enemies":"Slavers","floor":23.0,"turns":4.0},{"damage":12.0,"enemies":"Replay:Snechameleon","floor":25.0,"turns":3.0},{"damage":0.0,"enemies":"3 Cultists","floor":29.0,"turns":2.0},{"damage":2.0,"enemies":"Shelled Parasite and Fungi","floor":30.0,"turns":2.0},{"damage":4.0,"enemies":"Pondfish","floor":33.0,"turns":6.0},{"damage":15.0,"enemies":"3 Darklings","floor":35.0,"turns":3.0},{"damage":2.0,"enemies":"Orb Walker","floor":36.0,"turns":2.0},{"damage":4.0,"enemies":"Sphere and 2 Shapes","floor":39.0,"turns":4.0},{"damage":10.0,"enemies":"R_Hoarder","floor":41.0,"turns":5.0},{"damage":0.0,"enemies":"Spire Growth","floor":42.0,"turns":3.0},{"damage":10.0,"enemies":"Writhing Mass","floor":48.0,"turns":5.0},{"damage":0.0,"enemies":"Replay:Hell Engine","floor":50.0,"turns":4.0},{"damage":11.0,"enemies":"Shield and Spear","floor":55.0,"turns":4.0},{"damage":25,"enemies":"The Heart","floor":56,"turns":6}],"seed_played":"6677625164260255797","potions_obtained":[{"floor":1.0,"key":"Swift Potion"},{"floor":6.0,"key":"Reflective Coating"},{"floor":16.0,"key":"Weak Potion"},{"floor":19.0,"key":"DistilledChaos"},{"floor":25.0,"key":"Fire Potion"},{"floor":29.0,"key":"SteroidPotion"},{"floor":35.0,"key":"SkillPotion"},{"floor":48.0,"key":"SneckoOil"}],"is_trial":false,"path_per_floor":["M","M","?","M","?","E","R","$","T","R","?","M","E","M","R","B",null,"M","M","?","?","M","E","R","E","T","R","?","M","M","$","R","B",null,"M","M","$","?","M","R","E","M","T","?","$","?","R","M","R","B",null,null,"R","$","E","B"],"character_chosen":"THE_SERVANT","items_purchased":["Orrery","Replay:Baseball","FanOfKnives"],"campfire_rested":1,"item_purchase_floors":[31,31,37],"current_hp_per_floor":[65,61,54,52,52,34,34,34,34,34,34,33,21,12,12,7,65,43,35,35,60,50,16,16,4,4,22,28,28,26,26,26,22,60,45,43,43,43,39,39,29,29,29,29,29,29,29,19,19,21,21,60,60,60,58,35,35],"gold":109,"neow_bonus":"HUNDRED_GOLD","is_daily":false,"chose_seed":false,"campfire_upgraded":8,"win_rate":0.0,"timestamp":1611519369,"path_taken":["M","M","?","M","?","E","R","$","T","R","?","M","E","M","R","BOSS","M","M","?","?","M","E","R","E","T","R","?","M","?","$","R","BOSS","M","M","$","?","?","R","E","M","T","?","$","?","R","M","R","BOSS","R","$","E","BOSS"],"items_purchased_type":["Relic","Relic","Card"],"build_version":"2020-12-22","purchased_purges":3,"victory":false,"max_hp_per_floor":[65,65,65,65,65,65,65,65,65,65,65,65,65,65,65,65,65,65,65,65,60,60,60,60,60,60,60,60,60,60,60,60,60,60,60,60,60,60,60,60,60,60,60,60,60,60,60,60,60,60,60,60,60,60,67,67,67],"card_choices":[{"not_picked":["Desolation","ShatteredReality"],"picked":"Ricochet","floor":1.0},{"not_picked":["Potential","WasteNot"],"picked":"Starlight","floor":2.0},{"not_picked":["Rewind","Replace"],"picked":"SilverBlades","floor":4.0},{"not_picked":["BottledTime","Deny"],"picked":"Rearm","floor":6.0},{"not_picked":["Starlight","Revamp"],"picked":"Foresight+1","floor":12.0},{"not_picked":["MurderousAura+1","DoubleEdge"],"picked":"SilverBlades+1","floor":13.0},{"not_picked":["Spin","DoubleEdge"],"picked":"ShiftingGears","floor":14.0},{"not_picked":["FlawlessForm+1","SoulSculpture"],"picked":"KillingDoll","floor":16.0},{"not_picked":["Unruled","FastForward"],"picked":"Manipulate+1","floor":18.0},{"not_picked":["Replace+1","Spin","Comet+1"],"picked":"SKIP","floor":19.0},{"not_picked":["Snipe","Sabotage","TimeWarp"],"picked":"SKIP","floor":22.0},{"not_picked":["Starlight+1","Alleviate","Defy"],"picked":"SKIP","floor":23.0},{"not_picked":["ShatteredReality","Deny"],"picked":"Read+1","floor":25.0},{"not_picked":["Starlight","StarChef+1","Alleviate"],"picked":"SKIP","floor":29.0},{"not_picked":["ShatteredReality","DoubleEdge","Ricochet"],"picked":"SKIP","floor":30.0},{"not_picked":["DoubleEdge+1","SpecialFormula"],"picked":"Rearm+1","floor":31.0},{"not_picked":["Alleviate","DoubleEdge"],"picked":"BottledTime","floor":31.0},{"not_picked":["FloweringNight+1","SoulSculpture"],"picked":"TheWorld","floor":33.0},{"not_picked":["Ricochet+1","FastForward","Starlight"],"picked":"SKIP","floor":35.0},{"not_picked":["Desolation","Shuttle"],"picked":"FastForward+1","floor":36.0},{"not_picked":["Defy","Moondial+1"],"picked":"Reset+1","floor":39.0},{"not_picked":["Spin+1","RealityMarble+1"],"picked":"ForgedInTime","floor":41.0},{"not_picked":["Revamp","Manipulate+1","Deadline+1"],"picked":"SKIP","floor":42.0},{"not_picked":["MoonPhase+1","Unruled+1","Revamp+1"],"picked":"SKIP","floor":48.0},{"not_picked":["ShatteredReality","FanOfKnives"],"picked":"BottledTime+1","floor":55.0}],"player_experience":570638,"relics_obtained":[{"floor":1.0,"key":"LetterFromLob"},{"floor":6.0,"key":"Pocketwatch"},{"floor":9.0,"key":"Chameleon Ring"},{"floor":13.0,"key":"Omamori"},{"floor":23.0,"key":"PreservedInsect"},{"floor":25.0,"key":"Oddly Smooth Stone"},{"floor":26.0,"key":"aspiration:ChemicalBlood"},{"floor":41.0,"key":"Snack Pack"},{"floor":55.0,"key":"Strawberry"}],"event_choices":[{"cards_removed":["Defend_S"],"damage_healed":0.0,"max_hp_gain":0.0,"max_hp_loss":0.0,"gold_gain":0.0,"event_name":"Golden Wing","player_choice":"Card Removal","floor":3.0,"gold_loss":0.0,"damage_taken":7.0},{"damage_healed":0.0,"max_hp_gain":0.0,"max_hp_loss":0.0,"gold_gain":0.0,"event_name":"ZunEvent","player_choice":"π∫¬Ú…Òæ∆","floor":20.0,"gold_loss":40.0,"damage_taken":0.0,"relics_obtained":["ZunR:ReiMu"]},{"damage_healed":0.0,"max_hp_gain":0.0,"max_hp_loss":0.0,"gold_gain":0.0,"event_name":"Accursed Blacksmith","player_choice":"Forge","floor":38.0,"gold_loss":0.0,"damage_taken":0.0,"cards_upgraded":["FanOfKnives"]},{"damage_healed":0.0,"max_hp_gain":0.0,"max_hp_loss":0.0,"gold_gain":0.0,"event_name":"SensoryStone","player_choice":"Memory 1","floor":46.0,"gold_loss":0.0,"damage_taken":0.0}],"is_beta":false,"boss_relics":[{"not_picked":["Philosopher\u0027s Stone","aspiration:MarisaSkillbook"],"picked":"SplendidAttire"},{"not_picked":["Tiny House","Fusion Hammer"],"picked":"aspiration:PoetsPen"}],"items_purged_floors":[8,31,37],"is_endless":false,"potions_floor_spawned":[1,6,16,19,25,29,35,48],"killed_by":"The Heart","ascension_level":3}}