{"host":"o6rpelx2jpc8yies","time":1611464953,"event":{"mods":["BaseMod","Downfall","Minty Spire (QoL Compilation)","StSLib"],"gold_per_floor":[99,109,125,136,44,71,71,88,107,125,153,63,63,75,95,95,95,95],"floor_reached":16,"language":"ENG","playtime":1112,"items_purged":["champ:Strike"],"score":128,"play_id":"abba666d-d727-4b4c-9e5a-e1f4d4a14562","local_time":"20210123220913","is_ascension_mode":true,"campfire_choices":[{"floor":1,"key":"RECALL"},{"floor":13,"key":"REST"}],"circlet_count":0,"master_deck":["champ:Strike","champ:Strike","champ:Strike","champ:Defend","champ:Defend","champ:Defend","champ:Defend","champ:Execute","champ:Taunt","champ:PreciseThrust","champ:SetATrap","champ:GutPunch","champ:BringItOn","champ:FancyFootwork","champ:StanceDance","champ:EnragedBash","champ:BerserkerStyle","champ:AdrenalArmor","champ:DancingMaster","champ:CrownThrow","champ:ViciousMockery","champ:RecklessLeap"],"relics":["champ:ChampionCrown","Ancient Tea Set","Question Card","Centennial Puzzle"],"acts_visited":["Exordium"],"potions_floor_usage":[11,11,14],"damage_taken":[{"damage":13,"enemies":"Small Slimes","floor":2,"turns":5},{"damage":10,"enemies":"Cultist","floor":3,"turns":3},{"damage":12,"enemies":"2 Louse","floor":4,"turns":2},{"damage":20,"enemies":"downfall:FleeingMerchant","floor":5,"turns":4},{"damage":44,"enemies":"3 Sentries","floor":6,"turns":8},{"damage":21,"enemies":"Exordium Thugs","floor":8,"turns":5},{"damage":5,"enemies":"Exordium Wildlife","floor":9,"turns":4},{"damage":26,"enemies":"Large Slime","floor":10,"turns":7},{"damage":45,"enemies":"Gremlin Nob","floor":11,"turns":5},{"damage":15,"enemies":"downfall:FleeingMerchant","floor":12,"turns":4},{"damage":42,"enemies":"Exordium Wildlife","floor":14,"turns":4},{"damage":58,"enemies":"Gremlin Gang","floor":15,"turns":5},{"damage":31,"enemies":"IC_STATUS_ARCHETYPE","floor":16,"turns":2}],"seed_played":"-6250894186863203513","potions_obtained":[{"floor":3,"key":"Swift Potion"},{"floor":6,"key":"Explosive Potion"},{"floor":8,"key":"FearPotion"},{"floor":14,"key":"champ:UltimateStancePotion"}],"is_trial":false,"path_per_floor":["R","M","M","M","$","E","T","M","M","M","E","$","R","M","M","B"],"character_chosen":"THE_CHAMP","items_purchased":["champ:FancyFootwork"],"campfire_rested":1,"item_purchase_floors":[5],"current_hp_per_floor":[99,91,91,89,89,70,70,69,69,63,33,33,62,45,30,0,0,0],"gold":95,"neow_bonus":"TEN_PERCENT_HP_BONUS","is_daily":false,"chose_seed":false,"campfire_upgraded":0,"win_rate":0.0,"timestamp":1611464953,"path_taken":["R","M","M","M","$","E","T","M","M","M","E","$","R","M","M","BOSS"],"items_purchased_type":["Card"],"build_version":"2020-12-22","purchased_purges":1,"victory":false,"max_hp_per_floor":[99,99,99,99,99,99,99,99,99,99,99,99,99,99,99,99,99,99],"card_choices":[{"not_picked":["champ:HeartStrike","champ:EndlessRage"],"picked":"champ:PreciseThrust","floor":2},{"not_picked":["champ:Encircle","champ:BladeFlurry"],"picked":"champ:SetATrap","floor":3},{"not_picked":["champ:BladeFlurry","champ:HoldFirm"],"picked":"champ:GutPunch","floor":4},{"not_picked":["champ:PreciseThrust","champ:FlashCut"],"picked":"champ:BringItOn","floor":5},{"not_picked":["champ:DeathBlow","champ:BladeFlurry"],"picked":"champ:StanceDance","floor":6},{"not_picked":["champ:DeathBlow","champ:DefensiveShout","champ:CrownThrow"],"picked":"champ:EnragedBash","floor":8},{"not_picked":["champ:CalledShot","champ:SetATrap","champ:BringItOn"],"picked":"champ:BerserkerStyle","floor":9},{"not_picked":["champ:PreciseThrust","champ:IronFortress","champ:TornadoPunch"],"picked":"champ:AdrenalArmor","floor":10},{"not_picked":["champ:FanOfKnives","champ:BladeFlurry","champ:StanceDance"],"picked":"champ:DancingMaster","floor":11},{"not_picked":["champ:Circumvent","champ:FlashCut","champ:DeathBlow"],"picked":"champ:CrownThrow","floor":12},{"not_picked":["champ:BringItOn","champ:PreciseThrust","champ:ArenaPreparation"],"picked":"champ:ViciousMockery","floor":14},{"not_picked":["champ:Circumvent","champ:DefensiveShout","champ:PreciseThrust"],"picked":"champ:RecklessLeap","floor":15}],"player_experience":1848856,"relics_obtained":[{"floor":6,"key":"Ancient Tea Set"},{"floor":7,"key":"Question Card"},{"floor":11,"key":"Centennial Puzzle"}],"event_choices":[],"is_beta":false,"boss_relics":[],"items_purged_floors":[12],"is_endless":false,"potions_floor_spawned":[3,6,8,10,14],"killed_by":"IC_STATUS_ARCHETYPE","ascension_level":2}}