{"host":"6xsbn6ynqlzwllfm","time":1611507724,"event":{"mods":["2.2 Compatiblity","BaseMod","Bestiary","Colored Map","Colored Powertips","Curses Come First","Highlight Path","Keyboard Shortcuts","Minty Spire (QoL Compilation)","Quick Restart","Relic Stats","Slay the Relics Exporter","StSLib","SuperFastMode"],"gold_per_floor":[111,2,2,20,36,71,91,124,150,175,175,188,188,0,0,71,71,81,94,9,9,9,9,42,42,42,52,52,65,90,101,101,172,172,189,22,32,52,52,78,78,78,78],"floor_reached":42,"language":"ENG","playtime":3099,"items_purged":["Pain"],"score":1072,"play_id":"54ae1c1c-0222-4cc8-813e-2a62abfbf8d7","local_time":"20210124120204","is_ascension_mode":true,"campfire_choices":[{"floor":11,"key":"REST"},{"data":"Spot Weakness","floor":13,"key":"SMITH"},{"data":"Limit Break","floor":15,"key":"SMITH"},{"data":"Feel No Pain","floor":23,"key":"SMITH"},{"data":"True Grit","floor":25,"key":"SMITH"},{"floor":32,"key":"REST"}],"circlet_count":0,"master_deck":["AscendersBane","Bash","Sever Soul","Evolve","Second Wind","Warcry","Limit Break+1","Clash","Limit Break","Fiend Fire","Havoc","Flex","Power Through","Clothesline","Shrug It Off","Spot Weakness+1","Anger","Seeing Red","Thunderclap","Limit Break","Shrug It Off","Feel No Pain+1","True Grit+1","Fiend Fire","Warcry+1","Whirlwind","Bite","Bite","Bite","Bite","Bite","Necronomicurse","Regret","Fire Breathing","Parasite","Double Tap"],"relics":["Pandora\u0027s Box","WarpedTongs","Dream Catcher","Bag of Preparation","Potion Belt","Tiny Chest","Cursed Key","Magic Flower","Necronomicon","Oddly Smooth Stone","Pocketwatch","Self Forming Clay","Art of War","Coffee Dripper","Sling","Ancient Tea Set"],"acts_visited":["Exordium","TheCity","TheBeyond"],"potions_floor_usage":[6,16,16,18,24,30,31,40,42],"damage_taken":[{"damage":8,"enemies":"Small Slimes","floor":1,"turns":2},{"damage":2,"enemies":"Cultist","floor":4,"turns":3},{"damage":6,"enemies":"Jaw Worm","floor":5,"turns":5},{"damage":8,"enemies":"3 Sentries","floor":6,"turns":7},{"damage":3,"enemies":"Looter","floor":7,"turns":2},{"damage":7,"enemies":"Lagavulin","floor":8,"turns":7},{"damage":11,"enemies":"3 Sentries","floor":10,"turns":7},{"damage":0,"enemies":"2 Fungi Beasts","floor":12,"turns":1},{"damage":29,"enemies":"Slime Boss","floor":16,"turns":10},{"damage":3,"enemies":"3 Byrds","floor":18,"turns":5},{"damage":9,"enemies":"Shell Parasite","floor":19,"turns":4},{"damage":0,"enemies":"Slavers","floor":24,"turns":1},{"damage":3,"enemies":"Chosen and Byrds","floor":27,"turns":7},{"damage":16,"enemies":"Centurion and Healer","floor":29,"turns":5},{"damage":35,"enemies":"Gremlin Leader","floor":30,"turns":5},{"damage":33,"enemies":"Snake Plant","floor":31,"turns":9},{"damage":10,"enemies":"Champ","floor":33,"turns":5},{"damage":23,"enemies":"3 Darklings","floor":35,"turns":10},{"damage":15,"enemies":"Orb Walker","floor":37,"turns":4},{"damage":25,"enemies":"3 Darklings","floor":38,"turns":10},{"damage":47,"enemies":"Reptomancer","floor":40,"turns":5},{"damage":18,"enemies":"Spire Growth","floor":42,"turns":2}],"seed_played":"1357510532629144848","potions_obtained":[{"floor":1,"key":"Explosive Potion"},{"floor":4,"key":"PowerPotion"},{"floor":5,"key":"DuplicationPotion"},{"floor":8,"key":"BlessingOfTheForge"},{"floor":12,"key":"FearPotion"},{"floor":19,"key":"Energy Potion"},{"floor":24,"key":"LiquidMemories"},{"floor":27,"key":"DistilledChaos"},{"floor":29,"key":"Fire Potion"},{"floor":38,"key":"EssenceOfSteel"}],"is_trial":false,"path_per_floor":["M","$","?","M","M","E","M","E","T","E","R","M","R","$","R","B",null,"M","M","?","?","?","R","E","R","T","M","T","M","E","M","R","B",null,"M","$","M","M","$","E","?","M"],"character_chosen":"IRONCLAD","items_purchased":["Power Through","Clothesline","Feel No Pain","True Grit","Sling"],"campfire_rested":2,"item_purchase_floors":[2,2,14,14,36],"current_hp_per_floor":[60,60,60,58,52,44,41,34,34,23,45,45,45,45,45,16,60,57,48,48,48,27,27,27,27,27,46,46,46,21,22,37,30,47,52,52,43,52,52,11,11,0,0],"gold":78,"neow_bonus":"BOSS_RELIC","is_daily":false,"chose_seed":false,"campfire_upgraded":4,"win_rate":0.0,"timestamp":1611507724,"path_taken":["M","$","?","?","M","E","M","E","T","E","R","M","R","$","R","BOSS","M","M","?","?","?","R","E","R","T","M","?","M","E","M","R","BOSS","M","$","M","M","$","E","?","M"],"items_purchased_type":["Card","Card","Card","Card","Relic"],"build_version":"2020-12-22","purchased_purges":1,"victory":false,"max_hp_per_floor":[75,75,75,75,75,75,75,75,75,75,75,75,75,75,75,75,75,75,75,75,52,52,52,52,52,52,52,52,52,52,52,52,52,52,52,52,52,52,52,52,49,49,49],"relic_stats":{"counters":[22,116],"Self Forming Clay":[78],"Magic Flower":[55],"Bag of Preparation":[32],"Cursed Key":2,"WarpedTongs":[111],"Dream Catcher":2,"Pandora\u0027s Box":["Sever Soul","Evolve","Second Wind","Warcry","Limit Break","Clash","Limit Break","Fiend Fire","Havoc"],"Tiny Chest":1,"Necronomicon":[32],"Art of War":[5],"obtain_stats":[{"Potion Belt":9,"Self Forming Clay":28,"Magic Flower":20,"Oddly Smooth Stone":24,"Bag of Preparation":8,"Cursed Key":17,"Sling":36,"Ancient Tea Set":40,"Burning Blood":0,"WarpedTongs":3,"Dream Catcher":6,"Pandora\u0027s Box":0,"Tiny Chest":10,"Necronomicon":22,"Art of War":30,"Coffee Dripper":34,"Pocketwatch":26},{"Potion Belt":6,"Self Forming Clay":13,"Magic Flower":11,"Oddly Smooth Stone":12,"Bag of Preparation":6,"Cursed Key":9,"Sling":18,"Ancient Tea Set":21,"Burning Blood":0,"WarpedTongs":1,"Dream Catcher":4,"Pandora\u0027s Box":0,"Tiny Chest":7,"Necronomicon":11,"Art of War":15,"Coffee Dripper":17,"Pocketwatch":12},{"Potion Belt":26,"Self Forming Clay":61,"Magic Flower":53,"Oddly Smooth Stone":54,"Bag of Preparation":26,"Cursed Key":44,"Sling":95,"Ancient Tea Set":114,"Burning Blood":0,"WarpedTongs":2,"Dream Catcher":17,"Pandora\u0027s Box":0,"Tiny Chest":33,"Necronomicon":53,"Art of War":71,"Coffee Dripper":85,"Pocketwatch":54}],"Pocketwatch":[54]},"card_choices":[{"not_picked":["Second Wind","Thunderclap"],"picked":"Flex","floor":1},{"not_picked":["Headbutt","Bloodletting"],"picked":"Shrug It Off","floor":4},{"not_picked":["Sever Soul","Searing Blow"],"picked":"Spot Weakness","floor":5},{"not_picked":["Combust","Double Tap"],"picked":"Anger","floor":6},{"not_picked":["Flex","Armaments"],"picked":"Seeing Red","floor":7},{"not_picked":["Anger","Havoc","Armaments"],"picked":"SKIP","floor":8},{"not_picked":["Perfected Strike","Clash"],"picked":"Thunderclap","floor":10},{"not_picked":["Infernal Blade","Ghostly Armor"],"picked":"Limit Break","floor":11},{"not_picked":["Reckless Charge","Warcry"],"picked":"Shrug It Off","floor":12},{"not_picked":["Limit Break","Brutality"],"picked":"Fiend Fire","floor":16},{"not_picked":["Seeing Red+1","Flex"],"picked":"Warcry+1","floor":18},{"not_picked":["Havoc+1","Anger"],"picked":"Whirlwind","floor":19},{"not_picked":["Iron Wave","Havoc","Heavy Blade"],"picked":"SKIP","floor":24},{"not_picked":["Rage","Wild Strike"],"picked":"Fire Breathing","floor":27},{"not_picked":["Armaments","Berserk","Flex"],"picked":"SKIP","floor":29},{"not_picked":["Evolve","Headbutt","Pummel"],"picked":"SKIP","floor":30},{"not_picked":["Dropkick","Dual Wield+1","Sever Soul"],"picked":"SKIP","floor":31},{"not_picked":["Brutality","Juggernaut"],"picked":"Double Tap","floor":33},{"not_picked":["Cleave","Sever Soul","Evolve"],"picked":"SKIP","floor":40}],"player_experience":1094022,"relics_obtained":[{"floor":6,"key":"Dream Catcher"},{"floor":8,"key":"Bag of Preparation"},{"floor":9,"key":"Potion Belt"},{"floor":10,"key":"Tiny Chest"},{"floor":22,"key":"Necronomicon"},{"floor":24,"key":"Oddly Smooth Stone"},{"floor":26,"key":"Pocketwatch"},{"floor":28,"key":"Self Forming Clay"},{"floor":30,"key":"Art of War"},{"floor":40,"key":"Ancient Tea Set"}],"event_choices":[{"damage_healed":0,"gold_gain":0,"player_choice":"Rummage","damage_taken":0,"relics_obtained":["WarpedTongs"],"max_hp_gain":0,"max_hp_loss":0,"event_name":"Accursed Blacksmith","floor":3,"gold_loss":0,"cards_obtained":["Pain"]},{"damage_healed":0,"gold_gain":0,"player_choice":"Obtained Relic","damage_taken":0,"relics_obtained":["Magic Flower"],"max_hp_gain":0,"max_hp_loss":0,"event_name":"Addict","floor":20,"gold_loss":85},{"damage_healed":0,"gold_gain":0,"player_choice":"Became a vampire","damage_taken":0,"max_hp_gain":0,"max_hp_loss":23,"event_name":"Vampires","floor":21,"gold_loss":0,"cards_obtained":["Bite","Bite","Bite","Bite","Bite"]},{"damage_healed":0,"gold_gain":0,"player_choice":"Obtained Book","damage_taken":21,"max_hp_gain":0,"max_hp_loss":0,"event_name":"Cursed Tome","floor":22,"gold_loss":0},{"damage_healed":0,"gold_gain":0,"player_choice":"Max HP","damage_taken":0,"max_hp_gain":0,"max_hp_loss":3,"event_name":"Winding Halls","floor":41,"gold_loss":0}],"is_beta":false,"boss_relics":[{"not_picked":["SacredBark","SlaversCollar"],"picked":"Cursed Key"},{"not_picked":["Velvet Choker","Astrolabe"],"picked":"Coffee Dripper"}],"items_purged_floors":[14],"is_endless":false,"potions_floor_spawned":[1,4,5,8,12,19,24,27,29,38],"killed_by":"Spire Growth","ascension_level":20}}