{"host":"52zmxm0oht7x0uft","time":1611486254,"event":{"mods":["AchievementEnabler","BaseMod","Colored Map","Minty Spire (QoL Compilation)","Quick Restart"],"gold_per_floor":[112,122,122,137,152,152,185,196,196,215,225,225,150,150,150,254,254,274,288,288,288,305,318,350,300,300,300,300],"floor_reached":27,"language":"ENG","playtime":1495,"items_purged":["Parasite","Eruption"],"score":298,"play_id":"f8ed5b64-2ff5-4897-8a29-d32e518be559","local_time":"20210124120414","is_ascension_mode":true,"campfire_choices":[{"floor":6,"key":"REST"},{"floor":15,"key":"REST"}],"circlet_count":0,"master_deck":["Strike_P+1","Defend_P+1","Defend_P+1","Vigilance","LessonLearned+1","Vault","PathToVictory+1","PathToVictory","Evaluate","WindmillStrike","Wireheading+1","CutThroughFate+1","EmptyMind+1","PathToVictory","PathToVictory+1"],"relics":["PureWater","Centennial Puzzle","Nunchaku","Astrolabe","Smiling Mask","Pantograph","Calipers","FossilizedHelix"],"acts_visited":["Exordium","TheCity"],"potions_floor_usage":[14,27],"damage_taken":[{"damage":23,"enemies":"Jaw Worm","floor":1,"turns":5},{"damage":0,"enemies":"Cultist","floor":2,"turns":4},{"damage":0,"enemies":"2 Louse","floor":4,"turns":4},{"damage":6,"enemies":"Large Slime","floor":5,"turns":9},{"damage":41,"enemies":"Gremlin Nob","floor":7,"turns":4},{"damage":15,"enemies":"Gremlin Gang","floor":8,"turns":5},{"damage":3,"enemies":"3 Louse","floor":10,"turns":4},{"damage":0,"enemies":"Red Slaver","floor":11,"turns":4},{"damage":11,"enemies":"Hexaghost","floor":16,"turns":7},{"damage":0,"enemies":"Chosen","floor":18,"turns":4},{"damage":5,"enemies":"3 Byrds","floor":19,"turns":5},{"damage":12,"enemies":"Centurion and Healer","floor":22,"turns":5},{"damage":4,"enemies":"Cultist and Chosen","floor":23,"turns":4},{"damage":40,"enemies":"Gremlin Leader","floor":24,"turns":4},{"damage":13,"enemies":"Book of Stabbing","floor":27,"turns":3}],"seed_played":"-1380325019757099813","potions_obtained":[{"floor":1,"key":"Energy Potion"},{"floor":5,"key":"SkillPotion"},{"floor":8,"key":"ColorlessPotion"},{"floor":11,"key":"CultistPotion"},{"floor":14,"key":"Fruit Juice"},{"floor":14,"key":"GamblersBrew"}],"is_trial":false,"path_per_floor":["M","M","?","M","M","R","E","M","T","M","M","?","$","?","R","B",null,"M","M","?","?","M","M","E","$","T","E"],"character_chosen":"WATCHER","items_purchased":[],"campfire_rested":2,"item_purchase_floors":[],"current_hp_per_floor":[49,49,49,49,43,63,22,7,7,4,4,21,21,26,47,36,71,71,66,66,66,54,50,10,10,10,0,0],"gold":300,"neow_bonus":"TRANSFORM_TWO_CARDS","is_daily":false,"chose_seed":false,"campfire_upgraded":0,"win_rate":0.0,"timestamp":1611486254,"path_taken":["M","M","?","M","M","R","E","?","T","M","M","?","$","?","R","BOSS","M","?","?","?","M","?","E","$","T","E"],"items_purchased_type":[],"build_version":"2020-12-22","purchased_purges":2,"victory":false,"max_hp_per_floor":[72,72,69,69,69,69,69,69,69,69,69,69,66,71,71,71,71,71,71,71,71,71,71,71,71,71,71,71],"card_choices":[{"not_picked":["TalkToTheHand","FlurryOfBlows"],"picked":"PathToVictory","floor":1},{"not_picked":["Meditate","ClearTheMind"],"picked":"PathToVictory","floor":2},{"not_picked":["FollowUp","Nirvana","Vault"],"picked":"SKIP","floor":4},{"not_picked":["FollowUp","Nirvana","Vault"],"picked":"SKIP","floor":4},{"not_picked":["Consecrate","SashWhip"],"picked":"Evaluate","floor":5},{"not_picked":["FlurryOfBlows","Consecrate","Scrawl"],"picked":"SKIP","floor":7},{"not_picked":["SandsOfTime","Study","JustLucky"],"picked":"SKIP","floor":8},{"not_picked":["ForeignInfluence","FlurryOfBlows"],"picked":"WindmillStrike","floor":10},{"not_picked":["Prostrate","CrushJoints","Protect"],"picked":"SKIP","floor":11},{"not_picked":["Weave","Halt"],"picked":"PathToVictory","floor":18},{"not_picked":["DeceiveReality+1","FearNoEvil"],"picked":"PathToVictory+1","floor":19},{"not_picked":["FlurryOfBlows+1","EmptyBody","Vengeance"],"picked":"SKIP","floor":22},{"not_picked":["Fasting2","JustLucky","Adaptation"],"picked":"SKIP","floor":23},{"not_picked":["WreathOfFlame","FlurryOfBlows","ThirdEye"],"picked":"SKIP","floor":24}],"player_experience":363646,"relics_obtained":[{"floor":7,"key":"Centennial Puzzle"},{"floor":9,"key":"Nunchaku"},{"floor":24,"key":"Calipers"},{"floor":26,"key":"FossilizedHelix"}],"event_choices":[{"cards_removed":["Parasite"],"damage_healed":0,"gold_gain":0,"player_choice":"Removed Curses","damage_taken":0,"max_hp_gain":0,"max_hp_loss":0,"event_name":"Fountain of Cleansing","floor":3,"gold_loss":0},{"damage_healed":17,"gold_gain":0,"player_choice":"Healed and dodged fight","damage_taken":0,"max_hp_gain":0,"max_hp_loss":0,"event_name":"Mushrooms","floor":12,"gold_loss":0,"cards_obtained":["Parasite"]},{"damage_healed":0,"gold_gain":0,"player_choice":"Got Potions","damage_taken":0,"max_hp_gain":0,"max_hp_loss":0,"event_name":"Lab","floor":14,"gold_loss":0},{"damage_healed":0,"gold_gain":0,"player_choice":"Opened","damage_taken":0,"relics_obtained":["Smiling Mask"],"max_hp_gain":0,"max_hp_loss":0,"event_name":"The Mausoleum","floor":20,"gold_loss":0},{"damage_healed":0,"gold_gain":0,"player_choice":"Gave Potion","damage_taken":0,"relics_obtained":["Pantograph"],"max_hp_gain":0,"max_hp_loss":0,"event_name":"WeMeetAgain","floor":21,"gold_loss":0}],"is_beta":false,"boss_relics":[{"not_picked":["Pandora\u0027s Box","Tiny House"],"picked":"Astrolabe"}],"items_purged_floors":[13,25],"is_endless":false,"potions_floor_spawned":[1,5,8,11,16,18],"killed_by":"Book of Stabbing","ascension_level":3}}