{"host":"c95txy58ipbu969e","time":1611475957,"event":{"mods":["Act Like it!","BaseMod","Downfall","Minty Spire (QoL Compilation)","Quick Restart","StSLib"],"gold_per_floor":[99,99,99,99,99,113,113,23,23,50,63,63,63,89,103,200,200,200,217,127,127,127,162,162,191,191,76,76,76,76,93,110,212,212,112,131,181,235,249,249,249,84,101,115,145,220,220,230,244,244],"floor_reached":51,"language":"ZHS","playtime":4169,"items_purged":["champ:Strike","champ:Strike"],"score":813,"play_id":"768a05fb-e606-443b-93d9-9f91dac4d635","local_time":"20210124161237","is_ascension_mode":true,"campfire_choices":[{"data":"champ:Taunt","floor":1.0,"key":"SMITH"},{"data":"champ:RecklessLeap","floor":13.0,"key":"SMITH"},{"data":"champ:IgnorePain","floor":18.0,"key":"SMITH"},{"data":"J.A.X.","floor":30.0,"key":"SMITH"},{"data":"champ:Circumvent","floor":35.0,"key":"SMITH"},{"data":"champ:Lariat","floor":47.0,"key":"SMITH"}],"circlet_count":0,"master_deck":["champ:Strike","champ:Strike","champ:Defend","champ:Defend","champ:Defend","champ:Defend","champ:Execute","champ:Taunt+1","champ:StanceDance+1","champ:Circumvent+1","champ:ShieldWall","champ:SetATrap","champ:AdrenalArmor+1","champ:RecklessLeap+1","champ:FancyFootwork","champ:IgnorePain+1","champ:ShieldSigil","champ:CrookedStrike","champ:EnragedBash","Ghostly","Ghostly","Ghostly","Ghostly","Ghostly+1","champ:Lariat+1","J.A.X.+1","Pride","champ:FalseCounter","champ:HeartStrike+1","champ:TripleStrike","champ:SkillfulDodge+1","champ:FaceSlap+1","champ:Encircle+1","expansioncontent:PolyBeam","expansioncontent:YouAreMine","champ:SkillfulDodge+1","champ:GutPunch+1","champ:Encircle+1"],"relics":["champ:ChampionCrown","downfall:HeartsMalice","Pear","Torii","Art of War","Blood Vial","Philosopher\u0027s Stone","Strawberry","hexamod:CandleOfCauterizing","White Beast Statue","Shuriken","sneckomod:SneckoTalon","downfall:HeartBlessingBlue","TungstenRod","Shovel","War Paint","Guardian:PocketSentry","Molten Egg 2","Pantograph"],"acts_visited":["Exordium","TheCity","TheBeyond"],"potions_floor_usage":[50,50],"damage_taken":[{"damage":0.0,"enemies":"Small Slimes","floor":2.0,"turns":1.0},{"damage":0.0,"enemies":"Cultist","floor":3.0,"turns":1.0},{"damage":0.0,"enemies":"2 Louse","floor":4.0,"turns":1.0},{"damage":10.0,"enemies":"2 Fungi Beasts","floor":6.0,"turns":4.0},{"damage":20.0,"enemies":"downfall:FleeingMerchant","floor":8.0,"turns":4.0},{"damage":33.0,"enemies":"3 Sentries","floor":10.0,"turns":10.0},{"damage":20.0,"enemies":"Blue Slaver","floor":11.0,"turns":3.0},{"damage":30.0,"enemies":"Lagavulin","floor":14.0,"turns":8.0},{"damage":56.0,"enemies":"3 Louse","floor":15.0,"turns":5.0},{"damage":79.0,"enemies":"SI_SHIV_ARCHETYPE","floor":16.0,"turns":7.0},{"damage":99.0,"enemies":"Shell Parasite","floor":19.0,"turns":6.0},{"damage":70.0,"enemies":"downfall:FleeingMerchant","floor":20.0,"turns":4.0},{"damage":29.0,"enemies":"Slavers","floor":23.0,"turns":9.0},{"damage":9.0,"enemies":"Book of Stabbing","floor":25.0,"turns":6.0},{"damage":31.0,"enemies":"downfall:FleeingMerchant","floor":27.0,"turns":4.0},{"damage":36.0,"enemies":"3 Byrds","floor":31.0,"turns":6.0},{"damage":10.0,"enemies":"Snake Plant","floor":32.0,"turns":6.0},{"damage":53.0,"enemies":"DF_ARCHETYPE_CLAW","floor":33.0,"turns":9.0},{"damage":6.0,"enemies":"3 Shapes","floor":36.0,"turns":7.0},{"damage":25.0,"enemies":"3 Shapes","floor":37.0,"turns":8.0},{"damage":47.0,"enemies":"2 Orb Walkers","floor":38.0,"turns":6.0},{"damage":13.0,"enemies":"3 Darklings","floor":39.0,"turns":7.0},{"damage":2.0,"enemies":"downfall:FleeingMerchant","floor":42.0,"turns":4.0},{"damage":47.0,"enemies":"Maw","floor":43.0,"turns":7.0},{"damage":59.0,"enemies":"Jaw Worm Horde","floor":44.0,"turns":5.0},{"damage":35.0,"enemies":"Nemesis","floor":45.0,"turns":9.0},{"damage":37.0,"enemies":"4 Shapes","floor":48.0,"turns":6.0},{"damage":17,"enemies":"Writhing Mass","floor":49,"turns":6},{"damage":79,"enemies":"IC_BLOCK_ARCHETYPE","floor":50,"turns":9}],"seed_played":"5710291868655781416","potions_obtained":[{"floor":11.0,"key":"SteroidPotion"},{"floor":15.0,"key":"champ:OpenerPotion"},{"floor":16.0,"key":"Swift Potion"},{"floor":22.0,"key":"CultistPotion"},{"floor":23.0,"key":"champ:OpenerPotion"},{"floor":31.0,"key":"CultistPotion"},{"floor":33.0,"key":"FairyPotion"},{"floor":36.0,"key":"Energy Potion"},{"floor":38.0,"key":"BlessingOfTheForge"},{"floor":39.0,"key":"bronze:BurnAndBuffPotion"},{"floor":42.0,"key":"Swift Potion"},{"floor":45.0,"key":"Fire Potion"},{"floor":48,"key":"GamblersBrew"},{"floor":49,"key":"Dexterity Potion"}],"is_trial":false,"path_per_floor":["R","M","M","M","?","M","T","$","?","E","M","?","R","E","M","B",null,"R","M","$","?","?","E","T","E","?","$","?","T","R","M","M","B",null,"R","M","?","?","M","?","T","?","M","M","E","T","R","M","M","B",null],"character_chosen":"THE_CHAMP","items_purchased":["champ:EnragedBash","Guardian:PocketSentry"],"campfire_rested":0,"item_purchase_floors":[20,42],"current_hp_per_floor":[90,90,90,90,90,90,100,100,93,80,80,80,80,80,81,69,100,100,100,100,50,50,54,54,57,57,57,57,57,57,57,57,47,57,67,67,67,67,67,58,58,67,67,28,40,40,40,5,30,40],"gold":244,"neow_bonus":"THREE_ENEMY_KILL","is_daily":false,"chose_seed":false,"campfire_upgraded":6,"win_rate":0.0,"timestamp":1611475957,"path_taken":["R","M","M","M","?","M","T","?","?","E","M","?","R","E","M","BOSS","R","M","$","?","?","E","T","E","?","$","?","?","R","M","M","BOSS","R","M","?","?","M","?","T","?","M","M","E","?","R","M","M","BOSS"],"items_purchased_type":["Card","Relic"],"build_version":"2020-12-22","purchased_purges":2,"victory":true,"max_hp_per_floor":[90,90,90,90,90,90,100,100,100,100,100,100,100,100,100,100,100,100,100,100,50,50,57,57,57,57,57,57,57,57,57,57,57,57,67,67,67,67,67,67,67,67,67,67,67,67,67,67,67,67],"card_choices":[{"not_picked":["champ:GutPunch","champ:DefensiveShout"],"picked":"champ:StanceDance","floor":2.0},{"not_picked":["champ:GutPunch","champ:SetATrap","champ:Backstep"],"picked":"SKIP","floor":3.0},{"not_picked":["champ:ShieldSigil","champ:DefensiveShout"],"picked":"champ:Circumvent","floor":4.0},{"not_picked":["champ:GladiatorStyle","champ:BerserkerStyle"],"picked":"champ:ShieldWall","floor":6.0},{"not_picked":["champ:FanOfKnives","champ:FocusedDefense"],"picked":"champ:SetATrap","floor":8.0},{"not_picked":["champ:EnchantCrown","champ:ShieldSigil"],"picked":"champ:AdrenalArmor","floor":10.0},{"not_picked":["champ:BerserkerStyle","champ:Haymaker"],"picked":"champ:RecklessLeap","floor":11.0},{"not_picked":["champ:FalseCounter","champ:DefensiveShout","champ:PreciseThrust"],"picked":"SKIP","floor":14.0},{"not_picked":["champ:PreciseThrust","champ:ShieldSigil"],"picked":"champ:FancyFootwork","floor":15.0},{"not_picked":["champ:UltimateStance","champ:GladiatorForm"],"picked":"champ:IgnorePain","floor":16.0},{"not_picked":["champ:Circumvent","champ:BladeFlurry"],"picked":"champ:ShieldSigil","floor":19.0},{"not_picked":["champ:BladeFlurry","champ:EnGarde"],"picked":"champ:CrookedStrike","floor":20.0},{"not_picked":["champ:Endure","champ:PreciseThrust"],"picked":"champ:Lariat","floor":23.0},{"not_picked":["champ:PreciseThrust","champ:IgnorePain","champ:Duel"],"picked":"SKIP","floor":25.0},{"not_picked":["champ:Lariat","champ:Haymaker+1","champ:FocusedBerserking"],"picked":"SKIP","floor":27.0},{"not_picked":["champ:ShieldSigil","champ:DefensiveShout+1"],"picked":"champ:FalseCounter","floor":31.0},{"not_picked":["champ:PerfectedStrike","champ:ViciousMockery"],"picked":"champ:HeartStrike+1","floor":32.0},{"not_picked":["champ:EnchantShield","champ:Improvising"],"picked":"champ:TripleStrike","floor":33.0},{"not_picked":["champ:FlashCut","champ:CrownThrow"],"picked":"champ:SkillfulDodge+1","floor":36.0},{"not_picked":["champ:PerfectedStrike+1","champ:EnGarde"],"picked":"champ:FaceSlap+1","floor":38.0},{"not_picked":["champ:FlashCut+1","champ:FocusedDefense"],"picked":"champ:Encircle+1","floor":39.0},{"not_picked":["expansioncontent:HyperBeam","expansioncontent:Hexaburn"],"picked":"expansioncontent:PolyBeam","floor":40.0},{"not_picked":["expansioncontent:HyperBeam","expansioncontent:PolyBeam"],"picked":"expansioncontent:YouAreMine","floor":40.0},{"not_picked":["champ:Backstep","champ:GutPunch"],"picked":"champ:SkillfulDodge+1","floor":42.0},{"not_picked":["champ:DefensiveStyle+1","champ:ShieldSigil"],"picked":"champ:GutPunch+1","floor":43.0},{"not_picked":["champ:FanOfKnives","champ:TornadoPunch","champ:FocusedBerserking+1"],"picked":"SKIP","floor":44.0},{"not_picked":["champ:Devastate+1","champ:ViciousMockery+1"],"picked":"champ:Encircle+1","floor":45.0},{"not_picked":["champ:Haymaker+1","champ:HeartStrike+1","champ:Backstep"],"picked":"SKIP","floor":48},{"not_picked":["champ:TornadoPunch+1","champ:ShieldSigil","champ:Backstep"],"picked":"SKIP","floor":49}],"player_experience":504745,"relics_obtained":[{"floor":7.0,"key":"Pear"},{"floor":10.0,"key":"Art of War"},{"floor":14.0,"key":"Blood Vial"},{"floor":23.0,"key":"Strawberry"},{"floor":24.0,"key":"hexamod:CandleOfCauterizing"},{"floor":25.0,"key":"White Beast Statue"},{"floor":37.0,"key":"TungstenRod"},{"floor":38.0,"key":"Shovel"},{"floor":41.0,"key":"War Paint"},{"floor":45.0,"key":"Molten Egg 2"},{"floor":46.0,"key":"Pantograph"}],"event_choices":[{"damage_healed":0.0,"max_hp_gain":0.0,"max_hp_loss":0.0,"gold_gain":0.0,"event_name":"Scrap Ooze","player_choice":"Success","floor":9.0,"gold_loss":0.0,"damage_taken":7.0,"relics_obtained":["Torii"]},{"damage_healed":0.0,"max_hp_gain":0.0,"max_hp_loss":0.0,"gold_gain":0.0,"event_name":"Living Wall","player_choice":"Grow","floor":12.0,"gold_loss":0.0,"damage_taken":0.0,"cards_upgraded":["champ:StanceDance"]},{"damage_healed":0.0,"max_hp_gain":0.0,"max_hp_loss":50.0,"gold_gain":0.0,"event_name":"Ghosts","player_choice":"Became a Ghost","floor":21.0,"gold_loss":0.0,"damage_taken":0.0,"cards_obtained":["Ghostly","Ghostly","Ghostly","Ghostly","Ghostly"]},{"damage_healed":0.0,"max_hp_gain":0.0,"max_hp_loss":0.0,"gold_gain":0.0,"event_name":"Drug Dealer","player_choice":"Obtain J.A.X.","floor":26.0,"gold_loss":0.0,"damage_taken":0.0,"cards_obtained":["J.A.X."]},{"damage_healed":0.0,"max_hp_gain":0.0,"max_hp_loss":0.0,"gold_gain":0.0,"event_name":"Addict","player_choice":"Stole Relic","floor":28.0,"gold_loss":0.0,"damage_taken":0.0,"relics_obtained":["Shuriken"],"cards_obtained":["Pride"]},{"damage_healed":0.0,"max_hp_gain":0.0,"max_hp_loss":0.0,"gold_gain":0.0,"event_name":"Mysterious Sphere","player_choice":"Fight","floor":38.0,"gold_loss":0.0,"damage_taken":0.0}],"is_beta":false,"boss_relics":[{"not_picked":["SlaversCollar","SacredBark"],"picked":"Philosopher\u0027s Stone"},{"not_picked":["Pandora\u0027s Box","Tiny House"],"picked":"sneckomod:SneckoTalon"}],"items_purged_floors":[8,27],"is_endless":false,"potions_floor_spawned":[11,15,16,23,27,31,32,33,36,37,38,39,42,43,44,45,48,49],"ascension_level":2}}