{"host":"b7j598ve05halrwk","time":1611464682,"event":{"mods":["2.2 Compatiblity","BaseMod","Block Reminder","DeckTracker","Minty Spire (QoL Compilation)","Relic Stats","Slay the Relics Exporter","StSLib","ojb\u0027s Better Paths Mod","ojb\u0027s Info Mod"],"gold_per_floor":[114,114,389,21,44,77,77,111,111,134,169,2,2,21,21,112,112,126,26,41,41,41,41,60,84,110,110,131,131,131,131],"floor_reached":30,"language":"ENG","playtime":1223,"items_purged":["Regret","Decay"],"score":496,"play_id":"1e2ea216-f5cc-4db7-86fa-92c2a516c060","local_time":"20210124000442","is_ascension_mode":true,"campfire_choices":[{"floor":7,"key":"REST"},{"data":"Biased Cognition","floor":13,"key":"SMITH"},{"data":"Defragment","floor":15,"key":"SMITH"},{"floor":23,"key":"REST"},{"data":"Coolheaded","floor":27,"key":"SMITH"},{"floor":29,"key":"REST"}],"circlet_count":0,"master_deck":["AscendersBane","Strike_B","Strike_B","Strike_B","Strike_B","Defend_B","Defend_B","Defend_B","Defend_B","Zap","Dualcast","Biased Cognition+1","Conserve Battery","Defragment+1","Amplify","Doom and Gloom","Auto Shields","Core Surge","Streamline+1","Ball Lightning+1","Stack","Echo Form","Turbo","Coolheaded+1","Doom and Gloom+1","Coolheaded+1","Aggregate"],"relics":["Cracked Core","Golden Idol","Juzu Bracelet","Blood Vial","Molten Egg 2","StrikeDummy","Lee\u0027s Waffle","Sozu","Vajra"],"acts_visited":["Exordium","TheCity"],"potions_floor_usage":[8,30,30],"damage_taken":[{"damage":9,"enemies":"Jaw Worm","floor":1,"turns":4},{"damage":3,"enemies":"2 Louse","floor":5,"turns":3},{"damage":28,"enemies":"Lagavulin","floor":6,"turns":5},{"damage":11,"enemies":"3 Sentries","floor":8,"turns":5},{"damage":0,"enemies":"Cultist","floor":10,"turns":3},{"damage":32,"enemies":"Lagavulin","floor":11,"turns":7},{"damage":0,"enemies":"Large Slime","floor":14,"turns":4},{"damage":13,"enemies":"The Guardian","floor":16,"turns":8},{"damage":17,"enemies":"Spheric Guardian","floor":18,"turns":5},{"damage":43,"enemies":"Shell Parasite","floor":20,"turns":5},{"damage":13,"enemies":"Cultist and Chosen","floor":24,"turns":5},{"damage":19,"enemies":"Snake Plant","floor":25,"turns":4},{"damage":7,"enemies":"3 Cultists","floor":28,"turns":4},{"damage":39,"enemies":"Masked Bandits","floor":30,"turns":3}],"seed_played":"-5454772066299548005","potions_obtained":[{"floor":6,"key":"Dexterity Potion"},{"floor":8,"key":"BlessingOfTheForge"},{"floor":14,"key":"EntropicBrew"}],"is_trial":false,"path_per_floor":["M","?","?","$","M","E","R","E","T","M","E","$","R","M","R","B",null,"M","$","M","?","?","R","M","M","T","R","M","R","?"],"character_chosen":"DEFECT","items_purchased":["Defragment","Amplify","Block Potion","Lee\u0027s Waffle"],"campfire_rested":3,"item_purchase_floors":[4,4,4,12],"current_hp_per_floor":[55,55,55,55,52,24,43,32,32,34,4,71,71,71,71,58,68,53,53,12,12,26,47,36,19,19,19,14,35,0,0],"gold":131,"neow_bonus":"THREE_RARE_CARDS","is_daily":false,"chose_seed":false,"campfire_upgraded":3,"win_rate":0.0,"timestamp":1611464682,"path_taken":["M","?","?","$","M","E","R","E","T","M","E","$","R","M","R","BOSS","M","$","M","?","?","R","M","M","T","R","M","R","?"],"items_purchased_type":["Card","Card","Potion","Relic"],"build_version":"2020-12-22","purchased_purges":2,"victory":false,"max_hp_per_floor":[71,64,64,64,64,64,64,64,64,64,64,71,71,71,71,71,71,71,71,71,71,71,71,71,71,71,71,71,71,71,71],"relic_stats":{"Blood Vial":16,"Sozu":4,"Lee\u0027s Waffle":67,"counters":[14,65],"Golden Idol":79,"Juzu Bracelet":1,"obtain_stats":[{"Blood Vial":8,"Sozu":17,"Lee\u0027s Waffle":12,"Golden Idol":2,"Vajra":26,"Molten Egg 2":9,"Juzu Bracelet":6,"Cracked Core":0,"StrikeDummy":11},{"Blood Vial":4,"Sozu":8,"Lee\u0027s Waffle":6,"Golden Idol":1,"Vajra":12,"Molten Egg 2":4,"Juzu Bracelet":3,"Cracked Core":0,"StrikeDummy":6},{"Blood Vial":17,"Sozu":39,"Lee\u0027s Waffle":27,"Golden Idol":4,"Vajra":58,"Molten Egg 2":17,"Juzu Bracelet":12,"Cracked Core":0,"StrikeDummy":27}]},"card_choices":[{"not_picked":["Reboot","Machine Learning"],"picked":"Biased Cognition","floor":0.0},{"not_picked":["Steam Power","Storm"],"picked":"Conserve Battery","floor":1},{"not_picked":["Stack","Reprogram"],"picked":"Doom and Gloom","floor":5},{"not_picked":["Blizzard","Gash"],"picked":"Auto Shields","floor":6},{"not_picked":["Ball Lightning","Reboot"],"picked":"Core Surge","floor":8},{"not_picked":["Hologram","Coolheaded"],"picked":"Streamline+1","floor":10},{"not_picked":["Reprogram","Streamline+1"],"picked":"Ball Lightning+1","floor":11},{"not_picked":["Compile Driver+1","Steam"],"picked":"Stack","floor":14},{"not_picked":["Meteor Strike+1","Hyperbeam+1"],"picked":"Echo Form","floor":16},{"not_picked":["Streamline+1","Skim"],"picked":"Turbo","floor":18},{"not_picked":["Gash+1","Genetic Algorithm"],"picked":"Coolheaded+1","floor":20},{"not_picked":["Consume","Lockon+1"],"picked":"Doom and Gloom+1","floor":24},{"not_picked":["Conserve Battery","Gash+1"],"picked":"Coolheaded","floor":25},{"not_picked":["Consume","Beam Cell+1"],"picked":"Aggregate","floor":28}],"player_experience":1037168,"relics_obtained":[{"floor":6,"key":"Juzu Bracelet"},{"floor":8,"key":"Blood Vial"},{"floor":9,"key":"Molten Egg 2"},{"floor":11,"key":"StrikeDummy"},{"floor":26,"key":"Vajra"}],"event_choices":[{"damage_healed":0,"gold_gain":0,"player_choice":"Lose Max HP","damage_taken":0,"relics_obtained":["Golden Idol"],"max_hp_gain":0,"max_hp_loss":7,"event_name":"Golden Idol","floor":2,"gold_loss":0},{"damage_healed":0,"gold_gain":275,"player_choice":"Desecrate","damage_taken":0,"max_hp_gain":0,"max_hp_loss":0,"event_name":"Golden Shrine","floor":3,"gold_loss":0,"cards_obtained":["Regret"]},{"damage_healed":0,"gold_gain":0,"player_choice":"Ignored","damage_taken":0,"max_hp_gain":0,"max_hp_loss":0,"event_name":"The Mausoleum","floor":21,"gold_loss":0},{"damage_healed":14,"gold_gain":0,"player_choice":"Heal","damage_taken":0,"max_hp_gain":0,"max_hp_loss":0,"event_name":"The Library","floor":22,"gold_loss":0},{"damage_healed":0,"gold_gain":0,"player_choice":"Fought Bandits","damage_taken":0,"max_hp_gain":0,"max_hp_loss":0,"event_name":"Masked Bandits","floor":30,"gold_loss":0}],"is_beta":false,"boss_relics":[{"not_picked":["FrozenCore","Ectoplasm"],"picked":"Sozu"}],"items_purged_floors":[4,19],"is_endless":false,"potions_floor_spawned":[6,8,14,20,25],"killed_by":"Masked Bandits","ascension_level":20}}