{"host":"d61fcf2p3sjwe6yo","time":1611505607,"event":{"mods":["AchievementEnabler","BaseMod","Colored Map","Downfall","Minty Spire (QoL Compilation)","StSLib","SuperFastMode"],"gold_per_floor":[0,0,14,14,14,28,28,42,42,73,73,92,92,111,121,121,121,121],"floor_reached":16,"language":"ENG","playtime":645,"items_purged":[],"score":188,"play_id":"990a2080-39db-4e73-aeb1-20f4aef5f2be","local_time":"20210124192647","is_ascension_mode":true,"campfire_choices":[{"floor":1,"key":"RECALL"}],"circlet_count":0,"master_deck":["AscendersBane","sneckomod:Strike","sneckomod:Strike","sneckomod:Strike","sneckomod:Defend","sneckomod:Defend","sneckomod:Defend","sneckomod:TailWhip","sneckomod:SnekBite","sneckomod:Unknown","sneckomod:UnknownWeak","champ:Duel","champ:Haymaker","True Grit","champ:FlashCut","sneckomod:UnknownCommonSkill","sneckomod:MorePower"],"relics":["sneckomod:SneckoSoul","Happy Flower"],"acts_visited":["Exordium"],"potions_floor_usage":[],"damage_taken":[{"damage":3,"enemies":"downfall:FleeingMerchant","floor":2,"turns":5},{"damage":11,"enemies":"Cultist","floor":3,"turns":4},{"damage":7,"enemies":"Jaw Worm","floor":6,"turns":3},{"damage":0,"enemies":"Small Slimes","floor":8,"turns":2},{"damage":46,"enemies":"Lagavulin","floor":10,"turns":7},{"damage":6,"enemies":"Exordium Thugs","floor":12,"turns":4},{"damage":10,"enemies":"Gremlin Gang","floor":14,"turns":5},{"damage":4,"enemies":"Red Slaver","floor":15,"turns":2},{"damage":44,"enemies":"SI_SHIV_ARCHETYPE","floor":16,"turns":10}],"seed_played":"-7179776054611174998","potions_obtained":[{"floor":3,"key":"Fire Potion"},{"floor":12,"key":"SteroidPotion"}],"is_trial":false,"path_per_floor":["R","$","M","?","?","M","T","M","R","E","R","M","R","M","M","B"],"character_chosen":"THE_SNECKO","items_purchased":[],"campfire_rested":0,"item_purchase_floors":[],"current_hp_per_floor":[99,96,85,85,85,78,78,78,78,62,62,56,56,46,42,0,0,0],"gold":121,"neow_bonus":"TWENTY_PERCENT_HP_BONUS","is_daily":false,"chose_seed":false,"campfire_upgraded":0,"win_rate":0.0,"timestamp":1611505607,"path_taken":["R","?","?","?","?","?","T","M","R","E","R","M","R","M","M","BOSS"],"items_purchased_type":[],"build_version":"2020-12-22","purchased_purges":0,"victory":false,"max_hp_per_floor":[108,108,108,108,108,108,108,108,108,108,108,108,108,108,108,108,108,108],"card_choices":[{"not_picked":["sneckomod:PureSnecko","sneckomod:SoulRoll"],"picked":"sneckomod:UnknownWeak","floor":2},{"not_picked":["sneckomod:DiceBlock","sneckomod:IronFang","sneckomod:DiceCrush"],"picked":"SKIP","floor":3},{"not_picked":["sneckomod:SoulRoll","sneckomod:UnknownExhaust"],"picked":"sneckomod:UnknownVulnerable","floor":6},{"not_picked":["sneckomod:SoulRoll","sneckomod:QuickBite"],"picked":"sneckomod:UnknownExhaust","floor":8},{"not_picked":["sneckomod:SnekBeam","sneckomod:Nope","sneckomod:IronFang"],"picked":"SKIP","floor":10},{"not_picked":["sneckomod:RainOfDice","sneckomod:DiceBlock"],"picked":"sneckomod:Memorize","floor":12},{"not_picked":["sneckomod:QuickBite","sneckomod:SoulDraw"],"picked":"sneckomod:UnknownCommonSkill","floor":14},{"not_picked":["sneckomod:SlitherStrike","sneckomod:UnknownDraw"],"picked":"sneckomod:MorePower","floor":15}],"player_experience":692548,"relics_obtained":[{"floor":10,"key":"Happy Flower"}],"event_choices":[],"is_beta":false,"boss_relics":[],"items_purged_floors":[],"is_endless":false,"potions_floor_spawned":[3,12],"killed_by":"SI_SHIV_ARCHETYPE","ascension_level":12}}