{"host":"ju66gn9zov5ov15o","time":1611490197,"event":{"mods":["2.2 Compatiblity","Act Like it!","Arknights The Spire","Aspiration","BaseMod","Conspire","Downfall","GifTheSpireLib","Hubris","Lobotomy","LobotomyExtend","Marisa????????","Minty Spire (QoL Compilation)","Pale of the Ancients","Rare Cards Sparkle","Relic Stats","StSLib","The Alterego","The Animator"],"gold_per_floor":[110,35,35,35,46,46,46,71,71,71,90,90,107,122,122,122,122],"floor_reached":16,"language":"ENG","playtime":917,"items_purged":[],"score":100,"play_id":"cfdc4c45-4bfe-4810-a843-d81043ebb62c","local_time":"20210124130957","is_ascension_mode":false,"campfire_choices":[{"data":"alterego_mod:Cushion","floor":6,"key":"SMITH"},{"data":"alterego_mod:Exercise","floor":12,"key":"SMITH"},{"data":"alterego_mod:BigMeatyClaws","floor":15,"key":"SMITH"}],"circlet_count":0,"master_deck":["alterego_mod:Strike","alterego_mod:Strike","alterego_mod:Strike","alterego_mod:Strike","alterego_mod:Defend","alterego_mod:Defend","alterego_mod:Defend","alterego_mod:Defend","alterego_mod:Impale","alterego_mod:BigMeatyClaws+1","alterego_mod:BrynhildrsRune","Sadistic Nature","alterego_mod:Exercise+1","alterego_mod:Cushion+1","Injury","alterego_mod:ChallengeComplete+1","alterego_mod:HighServant","alterego_mod:GachaTicket+1","alterego_mod:DeftHands","alterego_mod:Undulate"],"relics":["alterego_mod:MasochisticConstitution","Frozen Egg 2","The Courier","Gremlin Horn","hubris:DeckOfHolding"],"acts_visited":["Exordium"],"potions_floor_usage":[16],"damage_taken":[{"damage":22,"enemies":"Jaw Worm","floor":1,"turns":9},{"damage":12,"enemies":"2 Louse","floor":5,"turns":5},{"damage":13,"enemies":"Lagavulin","floor":8,"turns":10},{"damage":13,"enemies":"Cultist","floor":11,"turns":8},{"damage":12,"enemies":"Lots of Slimes","floor":13,"turns":8},{"damage":7,"enemies":"2 Fungi Beasts","floor":14,"turns":5},{"damage":42,"enemies":"Slime Boss","floor":16,"turns":7}],"seed_played":"-6698404983924035512","potions_obtained":[{"floor":8,"key":"Weak Potion"},{"floor":14,"key":"Block Potion"}],"is_trial":false,"path_per_floor":["M","$","?","?","M","R","?","E","T","?","M","R","M","M","R","B"],"character_chosen":"The_Alterego","items_purchased":["alterego_mod:Cushion"],"campfire_rested":0,"item_purchase_floors":[2],"current_hp_per_floor":[56,56,56,56,45,45,45,33,33,33,21,21,38,39,39,0,0],"gold":122,"neow_bonus":"RANDOM_COLORLESS_2","is_daily":false,"chose_seed":false,"campfire_upgraded":3,"win_rate":0.0,"timestamp":1611490197,"path_taken":["M","$","?","?","M","R","?","E","T","?","M","R","?","M","R","BOSS"],"items_purchased_type":["Card"],"build_version":"2020-12-22","purchased_purges":0,"victory":false,"max_hp_per_floor":[71,71,71,71,72,72,72,73,73,73,74,74,75,76,76,76,76],"relic_stats":{"Gremlin Horn":[5,5],"counters":[7,52],"obtain_stats":[{"alterego_mod:MasochisticConstitution":0,"Gremlin Horn":9,"hubris:DeckOfHolding":10,"The Courier":8,"Frozen Egg 2":3},{"alterego_mod:MasochisticConstitution":0,"Gremlin Horn":3,"hubris:DeckOfHolding":3,"The Courier":3,"Frozen Egg 2":1},{"alterego_mod:MasochisticConstitution":0,"Gremlin Horn":24,"hubris:DeckOfHolding":24,"The Courier":24,"Frozen Egg 2":9}]},"card_choices":[{"not_picked":["Secret Weapon","Master of Strategy"],"picked":"Sadistic Nature","floor":0},{"not_picked":["alterego_mod:MagicResistance","alterego_mod:BoobPocket"],"picked":"alterego_mod:Exercise","floor":1},{"not_picked":["alterego_mod:Clap","alterego_mod:Cushion"],"picked":"alterego_mod:ChallengeComplete+1","floor":5},{"not_picked":["alterego_mod:Santa","alterego_mod:SakuraFive"],"picked":"alterego_mod:HighServant","floor":8},{"not_picked":["alterego_mod:Pet","alterego_mod:Stockings"],"picked":"alterego_mod:GachaTicket+1","floor":11},{"not_picked":["alterego_mod:Cooking","alterego_mod:Collar"],"picked":"alterego_mod:DeftHands","floor":13},{"not_picked":["alterego_mod:Cooking","alterego_mod:Mirror"],"picked":"alterego_mod:Undulate","floor":14}],"player_experience":462504,"relics_obtained":[{"floor":8,"key":"The Courier"},{"floor":9,"key":"Gremlin Horn"}],"event_choices":[{"damage_healed":0,"gold_gain":0,"player_choice":"Leave","damage_taken":0,"max_hp_gain":0,"max_hp_loss":0,"event_name":"conspire:Investor","floor":4,"gold_loss":0},{"cards_removed":["Writhe"],"damage_healed":0,"gold_gain":0,"player_choice":"Forget","damage_taken":0,"max_hp_gain":0,"max_hp_loss":0,"event_name":"Living Wall","floor":7,"gold_loss":0},{"damage_healed":0,"gold_gain":0,"player_choice":"Gave Potion","damage_taken":0,"relics_obtained":["hubris:DeckOfHolding"],"max_hp_gain":0,"max_hp_loss":0,"event_name":"WeMeetAgain","floor":10,"gold_loss":0}],"is_beta":false,"boss_relics":[],"items_purged_floors":[],"is_endless":false,"potions_floor_spawned":[8,14],"killed_by":"Slime Boss","ascension_level":0}}