{"host":"h1qktzcccqnez8tx","time":1611459821,"event":{"mods":["BaseMod","Block Reminder","Colored Map","Colored Powertips","Curses Come First","Highlight Path","Infinite Spire","Minty Spire (QoL Compilation)","Permanent Neow","Quick Restart","Replay The Spire","StSLib","The Jungle"],"gold_per_floor":[114,114,114,129,144,174,189,204,279,294,69,99,24,39,39,139,139,154,169,184,199,214,244,259,274,274,274,74,74,74,89,89,189,189,216,216,216,216,216,254,296,352,352,7,7,7,37,54,88,129,138,146,146],"floor_reached":52,"language":"ENG","playtime":4112,"items_purged":["Backflip","Voices","Cloak And Dagger","Well Laid Plans"],"score":1003,"play_id":"6d745f70-c5cf-4c79-86fa-1c70f655873d","local_time":"20210124044341","daily_mods":["Draft","Colorless Cards","Terminal"],"is_ascension_mode":false,"campfire_choices":[{"data":"Tactician","floor":15,"key":"SMITH"},{"data":"Underhanded Strike","floor":27,"key":"SMITH"},{"data":"Underhanded Strike","floor":29,"key":"SMITH"},{"data":"Backstab","floor":32,"key":"SMITH"},{"floor":43,"key":"REST"},{"floor":51,"key":"REST"}],"circlet_count":0,"master_deck":["Dagger Throw","Dagger Throw","Blind+1","Dagger Throw","Cloak And Dagger","Sucker Punch","Prepared","Underhanded Strike+1","ReplayTheSpireMod:Private Reserves+1","Backstab+1","Flying Knee","Dodge and Roll","Prepared","Acrobatics","Underhanded Strike+1","Leg Sweep","Leg Sweep","PiercingWail","Tactician+1","Tactician","Acrobatics","Dagger Throw","Flying Knee","Bullet Time+1","ReplayTheSpireMod:Scrap Shanks","Dark Shackles+1","Cloak And Dagger+1","Blade Dance","Finisher","Prepared+1","Dark Shackles+1","Accuracy","Trip+1","Dagger Spray+1","Leg Sweep+1","Acrobatics+1","Accuracy","Blur+1","Underhanded Strike+1","Acrobatics+1","Outmaneuver+1","Blade Dance+1"],"relics":["Ring of the Snake","Divine Protection","Matryoshka","ReplayTheSpireMod:CursedCoin","Prayer Wheel","ReplayTheSpireMod:TigerMarble","HoveringKite","Omamori","Smiling Mask","infinitespire:Midas Blood","Guide Book","Toxic Egg 2","Sozu","infinitespire:EvilPickle","Strawberry","Replay:Kaleidoscope","Regal Pillow","Medical Kit","Dream Catcher","White Beast Statue","Ancient Tea Set","CeramicFish"],"acts_visited":["Exordium","TheCity","TheBeyond"],"potions_floor_usage":[42,52],"damage_taken":[{"damage":0,"enemies":"Small Slimes","floor":1,"turns":1},{"damage":0,"enemies":"2 Louse","floor":4,"turns":2},{"damage":0,"enemies":"Jaw Worm","floor":5,"turns":2},{"damage":2,"enemies":"Lagavulin","floor":6,"turns":5},{"damage":0,"enemies":"Lots of Slimes","floor":7,"turns":2},{"damage":0,"enemies":"Gremlin Gang","floor":8,"turns":3},{"damage":0,"enemies":"2 Fungi Beasts","floor":10,"turns":3},{"damage":0,"enemies":"3 Sentries","floor":12,"turns":7},{"damage":0,"enemies":"Blue Slaver","floor":14,"turns":1},{"damage":4,"enemies":"Fading Forest","floor":16,"turns":11},{"damage":0,"enemies":"2 Thieves","floor":18,"turns":4},{"damage":0,"enemies":"3 Byrds","floor":19,"turns":5},{"damage":0,"enemies":"Cultist and Chosen","floor":20,"turns":7},{"damage":0,"enemies":"Centurion and Healer","floor":21,"turns":8},{"damage":0,"enemies":"Snake Plant","floor":22,"turns":5},{"damage":5,"enemies":"Nightmare","floor":23,"turns":7},{"damage":0,"enemies":"3 Cultists","floor":24,"turns":3},{"damage":0,"enemies":"Snecko","floor":25,"turns":5},{"damage":0,"enemies":"Shelled Parasite and Fungi","floor":31,"turns":4},{"damage":0,"enemies":"Pondfish","floor":33,"turns":8},{"damage":0,"enemies":"Orb Walker","floor":35,"turns":2},{"damage":0,"enemies":"2 Orb Walkers","floor":40,"turns":4},{"damage":23,"enemies":"3 Shapes","floor":41,"turns":6},{"damage":20,"enemies":"Nemesis","floor":42,"turns":9},{"damage":0,"enemies":"Giant Head","floor":47,"turns":4},{"damage":0,"enemies":"Jaw Worm Horde","floor":48,"turns":4},{"damage":0,"enemies":"Reptomancer","floor":49,"turns":5},{"damage":3,"enemies":"Writhing Mass","floor":50,"turns":7},{"damage":30,"enemies":"infinitespire:MassOfShapes","floor":52,"turns":4}],"seed_played":"-992185634128019100","potions_obtained":[{"floor":4,"key":"DistilledChaos"},{"floor":5,"key":"Poison Potion"},{"floor":6,"key":"Fire Potion"},{"floor":12,"key":"PowerPotion"}],"is_trial":false,"path_per_floor":["M","?","?","M","M","E","M","M","T","M","$","E","$","M","R","B",null,"M","M","M","M","M","NM","M","M","T","R","$","R","?","M","R","B",null,"M","AVR","?","PTL","PTL","?","M","E","R","$","T","?","E","M","E","M","R","B"],"character_chosen":"THE_SILENT","items_purchased":["ReplayTheSpireMod:CursedCoin","Prayer Wheel","Well Laid Plans","Guide Book","Accuracy","Blur+1","Medical Kit"],"campfire_rested":2,"item_purchase_floors":[11,11,11,28,44,44,44],"current_hp_per_floor":[68,72,71,70,69,67,67,66,65,64,63,62,61,60,59,56,57,56,55,54,53,52,47,47,47,47,47,46,45,44,43,42,41,40,39,45,44,43,42,41,18,2,28,28,28,28,28,28,28,25,30,0,0],"gold":146,"neow_bonus":"","is_daily":true,"chose_seed":false,"campfire_upgraded":4,"win_rate":0.0,"timestamp":1611459821,"path_taken":["M","?","?","M","M","E","M","M","T","M","?","E","$","M","R","BOSS","M","?","M","M","M","NM","M","?","T","R","$","R","?","M","R","BOSS","M","AVR","?","PTL","PTL","?","M","E","R","$","T","?","E","M","E","M","R","BOSS"],"items_purchased_type":["Relic","Relic","Card","Relic","Card","Card","Relic"],"build_version":"2020-12-22","purchased_purges":4,"victory":false,"max_hp_per_floor":[68,72,71,70,69,68,67,66,65,64,63,62,61,60,59,58,57,56,55,54,53,52,51,50,49,48,47,46,45,44,43,42,41,40,39,45,44,43,42,41,40,39,38,37,36,35,34,33,32,31,30,30,30],"card_choices":[{"not_picked":["Skewer","Hidden Blade"],"picked":"Dagger Throw","floor":0},{"not_picked":["Deflect","Deadly Poison"],"picked":"Dagger Throw","floor":0},{"not_picked":["Riddle With Holes","Deadly Poison"],"picked":"Blind","floor":0},{"not_picked":["Backflip","Jack Of All Trades"],"picked":"Dagger Throw","floor":0},{"not_picked":["Concentrate","Dodge and Roll"],"picked":"Cloak And Dagger","floor":0},{"not_picked":["Quick Slash","ReplayTheSpireMod:Exploit Weakness"],"picked":"Cloak And Dagger","floor":0},{"not_picked":["Acrobatics","Slice"],"picked":"Sucker Punch","floor":0},{"not_picked":["Slice","ReplayTheSpireMod:Scrap Shanks"],"picked":"Prepared","floor":0},{"not_picked":["Reflex","Hidden Blade"],"picked":"Underhanded Strike","floor":0},{"not_picked":["Deadly Poison","Masterful Stab"],"picked":"ReplayTheSpireMod:Private Reserves","floor":0},{"not_picked":["Choke","Dagger Spray"],"picked":"Backstab","floor":0},{"not_picked":["Poisoned Stab","Deadly Poison"],"picked":"Flying Knee","floor":0},{"not_picked":["Deadly Poison","Poisoned Stab"],"picked":"Backflip","floor":0},{"not_picked":["ReplayTheSpireMod:Speed Training","All Out Attack"],"picked":"Dodge and Roll","floor":0},{"not_picked":["Outmaneuver","Choke"],"picked":"Prepared","floor":0},{"not_picked":["Deflect","Sucker Punch"],"picked":"Acrobatics","floor":1},{"not_picked":["Backflip","Poisoned Stab","Sneak Up"],"picked":"SKIP","floor":4},{"not_picked":["Dash","Dagger Throw","Panacea"],"picked":"SKIP","floor":5},{"not_picked":["Acrobatics","Survey Options"],"picked":"Underhanded Strike","floor":6},{"not_picked":["Footwork","Outmaneuver"],"picked":"Leg Sweep","floor":7},{"not_picked":["ReplayTheSpireMod:From All Sides","Dagger Throw"],"picked":"Leg Sweep","floor":8},{"not_picked":["Impatience","Poisoned Stab","Outmaneuver"],"picked":"SKIP","floor":10},{"not_picked":["Bandage Up","Backflip"],"picked":"PiercingWail","floor":12},{"not_picked":["Blade Dance","Forethought"],"picked":"Tactician","floor":14},{"not_picked":["Poisoned Stab","ReplayTheSpireMod:Speed Training","Replay:Parry"],"picked":"SKIP","floor":14},{"not_picked":["Fluid Movement","Blade Dance"],"picked":"Tactician","floor":18},{"not_picked":["Impatience","Leg Sweep"],"picked":"Acrobatics","floor":18},{"not_picked":["Deadly Poison+1","Sucker Punch"],"picked":"Dagger Throw","floor":19},{"not_picked":["Acrobatics","Poisoned Stab","Dark Shackles"],"picked":"SKIP","floor":19},{"not_picked":["Outmaneuver","Poisoned Stab"],"picked":"Flying Knee","floor":20},{"not_picked":["Dodge and Roll","All Out Attack"],"picked":"Bullet Time","floor":20},{"not_picked":["Expertise","Blade Dance","Replay:Sssssssssstrike"],"picked":"SKIP","floor":21},{"not_picked":["Hidden Blade","Riddle With Holes","Tactician"],"picked":"SKIP","floor":21},{"not_picked":["Dash+1","Cloak And Dagger"],"picked":"ReplayTheSpireMod:Scrap Shanks","floor":22},{"not_picked":["Riddle With Holes+1","Dagger Spray"],"picked":"Dark Shackles+1","floor":22},{"not_picked":["Well Laid Plans+1","Hidden Blade+1","Storm of Steel"],"picked":"SKIP","floor":23},{"not_picked":["Well Laid Plans+1","Hidden Blade+1","Storm of Steel"],"picked":"SKIP","floor":23},{"not_picked":["Dagger Spray","Crippling Poison"],"picked":"Cloak And Dagger+1","floor":24},{"not_picked":["Cloak And Dagger","Distraction"],"picked":"Blade Dance","floor":24},{"not_picked":["Good Instincts","Cloak And Dagger+1"],"picked":"Finisher","floor":25},{"not_picked":["Sucker Punch","Deadly Poison"],"picked":"Prepared+1","floor":25},{"not_picked":["Flechettes","Bullet Time+1"],"picked":"Dark Shackles+1","floor":31},{"not_picked":["Backflip+1","Poisoned Stab","Madness+1"],"picked":"SKIP","floor":31},{"not_picked":["Backstab+1","Prepared+1"],"picked":"Accuracy","floor":35},{"not_picked":["Madness+1","Replay:Parry","ReplayTheSpireMod:Tripwire+1"],"picked":"SKIP","floor":35},{"not_picked":["ReplayUltimateDefense","Dark Shackles+1"],"picked":"Trip+1","floor":37},{"not_picked":["Toxin Wave+1","Dagger Throw"],"picked":"Dagger Spray+1","floor":40},{"not_picked":["Outmaneuver+1","Dark Shackles+1"],"picked":"Leg Sweep+1","floor":41},{"not_picked":["Sucker Punch+1","Poisoned Stab","Prepared+1"],"picked":"SKIP","floor":41},{"not_picked":["Glass Knife","Backflip+1"],"picked":"Acrobatics+1","floor":42},{"not_picked":["Backflip+1","After Image"],"picked":"Underhanded Strike+1","floor":47},{"not_picked":["Noxious Fumes","Blind+1","Replay:Parry"],"picked":"SKIP","floor":48},{"not_picked":["Specialist+1","Deflect+1","ReplayTheSpireMod:Brewmster"],"picked":"SKIP","floor":48},{"not_picked":["Slice","Replay:Parry","PiercingWail+1"],"picked":"SKIP","floor":49},{"not_picked":["Backflip+1","Hidden Blade+1"],"picked":"Acrobatics+1","floor":50},{"not_picked":["Prepared+1","Sucker Punch"],"picked":"Outmaneuver+1","floor":50},{"not_picked":["Deadly Poison+1","Panacea+1"],"picked":"Blade Dance+1","floor":51}],"player_experience":119506,"relics_obtained":[{"floor":6,"key":"Divine Protection"},{"floor":9,"key":"Matryoshka"},{"floor":12,"key":"ReplayTheSpireMod:TigerMarble"},{"floor":23,"key":"Omamori"},{"floor":26,"key":"Smiling Mask"},{"floor":26,"key":"infinitespire:Midas Blood"},{"floor":40,"key":"Replay:Kaleidoscope"},{"floor":42,"key":"Regal Pillow"},{"floor":45,"key":"Dream Catcher"},{"floor":45,"key":"White Beast Statue"},{"floor":47,"key":"Ancient Tea Set"},{"floor":49,"key":"CeramicFish"}],"event_choices":[{"damage_healed":0,"gold_gain":0,"player_choice":"Donut","damage_taken":0,"max_hp_gain":5,"max_hp_loss":0,"event_name":"Big Fish","floor":2,"gold_loss":0},{"damage_healed":0,"gold_gain":0,"player_choice":"Grow","damage_taken":0,"max_hp_gain":0,"max_hp_loss":0,"event_name":"Living Wall","floor":3,"gold_loss":0,"cards_upgraded":["Blind"]},{"damage_healed":0,"gold_gain":0,"player_choice":"Memory 1","damage_taken":0,"max_hp_gain":0,"max_hp_loss":0,"event_name":"SensoryStone","floor":37,"gold_loss":0},{"damage_healed":0,"gold_gain":0,"player_choice":"Fight","damage_taken":0,"max_hp_gain":0,"max_hp_loss":0,"event_name":"Mysterious Sphere","floor":40,"gold_loss":0}],"is_beta":false,"boss_relics":[{"not_picked":["Ectoplasm","infinitespire:Cupcake"],"picked":"HoveringKite"},{"not_picked":["Replay:Wanted Poster","SacredBark"],"picked":"Sozu"}],"items_purged_floors":[13,28,36,44],"is_endless":true,"potions_floor_spawned":[4,5,6,12,19,23,31,33,42,47,48,49,50],"killed_by":"infinitespire:MassOfShapes","ascension_level":0}}