{"host":"684z1xpuwaoqmmh1","time":1611489888,"event":{"mods":["BaseMod","Downfall","Hermit","Jorbs\u0027s Wanderer Trilogy","Marisa????????","Minty Spire (QoL Compilation)","Robot Space Explorer","Shade Mod","StSLib","The Bug Knight","The Cursed","The Dragon Tamer","The Hayseed","The Hierophant","The Marked","The Mystic","The Runesmith","The Senshi"],"gold_per_floor":[114,189,207,221,240,273,273,273,273,273,602,602,622,306,306,402,402,422,435,449,374,374,374,374],"floor_reached":23,"language":"ENG","playtime":1021,"items_purged":["Pain"],"score":261,"play_id":"05bc6127-cdb3-44ab-af46-0bdb49e14c7a","local_time":"20210124140448","is_ascension_mode":true,"campfire_choices":[{"data":"TheSimpletonMod:Pruning","floor":8.0,"key":"SMITH"},{"data":"TheSimpletonMod:Haymaker","floor":10.0,"key":"SMITH"},{"data":"TheSimpletonMod:ReapAndSow","floor":12.0,"key":"SMITH"},{"data":"TheSimpletonMod:Turnips","floor":15,"key":"SMITH"}],"circlet_count":0,"master_deck":["TheSimpletonMod:Strike_TheSimpleton","TheSimpletonMod:Strike_TheSimpleton","TheSimpletonMod:Strike_TheSimpleton","TheSimpletonMod:Defend_TheSimpleton","TheSimpletonMod:Defend_TheSimpleton","TheSimpletonMod:Defend_TheSimpleton","TheSimpletonMod:Defend_TheSimpleton","TheSimpletonMod:Haymaker+1","TheSimpletonMod:ReapAndSow+1","TheSimpletonMod:Pruning+1","TheSimpletonMod:Thresh","TheSimpletonMod:CloseScrape","TheSimpletonMod:BumperCrop","TheSimpletonMod:Turnips+1","TheSimpletonMod:Spinach","TheSimpletonMod:Germinate","TheSimpletonMod:Sunseed+1"],"relics":["TheSimpletonMod:SpudOfTheInnocent","TheSimpletonMod:NightSoil","TheSimpletonMod:TheHarvester","Meat on the Bone","WarpedTongs","TheSimpletonMod:HotPotato","Old Coin","HollowMod:StagPassRelic","Black Star"],"acts_visited":["Exordium","TheCity"],"potions_floor_usage":[19,23,23],"damage_taken":[{"damage":0.0,"enemies":"2 Louse","floor":1.0,"turns":2.0},{"damage":0.0,"enemies":"Cultist","floor":3.0,"turns":3.0},{"damage":0.0,"enemies":"Small Slimes","floor":4.0,"turns":2.0},{"damage":6.0,"enemies":"2 Fungi Beasts","floor":5.0,"turns":3.0},{"damage":43.0,"enemies":"Gremlin Nob","floor":6.0,"turns":5.0},{"damage":13.0,"enemies":"Lagavulin","floor":11.0,"turns":5.0},{"damage":9.0,"enemies":"3 Louse","floor":13.0,"turns":5.0},{"damage":20,"enemies":"Slime Boss","floor":16,"turns":6},{"damage":19,"enemies":"3 Byrds","floor":18,"turns":6},{"damage":5,"enemies":"Shell Parasite","floor":19,"turns":5},{"damage":28,"enemies":"Cultist and Chosen","floor":20,"turns":7},{"damage":30,"enemies":"Gremlin Leader","floor":23,"turns":6}],"seed_played":"-2933863752876194547","potions_obtained":[{"floor":3.0,"key":"SkillPotion"},{"floor":16,"key":"Guardian:BlockOnCardUsePotion"},{"floor":18,"key":"EssenceOfSteel"},{"floor":19,"key":"TheSimpletonMod:MoonshinePotion"}],"is_trial":false,"path_per_floor":["M","?","M","M","M","E","?","R","T","R","E","R","M","$","R","B",null,"M","M","M","?","?","E"],"character_chosen":"THE_SIMPLETON","items_purchased":["HollowMod:StagPassRelic"],"campfire_rested":0,"item_purchase_floors":[14],"current_hp_per_floor":[72,61,65,69,67,28,28,28,28,28,33,33,42,42,42,40,66,53,48,38,38,24,0,0],"gold":374,"neow_bonus":"THREE_CARDS","is_daily":false,"chose_seed":false,"campfire_upgraded":4,"win_rate":0.0,"timestamp":1611489888,"path_taken":["M","?","M","M","M","E","?","R","T","R","E","R","M","$","R","BOSS","M","M","?","?","?","E"],"items_purchased_type":["Relic"],"build_version":"2020-12-22","purchased_purges":1,"victory":false,"max_hp_per_floor":[75,75,75,75,75,75,75,75,75,75,75,75,75,75,75,75,75,75,75,75,75,80,80,80],"card_choices":[{"not_picked":["TheSimpletonMod:CullingStrike","TheSimpletonMod:Polyculture"],"picked":"TheSimpletonMod:Pruning","floor":0.0},{"not_picked":["TheSimpletonMod:SaladShooter","TheSimpletonMod:Rototilling"],"picked":"TheSimpletonMod:Thresh","floor":1.0},{"not_picked":["TheSimpletonMod:Pruning","TheSimpletonMod:SpiceUp"],"picked":"TheSimpletonMod:CloseScrape","floor":3.0},{"not_picked":["TheSimpletonMod:Ferment","TheSimpletonMod:GoToMarket","TheSimpletonMod:DoubleBarrel"],"picked":"SKIP","floor":4.0},{"not_picked":["TheSimpletonMod:SaladShooter","TheSimpletonMod:SlashAndBurn"],"picked":"TheSimpletonMod:BumperCrop","floor":5.0},{"not_picked":["TheSimpletonMod:SpiceUp","TheSimpletonMod:Thresh","TheSimpletonMod:Fertilaser"],"picked":"SKIP","floor":6.0},{"not_picked":["TheSimpletonMod:Polyculture","TheSimpletonMod:SpiceUp","TheSimpletonMod:GoToMarket"],"picked":"SKIP","floor":11.0},{"not_picked":["TheSimpletonMod:DoubleBarrel","TheSimpletonMod:Thresh"],"picked":"TheSimpletonMod:Turnips","floor":13.0},{"not_picked":["TheSimpletonMod:FlashPasteurize","TheSimpletonMod:ResistantStrain"],"picked":"TheSimpletonMod:Spinach","floor":16},{"not_picked":["TheSimpletonMod:Turnips","TheSimpletonMod:Mulch"],"picked":"TheSimpletonMod:Germinate","floor":18},{"not_picked":["TheSimpletonMod:Potatoes","TheSimpletonMod:CloseScrape","TheSimpletonMod:Innovate"],"picked":"SKIP","floor":19},{"not_picked":["TheSimpletonMod:BumperCrop","TheSimpletonMod:Swelter"],"picked":"TheSimpletonMod:Sunseed+1","floor":20}],"player_experience":2930952,"relics_obtained":[{"floor":6.0,"key":"Meat on the Bone"},{"floor":9.0,"key":"TheSimpletonMod:HotPotato"},{"floor":11.0,"key":"Old Coin"}],"event_choices":[{"damage_healed":0.0,"max_hp_gain":0.0,"max_hp_loss":0.0,"gold_gain":75.0,"event_name":"World of Goop","player_choice":"Gather Gold","floor":2.0,"gold_loss":0.0,"damage_taken":11.0},{"damage_healed":0.0,"max_hp_gain":0.0,"max_hp_loss":0.0,"gold_gain":0.0,"event_name":"Accursed Blacksmith","player_choice":"Rummage","floor":7.0,"gold_loss":0.0,"damage_taken":0.0,"relics_obtained":["WarpedTongs"],"cards_obtained":["Pain"]},{"cards_removed":["TheSimpletonMod:Strike_TheSimpleton"],"damage_healed":0,"gold_gain":0,"player_choice":"Gave Gold","damage_taken":0,"max_hp_gain":0,"max_hp_loss":0,"event_name":"Beggar","floor":21,"gold_loss":75},{"damage_healed":0,"gold_gain":0,"player_choice":"Shed Blood","damage_taken":19,"max_hp_gain":5,"max_hp_loss":0,"event_name":"Forgotten Altar","floor":22,"gold_loss":0}],"is_beta":false,"boss_relics":[{"not_picked":["TheSimpletonMod:GourdCharm","Calling Bell"],"picked":"Black Star"}],"items_purged_floors":[14],"is_endless":false,"potions_floor_spawned":[3,16,18,19],"killed_by":"Gremlin Leader","ascension_level":6}}