{"host":"qdfumeom6htv8yxl","time":1611461213,"event":{"mods":["AchievementEnabler","BaseMod","Bestiary","Block Reminder","Minty Spire (QoL Compilation)","Quick Restart","Relic Stats"],"gold_per_floor":[119,119,194,194,194,194,234,234,234,248,248,248],"floor_reached":11,"language":"ENG","playtime":361,"items_purged":[],"score":179,"play_id":"69b8210c-ce5f-41fb-a092-95ceb5b35195","local_time":"20210123220653","is_ascension_mode":true,"campfire_choices":[{"floor":6,"key":"REST"},{"data":"Genetic Algorithm","floor":8,"key":"SMITH"}],"circlet_count":0,"master_deck":["AscendersBane","Strike_B","Strike_B","Strike_B","Strike_B+1","Defend_B+1","Defend_B","Defend_B","Defend_B","Zap","Dualcast","Genetic Algorithm+1","Darkness","Streamline"],"relics":["Cracked Core","NeowsBlessing","Golden Idol","Ancient Tea Set","Pear"],"acts_visited":["Exordium"],"potions_floor_usage":[11],"damage_taken":[{"damage":0,"enemies":"2 Louse","floor":1,"turns":1},{"damage":0,"enemies":"Lagavulin","floor":7,"turns":1},{"damage":0,"enemies":"Small Slimes","floor":10,"turns":1},{"damage":15,"enemies":"3 Sentries","floor":11,"turns":3}],"seed_played":"7232992170662575964","potions_obtained":[{"floor":7,"key":"Explosive Potion"},{"floor":10,"key":"CultistPotion"}],"is_trial":false,"path_per_floor":["M","?","?","?","?","R","E","R","T","M","E"],"character_chosen":"DEFECT","items_purchased":[],"campfire_rested":1,"item_purchase_floors":[],"current_hp_per_floor":[64,64,53,32,32,51,51,51,61,61,46,46],"gold":248,"neow_bonus":"THREE_ENEMY_KILL","is_daily":false,"chose_seed":false,"campfire_upgraded":1,"win_rate":0.0,"timestamp":1611461213,"path_taken":["M","?","?","?","?","R","E","R","T","M","E"],"items_purchased_type":[],"build_version":"2020-12-22","purchased_purges":0,"victory":false,"max_hp_per_floor":[71,71,71,71,64,64,64,64,74,74,74,74],"relic_stats":{"counters":[4,6],"Golden Idol":11,"obtain_stats":[{"Pear":9,"NeowsBlessing":0,"Golden Idol":5,"Cracked Core":0,"Ancient Tea Set":7},{"Pear":2,"NeowsBlessing":0,"Golden Idol":1,"Cracked Core":0,"Ancient Tea Set":2},{"Pear":2,"NeowsBlessing":0,"Golden Idol":1,"Cracked Core":0,"Ancient Tea Set":2}]},"card_choices":[{"not_picked":["Beam Cell","Steam"],"picked":"Genetic Algorithm","floor":1},{"not_picked":["Compile Driver","Melter"],"picked":"Darkness","floor":7},{"not_picked":["Go for the Eyes","Gash"],"picked":"Streamline","floor":10}],"player_experience":1819328,"relics_obtained":[{"floor":7,"key":"Ancient Tea Set"},{"floor":9,"key":"Pear"}],"event_choices":[{"damage_healed":0,"gold_gain":0,"player_choice":"Leave","damage_taken":0,"max_hp_gain":0,"max_hp_loss":0,"event_name":"The Cleric","floor":2,"gold_loss":0},{"damage_healed":0,"gold_gain":75,"player_choice":"Gather Gold","damage_taken":11,"max_hp_gain":0,"max_hp_loss":0,"event_name":"World of Goop","floor":3,"gold_loss":0},{"damage_healed":0,"gold_gain":0,"player_choice":"Entered Light","damage_taken":21,"max_hp_gain":0,"max_hp_loss":0,"event_name":"Shining Light","floor":4,"gold_loss":0,"cards_upgraded":["Defend_B","Strike_B"]},{"damage_healed":0,"gold_gain":0,"player_choice":"Lose Max HP","damage_taken":0,"relics_obtained":["Golden Idol"],"max_hp_gain":0,"max_hp_loss":7,"event_name":"Golden Idol","floor":5,"gold_loss":0}],"is_beta":false,"boss_relics":[],"items_purged_floors":[],"is_endless":false,"potions_floor_spawned":[7,10],"killed_by":"3 Sentries","ascension_level":18}}