{"host":"jumrmhf584hajrnz","time":1611509740,"event":{"mods":["BaseMod","Duelist Mod","GifTheSpireLib","Minty Spire (QoL Compilation)","Quick Restart","Replay The Spire","StSLib"],"gold_per_floor":[140,140,140,157,37,65,77,91,138,165,175,175,205,225,225,299,299,316,316,316,327,342,342,358,25,25,25,44,44,44,44,44,56,56,56,56],"floor_reached":35,"language":"ENG","playtime":2017,"items_purged":["theDuelist:VampireCurse"],"score":658,"play_id":"6faf88d5-f98d-4278-be11-63ab5df540cf","local_time":"20210124183540","is_ascension_mode":true,"campfire_choices":[{"floor":15.0,"key":"REST"},{"floor":23,"key":"RECALL"},{"floor":27,"key":"REST"},{"data":"theDuelist:RainbowKuriboh","floor":29,"key":"SMITH"},{"data":"theDuelist:RainbowKuriboh","floor":34,"key":"SMITH"}],"circlet_count":0,"master_deck":["theDuelist:Nameless:Magic:AssaultArmor","AscendersBane","theDuelist:CastleWalls","theDuelist:CastleWalls","theDuelist:DarkMagician","theDuelist:MysticalElf","theDuelist:NeoMagic","theDuelist:NeoMagic","theDuelist:Sparks","theDuelist:Sparks","theDuelist:Sparks","theDuelist:LightningDarts","theDuelist:SangaEarth","theDuelist:BlizzardPrincess","theDuelist:GateGuardian","theDuelist:MythicalBeast","theDuelist:RainbowKuriboh+1","theDuelist:MysticalElf","theDuelist:DarkMagicianGirl","theDuelist:InjectionFairy","theDuelist:GateGuardian","theDuelist:RainbowKuriboh+1","AbeCurse","theDuelist:BlueDragonSummoner+1","theDuelist:DarkMagicianGirl","theDuelist:FrontierWiseman","theDuelist:SangaThunder","theDuelist:DarkPaladin","theDuelist:DarkMagician","theDuelist:PowerGiant","Finesse"],"relics":["theDuelist:MillenniumPuzzle","theDuelist:CardPoolRelic","theDuelist:CardPoolBasicRelic","theDuelist:BoosterPackPoolRelic","theDuelist:CardPoolAddRelic","theDuelist:CardPoolMinusRelic","theDuelist:CardPoolSaveRelic","theDuelist:CardPoolOptionsRelic","NeowsBlessing","theDuelist:MillenniumPeriapt","theDuelist:BlessingAnubis","Smiling Mask","Snake Skull","Replay:Wax Seal","Abe\u0027s Treasure","WarpedTongs","Dream Catcher","ReplayTheSpireMod:Shallot","Torii"],"acts_visited":["Exordium","TheCity"],"potions_floor_usage":[35,35],"damage_taken":[{"damage":0.0,"enemies":"Jaw Worm","floor":1.0,"turns":1.0},{"damage":0.0,"enemies":"Small Slimes","floor":4.0,"turns":1.0},{"damage":0.0,"enemies":"3 Sentries","floor":6.0,"turns":2.0},{"damage":0.0,"enemies":"Cultist","floor":7.0,"turns":3.0},{"damage":10.0,"enemies":"Exordium Thugs","floor":8.0,"turns":4.0},{"damage":12.0,"enemies":"Lagavulin","floor":10.0,"turns":3.0},{"damage":6.0,"enemies":"Large Slime","floor":11.0,"turns":7.0},{"damage":0.0,"enemies":"Gremlin Nob","floor":13.0,"turns":5.0},{"damage":9.0,"enemies":"Blue Slaver","floor":14.0,"turns":3.0},{"damage":47.0,"enemies":"Fading Forest","floor":16.0,"turns":13.0},{"damage":4.0,"enemies":"Chosen","floor":18.0,"turns":6.0},{"damage":0,"enemies":"Spheric Guardian","floor":21,"turns":3},{"damage":6,"enemies":"Snake Plant","floor":22,"turns":4},{"damage":16,"enemies":"Shelled Parasite and Fungi","floor":24,"turns":7},{"damage":0,"enemies":"Snecko","floor":28,"turns":4},{"damage":0,"enemies":"3 Cultists","floor":33,"turns":4},{"damage":77,"enemies":"Collector","floor":35,"turns":7}],"seed_played":"7287044779639369536","potions_obtained":[{"floor":1.0,"key":"theDuelist:CoolBottle"},{"floor":6.0,"key":"AttackPotion"},{"floor":8.0,"key":"PowerPotion"},{"floor":16.0,"key":"AttackPotion"},{"floor":21,"key":"Adrenaline Potion"}],"is_trial":false,"path_per_floor":["M","?","?","M","$","E","M","M","T","E","M","T","E","M","R","B",null,"M","?","?","M","M","R","M","$","T","R","M","R","T","PTL","PTL","M","R","B"],"character_chosen":"THE_DUELIST","items_purchased":["theDuelist:BlizzardPrincess","Dream Catcher","theDuelist:DarkPaladin"],"campfire_rested":2,"item_purchase_floors":[5,25,25],"current_hp_per_floor":[63,63,63,63,63,63,63,53,53,41,35,35,39,34,55,12,56,56,56,56,56,55,55,47,47,47,68,68,68,68,68,68,70,70,0,0],"gold":56,"neow_bonus":"THREE_ENEMY_KILL","is_daily":false,"chose_seed":false,"campfire_upgraded":2,"win_rate":0.0,"timestamp":1611509740,"path_taken":["M","?","?","M","$","E","M","M","T","E","?","?","E","M","R","BOSS","M","?","?","M","M","R","M","$","T","R","?","R","?","PTL","PTL","M","R","BOSS"],"items_purchased_type":["Card","Relic","Card"],"build_version":"2020-12-22","purchased_purges":1,"victory":false,"max_hp_per_floor":[70,70,70,70,70,70,70,70,70,70,70,70,70,70,70,70,70,70,70,70,70,70,70,70,70,70,70,70,70,70,70,70,70,70,70,70],"card_choices":[{"not_picked":["theDuelist:MudragonSwamp","theDuelist:Sangan","theDuelist:Hinotama","theDuelist:WormWarlord"],"picked":"theDuelist:LightningDarts","floor":1.0},{"not_picked":["theDuelist:SpellShatteringArrow","theDuelist:DarkMagician","theDuelist:BlueDragonSummoner","theDuelist:GeminiElf"],"picked":"theDuelist:SangaEarth","floor":4.0},{"not_picked":["theDuelist:IrisEarthMother","theDuelist:ThousandEyesRestrict"],"picked":"theDuelist:GateGuardian","floor":6.0},{"not_picked":["theDuelist:SilentDoom","theDuelist:FogKing"],"picked":"theDuelist:MythicalBeast","floor":7.0},{"not_picked":["theDuelist:RainbowDarkDragon","theDuelist:IrisEarthMother","theDuelist:RainbowMagician","theDuelist:RainbowOverdragon"],"picked":"theDuelist:RainbowKuriboh","floor":8.0},{"not_picked":["theDuelist:DarkMagician","theDuelist:BlueDragonSummoner","theDuelist:OnslaughtFireKings","theDuelist:AncientElf"],"picked":"theDuelist:MysticalElf","floor":10.0},{"not_picked":["theDuelist:FogKing","theDuelist:CallAtlanteans","theDuelist:Graverobber","theDuelist:InvitationDarkSleep"],"picked":"theDuelist:DarkMagicianGirl","floor":11.0},{"not_picked":["theDuelist:GeminiElf","theDuelist:ExodiaLL","theDuelist:SpellShatteringArrow","theDuelist:NeoMagic"],"picked":"theDuelist:InjectionFairy","floor":13.0},{"not_picked":["theDuelist:SilentDoom","theDuelist:RainbowDarkDragon","theDuelist:RainbowMagician","theDuelist:InariFire"],"picked":"theDuelist:GateGuardian","floor":14.0},{"not_picked":["theDuelist:RainbowDarkDragon","theDuelist:IrisEarthMother","theDuelist:RainbowMagician","theDuelist:RainbowOverdragon"],"picked":"theDuelist:RainbowKuriboh","floor":16.0},{"not_picked":["theDuelist:BlizzardWarrior","theDuelist:AncientElf","theDuelist:DarkMagician","theDuelist:WhiteHowling"],"picked":"theDuelist:BlueDragonSummoner+1","floor":18.0},{"not_picked":["theDuelist:CrystalWingDragon","theDuelist:DiffusionWaveMotion","theDuelist:AltarTribute","theDuelist:GrandSpellbookTower"],"picked":"theDuelist:DarkMagicianGirl","floor":21},{"not_picked":["theDuelist:BattleOx","theDuelist:BlackPendant","theDuelist:PreventRat","theDuelist:GilfordLegend"],"picked":"theDuelist:FrontierWiseman","floor":22},{"not_picked":["theDuelist:SpellShatteringArrow","theDuelist:BlizzardWarrior+1","theDuelist:NeoMagic","theDuelist:ExodiaLA"],"picked":"theDuelist:SangaThunder","floor":24},{"not_picked":["theDuelist:ExodiaRA","theDuelist:ThousandEyesIdol"],"picked":"theDuelist:DarkMagician","floor":27},{"not_picked":["theDuelist:DarklordSuperbia","theDuelist:MudragonSwamp","theDuelist:WingedKuriboh","theDuelist:GilfordLegend"],"picked":"theDuelist:PowerGiant","floor":28},{"not_picked":["Mayhem","Purity","Secret Weapon"],"picked":"Finesse","floor":33}],"player_experience":1522898,"relics_obtained":[{"floor":6.0,"key":"theDuelist:BlessingAnubis"},{"floor":10.0,"key":"Smiling Mask"},{"floor":12.0,"key":"Snake Skull"},{"floor":13.0,"key":"Replay:Wax Seal"},{"floor":26,"key":"ReplayTheSpireMod:Shallot"},{"floor":30,"key":"Torii"}],"event_choices":[{"damage_healed":0.0,"max_hp_gain":0.0,"max_hp_loss":0.0,"gold_gain":0.0,"event_name":"Card Trader","player_choice":"Traded Mystical Elf for Assault Armor","duelist":true,"floor":2.0,"gold_loss":0.0,"damage_taken":0.0},{"damage_healed":0.0,"max_hp_gain":0.0,"max_hp_loss":0.0,"gold_gain":0.0,"event_name":"Millennium Items","player_choice":"Took item - Received: Millennium Periapt","duelist":true,"floor":3.0,"gold_loss":0.0,"damage_taken":0.0},{"damage_healed":0.0,"max_hp_gain":0.0,"max_hp_loss":0.0,"gold_gain":0.0,"event_name":"Vampires","player_choice":"Ignored","floor":19.0,"gold_loss":0.0,"damage_taken":0.0},{"damage_healed":0.0,"max_hp_gain":0.0,"max_hp_loss":0.0,"gold_gain":0.0,"event_name":"Accursed Blacksmith","player_choice":"Rummage","floor":20.0,"gold_loss":0.0,"damage_taken":0.0,"relics_obtained":["WarpedTongs"],"cards_obtained":["Pain"]}],"is_beta":false,"boss_relics":[{"not_picked":["Snecko Heart","Empty Cage"],"picked":"Abe\u0027s Treasure"}],"items_purged_floors":[5],"is_endless":false,"potions_floor_spawned":[1,6,7,8,11,16,21,24,28],"killed_by":"Collector","ascension_level":20}}