{"host":"qbvxbacgnxuisbbe","time":1611497189,"event":{"mods":["Alarm Clock","BaseMod","Minty Spire (QoL Compilation)","Reliquary","StSLib","Wide Potions"],"gold_per_floor":[115,40,59,59,75,108,58,85,108,108,123,134,158,28,28,131,131,145,45,45,58,76,106,106,139,189,202,228,228,153,153,153,249,249,267,277,102,118,130,164,164,191,203,245,107,139,139,157,157,157],"floor_reached":51,"language":"ENG","playtime":2250,"items_purged":["Defend_P","Strike_P","Defend_P","Defend_P"],"score":1003,"play_id":"9c1e805e-ce2a-4134-9fad-76010d6b6e41","local_time":"20210124140628","is_ascension_mode":true,"campfire_choices":[{"data":"WheelKick","floor":10,"key":"SMITH"},{"data":"SashWhip","floor":15,"key":"SMITH"},{"data":"Omniscience","floor":24,"key":"SMITH"},{"data":"SandsOfTime","floor":29,"key":"SMITH"},{"data":"Halt","floor":32,"key":"SMITH"},{"data":"Omniscience","floor":49,"key":"SMITH"}],"circlet_count":0,"master_deck":["Eruption+1","Vigilance","Conclude","Halt","SashWhip+1","SandsOfTime+1","WheelKick+1","Halt+1","Omniscience+1","Swivel","CrushJoints+1","Omniscience+1","Fasting2","SandsOfTime+1"],"relics":["PureWater","Lantern","reliquary:IvoryTrinket","Oddly Smooth Stone","reliquary:SilkGlove","Cursed Key","reliquary:Aerogel","Juzu Bracelet","Pocketwatch","Philosopher\u0027s Stone","Orichalcum","MawBank","Toxic Egg 2","reliquary:Stiletto"],"acts_visited":["Exordium","TheCity","TheBeyond"],"potions_floor_usage":[12,22,22,38,40,42,44,50],"damage_taken":[{"damage":4,"enemies":"Cultist","floor":1,"turns":4},{"damage":6,"enemies":"Jaw Worm","floor":3,"turns":2},{"damage":3,"enemies":"Small Slimes","floor":5,"turns":2},{"damage":50,"enemies":"Lagavulin","floor":6,"turns":4},{"damage":6,"enemies":"3 Sentries","floor":8,"turns":3},{"damage":5,"enemies":"Exordium Thugs","floor":11,"turns":3},{"damage":0,"enemies":"Blue Slaver","floor":12,"turns":1},{"damage":2,"enemies":"Hexaghost","floor":16,"turns":8},{"damage":6,"enemies":"Chosen","floor":18,"turns":3},{"damage":0,"enemies":"Spheric Guardian","floor":21,"turns":1},{"damage":0,"enemies":"Snake Plant","floor":22,"turns":3},{"damage":0,"enemies":"Book of Stabbing","floor":23,"turns":2},{"damage":36,"enemies":"Slavers","floor":25,"turns":3},{"damage":12,"enemies":"Shelled Parasite and Fungi","floor":27,"turns":2},{"damage":26,"enemies":"Gremlin Leader","floor":28,"turns":5},{"damage":17,"enemies":"Automaton","floor":33,"turns":5},{"damage":0,"enemies":"Orb Walker","floor":35,"turns":1},{"damage":0,"enemies":"3 Shapes","floor":36,"turns":2},{"damage":4,"enemies":"3 Darklings","floor":38,"turns":3},{"damage":0,"enemies":"4 Shapes","floor":39,"turns":2},{"damage":13,"enemies":"Giant Head","floor":40,"turns":4},{"damage":0,"enemies":"Nemesis","floor":42,"turns":5},{"damage":0,"enemies":"Giant Head","floor":44,"turns":4},{"damage":0,"enemies":"Reptomancer","floor":46,"turns":2},{"damage":2,"enemies":"Writhing Mass","floor":48,"turns":2},{"damage":75,"enemies":"Donu and Deca","floor":50,"turns":6}],"seed_played":"7858904711791497417","potions_obtained":[{"floor":5,"key":"Dexterity Potion"},{"floor":8,"key":"DistilledChaos"},{"floor":21,"key":"SpeedPotion"},{"floor":22,"key":"Fruit Juice"},{"floor":33,"key":"BottledMiracle"},{"floor":36,"key":"StancePotion"},{"floor":40,"key":"SpeedPotion"},{"floor":42,"key":"Energy Potion"}],"is_trial":false,"path_per_floor":["M","$","M","?","M","E","?","E","T","R","M","M","T","$","R","B",null,"M","$","?","M","M","E","R","E","T","M","E","R","?","?","R","B",null,"M","M","$","M","M","E","?","E","T","E","$","E","?","M","R","B",null],"character_chosen":"WATCHER","items_purchased":["Halt","FairyPotion","Energy Potion"],"campfire_rested":0,"item_purchase_floors":[14,14,37],"current_hp_per_floor":[75,75,69,69,66,16,16,10,10,10,5,5,5,5,5,3,79,73,73,73,73,78,78,78,42,42,30,4,4,4,4,4,25,84,84,84,84,80,80,67,84,84,84,84,84,84,84,82,82,7],"gold":157,"neow_bonus":"TEN_PERCENT_HP_BONUS","is_daily":false,"chose_seed":false,"campfire_upgraded":6,"win_rate":0.0,"timestamp":1611497188,"path_taken":["M","$","?","?","M","E","?","E","T","R","M","?","?","?","R","BOSS","M","$","?","M","?","E","R","E","T","M","E","R","?","?","R","BOSS","M","M","$","M","M","E","?","E","T","E","$","E","?","M","R","BOSS"],"items_purchased_type":["Card","Potion","Potion"],"build_version":"2020-12-22","purchased_purges":4,"victory":true,"max_hp_per_floor":[79,79,79,79,79,79,79,79,79,79,79,79,79,79,79,79,79,79,79,79,79,84,84,84,84,84,84,84,84,84,84,84,84,84,84,84,84,84,84,84,84,84,84,84,84,84,84,84,84,84],"card_choices":[{"not_picked":["Crescendo","ClearTheMind"],"picked":"Conclude","floor":1},{"not_picked":["Study","FearNoEvil"],"picked":"Halt","floor":3},{"not_picked":["Halt","Protect"],"picked":"SashWhip","floor":5},{"not_picked":["FollowUp","Evaluate"],"picked":"SandsOfTime","floor":6},{"not_picked":["EmptyBody","EmptyFist"],"picked":"WheelKick","floor":8},{"not_picked":["Meditate","DeceiveReality","Pray"],"picked":"SKIP","floor":11},{"not_picked":["Meditate","DeceiveReality","Pray"],"picked":"SKIP","floor":11},{"not_picked":["EmptyBody","Evaluate","FollowUp"],"picked":"SKIP","floor":12},{"not_picked":["LessonLearned","Wish"],"picked":"Omniscience","floor":16},{"not_picked":["EmptyFist","CutThroughFate"],"picked":"Swivel","floor":18},{"not_picked":["Vengeance","Prostrate","EmptyBody+1"],"picked":"SKIP","floor":21},{"not_picked":["FlurryOfBlows","DeceiveReality"],"picked":"CrushJoints+1","floor":22},{"not_picked":["SashWhip","Worship+1","Wireheading+1"],"picked":"SKIP","floor":23},{"not_picked":["BowlingBash","FearNoEvil+1","ClearTheMind"],"picked":"SKIP","floor":25},{"not_picked":["CarveReality+1","Indignation","Vengeance"],"picked":"SKIP","floor":27},{"not_picked":["Judgement","ForeignInfluence","BowlingBash"],"picked":"SKIP","floor":28},{"not_picked":["MasterReality","Alpha"],"picked":"Omniscience","floor":33},{"not_picked":["SignatureMove+1","Protect"],"picked":"Fasting2","floor":35},{"not_picked":["Consecrate","JustLucky+1","CrushJoints+1"],"picked":"SKIP","floor":36},{"not_picked":["Nirvana","Crescendo+1","CutThroughFate+1"],"picked":"SKIP","floor":38},{"not_picked":["Crescendo+1","TalkToTheHand+1","Halt"],"picked":"SKIP","floor":39},{"not_picked":["EmptyBody+1","WaveOfTheHand","ThirdEye"],"picked":"SKIP","floor":40},{"not_picked":["BowlingBash+1","Sanctity+1","LikeWater"],"picked":"SKIP","floor":42},{"not_picked":["BowlingBash","Blasphemy+1"],"picked":"SandsOfTime+1","floor":44},{"not_picked":["Indignation+1","TalkToTheHand","Meditate+1"],"picked":"SKIP","floor":46},{"not_picked":["BowlingBash+1","Crescendo+1","TalkToTheHand+1"],"picked":"SKIP","floor":48}],"player_experience":127590,"relics_obtained":[{"floor":6,"key":"Lantern"},{"floor":8,"key":"reliquary:IvoryTrinket"},{"floor":9,"key":"Oddly Smooth Stone"},{"floor":13,"key":"reliquary:SilkGlove"},{"floor":23,"key":"reliquary:Aerogel"},{"floor":25,"key":"Juzu Bracelet"},{"floor":26,"key":"Ancient Tea Set"},{"floor":28,"key":"Pocketwatch"},{"floor":40,"key":"Orichalcum"},{"floor":42,"key":"MawBank"},{"floor":44,"key":"Toxic Egg 2"},{"floor":46,"key":"reliquary:Stiletto"}],"event_choices":[{"damage_healed":0,"gold_gain":0,"player_choice":"Grow","damage_taken":0,"max_hp_gain":0,"max_hp_loss":0,"event_name":"Living Wall","floor":4,"gold_loss":0,"cards_upgraded":["Eruption"]},{"cards_removed":["Strike_P"],"damage_healed":0,"gold_gain":0,"player_choice":"Card Removal","damage_taken":0,"max_hp_gain":0,"max_hp_loss":0,"event_name":"The Cleric","floor":7,"gold_loss":50},{"cards_removed":["Defend_P"],"damage_healed":0,"gold_gain":0,"player_choice":"Offered Basic","damage_taken":0,"max_hp_gain":0,"max_hp_loss":0,"event_name":"Bonfire Elementals","floor":20,"gold_loss":0},{"cards_removed":["Strike_P"],"damage_healed":0,"gold_gain":0,"player_choice":"Gave Gold","damage_taken":0,"max_hp_gain":0,"max_hp_loss":0,"event_name":"Beggar","floor":30,"gold_loss":75},{"damage_healed":0,"gold_gain":0,"player_choice":"Ignored","damage_taken":0,"max_hp_gain":0,"max_hp_loss":0,"event_name":"The Mausoleum","floor":31,"gold_loss":0},{"damage_healed":17,"gold_gain":0,"player_choice":"Full Heal","damage_taken":0,"max_hp_gain":0,"max_hp_loss":0,"event_name":"Wheel of Change","floor":41,"gold_loss":0},{"cards_removed":["Strike_P"],"damage_healed":0,"gold_gain":0,"player_choice":"Purged","damage_taken":0,"max_hp_gain":0,"max_hp_loss":0,"event_name":"Purifier","floor":47,"gold_loss":0}],"is_beta":false,"boss_relics":[{"not_picked":["Ectoplasm","reliquary:RedCape"],"picked":"Cursed Key"},{"not_picked":["Black Star","Empty Cage"],"picked":"Philosopher\u0027s Stone"}],"items_purged_floors":[2,19,37,45],"is_endless":false,"potions_floor_spawned":[5,8,11,21,22,33,36,40,42],"ascension_level":1}}