{"host":"j4g6ia6asvpyu2b0","time":1611492162,"event":{"mods":["BaseMod","Colored Map","Minty Spire (QoL Compilation)","Permanent Neow","Quick Restart","Relic Stats","StSLib","Unceasing Turn Reminder"],"gold_per_floor":[366,377,388,388,405,405,405,405],"floor_reached":7,"language":"ENG","playtime":169,"items_purged":[],"score":82,"play_id":"0579622a-2ab4-451f-bb9a-e4fb1dc692ec","local_time":"20210124054242","is_ascension_mode":true,"campfire_choices":[{"data":"Bash","floor":6,"key":"SMITH"}],"circlet_count":0,"master_deck":["AscendersBane","Strike_R","Strike_R","Strike_R","Strike_R","Strike_R","Defend_R","Defend_R","Defend_R","Defend_R","Bash+1","Rampage","Metallicize","Ghostly Armor","Havoc","Clothesline"],"relics":["Burning Blood"],"acts_visited":["Exordium"],"potions_floor_usage":[7],"damage_taken":[{"damage":6,"enemies":"Jaw Worm","floor":1,"turns":5},{"damage":1,"enemies":"Cultist","floor":2,"turns":3},{"damage":4,"enemies":"2 Louse","floor":3,"turns":4},{"damage":23,"enemies":"Exordium Thugs","floor":5,"turns":5},{"damage":0,"enemies":"3 Sentries","floor":7,"turns":1}],"seed_played":"7266226757794450164","potions_obtained":[{"floor":2,"key":"EssenceOfSteel"}],"is_trial":false,"path_per_floor":["M","M","M","?","M","R","E"],"character_chosen":"IRONCLAD","items_purchased":[],"campfire_rested":0,"item_purchase_floors":[],"current_hp_per_floor":[68,68,68,68,51,51,51,51],"gold":405,"neow_bonus":"TWO_FIFTY_GOLD","is_daily":false,"chose_seed":false,"campfire_upgraded":1,"win_rate":0.0,"timestamp":1611492162,"path_taken":["M","M","M","?","?","R","E"],"items_purchased_type":[],"build_version":"2020-12-22","purchased_purges":0,"victory":false,"max_hp_per_floor":[68,68,68,68,68,68,68,68],"relic_stats":{"counters":[5,18],"obtain_stats":[{"Burning Blood":0},{"Burning Blood":0},{"Burning Blood":0}],"Burning Blood":17},"card_choices":[{"not_picked":["True Grit","Pommel Strike"],"picked":"Rampage","floor":1},{"not_picked":["Burning Pact","Warcry"],"picked":"Metallicize","floor":2},{"not_picked":["Body Slam","Reckless Charge"],"picked":"Ghostly Armor","floor":3},{"not_picked":["Clash","Warcry"],"picked":"Clothesline","floor":5}],"player_experience":976220,"relics_obtained":[],"event_choices":[{"damage_healed":0,"gold_gain":0,"player_choice":"1 cards matched","damage_taken":0,"max_hp_gain":0,"max_hp_loss":0,"event_name":"Match and Keep!","floor":4,"gold_loss":0,"cards_obtained":["Havoc"]}],"is_beta":false,"boss_relics":[],"items_purged_floors":[],"is_endless":false,"potions_floor_spawned":[2],"killed_by":"3 Sentries","ascension_level":18}}