{"host":"89iuq2p5kwriuwfq","time":1611508880,"event":{"mods":["BaseMod","Curses Come First","Minty Spire (QoL Compilation)","Permanent Neow","StSLib"],"gold_per_floor":[113,125,125,125,135,161,161,179,231,251,266,266,266,28,28,125,125,136,156,156,156],"floor_reached":20,"language":"ENG","playtime":1042,"items_purged":["Regret"],"score":246,"play_id":"c5354e0c-cf40-49a2-9a44-37abdf7ffed2","local_time":"20210124172120","is_ascension_mode":true,"campfire_choices":[{"floor":7,"key":"REST"},{"data":"Genetic Algorithm","floor":13,"key":"SMITH"},{"floor":15,"key":"REST"}],"circlet_count":0,"master_deck":["Strike_B","Strike_B","Strike_B","Defend_B","Defend_B","Defend_B","Defend_B","Zap+1","Dualcast","Storm","Self Repair","Loop","Redo","Core Surge","Genetic Algorithm+1","Heatsinks","Creative AI","Chaos","Storm"],"relics":["Cracked Core","InkBottle","Regal Pillow","Strawberry","Membership Card","Black Star"],"acts_visited":["Exordium","TheCity"],"potions_floor_usage":[6,16,18],"damage_taken":[{"damage":4,"enemies":"2 Louse","floor":1,"turns":2},{"damage":7,"enemies":"Small Slimes","floor":2,"turns":4},{"damage":1,"enemies":"Jaw Worm","floor":5,"turns":3},{"damage":51,"enemies":"Lagavulin","floor":6,"turns":8},{"damage":14,"enemies":"Large Slime","floor":8,"turns":5},{"damage":41,"enemies":"Lots of Slimes","floor":10,"turns":4},{"damage":12,"enemies":"Exordium Wildlife","floor":11,"turns":3},{"damage":17,"enemies":"The Guardian","floor":16,"turns":11},{"damage":20,"enemies":"3 Byrds","floor":18,"turns":3},{"damage":52,"enemies":"2 Thieves","floor":19,"turns":5},{"damage":0,"enemies":"Snecko","floor":20,"turns":3}],"seed_played":"6253978111178785047","potions_obtained":[{"floor":5,"key":"Strength Potion"},{"floor":8,"key":"LiquidBronze"},{"floor":11,"key":"CultistPotion"}],"is_trial":false,"path_per_floor":["M","M","?","?","M","E","R","M","T","M","M","?","R","$","R","B",null,"M","M","M"],"character_chosen":"DEFECT","items_purchased":["Membership Card","Heatsinks","DuplicationPotion"],"campfire_rested":2,"item_purchase_floors":[14,14,14],"current_hp_per_floor":[64,57,57,57,56,12,49,42,49,15,10,10,10,10,49,46,73,60,15,15,15],"gold":156,"neow_bonus":"UPGRADE_CARD","is_daily":false,"chose_seed":false,"campfire_upgraded":1,"win_rate":0.0,"timestamp":1611508880,"path_taken":["M","M","?","?","M","E","R","M","T","M","M","?","R","$","R","BOSS","M","M","M"],"items_purchased_type":["Relic","Card","Potion"],"build_version":"2020-12-22","purchased_purges":1,"victory":false,"max_hp_per_floor":[75,75,75,75,75,75,75,75,82,82,82,82,82,82,82,82,82,82,82,82,82],"card_choices":[{"not_picked":["Rebound","Turbo"],"picked":"Storm","floor":1},{"not_picked":["Barrage","Streamline","Turbo"],"picked":"SKIP","floor":2},{"not_picked":["Melter","Streamline"],"picked":"Self Repair","floor":5},{"not_picked":["Coolheaded","Leap"],"picked":"Loop","floor":6},{"not_picked":["Rebound","Beam Cell"],"picked":"Redo","floor":8},{"not_picked":["Barrage","Compile Driver","Blizzard"],"picked":"SKIP","floor":10},{"not_picked":["Chill","Compile Driver"],"picked":"Core Surge","floor":11},{"not_picked":["Seek","Thunder Strike"],"picked":"Creative AI","floor":16},{"not_picked":["Gash","Conserve Battery"],"picked":"Chaos","floor":18},{"not_picked":["Streamline+1","Rebound+1"],"picked":"Storm","floor":19}],"player_experience":564798,"relics_obtained":[{"floor":6,"key":"Regal Pillow"},{"floor":9,"key":"Strawberry"}],"event_choices":[{"damage_healed":0,"gold_gain":0,"player_choice":"Ignored","damage_taken":0,"max_hp_gain":0,"max_hp_loss":0,"event_name":"Liars Game","floor":3,"gold_loss":0},{"damage_healed":0,"gold_gain":0,"player_choice":"Box","damage_taken":0,"relics_obtained":["InkBottle"],"max_hp_gain":0,"max_hp_loss":0,"event_name":"Big Fish","floor":4,"gold_loss":0,"cards_obtained":["Regret"]},{"damage_healed":0,"gold_gain":0,"cards_transformed":["Strike_B"],"player_choice":"Change","damage_taken":0,"max_hp_gain":0,"max_hp_loss":0,"event_name":"Living Wall","floor":12,"gold_loss":0,"cards_obtained":["Genetic Algorithm"]}],"is_beta":false,"boss_relics":[{"not_picked":["Fusion Hammer","Coffee Dripper"],"picked":"Black Star"}],"items_purged_floors":[14],"is_endless":false,"potions_floor_spawned":[5,8,11],"killed_by":"Snecko","ascension_level":8}}