{"host":"xrbutm0tzv4qwo7u","time":1611457667,"event":{"mods":["AchievementEnabler","BaseMod","Better Altar","Better Match","Better Note","Better Sensory Stone","Better Skull","Better Third Choice","Colored Map","Colored Powertips","Curses Come First","Dark Map","Hermit","Minty Spire (QoL Compilation)","Quick Restart","Rare Cards Sparkle","Relic Stats","StSLib","The Cursed","The Marked"],"gold_per_floor":[10,285,305,305,305,305,330,330,330,341,372,385,420,10,10,110,110,125,136,136,150,4,38,55,82,82,115,115,115,127,139,139,242,242,260,260,272,291,3,38,57,68,68,68,84,84,84,430,430,430,430,430,65,99,99,99],"floor_reached":55,"language":"ENG","playtime":2966,"items_purged":["Regret"],"score":813,"play_id":"05968e4a-e07c-4309-a85e-0b0e8cc7c038","local_time":"20210123210747","is_ascension_mode":true,"campfire_choices":[{"data":"Dualcast","floor":6,"key":"SMITH"},{"data":"Ball Lightning","floor":8,"key":"SMITH"},{"floor":15,"key":"REST"},{"data":"Defragment","floor":29,"key":"SMITH"},{"floor":32,"key":"REST"},{"floor":44,"key":"RECALL"},{"data":"Rainbow","floor":46,"key":"SMITH"},{"data":"Fusion","floor":49,"key":"SMITH"},{"data":"Aggregate","floor":52,"key":"SMITH"}],"circlet_count":0,"master_deck":["Strike_B","Strike_B","Defend_B","Defend_B","Defend_B","Zap+1","Dualcast+1","Ball Lightning+1","Conserve Battery","Swift Strike","Rebound","Aggregate+1","Defragment+1","Ball Lightning","Fusion+1","Chill","Loop","Hyperbeam","Electrodynamics","Static Discharge","Undo","Coolheaded+1","Cold Snap","Cold Snap+1","Defragment+1","Double Energy+1","Tempest","Rainbow+1","Sunder+1","Ball Lightning+1","Loop","Dramatic Entrance+1","Cold Snap+1","Stack","Conserve Battery+1","Chill","Redo+1","Barrage+1","Hello World","Barrage+1","Undo","Stack+1"],"relics":["Cracked Core","FossilizedHelix","Regal Pillow","Gambling Chip","Lizard Tail","DataDisk","Empty Cage","Oddly Smooth Stone","Blue Candle","Molten Egg 2","Eternal Feather","Nunchaku","Bottled Flame","Black Star","PreservedInsect","Membership Card","Ice Cream","Unceasing Top","Kunai","Old Coin","Symbiotic Virus","Bag of Preparation","Happy Flower","TungstenRod"],"acts_visited":["Exordium","TheCity","TheBeyond","TheEnding"],"potions_floor_usage":[7,16,16,16,25,33,40,42,50,50,55,55],"damage_taken":[{"damage":0,"enemies":"Cultist","floor":1,"turns":4},{"damage":2,"enemies":"Jaw Worm","floor":3,"turns":3},{"damage":6,"enemies":"Gremlin Nob","floor":7,"turns":3},{"damage":8,"enemies":"Small Slimes","floor":10,"turns":3},{"damage":9,"enemies":"Lagavulin","floor":11,"turns":5},{"damage":3,"enemies":"2 Fungi Beasts","floor":12,"turns":3},{"damage":12,"enemies":"3 Sentries","floor":13,"turns":4},{"damage":27,"enemies":"Hexaghost","floor":16,"turns":10},{"damage":0,"enemies":"Chosen","floor":18,"turns":3},{"damage":5,"enemies":"3 Byrds","floor":19,"turns":3},{"damage":5,"enemies":"Cultist and Chosen","floor":21,"turns":3},{"damage":3,"enemies":"Slavers","floor":23,"turns":3},{"damage":0,"enemies":"Centurion and Healer","floor":24,"turns":5},{"damage":25,"enemies":"Book of Stabbing","floor":25,"turns":4},{"damage":13,"enemies":"Slavers","floor":27,"turns":3},{"damage":13,"enemies":"Shelled Parasite and Fungi","floor":30,"turns":5},{"damage":0,"enemies":"Snake Plant","floor":31,"turns":4},{"damage":23,"enemies":"Collector","floor":33,"turns":8},{"damage":9,"enemies":"Orb Walker","floor":35,"turns":3},{"damage":0,"enemies":"3 Shapes","floor":37,"turns":1},{"damage":28,"enemies":"Jaw Worm Horde","floor":38,"turns":2},{"damage":3,"enemies":"Giant Head","floor":40,"turns":8},{"damage":12,"enemies":"Maw","floor":41,"turns":6},{"damage":0,"enemies":"Transient","floor":42,"turns":5},{"damage":16,"enemies":"4 Shapes","floor":45,"turns":3},{"damage":21,"enemies":"2 Orb Walkers","floor":48,"turns":3},{"damage":59,"enemies":"Time Eater","floor":50,"turns":9},{"damage":47,"enemies":"Shield and Spear","floor":54,"turns":5},{"damage":66,"enemies":"The Heart","floor":55,"turns":3}],"seed_played":"542182998300820896","potions_obtained":[{"floor":1,"key":"Swift Potion"},{"floor":3,"key":"Dexterity Potion"},{"floor":10,"key":"ColorlessPotion"},{"floor":18,"key":"Strength Potion"},{"floor":24,"key":"Swift Potion"},{"floor":27,"key":"CultistPotion"},{"floor":31,"key":"Energy Potion"},{"floor":37,"key":"BlessingOfTheForge"},{"floor":38,"key":"Block Potion"},{"floor":41,"key":"LiquidBronze"},{"floor":54,"key":"FearPotion"}],"is_trial":false,"path_per_floor":["M","?","M","?","?","R","E","R","T","M","E","M","E","$","R","B",null,"M","M","?","M","$","E","M","E","T","E","T","R","M","M","R","B",null,"M","?","M","M","$","E","M","M","T","R","M","R","?","?","R","B",null,"R","$","E","B"],"character_chosen":"DEFECT","items_purchased":["Chill","DataDisk","Loop","DuplicationPotion","Oddly Smooth Stone","Dramatic Entrance+1","Membership Card","Cold Snap+1","Stack","Symbiotic Virus","Bag of Preparation","Regen Potion","Energy Potion","Energy Potion","Hello World","Barrage+1","Undo"],"campfire_rested":2,"item_purchase_floors":[14,14,14,14,22,39,39,39,39,53,53,53,53,53,53,53,53],"current_hp_per_floor":[75,75,73,73,73,73,67,67,67,59,50,47,35,35,72,45,75,75,70,70,65,65,62,62,37,37,24,24,39,26,26,75,52,75,66,66,66,38,38,35,23,23,23,44,28,49,49,28,49,37,75,75,75,28,0,0],"gold":99,"neow_bonus":"ONE_RARE_RELIC","is_daily":false,"chose_seed":false,"campfire_upgraded":6,"win_rate":0.0,"timestamp":1611457667,"path_taken":["M","?","?","?","?","R","E","R","T","M","E","M","E","$","R","BOSS","M","M","?","M","?","E","?","E","T","E","?","R","M","M","R","BOSS","M","?","M","?","?","E","M","M","T","R","?","R","?","?","R","BOSS","R","$","E","BOSS"],"items_purchased_type":["Card","Relic","Card","Potion","Relic","Card","Relic","Card","Card","Relic","Relic","Potion","Potion","Potion","Card","Card","Card"],"build_version":"2020-12-22","purchased_purges":1,"victory":false,"max_hp_per_floor":[75,75,75,75,75,75,75,75,75,75,75,75,75,75,75,75,75,75,75,75,75,75,75,75,75,75,75,75,75,75,75,75,75,75,75,75,75,75,75,75,75,75,75,75,75,75,75,75,75,75,75,75,75,75,75,75],"relic_stats":{"Regal Pillow":27,"Happy Flower":[1],"counters":[29,123],"Blue Candle":[0],"Eternal Feather":93,"PreservedInsect":193,"Bag of Preparation":[4],"Lizard Tail":37,"Nunchaku":[10],"Gambling Chip":[33],"Black Star":2,"Kunai":[7],"obtain_stats":[{"Ice Cream":40,"Regal Pillow":7,"Happy Flower":54,"Blue Candle":23,"Oddly Smooth Stone":22,"Eternal Feather":26,"PreservedInsect":36,"Bag of Preparation":53,"Empty Cage":17,"Old Coin":48,"Lizard Tail":13,"DataDisk":14,"Nunchaku":27,"Bottled Flame":28,"Gambling Chip":11,"Molten Egg 2":25,"Black Star":34,"Membership Card":39,"Kunai":43,"Cracked Core":0,"Symbiotic Virus":53,"FossilizedHelix":0,"Unceasing Top":40,"TungstenRod":54},{"Ice Cream":22,"Regal Pillow":3,"Happy Flower":28,"Blue Candle":12,"Oddly Smooth Stone":11,"Eternal Feather":14,"PreservedInsect":19,"Bag of Preparation":27,"Empty Cage":8,"Old Coin":26,"Lizard Tail":7,"DataDisk":7,"Nunchaku":15,"Bottled Flame":15,"Gambling Chip":5,"Molten Egg 2":14,"Black Star":18,"Membership Card":21,"Kunai":24,"Cracked Core":0,"Symbiotic Virus":27,"FossilizedHelix":0,"Unceasing Top":22,"TungstenRod":28},{"Ice Cream":89,"Regal Pillow":10,"Happy Flower":120,"Blue Candle":47,"Oddly Smooth Stone":44,"Eternal Feather":56,"PreservedInsect":79,"Bag of Preparation":115,"Empty Cage":35,"Old Coin":106,"Lizard Tail":25,"DataDisk":25,"Nunchaku":59,"Bottled Flame":59,"Gambling Chip":18,"Molten Egg 2":56,"Black Star":76,"Membership Card":82,"Kunai":100,"Cracked Core":0,"Symbiotic Virus":115,"FossilizedHelix":0,"Unceasing Top":89,"TungstenRod":120}],"Unceasing Top":[34],"TungstenRod":25},"card_choices":[{"not_picked":["Heatsinks","Leap"],"picked":"Ball Lightning","floor":1},{"not_picked":["Coolheaded","Leap"],"picked":"Conserve Battery","floor":3},{"not_picked":["Discovery","Sadistic Nature"],"picked":"Swift Strike","floor":5},{"not_picked":["Gash","Rip and Tear"],"picked":"Rebound","floor":7},{"not_picked":["Rebound","Barrage"],"picked":"Aggregate","floor":10},{"not_picked":["Sunder","Chaos"],"picked":"Defragment","floor":11},{"not_picked":["Turbo","Go for the Eyes"],"picked":"Ball Lightning","floor":12},{"not_picked":["Recycle","Rip and Tear"],"picked":"Fusion","floor":13},{"not_picked":["All For One","Core Surge"],"picked":"Hyperbeam","floor":16},{"not_picked":["Aggregate","Turbo"],"picked":"Sweeping Beam","floor":18},{"not_picked":["Leap","Coolheaded"],"picked":"Electrodynamics","floor":19},{"not_picked":["Go for the Eyes+1","Gash"],"picked":"Undo","floor":21},{"not_picked":["Darkness","Fusion"],"picked":"Coolheaded+1","floor":23},{"not_picked":["Barrage","Consume"],"picked":"Cold Snap","floor":24},{"not_picked":["Force Field","Steam"],"picked":"Cold Snap+1","floor":25},{"not_picked":["Barrage+1","Redo"],"picked":"Defragment+1","floor":27},{"not_picked":["Compile Driver+1","Storm"],"picked":"Double Energy+1","floor":30},{"not_picked":["Storm","Aggregate+1"],"picked":"Tempest","floor":31},{"not_picked":["Thunder Strike+1","Machine Learning"],"picked":"Rainbow","floor":33},{"not_picked":["Auto Shields","Leap"],"picked":"Sunder+1","floor":35},{"not_picked":["Conserve Battery","Gash+1"],"picked":"Ball Lightning+1","floor":37},{"not_picked":["Reprogram","Recycle"],"picked":"Loop","floor":38},{"not_picked":["Sunder+1","Stack"],"picked":"Conserve Battery+1","floor":40},{"not_picked":["Leap","Go for the Eyes+1"],"picked":"Chill","floor":41},{"not_picked":["Coolheaded+1","Undo"],"picked":"Redo+1","floor":42},{"not_picked":["Go for the Eyes+1","Skim"],"picked":"Self Repair+1","floor":45},{"not_picked":["Double Energy+1","Core Surge+1"],"picked":"Barrage+1","floor":48},{"not_picked":["Aggregate","Loop+1"],"picked":"Stack+1","floor":54}],"player_experience":64819,"relics_obtained":[{"floor":7,"key":"Regal Pillow"},{"floor":11,"key":"Gambling Chip"},{"floor":13,"key":"Lizard Tail"},{"floor":23,"key":"Blue Candle"},{"floor":25,"key":"Molten Egg 2"},{"floor":26,"key":"Eternal Feather"},{"floor":27,"key":"Nunchaku"},{"floor":28,"key":"Bottled Flame"},{"floor":40,"key":"Ice Cream"},{"floor":40,"key":"Unceasing Top"},{"floor":43,"key":"Kunai"},{"floor":48,"key":"Old Coin"},{"floor":54,"key":"Happy Flower"},{"floor":54,"key":"TungstenRod"}],"event_choices":[{"damage_healed":0,"gold_gain":275,"player_choice":"Desecrate","damage_taken":0,"max_hp_gain":0,"max_hp_loss":0,"event_name":"Golden Shrine","floor":2,"gold_loss":0,"cards_obtained":["Regret"]},{"damage_healed":0,"gold_gain":0,"player_choice":"Grow","damage_taken":0,"max_hp_gain":0,"max_hp_loss":0,"event_name":"Living Wall","floor":4,"gold_loss":0,"cards_upgraded":["Zap"]},{"damage_healed":0,"gold_gain":1,"player_choice":"1","damage_taken":0,"max_hp_gain":0,"max_hp_loss":0,"event_name":"betterStone:BetterStone","floor":5,"gold_loss":0},{"damage_healed":0,"gold_gain":0,"cards_transformed":["Defend_B"],"player_choice":"Transformed","damage_taken":0,"max_hp_gain":0,"max_hp_loss":0,"event_name":"Transmorgrifier","floor":20,"gold_loss":0,"cards_obtained":["Static Discharge"]},{"cards_removed":["Sweeping Beam"],"damage_healed":0,"gold_gain":0,"player_choice":"Gave Card","damage_taken":0,"relics_obtained":["PreservedInsect"],"max_hp_gain":0,"max_hp_loss":0,"event_name":"WeMeetAgain","floor":36,"gold_loss":0},{"cards_removed":["Self Repair"],"damage_healed":0,"gold_gain":0,"player_choice":"Removed Power","damage_taken":0,"max_hp_gain":0,"max_hp_loss":0,"event_name":"Falling","floor":47,"gold_loss":0},{"damage_healed":0,"gold_gain":0,"player_choice":"Fight","damage_taken":0,"max_hp_gain":0,"max_hp_loss":0,"event_name":"Mysterious Sphere","floor":48,"gold_loss":0}],"is_beta":false,"boss_relics":[{"not_picked":["Velvet Choker","Cursed Key"],"picked":"Empty Cage"},{"not_picked":["Runic Dome","Astrolabe"],"picked":"Black Star"}],"items_purged_floors":[14],"is_endless":false,"potions_floor_spawned":[1,3,10,18,24,27,31,37,38,41,54],"killed_by":"The Heart","ascension_level":1}}