{"host":"agbyy69nq62afhwx","time":1611516533,"event":{"mods":["BaseMod","Colored Map","DeckTracker","Highlight Path","Keyboard Shortcuts","Minty Spire (QoL Compilation)","Quick Restart","StSLib","SuperFastMode","everything is the same but u backflip on backflip"],"gold_per_floor":[113,37,37,37,60,60,110,125,125,125,158,158,179,194,194,287,287,287,287,287,287],"floor_reached":20,"language":"KOR","playtime":573,"items_purged":[],"score":331,"play_id":"bba8cbec-4017-4af5-81a4-ddd17398be18","local_time":"20210125042853","is_ascension_mode":true,"campfire_choices":[{"data":"Fusion","floor":6.0,"key":"SMITH"},{"floor":12.0,"key":"REST"},{"data":"Chaos","floor":15.0,"key":"SMITH"}],"circlet_count":0,"master_deck":["AscendersBane","Strike_B","Strike_B","Strike_B","Defend_B","Defend_B","Defend_B","Defend_B","Zap","Dualcast","Coolheaded","Fusion+1","Double Energy","Hello World","Turbo","Chaos+1","Biased Cognition","White Noise"],"relics":["Cracked Core","Ice Cream","Golden Idol","Blue Candle","Letter Opener","Ectoplasm"],"acts_visited":["Exordium","TheCity"],"potions_floor_usage":[18],"damage_taken":[{"damage":4.0,"enemies":"Jaw Worm","floor":1.0,"turns":3.0},{"damage":1.0,"enemies":"2 Louse","floor":5.0,"turns":4.0},{"damage":0.0,"enemies":"Cultist","floor":8.0,"turns":4.0},{"damage":50.0,"enemies":"3 Sentries","floor":11.0,"turns":10.0},{"damage":15.0,"enemies":"Large Slime","floor":13.0,"turns":5.0},{"damage":0.0,"enemies":"Gremlin Gang","floor":14.0,"turns":4.0},{"damage":13.0,"enemies":"The Guardian","floor":16.0,"turns":10.0},{"damage":5,"enemies":"3 Byrds","floor":18,"turns":3},{"damage":12,"enemies":"Spheric Guardian","floor":19,"turns":6},{"damage":39,"enemies":"Cultist and Chosen","floor":20,"turns":3}],"seed_played":"-7533354388099462864","potions_obtained":[{"floor":1.0,"key":"Ancient Potion"},{"floor":8.0,"key":"Strength Potion"},{"floor":11.0,"key":"SkillPotion"},{"floor":16.0,"key":"Explosive Potion"},{"floor":18,"key":"Strength Potion"}],"is_trial":false,"path_per_floor":["M","$","?","?","M","R","?","M","T","?","E","R","M","M","R","B",null,"M","M","M"],"character_chosen":"DEFECT","items_purchased":["Fusion"],"campfire_rested":1,"item_purchase_floors":[2],"current_hp_per_floor":[60,60,38,31,30,30,24,24,24,64,14,33,18,18,18,5,49,44,32,0,0],"gold":287,"neow_bonus":"ONE_RARE_RELIC","is_daily":false,"chose_seed":false,"campfire_upgraded":2,"win_rate":0.0,"timestamp":1611516533,"path_taken":["M","$","?","?","M","R","?","?","T","?","E","R","M","M","R","BOSS","M","?","?"],"items_purchased_type":["Card"],"build_version":"2020-12-22","purchased_purges":0,"victory":false,"max_hp_per_floor":[64,64,64,64,64,64,64,64,64,64,64,64,64,64,64,64,64,64,64,64,64],"card_choices":[{"not_picked":["Beam Cell","Gash"],"picked":"Coolheaded","floor":1.0},{"not_picked":["Ball Lightning","Cold Snap"],"picked":"Auto Shields","floor":5.0},{"not_picked":["Fusion","Beam Cell"],"picked":"Double Energy","floor":8.0},{"not_picked":["Reprogram","Amplify"],"picked":"Hello World","floor":11.0},{"not_picked":["Barrage","Leap"],"picked":"Turbo","floor":13.0},{"not_picked":["Rip and Tear","Darkness"],"picked":"Chaos","floor":14.0},{"not_picked":["Amplify","Hyperbeam"],"picked":"Biased Cognition","floor":16.0},{"not_picked":["Scrape","Heatsinks","Go for the Eyes"],"picked":"SKIP","floor":18},{"not_picked":["Darkness","Stack"],"picked":"White Noise","floor":19}],"player_experience":464223,"relics_obtained":[{"floor":9.0,"key":"Blue Candle"},{"floor":11.0,"key":"Letter Opener"}],"event_choices":[{"damage_healed":0.0,"max_hp_gain":0.0,"max_hp_loss":0.0,"gold_gain":0.0,"event_name":"Golden Idol","player_choice":"Take Damage","floor":3.0,"gold_loss":0.0,"damage_taken":22.0,"relics_obtained":["Golden Idol"]},{"cards_removed":["Strike_B"],"damage_healed":0.0,"max_hp_gain":0.0,"max_hp_loss":0.0,"gold_gain":0.0,"event_name":"Golden Wing","player_choice":"Card Removal","floor":4.0,"gold_loss":0.0,"damage_taken":7.0},{"damage_healed":0.0,"max_hp_gain":0.0,"max_hp_loss":0.0,"gold_gain":50.0,"event_name":"FaceTrader","player_choice":"Touch","floor":7.0,"gold_loss":0.0,"damage_taken":6.0},{"cards_removed":["Auto Shields"],"damage_healed":40.0,"max_hp_gain":0.0,"max_hp_loss":0.0,"gold_gain":0.0,"event_name":"Bonfire Elementals","player_choice":"Offered Uncommon","floor":10.0,"gold_loss":0.0,"damage_taken":0.0}],"is_beta":false,"boss_relics":[{"not_picked":["Philosopher\u0027s Stone","Runic Dome"],"picked":"Ectoplasm"}],"items_purged_floors":[],"is_endless":false,"potions_floor_spawned":[1,8,11,16,18,19],"killed_by":"Cultist and Chosen","ascension_level":18}}