{"host":"hcg1n1zeml53gytb","time":1611520169,"event":{"mods":["BaseMod","Better Third Choice","Colored Powertips","Displayed Cursed Tome","Downfall","Hermit","Highlight Path","Minty Spire (QoL Compilation)","Quick Restart","Rare Cards Sparkle","Relic Stats","StSLib","The Cursed"],"gold_per_floor":[99,118,135,146,205,223,248,263,263,17,17,42,54,84,103,199,199,99,99,99,99,99,99],"floor_reached":21,"language":"ENG","playtime":2022,"items_purged":["Slimebound:Strike_Slimebound"],"score":214,"play_id":"1e1b551f-f39a-476a-94c0-08dd2643e3ff","local_time":"20210124142929","is_ascension_mode":false,"campfire_choices":[{"data":"Slimebound:Split","floor":1.0,"key":"SMITH"},{"data":"Slimebound:Teamwork","floor":11,"key":"SMITH"},{"data":"Slimebound:Gluttony","floor":18,"key":"SMITH"}],"circlet_count":0,"master_deck":["Slimebound:Strike_Slimebound","Slimebound:Tackle","Slimebound:Defend_Slimebound+1","Slimebound:Defend_Slimebound+1","Slimebound:Defend_Slimebound","Slimebound:Defend_Slimebound","Slimebound:Split+1","Slimebound:CorrosiveSpit","Slimebound:LivingWall","Slimebound:PressTheAttack","Slimebound:SplitLeeching","Slimebound:SplitMire","Slimebound:GoopSpray","Slimebound:Gluttony+1","Slimebound:Teamwork+1","Slimebound:SpikyOuterGoop","Slimebound:Nibble","Slimebound:ProtectTheBoss","Slimebound:OneTwoCombo"],"relics":["Slimebound:AbsorbEndCombat","MealTicket","War Paint","Chemical X","Du-Vu Doll","Potion Belt","Snecko Eye","downfall:HeartBlessingBlue"],"acts_visited":["Exordium","TheCity"],"potions_floor_usage":[12,14,16],"damage_taken":[{"damage":1.0,"enemies":"Small Slimes","floor":2.0,"turns":4.0},{"damage":1.0,"enemies":"Jaw Worm","floor":3.0,"turns":5.0},{"damage":3.0,"enemies":"Cultist","floor":4.0,"turns":4.0},{"damage":27.0,"enemies":"Gremlin Nob","floor":5.0,"turns":5.0},{"damage":6.0,"enemies":"Exordium Wildlife","floor":6.0,"turns":3.0},{"damage":7.0,"enemies":"Gremlin Gang","floor":8.0,"turns":4.0},{"damage":2,"enemies":"downfall:FleeingMerchant","floor":10,"turns":4},{"damage":10,"enemies":"Lagavulin","floor":12,"turns":7},{"damage":8,"enemies":"3 Louse","floor":13,"turns":4},{"damage":5,"enemies":"Gremlin Nob","floor":14,"turns":4},{"damage":3,"enemies":"Lots of Slimes","floor":15,"turns":3},{"damage":14,"enemies":"WA_ARCHETYPE_RETAIN","floor":16,"turns":10},{"damage":0,"enemies":"downfall:FleeingMerchant","floor":21,"turns":1}],"seed_played":"8289647279482388556","potions_obtained":[{"floor":2.0,"key":"SkillPotion"},{"floor":4.0,"key":"Slimebound:SpawnSlimePotion"},{"floor":5.0,"key":"LiquidMemories"},{"floor":6.0,"key":"Fruit Juice"},{"floor":12,"key":"Slimebound:SlimyTonguePotion"},{"floor":15,"key":"SpeedPotion"}],"is_trial":false,"path_per_floor":["R","M","M","M","?","M","T","M","?","$","R","E","M","E","M","B",null,"R","?","?","$"],"character_chosen":"SLIMEBOUND","items_purchased":["Chemical X"],"campfire_rested":0,"item_purchase_floors":[10],"current_hp_per_floor":[71,71,71,70,45,43,43,38,20,41,41,42,40,39,38,32,76,86,86,86,86,86,86],"gold":99,"neow_bonus":"TEN_PERCENT_HP_BONUS","is_daily":false,"chose_seed":false,"campfire_upgraded":3,"win_rate":0.0,"timestamp":1611520169,"path_taken":["R","M","M","M","?","M","T","M","?","?","R","E","?","E","M","BOSS","R","?","?","$"],"items_purchased_type":["Relic"],"build_version":"2020-12-22","purchased_purges":1,"victory":false,"max_hp_per_floor":[71,71,71,71,71,71,71,71,71,71,71,76,76,76,76,76,76,86,86,86,86,86,86],"relic_stats":{"counters":[13,55],"Snecko Eye":[0,2,1,4],"MealTicket":15,"Chemical X":[8],"War Paint":["Slimebound:Defend_Slimebound","Slimebound:Defend_Slimebound"],"obtain_stats":[{"Du-Vu Doll":12,"Potion Belt":14,"downfall:HeartBlessingBlue":18,"Snecko Eye":17,"MealTicket":5,"Slimebound:AbsorbEndCombat":0,"Chemical X":10,"War Paint":9},{"Du-Vu Doll":8,"Potion Belt":10,"downfall:HeartBlessingBlue":12,"Snecko Eye":12,"MealTicket":4,"Slimebound:AbsorbEndCombat":0,"Chemical X":7,"War Paint":6},{"Du-Vu Doll":33,"Potion Belt":41,"downfall:HeartBlessingBlue":54,"Snecko Eye":54,"MealTicket":16,"Slimebound:AbsorbEndCombat":0,"Chemical X":27,"War Paint":23}]},"card_choices":[{"not_picked":["Slimebound:Chomp","Slimebound:Nibble"],"picked":"Slimebound:LivingWall","floor":2.0},{"not_picked":["Slimebound:FormOfPuddle","Slimebound:ComboTackle"],"picked":"Slimebound:PressTheAttack","floor":3.0},{"not_picked":["Slimebound:Grow","Slimebound:RainOfGoop"],"picked":"Slimebound:SplitLeeching","floor":4.0},{"not_picked":["Slimebound:Chomp","Slimebound:SpikyOuterGoop"],"picked":"Slimebound:SplitMire","floor":5.0},{"not_picked":["Slimebound:BestDefense","Slimebound:ViciousTackle"],"picked":"Slimebound:GoopSpray","floor":6.0},{"not_picked":["Slimebound:LeechEnergy","Slimebound:SplitLeeching"],"picked":"Slimebound:Gluttony","floor":8},{"not_picked":["Slimebound:Dissolve","Slimebound:Nibble"],"picked":"Slimebound:Teamwork","floor":10},{"not_picked":["Slimebound:RainOfGoop","Slimebound:PressTheAttack","Slimebound:DisruptingSlam"],"picked":"SKIP","floor":12},{"not_picked":["Slimebound:GoopSpray","Slimebound:RollThrough"],"picked":"Slimebound:SpikyOuterGoop","floor":13},{"not_picked":["Slimebound:LivingWall","Slimebound:Overexert"],"picked":"Slimebound:Nibble","floor":14},{"not_picked":["Slimebound:RainOfGoop","Slimebound:ForwardTackle"],"picked":"Slimebound:ProtectTheBoss","floor":15},{"not_picked":["Slimebound:PrepareCrush","Slimebound:MassRepurpose"],"picked":"Slimebound:OneTwoCombo","floor":16}],"player_experience":498735,"relics_obtained":[{"floor":5.0,"key":"MealTicket"},{"floor":12,"key":"Du-Vu Doll"},{"floor":14,"key":"Potion Belt"}],"event_choices":[{"damage_healed":0,"gold_gain":0,"player_choice":"Success","damage_taken":18,"relics_obtained":["War Paint"],"max_hp_gain":0,"max_hp_loss":0,"event_name":"Scrap Ooze","floor":9,"gold_loss":0},{"damage_healed":0,"gold_gain":0,"player_choice":"Ignored","damage_taken":0,"max_hp_gain":0,"max_hp_loss":0,"event_name":"Ghosts","floor":19,"gold_loss":0}],"is_beta":false,"boss_relics":[{"not_picked":["Busted Crown","Runic Pyramid"],"picked":"Snecko Eye"}],"items_purged_floors":[10],"is_endless":false,"potions_floor_spawned":[2,4,5,6,12,15],"killed_by":"downfall:FleeingMerchant","ascension_level":0}}