{"host":"wogey4gsknv4ot2d","time":1611484793,"event":{"mods":["2.2 Compatiblity","AchievementEnabler","Alarm Clock","BaseMod","Bestiary","Better Match","Better Third Choice","Colored Map","Colored Powertips","Googly Eyes","Key Reminder","Minty Spire (QoL Compilation)","Permanent Neow","Rare Cards Sparkle","Relic Stats","StSLib"],"gold_per_floor":[113,132,109,122,122,157,157,188,188,188,188,207,207,219,219,317,317,335,346,346,346],"floor_reached":20,"language":"ENG","playtime":611,"items_purged":[],"score":193,"play_id":"6db0ceca-20bc-4b49-8c3d-12c65ca80529","local_time":"20210124043953","is_ascension_mode":true,"campfire_choices":[{"floor":7,"key":"RECALL"},{"floor":11,"key":"REST"},{"floor":15,"key":"REST"}],"circlet_count":0,"master_deck":["Strike_G","Strike_G","Strike_G","Strike_G","Strike_G","Defend_G","Defend_G","Defend_G","Defend_G","Defend_G","Survivor","Neutralize","Sucker Punch","Deflect","Flying Knee","Envenom","Sucker Punch","Deadly Poison+1","Bouncing Flask","Deadly Poison","Bouncing Flask+1"],"relics":["Ring of the Snake","NeowsBlessing","Question Card","Mummified Hand","keyreminder:keyreminder","Blood Vial","Happy Flower","SlaversCollar"],"acts_visited":["Exordium","TheCity"],"potions_floor_usage":[6,8,8],"damage_taken":[{"damage":0,"enemies":"Cultist","floor":1,"turns":1},{"damage":0,"enemies":"Jaw Worm","floor":2,"turns":1},{"damage":0,"enemies":"2 Louse","floor":4,"turns":1},{"damage":31,"enemies":"3 Sentries","floor":6,"turns":11},{"damage":24,"enemies":"Lagavulin","floor":8,"turns":6},{"damage":19,"enemies":"Gremlin Gang","floor":12,"turns":6},{"damage":4,"enemies":"2 Fungi Beasts","floor":14,"turns":3},{"damage":21,"enemies":"Hexaghost","floor":16,"turns":8},{"damage":27,"enemies":"Shell Parasite","floor":18,"turns":8},{"damage":34,"enemies":"2 Thieves","floor":19,"turns":5},{"damage":21,"enemies":"Chosen and Byrds","floor":20,"turns":4}],"seed_played":"-3321852871747183542","potions_obtained":[{"floor":1,"key":"LiquidBronze"},{"floor":2,"key":"SneckoOil"},{"floor":6,"key":"Fruit Juice"}],"is_trial":false,"path_per_floor":["M","M","$","M","T","E","R","E","T","T","R","M","?","M","R","B",null,"M","M","M"],"character_chosen":"THE_SILENT","items_purchased":["Flying Knee"],"campfire_rested":2,"item_purchase_floors":[3],"current_hp_per_floor":[70,70,70,70,70,44,44,20,20,20,42,25,25,23,45,26,75,48,16,0,0],"gold":346,"neow_bonus":"THREE_ENEMY_KILL","is_daily":false,"chose_seed":false,"campfire_upgraded":0,"win_rate":0.0,"timestamp":1611484793,"path_taken":["M","M","$","M","?","E","R","E","T","?","R","M","?","M","R","BOSS","M","M","M"],"items_purchased_type":["Card"],"build_version":"2020-12-22","purchased_purges":0,"victory":false,"max_hp_per_floor":[70,70,70,70,70,75,75,75,75,75,75,75,75,75,75,75,75,75,75,75,75],"relic_stats":{"Blood Vial":10,"Happy Flower":[11],"counters":[11,54],"Mummified Hand":[6],"Question Card":7,"obtain_stats":[{"keyreminder:keyreminder":7,"Blood Vial":8,"SlaversCollar":17,"NeowsBlessing":0,"Happy Flower":10,"Mummified Hand":6,"Question Card":5,"Ring of the Snake":0},{"keyreminder:keyreminder":4,"Blood Vial":5,"SlaversCollar":8,"NeowsBlessing":0,"Happy Flower":5,"Mummified Hand":4,"Question Card":3,"Ring of the Snake":0},{"keyreminder:keyreminder":14,"Blood Vial":20,"SlaversCollar":37,"NeowsBlessing":0,"Happy Flower":20,"Mummified Hand":14,"Question Card":3,"Ring of the Snake":0}],"Ring of the Snake":[22]},"card_choices":[{"not_picked":["Caltrops","Acrobatics"],"picked":"Sucker Punch","floor":1},{"not_picked":["Riddle With Holes","Masterful Stab"],"picked":"Deflect","floor":2},{"not_picked":["Underhanded Strike","Masterful Stab","Riddle With Holes"],"picked":"SKIP","floor":4},{"not_picked":["Acrobatics","PiercingWail","Bane"],"picked":"Envenom","floor":6},{"not_picked":["Dagger Throw","Dash","Acrobatics"],"picked":"Sucker Punch","floor":8},{"not_picked":["Poisoned Stab","Sucker Punch","Outmaneuver"],"picked":"Deadly Poison","floor":12},{"not_picked":["Cloak And Dagger","Noxious Fumes","Flechettes"],"picked":"Bouncing Flask","floor":14},{"not_picked":["Deflect","PiercingWail","Finisher+1"],"picked":"Deadly Poison","floor":18},{"not_picked":["Sucker Punch+1","Storm of Steel","Deadly Poison"],"picked":"Bouncing Flask+1","floor":19}],"player_experience":79333,"relics_obtained":[{"floor":5,"key":"Question Card"},{"floor":6,"key":"Mummified Hand"},{"floor":8,"key":"Blood Vial"},{"floor":10,"key":"Happy Flower"}],"event_choices":[{"damage_healed":0,"gold_gain":0,"player_choice":"Grow","damage_taken":0,"max_hp_gain":0,"max_hp_loss":0,"event_name":"Living Wall","floor":13,"gold_loss":0,"cards_upgraded":["Deadly Poison"]}],"is_beta":false,"boss_relics":[{"not_picked":["Busted Crown","Cursed Key"],"picked":"SlaversCollar"}],"items_purged_floors":[],"is_endless":false,"potions_floor_spawned":[1,2,6,16],"killed_by":"Chosen and Byrds","ascension_level":1}}