{"host":"x3xr1fzypq6qqz5s","time":1611476958,"event":{"mods":["BaseMod","Better Vampires","Colored Powertips","DeckTracker","Highlight Path","Minty Spire (QoL Compilation)","Quick Restart","Rare Cards Sparkle","Relic Stats"],"gold_per_floor":[15,15,25,38,58,58,89,89,89,89,109,109,159,178,178,178,178],"floor_reached":16,"language":"ZHS","playtime":704,"items_purged":[],"score":102,"play_id":"4ca5a567-8fe8-473d-86b9-28ee898ec427","local_time":"20210124162918","is_ascension_mode":false,"campfire_choices":[{"data":"Eruption","floor":6.0,"key":"SMITH"},{"floor":10,"key":"REST"},{"data":"SpiritShield","floor":12,"key":"SMITH"},{"data":"Swivel","floor":15,"key":"SMITH"}],"circlet_count":0,"master_deck":["Strike_P","Strike_P","Strike_P","Defend_P","Defend_P","Defend_P","Eruption+1","Vigilance","SpiritShield+1","WheelKick","Conclude","Decay","Swivel+1","CarveReality","Sanctity","Brilliance","EmptyBody"],"relics":["PureWater","Mummified Hand","Yang"],"acts_visited":["Exordium"],"potions_floor_usage":[],"damage_taken":[{"damage":7.0,"enemies":"2 Louse","floor":1.0,"turns":3.0},{"damage":0.0,"enemies":"Cultist","floor":3.0,"turns":2.0},{"damage":0.0,"enemies":"Jaw Worm","floor":4.0,"turns":4.0},{"damage":8.0,"enemies":"Exordium Wildlife","floor":5.0,"turns":3.0},{"damage":28,"enemies":"Gremlin Nob","floor":7,"turns":5},{"damage":0,"enemies":"Blue Slaver","floor":11,"turns":2},{"damage":7,"enemies":"3 Louse","floor":14,"turns":4},{"damage":50,"enemies":"Hexaghost","floor":16,"turns":9}],"seed_played":"-2096238212250965738","potions_obtained":[{"floor":1.0,"key":"LiquidBronze"},{"floor":4.0,"key":"Swift Potion"},{"floor":7,"key":"Dexterity Potion"}],"is_trial":false,"path_per_floor":["M","?","M","M","M","R","E","?","T","R","M","R","T","M","R","B"],"character_chosen":"WATCHER","items_purchased":[],"campfire_rested":1,"item_purchase_floors":[],"current_hp_per_floor":[65,65,65,65,57,57,29,29,29,50,50,50,50,43,43,0,0],"gold":178,"neow_bonus":"TRANSFORM_TWO_CARDS","is_daily":false,"chose_seed":false,"campfire_upgraded":3,"win_rate":0.0,"timestamp":1611476958,"path_taken":["M","?","?","M","M","R","E","?","T","R","M","R","?","M","R","BOSS"],"items_purchased_type":[],"build_version":"2020-12-22","purchased_purges":0,"victory":false,"max_hp_per_floor":[72,72,72,72,72,72,72,72,72,72,72,72,72,72,72,72,72],"relic_stats":{"counters":[8,32],"Mummified Hand":[0],"Yang":[26],"obtain_stats":[{"Mummified Hand":7,"Yang":9,"PureWater":0},{"Mummified Hand":5,"Yang":5,"PureWater":0},{"Mummified Hand":17,"Yang":17,"PureWater":0}]},"card_choices":[{"not_picked":["EmptyFist","WheelKick"],"picked":"Conclude","floor":1.0},{"not_picked":["Indignation","FollowUp"],"picked":"Swivel","floor":3.0},{"not_picked":["SashWhip","Halt"],"picked":"CarveReality","floor":4.0},{"not_picked":["Evaluate","BowlingBash"],"picked":"Sanctity","floor":5.0},{"not_picked":["CutThroughFate","PathToVictory"],"picked":"Brilliance","floor":7},{"not_picked":["FlurryOfBlows","Halt","FollowUp"],"picked":"SKIP","floor":11},{"not_picked":["ClearTheMind","LikeWater"],"picked":"EmptyBody","floor":14}],"player_experience":621052,"relics_obtained":[{"floor":7,"key":"Mummified Hand"},{"floor":9,"key":"Yang"}],"event_choices":[{"damage_healed":0.0,"max_hp_gain":0.0,"max_hp_loss":0.0,"gold_gain":0.0,"event_name":"Wheel of Change","player_choice":"Cursed","floor":2.0,"gold_loss":0.0,"damage_taken":0.0,"cards_obtained":["Decay"]},{"damage_healed":0,"gold_gain":0,"player_choice":"Ignored","damage_taken":0,"max_hp_gain":0,"max_hp_loss":0,"event_name":"Liars Game","floor":8,"gold_loss":0}],"is_beta":false,"boss_relics":[],"items_purged_floors":[],"is_endless":false,"potions_floor_spawned":[1,4,7],"killed_by":"Hexaghost","ascension_level":0}}