{"host":"eeeqmyc7a1933jos","time":1611526105,"event":{"mods":["2.2 Compatiblity","Act Like it!","BaseMod","CapriCore","Colored Powertips","Conspire","Downfall","Elementarium","Friendly Minions","Gensokyo","GifTheSpireLib","Gremlin Mod","Hallownest","Hermit","Hubris","Infinite Spire","Jorbs\u0027s Wanderer Trilogy","Marisa????????","Mimic Mod","Minty Spire (QoL Compilation)","Pale of the Ancients","Random Character Button","Random Character Mod","Rare Cards Sparkle","Reimu??????","Relic Sorter","Relic Stats","Robot Space Explorer","SIMod","StSLib","The Administrix","The Bug Knight","The Disciple","The Dragon Tamer","The Hierophant","The Immortal","The Marked","The Mystic","The Runesmith","The Senshi","The Servant 0.9.4","The Vixen","TheFirefly","Wandering Minibosses"],"gold_per_floor":[111,42,42,57,57,86,102,102,147,181,27,37,37,49,49,153,153,166,180,180,198,217,217,242,242,242,242,242,192,226,244,244,346,346,361,276,290,290,309,309,322,340,340,340,369,46,62,89,89,89],"floor_reached":51,"language":"ENG","playtime":4420,"items_purged":["theMarked:Parry","theMarked:Defend"],"score":785,"play_id":"cc9caac6-8c3b-4358-8c78-5e48945f1e70","local_time":"20210124230825","is_ascension_mode":true,"campfire_choices":[{"data":"theMarked:SoldierOfQuellstein","floor":8,"key":"SMITH"},{"data":"theMarked:HeightenedSenses","floor":13,"key":"SMITH"},{"data":"theMarked:HeightenedSenses","floor":15,"key":"SMITH"},{"data":"theMarked:SelfDefenseTraining","floor":23,"key":"SMITH"},{"floor":25,"key":"DIG"},{"floor":32,"key":"DIG"},{"data":"infinitespire:NeuralNetwork","floor":40,"key":"SMITH"},{"data":"theMarked:Reabsorb","floor":44,"key":"SMITH"},{"floor":49,"key":"DIG"}],"circlet_count":0,"master_deck":["theMarked:Strike","theMarked:Strike","theMarked:Strike","theMarked:Strike","theMarked:Strike","theMarked:Defend","theMarked:Defend","theMarked:Defend","theMarked:SoldierOfQuellstein+1","theMarked:HeightenedSenses+1","theMarked:TunnelVision","theMarked:HeightenedSenses+1","theMarked:Pokerface","theMarked:SwordAndMagic","theMarked:SoldierOfQuellstein+1","theMarked:SelfDefenseTraining+1","theMarked:TakeCover","theMarked:Defy","theMarked:Pokerface","theMarked:SelfDefenseTraining","theMarked:KeepCalmAndFight+1","theMarked:Parkour","theMarked:TwofoldDefense","Hallownest:skillKingdomsEdgeMap","theMarked:BindingBlade","infinitespire:NeuralNetwork+1","theMarked:ShockingTouch+1","theMarked:Reabsorb+1","theMarked:OneWithTheBlade+1","Secret Weapon","theMarked:EmpowerWeapon+1"],"relics":["hubris:VirtuousBlindfold","infinitespire:Cubic Diamond","FaceOfCleric","hubris:ToyBattleship","MealTicket","InkBottle","DollysMirror","conspire:SpecialSausage","Shovel","conspire:DeflatedDodgeball","Smiling Mask","hubris:Towel","Kunai","HollowMod:PaleOreRelic","Sundial","Runic Dome","infinitespire:Joker Card","Anchor","Regal Pillow","Happy Flower"],"acts_visited":["Exordium","Exordium","Hallownest:CityofTears"],"potions_floor_usage":[16,18,33,50],"damage_taken":[{"damage":0,"enemies":"Cultist","floor":1,"turns":3},{"damage":3,"enemies":"Small Slimes","floor":4,"turns":2},{"damage":4,"enemies":"3 Sentries","floor":6,"turns":9},{"damage":1,"enemies":"Jaw Worm","floor":7,"turns":3},{"damage":2,"enemies":"HollowMod:MossKnight","floor":10,"turns":14},{"damage":0,"enemies":"2 Fungi Beasts","floor":12,"turns":3},{"damage":0,"enemies":"Exordium Thugs","floor":14,"turns":4},{"damage":22,"enemies":"Hexaghost","floor":16,"turns":11},{"damage":0,"enemies":"Hallownest:Guard_and_Sentry","floor":18,"turns":4},{"damage":0,"enemies":"Hallownest:3_Youths","floor":19,"turns":6},{"damage":24,"enemies":"Hallownest:monsterMisterMushroom","floor":21,"turns":8},{"damage":3,"enemies":"Hallownest:3_Mistakes","floor":22,"turns":7},{"damage":0,"enemies":"Hallownest:Nosk","floor":24,"turns":9},{"damage":5,"enemies":"Hallownest:eliteSoulWarrior","floor":30,"turns":6},{"damage":0,"enemies":"Hallownest:monsterShrumalOgre","floor":31,"turns":3},{"damage":4,"enemies":"Hallownest:BossSoulMaster","floor":33,"turns":9},{"damage":4,"enemies":"Hallownest:2_Littles","floor":35,"turns":5},{"damage":0,"enemies":"Hallownest:Shield_Heavy","floor":37,"turns":4},{"damage":0,"enemies":"Hallownest:2_Wandering_and_1_Horned","floor":39,"turns":6},{"damage":12,"enemies":"Hallownest:2_Wing_and_1_Kings","floor":41,"turns":5},{"damage":1,"enemies":"Hallownest:2_Great","floor":42,"turns":4},{"damage":0,"enemies":"Hallownest:eliteCollector","floor":45,"turns":8},{"damage":5,"enemies":"Hallownest:Slobbering_and_Violent","floor":47,"turns":5},{"damage":23,"enemies":"Hallownest:BossGreyPrinceZote","floor":50,"turns":6}],"seed_played":"8106266936976261345","potions_obtained":[{"floor":1,"key":"ZuzhouPotion:ReiMu"},{"floor":7,"key":"Slimebound:ThreeZeroPotion"},{"floor":12,"key":"Ancient Potion"},{"floor":16,"key":"Fire Potion"},{"floor":18,"key":"SmokeBomb"},{"floor":30,"key":"PowerPotion"},{"floor":37,"key":"Swift Potion"}],"is_trial":false,"path_per_floor":["M","$","?","M","?","E","M","R","T","E","$","M","R","M","R","B",null,"M","M","?","M","M","R","E","R","T","?","T","$","E","M","R","B",null,"M","?","M","?","M","R","M","M","T","R","E","$","M","T","R","B",null],"character_chosen":"THE_DEFAULT","items_purchased":["theMarked:TunnelVision","DollysMirror","theMarked:SummonPotion","Secret Weapon"],"campfire_rested":0,"item_purchase_floors":[2,11,46,46],"current_hp_per_floor":[70,70,70,67,67,64,64,64,64,63,73,74,74,75,75,54,76,77,78,78,55,53,53,54,54,54,54,54,69,65,66,66,63,84,81,81,82,61,62,62,51,51,51,51,52,67,63,63,63,41],"gold":89,"neow_bonus":"BOSS_RELIC","is_daily":false,"chose_seed":false,"campfire_upgraded":6,"win_rate":0.0,"timestamp":1611526105,"path_taken":["M","?","?","?","?","E","M","R","T","E","$","M","R","M","R","BOSS","M","M","?","?","?","R","E","R","T","?","?","$","E","M","R","BOSS","M","?","?","?","M","R","M","M","T","R","E","?","M","?","R","BOSS"],"items_purchased_type":["Card","Relic","Potion","Card"],"build_version":"2020-12-22","purchased_purges":2,"victory":true,"max_hp_per_floor":[70,70,70,70,70,71,72,72,72,73,73,74,74,75,75,76,76,77,78,78,79,80,80,81,81,81,81,81,81,82,83,83,84,84,85,85,86,86,87,87,88,89,89,89,90,90,91,91,91,92],"relic_stats":{"Regal Pillow":0,"Shovel":3,"FaceOfCleric":22,"Happy Flower":[2],"counters":[24,144],"Sundial":[6],"MealTicket":40,"Kunai":[39],"Smiling Mask":75,"obtain_stats":[{"Regal Pillow":48,"Happy Flower":49,"hubris:VirtuousBlindfold":0,"conspire:SpecialSausage":17,"infinitespire:Cubic Diamond":3,"infinitespire:Joker Card":43,"hubris:Towel":27,"Smiling Mask":26,"theMarked:ArtifactOfAir":0,"Runic Dome":34,"Anchor":45,"Shovel":24,"FaceOfCleric":5,"DollysMirror":11,"Sundial":32,"MealTicket":9,"hubris:ToyBattleship":6,"Kunai":28,"HollowMod:PaleOreRelic":30,"conspire:DeflatedDodgeball":25,"InkBottle":10},{"Regal Pillow":23,"Happy Flower":23,"hubris:VirtuousBlindfold":0,"conspire:SpecialSausage":8,"infinitespire:Cubic Diamond":1,"infinitespire:Joker Card":21,"hubris:Towel":13,"Smiling Mask":13,"theMarked:ArtifactOfAir":0,"Runic Dome":16,"Anchor":22,"Shovel":13,"FaceOfCleric":2,"DollysMirror":5,"Sundial":15,"MealTicket":4,"hubris:ToyBattleship":3,"Kunai":13,"HollowMod:PaleOreRelic":14,"conspire:DeflatedDodgeball":13,"InkBottle":5},{"Regal Pillow":138,"Happy Flower":138,"hubris:VirtuousBlindfold":0,"conspire:SpecialSausage":49,"infinitespire:Cubic Diamond":3,"infinitespire:Joker Card":125,"hubris:Towel":83,"Smiling Mask":83,"theMarked:ArtifactOfAir":0,"Runic Dome":101,"Anchor":133,"Shovel":83,"FaceOfCleric":5,"DollysMirror":31,"Sundial":92,"MealTicket":17,"hubris:ToyBattleship":14,"Kunai":83,"HollowMod:PaleOreRelic":89,"conspire:DeflatedDodgeball":83,"InkBottle":31}],"InkBottle":[47]},"card_choices":[{"not_picked":["theMarked:Memento","theMarked:Aftermath"],"picked":"theMarked:HeightenedSenses","floor":1},{"not_picked":["theMarked:ElectricStrings","theMarked:Aftermath"],"picked":"theMarked:HeightenedSenses","floor":4},{"not_picked":["theMarked:Aftermath","theMarked:Static","theMarked:Standoff"],"picked":"SKIP","floor":6},{"not_picked":["theMarked:SwordAndMagic","theMarked:Aftermath"],"picked":"theMarked:Pokerface","floor":7},{"not_picked":["theMarked:Static","theMarked:Vacuum"],"picked":"theMarked:SwordAndMagic","floor":10},{"not_picked":["theMarked:Aftermath","theMarked:Static"],"picked":"theMarked:SelfDefenseTraining","floor":12},{"not_picked":["theMarked:Challenge","theMarked:RepellingDischarge"],"picked":"theMarked:TakeCover","floor":14},{"not_picked":["theMarked:Vacuum","theMarked:UnarmedFury"],"picked":"theMarked:Defy","floor":16},{"not_picked":["theMarked:TwofoldDefense","theMarked:ResourceFulStrike"],"picked":"theMarked:Parry","floor":18},{"not_picked":["theMarked:Frustration","theMarked:RepellingDischarge"],"picked":"theMarked:Pokerface","floor":19},{"not_picked":["theMarked:EnhanceMovement","theMarked:ElectricStrings","theMarked:TurnInvisible"],"picked":"SKIP","floor":21},{"not_picked":["theMarked:TwofoldDefense+1","theMarked:Aftermath"],"picked":"theMarked:SelfDefenseTraining","floor":22},{"not_picked":["theMarked:Electrocute","theMarked:Polarize"],"picked":"theMarked:KeepCalmAndFight+1","floor":24},{"not_picked":["theMarked:Convert","theMarked:HeightenedSenses","theMarked:RepellingDischarge+1"],"picked":"SKIP","floor":30},{"not_picked":["theMarked:CreepingChasm","theMarked:WastefulAttack+1"],"picked":"theMarked:Parkour","floor":31},{"not_picked":["theMarked:Memento","theMarked:ElectricStrings"],"picked":"theMarked:TwofoldDefense","floor":35},{"not_picked":["theMarked:Convert+1","theMarked:CreepingChasm+1"],"picked":"theMarked:BindingBlade","floor":37},{"not_picked":["infinitespire:Oblivion","infinitespire:Gouge"],"picked":"infinitespire:NeuralNetwork","floor":38},{"not_picked":["theMarked:ChainLightning+1","theMarked:RepellingDischarge","theMarked:BanishingStrike"],"picked":"SKIP","floor":39},{"not_picked":["theMarked:ChainLightning","theMarked:ElectricStrings+1"],"picked":"theMarked:ShockingTouch+1","floor":41},{"not_picked":["theMarked:Parkour","theMarked:TakeCover+1"],"picked":"theMarked:Reabsorb","floor":42},{"not_picked":["theMarked:BanishingStrike","theMarked:ChainLightning"],"picked":"theMarked:OneWithTheBlade+1","floor":45},{"not_picked":["theMarked:ElectricStrings","theMarked:Static+1"],"picked":"theMarked:EmpowerWeapon+1","floor":47}],"player_experience":1622044,"relics_obtained":[{"floor":6,"key":"hubris:ToyBattleship"},{"floor":9,"key":"MealTicket"},{"floor":10,"key":"InkBottle"},{"floor":24,"key":"Shovel"},{"floor":25,"key":"conspire:DeflatedDodgeball"},{"floor":26,"key":"Smiling Mask"},{"floor":28,"key":"Kunai"},{"floor":30,"key":"HollowMod:PaleOreRelic"},{"floor":32,"key":"Sundial"},{"floor":43,"key":"infinitespire:Joker Card"},{"floor":45,"key":"Anchor"},{"floor":48,"key":"Regal Pillow"},{"floor":49,"key":"Happy Flower"}],"event_choices":[{"damage_healed":0,"gold_gain":0,"player_choice":"Trade","damage_taken":0,"relics_obtained":["FaceOfCleric"],"max_hp_gain":0,"max_hp_loss":0,"event_name":"FaceTrader","floor":5,"gold_loss":0}],"is_beta":false,"boss_relics":[{"not_picked":["RedLine:ReiMu","Runesmith:UraniumAnvil"],"picked":"conspire:SpecialSausage"},{"not_picked":["Coffee Dripper","Philosopher\u0027s Stone"],"picked":"Runic Dome"}],"items_purged_floors":[29,46],"is_endless":false,"potions_floor_spawned":[1,7,12,16,18,30,31,37,39,47],"ascension_level":1}}