{"host":"ysj15tgd1sneq0s0","time":1611465628,"event":{"mods":["AchievementEnabler","BaseMod","DeckTracker","Highlight Path","Minty Spire (QoL Compilation)","Permanent Neow","Quick Restart","StSLib","SuperFastMode","everything is the same but u backflip on backflip"],"gold_per_floor":[112,2,2,77,27,53,53,73,99,113,176,76,87,102,102,201,201,214,229,247,262,262,262],"floor_reached":22,"language":"KOR","playtime":1651,"items_purged":["Strike_G","Regret"],"score":188,"play_id":"a0ef56df-26ae-4119-803b-7d2bb5e90b26","local_time":"20210124142028","is_ascension_mode":false,"campfire_choices":[{"floor":7,"key":"REST"},{"data":"Infinite Blades","floor":15,"key":"SMITH"}],"circlet_count":0,"master_deck":["Strike_G","Strike_G","Strike_G","Strike_G","Defend_G","Defend_G","Defend_G","Defend_G","Defend_G","Survivor","Neutralize","Bane","Infinite Blades+1","Poisoned Stab","Dagger Spray","Bane","Slice","Noxious Fumes","Noxious Fumes","A Thousand Cuts","CurseOfTheBell","Deflect","Dagger Spray","Bouncing Flask"],"relics":["Ring of the Snake","MealTicket","Anchor","Thread and Needle","Blood Vial","Incense Burner","Calling Bell","Ancient Tea Set","Kunai","Bird Faced Urn"],"acts_visited":["Exordium","TheCity"],"potions_floor_usage":[16,21],"damage_taken":[{"damage":0,"enemies":"Cultist","floor":1,"turns":4},{"damage":45,"enemies":"Lagavulin","floor":6,"turns":7},{"damage":0,"enemies":"Small Slimes","floor":8,"turns":2},{"damage":0,"enemies":"2 Louse","floor":10,"turns":2},{"damage":22,"enemies":"3 Sentries","floor":11,"turns":5},{"damage":4,"enemies":"Exordium Thugs","floor":13,"turns":4},{"damage":0,"enemies":"3 Louse","floor":14,"turns":3},{"damage":23,"enemies":"Slime Boss","floor":16,"turns":7},{"damage":21,"enemies":"Shell Parasite","floor":18,"turns":6},{"damage":30,"enemies":"2 Thieves","floor":19,"turns":5},{"damage":15,"enemies":"Snecko","floor":20,"turns":5},{"damage":42,"enemies":"Shelled Parasite and Fungi","floor":21,"turns":6},{"damage":40,"enemies":"Masked Bandits","floor":22,"turns":3}],"seed_played":"4135236385358133203","potions_obtained":[{"floor":8,"key":"Regen Potion"},{"floor":11,"key":"LiquidMemories"},{"floor":14,"key":"FairyPotion"},{"floor":16,"key":"Poison Potion"},{"floor":18,"key":"SteroidPotion"}],"is_trial":false,"path_per_floor":["M","$","?","?","$","E","R","M","T","M","?","$","M","M","R","B",null,"M","M","M","M","?"],"character_chosen":"THE_SILENT","items_purchased":["Infinite Blades","Poisoned Stab"],"campfire_rested":1,"item_purchase_floors":[2,5],"current_hp_per_floor":[70,70,70,63,70,25,46,46,46,48,28,43,41,43,43,36,70,53,33,28,21,0,0],"gold":262,"neow_bonus":"RANDOM_COMMON_RELIC","is_daily":false,"chose_seed":false,"campfire_upgraded":1,"win_rate":0.0,"timestamp":1611465628,"path_taken":["M","$","?","?","$","E","R","M","T","?","?","?","M","M","R","BOSS","M","M","M","M","?"],"items_purchased_type":["Card","Card"],"build_version":"2020-12-22","purchased_purges":2,"victory":false,"max_hp_per_floor":[70,70,70,70,70,70,70,70,70,70,70,70,70,70,70,70,70,70,70,70,70,70,70],"card_choices":[{"not_picked":["Sucker Punch","Calculated Gamble"],"picked":"Bane","floor":1},{"not_picked":["Sucker Punch","All Out Attack"],"picked":"Dagger Spray","floor":6},{"not_picked":["Quick Slash","Expertise"],"picked":"Bane","floor":8},{"not_picked":["Dagger Throw","Blade Dance"],"picked":"Slice","floor":10},{"not_picked":["Blade Dance","Tools of the Trade"],"picked":"Noxious Fumes","floor":13},{"not_picked":["Deflect","Underhanded Strike"],"picked":"Noxious Fumes","floor":14},{"not_picked":["Doppelganger","Adrenaline"],"picked":"A Thousand Cuts","floor":16},{"not_picked":["Heel Hook","Dagger Throw"],"picked":"Deflect","floor":18},{"not_picked":["Sucker Punch","Choke"],"picked":"Dagger Spray","floor":19},{"not_picked":["Poisoned Stab+1","Quick Slash"],"picked":"Bouncing Flask","floor":20},{"not_picked":["Underhanded Strike","Predator+1","Expertise"],"picked":"SKIP","floor":21}],"player_experience":23244,"relics_obtained":[{"floor":6,"key":"Thread and Needle"},{"floor":9,"key":"Blood Vial"},{"floor":17,"key":"Ancient Tea Set"},{"floor":17,"key":"Kunai"},{"floor":17,"key":"Bird Faced Urn"}],"event_choices":[{"damage_healed":0,"gold_gain":0,"player_choice":"Box","damage_taken":0,"relics_obtained":["Anchor"],"max_hp_gain":0,"max_hp_loss":0,"event_name":"Big Fish","floor":3,"gold_loss":0,"cards_obtained":["Regret"]},{"damage_healed":0,"gold_gain":75,"player_choice":"Touch","damage_taken":7,"max_hp_gain":0,"max_hp_loss":0,"event_name":"FaceTrader","floor":4,"gold_loss":0},{"damage_healed":0,"gold_gain":0,"player_choice":"Searched \u00272\u0027 times","damage_taken":0,"relics_obtained":["Incense Burner"],"max_hp_gain":0,"max_hp_loss":0,"event_name":"Dead Adventurer","floor":11,"gold_loss":0},{"damage_healed":0,"gold_gain":0,"player_choice":"Fought Bandits","damage_taken":0,"max_hp_gain":0,"max_hp_loss":0,"event_name":"Masked Bandits","floor":22,"gold_loss":0}],"is_beta":false,"boss_relics":[{"not_picked":["SacredBark","Snecko Eye"],"picked":"Calling Bell"}],"items_purged_floors":[2,12],"is_endless":false,"potions_floor_spawned":[8,11,14,16,18,20],"killed_by":"Masked Bandits","ascension_level":0}}