{"host":"t9zjxed0utvsfjwc","time":1611499381,"event":{"mods":["2.2 Compatiblity","Aspiration","BaseMod","Better Altar","Better Match","Better Note","Better Sensory Stone","Better Skull","Better Third Choice","Block Reminder","Colored Map","Colored Powertips","Custom Start","Hermit","Highlight Path","Hubris","Infinite Spire","Minty Spire (QoL Compilation)","Quick Restart","Rare Cards Sparkle","Replay The Spire","Shade Mod","StSLib","The Cursed","The Disciple","The Marked","The Runesmith","Unceasing Turn Reminder","everything is the same but u backflip on backflip"],"gold_per_floor":[110,110,0,0,0,29,29,59,82,114,62,62,87,101,101,201,201,217,217,228,143,143,177,187,11,57,57,77,92,92,111,111,207,207,232,263,263,263,298,345,345,378,427,485,529,579,579,651,751,751],"floor_reached":51,"language":"ENG","playtime":2317,"items_purged":[],"score":1287,"play_id":"3416e93b-9e63-4153-a5cf-2f3e585c03f4","local_time":"20210124144301","is_ascension_mode":true,"campfire_choices":[{"data":"Enlightenment","floor":7,"key":"SMITH"},{"floor":32,"key":"REST"},{"data":"LockedBlood","floor":41,"key":"SMITH"},{"data":"Defend_R+1","floor":49,"key":"PURGE"}],"circlet_count":0,"master_deck":["Defend_R+1","Bash","Iron Wave","ReplayTheSpireMod:Chaos Vortex+1","Enlightenment+1","Twin Strike","LockedScales","LockedThread","LockedBlood+1","LockedThread","ReplayTheSpireMod:Limb From Limb","Feed","Anger+1","ReplayTheSpireMod:Stacked+1","Pommel Strike","Reaper","Pommel Strike+1","Perfected Strike"],"relics":["Burning Blood","aspiration:Nostalgia","m_MercuryCore","infinitespire:Golems Mask","hubris:64BitClover","PreservedInsect","aspiration:ArtOfWarUpgrade","infinitespire:Burning Sword","Replay:Bottled Snecko","Blood Vial","Bloody Idol","hubris:DeckOfHolding","War Paint","King of Hearts","Brimstone","Kintsugi","hubris:ChampionShield","hubris:Towel","infinitespire:EvilPickle","Busted Crown","Empty Cage","Strange Spoon","Ring of Fury","hubris:MobiusCoin","Potion Belt","Blue Doll","Letter Opener","hubris:PeanutButter"],"acts_visited":["Exordium","TheCity","TheBeyond"],"potions_floor_usage":[13,23,24,31,31,35,36,44,46,50,50],"damage_taken":[{"damage":0,"enemies":"Small Slimes","floor":1,"turns":3},{"damage":0,"enemies":"3 Sentries","floor":6,"turns":7},{"damage":0,"enemies":"Gremlin Nob","floor":8,"turns":4},{"damage":0,"enemies":"3 Sentries","floor":10,"turns":4},{"damage":6,"enemies":"Gremlin Nob","floor":13,"turns":4},{"damage":1,"enemies":"2 Louse","floor":14,"turns":2},{"damage":0,"enemies":"Slime Boss","floor":16,"turns":7},{"damage":0,"enemies":"3 Byrds","floor":18,"turns":3},{"damage":0,"enemies":"Shell Parasite","floor":20,"turns":3},{"damage":20,"enemies":"Gremlin Leader","floor":23,"turns":4},{"damage":15,"enemies":"Cultist and Chosen","floor":24,"turns":5},{"damage":0,"enemies":"3 Cultists","floor":28,"turns":3},{"damage":10,"enemies":"Chosen and Byrds","floor":29,"turns":5},{"damage":13,"enemies":"Cultist and Chosen","floor":31,"turns":3},{"damage":40,"enemies":"Pondfish","floor":33,"turns":5},{"damage":12,"enemies":"Orb Walker","floor":35,"turns":3},{"damage":17,"enemies":"3 Darklings","floor":36,"turns":4},{"damage":2,"enemies":"Transient","floor":39,"turns":5},{"damage":44,"enemies":"Reptomancer","floor":40,"turns":4},{"damage":2,"enemies":"Maw","floor":42,"turns":6},{"damage":14,"enemies":"R_Hoarder","floor":44,"turns":4},{"damage":16,"enemies":"Writhing Mass","floor":45,"turns":3},{"damage":23,"enemies":"Spire Growth","floor":46,"turns":5},{"damage":3,"enemies":"Nemesis","floor":48,"turns":3},{"damage":21,"enemies":"infinitespire:MassOfShapes","floor":50,"turns":6}],"seed_played":"6207524722183178888","potions_obtained":[{"floor":10,"key":"ColorlessPotion"},{"floor":18,"key":"FearPotion"},{"floor":23,"key":"Ancient Potion"},{"floor":24,"key":"ColorlessPotion"},{"floor":29,"key":"Toxic Potion"},{"floor":33,"key":"Ancient Potion"},{"floor":35,"key":"Toxic Potion"},{"floor":39,"key":"Flashbang"},{"floor":40,"key":"infinitespire:BlackPotion"},{"floor":46,"key":"SteroidPotion"},{"floor":48,"key":"DuplicationPotion"}],"is_trial":false,"path_per_floor":["M","?","?","?","?","E","R","E","T","E","$","R","E","M","R","B",null,"M","?","M","?","?","E","M","$","T","AVR","M","M","?","M","R","B",null,"M","M","AVR","?","M","E","R","M","T","E","M","M","?","E","R_BF","B",null],"character_chosen":"IRONCLAD","items_purchased":["LockedBlood","War Paint","Pommel Strike"],"campfire_rested":1,"item_purchase_floors":[11,25,25],"current_hp_per_floor":[80,60,66,66,66,72,72,78,78,84,84,84,86,86,86,86,86,86,86,86,86,21,18,22,22,27,27,43,55,55,55,82,64,95,95,95,95,95,95,67,67,95,95,95,98,101,98,104,104,104],"gold":751,"neow_bonus":"NOSTALGIA","is_daily":false,"chose_seed":false,"campfire_upgraded":2,"win_rate":0.0,"timestamp":1611499381,"path_taken":["M","?","?","?","?","E","R","E","T","E","$","R","E","M","R","BOSS","M","?","M","?","?","E","?","?","T","AVR","M","?","?","M","R","BOSS","M","M","AVR","?","M","E","R","M","T","E","M","M","?","E","R_BF","BOSS"],"items_purchased_type":["Card","Relic","Card"],"build_version":"2020-12-22","purchased_purges":0,"victory":true,"max_hp_per_floor":[80,80,86,86,86,86,86,86,86,86,86,86,86,86,86,86,86,86,86,86,86,86,86,86,86,86,86,89,92,92,92,92,95,95,95,95,95,95,95,95,95,95,95,95,98,101,98,104,104,104],"card_choices":[{"not_picked":["Life Link","Thunderclap"],"picked":"Iron Wave","floor":1},{"not_picked":["infinitespire:DeathsTouch","ReplayTheSpireMod:??????????????????????"],"picked":"ReplayTheSpireMod:Chaos Vortex","floor":2},{"not_picked":["Clothesline","Dark Embrace"],"picked":"Twin Strike","floor":6},{"not_picked":["Replay:Undeath\u0027s Touch","Inflame"],"picked":"LockedScales","floor":8},{"not_picked":["Anger","Eclipse"],"picked":"LockedThread","floor":10},{"not_picked":["Anger","Reaper"],"picked":"LockedThread","floor":13},{"not_picked":["hubris:CleavingFinish","Flex"],"picked":"ReplayTheSpireMod:Limb From Limb","floor":14},{"not_picked":["Brutality","LockedFlame"],"picked":"Feed","floor":16},{"not_picked":["Rampage","Perfected Strike","Entrench"],"picked":"SKIP","floor":18},{"not_picked":["Bloodletting+1","Sword Boomerang+1"],"picked":"Anger+1","floor":20},{"not_picked":["Clothesline","True Grit"],"picked":"ReplayTheSpireMod:Stacked+1","floor":23},{"not_picked":["Body Slam+1","Cleave","Fire Breathing"],"picked":"SKIP","floor":24},{"not_picked":["Twin Strike","Thunderclap","Warcry"],"picked":"SKIP","floor":28},{"not_picked":["Body Slam","Cleave+1","Thunderclap"],"picked":"SKIP","floor":29},{"not_picked":["ReplayReversal","Replay:Undeath\u0027s Touch+1","Havoc"],"picked":"SKIP","floor":31},{"not_picked":["Demonic Infusion","Replay:Many Hands"],"picked":"Reaper","floor":33},{"not_picked":[],"picked":"Pommel Strike+1","floor":35},{"not_picked":["Body Slam+1"],"picked":"SKIP","floor":36},{"not_picked":["Massacre"],"picked":"SKIP","floor":39},{"not_picked":[],"picked":"Perfected Strike","floor":40},{"not_picked":["ReplayTheSpireMod:Strike From Hell+1"],"picked":"SKIP","floor":42},{"not_picked":["hubris:SharpeningStone"],"picked":"SKIP","floor":44},{"not_picked":["Clash"],"picked":"SKIP","floor":45},{"not_picked":["Flex"],"picked":"SKIP","floor":46},{"not_picked":["Armaments"],"picked":"SKIP","floor":48}],"player_experience":407273,"relics_obtained":[{"floor":6,"key":"infinitespire:Golems Mask"},{"floor":8,"key":"hubris:64BitClover"},{"floor":9,"key":"PreservedInsect"},{"floor":10,"key":"Art of War"},{"floor":23,"key":"hubris:DeckOfHolding"},{"floor":26,"key":"King of Hearts"},{"floor":29,"key":"hubris:ChampionShield"},{"floor":38,"key":"Ring of Fury"},{"floor":40,"key":"hubris:MobiusCoin"},{"floor":43,"key":"Potion Belt"},{"floor":44,"key":"Blue Doll"},{"floor":45,"key":"Letter Opener"},{"floor":48,"key":"hubris:PeanutButter"}],"event_choices":[{"damage_healed":0,"gold_gain":0,"player_choice":"RENOUNCE","damage_taken":110,"max_hp_gain":0,"max_hp_loss":0,"event_name":"betterThird:BetterSerpent","floor":3,"gold_loss":110,"cards_obtained":["Enlightenment"]},{"cards_removed":["Defend_R"],"damage_healed":0,"gold_gain":0,"player_choice":"Purged","damage_taken":0,"max_hp_gain":0,"max_hp_loss":0,"event_name":"Purifier","floor":5,"gold_loss":0},{"cards_removed":["ReplayTheSpireMod:Chaos Vortex"],"damage_healed":0,"gold_gain":0,"player_choice":"Give","damage_taken":0,"max_hp_gain":0,"max_hp_loss":0,"event_name":"betterNote:BetterNote","floor":19,"gold_loss":0,"cards_obtained":["hermit:Determination"]},{"damage_healed":0,"gold_gain":0,"player_choice":"Obtained Relic","damage_taken":0,"relics_obtained":["Replay:Bottled Snecko"],"max_hp_gain":0,"max_hp_loss":0,"event_name":"Addict","floor":21,"gold_loss":85},{"damage_healed":0,"gold_gain":0,"player_choice":" Vial Idol ","damage_taken":65,"relics_obtained":["Blood Vial","Bloody Idol"],"max_hp_gain":86,"max_hp_loss":21,"event_name":"betterAltar:BetterAltar","floor":22,"potions_obtained":[],"relics_lost":[],"gold_loss":0},{"cards_removed":["Parasite","Voices","Clumsy"],"damage_healed":0,"gold_gain":0,"player_choice":"Removed Curses","damage_taken":0,"max_hp_gain":0,"max_hp_loss":0,"event_name":"Fountain of Cleansing","floor":47,"gold_loss":0}],"is_beta":false,"boss_relics":[{"not_picked":["aspiration:RitualDagger","Cursed Key"],"picked":"infinitespire:Burning Sword"},{"not_picked":["aspiration:DefectSkillbook","Fusion Hammer"],"picked":"Busted Crown"}],"items_purged_floors":[],"is_endless":false,"potions_floor_spawned":[10,18,23,24,29,33,35,39,40,46,48],"ascension_level":1}}