{"host":"Rich","time":1611464135,"event":{"mods":["AchievementEnabler","BaseMod","Highlight Path","Minty Spire (QoL Compilation)","Relic Stats"],"gold_per_floor":[110,185,11,11,11,38,38,73,73,73,89,121,46,46,46,123,123,143,43,93,106,118,146,21,50,76,86,86,105,138,150,150,227,227,244,244,1243,715,765,765,64,90,143,160,160,160,185,201,201,201,201,201,201,3,29,29],"floor_reached":57,"language":"ENG","playtime":2595,"items_purged":["Strike_G","Pain","Strike_G","Normality","Normality"],"score":2939,"play_id":"4e7e787f-4393-47e2-ad0d-593ee7876e10","local_time":"20210123235535","is_ascension_mode":true,"campfire_choices":[{"data":"Noxious Fumes","floor":7.0,"key":"SMITH"},{"data":"Catalyst","floor":10.0,"key":"SMITH"},{"data":"Leg Sweep","floor":15.0,"key":"SMITH"},{"floor":28.0,"key":"REST"},{"data":"Wraith Form v2","floor":32.0,"key":"SMITH"},{"floor":40.0,"key":"RECALL"},{"data":"Panacea","floor":45.0,"key":"SMITH"},{"data":"Well Laid Plans","floor":49.0,"key":"SMITH"},{"data":"Dagger Spray","floor":53,"key":"SMITH"}],"circlet_count":0,"master_deck":["AscendersBane","Strike_G+1","Strike_G+1","Defend_G","Defend_G","Defend_G","Defend_G","Defend_G","Survivor","Neutralize","Leg Sweep+1","Noxious Fumes+1","Catalyst+1","Poisoned Stab+1","Poisoned Stab","PiercingWail","Deadly Poison","Wraith Form v2+1","CurseOfTheBell","Crippling Poison","Distraction+1","Dagger Spray+1","PiercingWail+1","Caltrops","Backstab+1","Well Laid Plans+1","Panacea+1","Backstab+1","Blur+1","Sadistic Nature","Dodge and Roll"],"relics":["Ring of the Snake","NeowsBlessing","Blood Vial","Akabeko","Pantograph","Happy Flower","WarpedTongs","Calling Bell","Anchor","InkBottle","Thread and Needle","Meat on the Bone","HornCleat","Oddly Smooth Stone","The Courier","SlaversCollar","PreservedInsect","Bottled Tornado","Mummified Hand","Bronze Scales","Bottled Lightning","Omamori","Ancient Tea Set","Whetstone"],"acts_visited":["Exordium","TheCity","TheBeyond","TheEnding"],"potions_floor_usage":[56],"damage_taken":[{"damage":0.0,"enemies":"2 Louse","floor":1.0,"turns":1.0},{"damage":0.0,"enemies":"Lagavulin","floor":6.0,"turns":1.0},{"damage":0.0,"enemies":"3 Sentries","floor":8.0,"turns":1.0},{"damage":0.0,"enemies":"Small Slimes","floor":11.0,"turns":3.0},{"damage":36.0,"enemies":"Gremlin Nob","floor":12.0,"turns":4.0},{"damage":9.0,"enemies":"The Guardian","floor":16.0,"turns":7.0},{"damage":8.0,"enemies":"3 Byrds","floor":18.0,"turns":5.0},{"damage":4.0,"enemies":"2 Thieves","floor":21.0,"turns":5.0},{"damage":6.0,"enemies":"Centurion and Healer","floor":22.0,"turns":5.0},{"damage":23.0,"enemies":"Book of Stabbing","floor":23.0,"turns":5.0},{"damage":26.0,"enemies":"Gremlin Leader","floor":25.0,"turns":8.0},{"damage":10.0,"enemies":"Chosen and Byrds","floor":27.0,"turns":7.0},{"damage":5.0,"enemies":"Shelled Parasite and Fungi","floor":29.0,"turns":5.0},{"damage":0.0,"enemies":"Slavers","floor":30.0,"turns":4.0},{"damage":0.0,"enemies":"Snake Plant","floor":31.0,"turns":3.0},{"damage":2.0,"enemies":"Automaton","floor":33.0,"turns":10.0},{"damage":18.0,"enemies":"3 Darklings","floor":35.0,"turns":6.0},{"damage":3.0,"enemies":"Nemesis","floor":42.0,"turns":5.0},{"damage":0.0,"enemies":"Orb Walker","floor":44.0,"turns":4.0},{"damage":6.0,"enemies":"Giant Head","floor":47.0,"turns":7.0},{"damage":0.0,"enemies":"Sphere and 2 Shapes","floor":48.0,"turns":5.0},{"damage":31.0,"enemies":"Time Eater","floor":50.0,"turns":14.0},{"damage":43,"enemies":"Awakened One","floor":51,"turns":17},{"damage":15,"enemies":"Shield and Spear","floor":55,"turns":7},{"damage":90,"enemies":"The Heart","floor":56,"turns":11}],"seed_played":"-7507372752319509563","potions_obtained":[{"floor":6.0,"key":"ColorlessPotion"},{"floor":8.0,"key":"Regen Potion"},{"floor":21.0,"key":"Strength Potion"},{"floor":27.0,"key":"Regen Potion"},{"floor":31.0,"key":"EntropicBrew"},{"floor":35.0,"key":"Swift Potion"},{"floor":55,"key":"FairyPotion"}],"is_trial":false,"path_per_floor":["M","?","$","?","?","E","R","E","T","R","M","E","$","?","R","B",null,"M","$","?","M","M","E","$","E","T","M","R","M","E","M","R","B",null,"M","?","?","$","?","R","$","E","T","M","R","?","E","M","R","B","B",null,"R","$","E","B",null],"character_chosen":"THE_SILENT","items_purchased":["Noxious Fumes","Catalyst","Poisoned Stab","PreservedInsect","Bottled Tornado","Panacea","Mummified Hand","Bronze Scales","Bottled Lightning","Sadistic Nature","Weak Potion"],"campfire_rested":1,"item_purchase_floors":[3,3,3,38,38,38,41,41,41,54,54],"current_hp_per_floor":[59,48,48,28,50,50,50,52,52,52,54,20,20,20,20,38,59,53,53,53,51,47,41,41,29,29,33,52,49,51,53,53,64,66,62,62,62,62,62,62,62,61,61,63,63,63,59,61,61,35,31,57,57,57,44,31],"gold":29,"neow_bonus":"THREE_ENEMY_KILL","is_daily":false,"chose_seed":false,"campfire_upgraded":7,"win_rate":0.0,"timestamp":1611464135,"path_taken":["M","?","$","?","?","E","R","E","T","R","M","E","$","?","R","BOSS","M","$","?","M","M","E","$","E","T","M","R","M","E","M","R","BOSS","M","?","?","$","?","R","$","E","T","?","R","?","E","M","R","BOSS","BOSS","R","$","E","BOSS"],"items_purchased_type":["Card","Card","Card","Relic","Relic","Card","Relic","Relic","Relic","Card","Potion"],"build_version":"2020-12-18","purchased_purges":5,"victory":true,"max_hp_per_floor":[66,66,66,66,66,66,66,66,66,66,66,66,66,66,66,66,66,66,66,66,66,66,66,66,66,66,66,66,66,66,66,66,66,66,66,66,66,66,66,66,66,66,66,66,66,66,66,66,66,66,66,66,66,66,66,66],"relic_stats":{"Happy Flower":[46],"counters":[25,150],"PreservedInsect":257,"Whetstone":["Poisoned Stab","Backstab"],"WarpedTongs":[133],"Blood Vial":38,"Mummified Hand":[34],"Pantograph":90,"Bronze Scales":[377],"obtain_stats":[{"NeowsBlessing":0,"Happy Flower":12,"Oddly Smooth Stone":26,"Thread and Needle":17,"The Courier":30,"PreservedInsect":38,"Omamori":42,"Whetstone":55,"Bottled Tornado":38,"Ancient Tea Set":47,"Akabeko":8,"WarpedTongs":14,"Blood Vial":6,"Calling Bell":17,"SlaversCollar":34,"Anchor":17,"HornCleat":25,"Mummified Hand":41,"Pantograph":9,"Bronze Scales":41,"Bottled Lightning":41,"InkBottle":17,"Ring of the Snake":0,"Meat on the Bone":23},{"NeowsBlessing":0,"Happy Flower":5,"Oddly Smooth Stone":11,"Thread and Needle":6,"The Courier":14,"PreservedInsect":17,"Omamori":18,"Whetstone":24,"Bottled Tornado":17,"Ancient Tea Set":20,"Akabeko":3,"WarpedTongs":5,"Blood Vial":2,"Calling Bell":6,"SlaversCollar":16,"Anchor":6,"HornCleat":11,"Mummified Hand":17,"Pantograph":3,"Bronze Scales":17,"Bottled Lightning":17,"InkBottle":6,"Ring of the Snake":0,"Meat on the Bone":10},{"NeowsBlessing":0,"Happy Flower":10,"Oddly Smooth Stone":45,"Thread and Needle":17,"The Courier":61,"PreservedInsect":80,"Omamori":85,"Whetstone":139,"Bottled Tornado":80,"Ancient Tea Set":96,"Akabeko":3,"WarpedTongs":10,"Blood Vial":2,"Calling Bell":17,"SlaversCollar":74,"Anchor":17,"HornCleat":45,"Mummified Hand":80,"Pantograph":3,"Bronze Scales":80,"Bottled Lightning":80,"InkBottle":17,"Ring of the Snake":0,"Meat on the Bone":37}],"InkBottle":[45],"Ring of the Snake":[50],"Meat on the Bone":48},"card_choices":[{"not_picked":["Underhanded Strike","Dodge and Roll"],"picked":"Leg Sweep","floor":1.0},{"not_picked":["Underhanded Strike","Flying Knee"],"picked":"Poisoned Stab","floor":6.0},{"not_picked":["Blade Dance","Accuracy"],"picked":"PiercingWail","floor":8.0},{"not_picked":["Backflip","Glass Knife"],"picked":"Deadly Poison","floor":11.0},{"not_picked":["Dash","Poisoned Stab","Underhanded Strike"],"picked":"SKIP","floor":12.0},{"not_picked":["Adrenaline","Night Terror"],"picked":"Wraith Form v2","floor":16.0},{"not_picked":["Dodge and Roll","Backflip"],"picked":"Crippling Poison","floor":18.0},{"not_picked":["Flying Knee","Cloak And Dagger","Outmaneuver"],"picked":"SKIP","floor":21.0},{"not_picked":["Poisoned Stab","Calculated Gamble"],"picked":"Distraction+1","floor":22.0},{"not_picked":["Storm of Steel","Underhanded Strike"],"picked":"Dagger Spray","floor":23.0},{"not_picked":["Underhanded Strike","Flying Knee"],"picked":"PiercingWail+1","floor":25.0},{"not_picked":["Outmaneuver","Deadly Poison","Bane"],"picked":"SKIP","floor":27.0},{"not_picked":["Prepared","Blade Dance"],"picked":"Caltrops","floor":29.0},{"not_picked":["Dash+1","Underhanded Strike"],"picked":"Backstab","floor":30.0},{"not_picked":["Expertise","Underhanded Strike","Skewer"],"picked":"SKIP","floor":31.0},{"not_picked":["Deflect","Expertise+1"],"picked":"Well Laid Plans","floor":35.0},{"not_picked":["Skewer","Underhanded Strike","Poisoned Stab"],"picked":"SKIP","floor":42.0},{"not_picked":["All Out Attack","Dodge and Roll"],"picked":"Backstab+1","floor":44.0},{"not_picked":["Leg Sweep","Eviscerate","Sucker Punch"],"picked":"SKIP","floor":47.0},{"not_picked":["Slice","Poisoned Stab+1"],"picked":"Blur+1","floor":48.0},{"not_picked":["Quick Slash","Eviscerate+1"],"picked":"Dodge and Roll","floor":55}],"player_experience":2013061,"relics_obtained":[{"floor":6.0,"key":"Blood Vial"},{"floor":8.0,"key":"Akabeko"},{"floor":9.0,"key":"Pantograph"},{"floor":12.0,"key":"Happy Flower"},{"floor":17.0,"key":"Anchor"},{"floor":17.0,"key":"InkBottle"},{"floor":17.0,"key":"Thread and Needle"},{"floor":23.0,"key":"Meat on the Bone"},{"floor":25.0,"key":"HornCleat"},{"floor":26.0,"key":"Oddly Smooth Stone"},{"floor":30.0,"key":"The Courier"},{"floor":42.0,"key":"Omamori"},{"floor":47.0,"key":"Ancient Tea Set"},{"floor":55,"key":"Whetstone"}],"event_choices":[{"damage_healed":0.0,"max_hp_gain":0.0,"max_hp_loss":0.0,"gold_gain":75.0,"event_name":"World of Goop","player_choice":"Gather Gold","floor":2.0,"gold_loss":0.0,"damage_taken":11.0},{"damage_healed":0.0,"max_hp_gain":0.0,"max_hp_loss":0.0,"gold_gain":0.0,"event_name":"Shining Light","player_choice":"Entered Light","floor":4.0,"gold_loss":0.0,"damage_taken":20.0,"cards_upgraded":["Strike_G","Strike_G"]},{"damage_healed":22.0,"max_hp_gain":0.0,"max_hp_loss":0.0,"gold_gain":0.0,"event_name":"Big Fish","player_choice":"Banana","floor":5.0,"gold_loss":0.0,"damage_taken":0.0},{"damage_healed":0.0,"max_hp_gain":0.0,"max_hp_loss":0.0,"gold_gain":0.0,"event_name":"Accursed Blacksmith","player_choice":"Rummage","floor":14.0,"gold_loss":0.0,"damage_taken":0.0,"relics_obtained":["WarpedTongs"],"cards_obtained":["Pain"]},{"damage_healed":0.0,"max_hp_gain":0.0,"max_hp_loss":0.0,"gold_gain":50.0,"event_name":"Nest","player_choice":"Stole From Cult","floor":20.0,"gold_loss":0.0,"damage_taken":0.0},{"cards_removed":["Strike_G"],"damage_healed":0.0,"max_hp_gain":0.0,"max_hp_loss":0.0,"gold_gain":0.0,"event_name":"Falling","player_choice":"Removed Attack","floor":36.0,"gold_loss":0.0,"damage_taken":0.0},{"damage_healed":0.0,"max_hp_gain":0.0,"max_hp_loss":0.0,"gold_gain":999.0,"event_name":"MindBloom","player_choice":"Gold","floor":37.0,"gold_loss":0.0,"damage_taken":0.0,"cards_obtained":["Normality","Normality"]},{"damage_healed":0.0,"max_hp_gain":0.0,"max_hp_loss":0.0,"gold_gain":50.0,"event_name":"Golden Shrine","player_choice":"Pray","floor":39.0,"gold_loss":0.0,"damage_taken":0.0},{"damage_healed":0.0,"max_hp_gain":0.0,"max_hp_loss":0.0,"gold_gain":0.0,"event_name":"Wheel of Change","player_choice":"Cursed","floor":46.0,"gold_loss":0.0,"damage_taken":0.0,"cards_obtained":["Decay"]}],"is_beta":true,"boss_relics":[{"not_picked":["Cursed Key","Ectoplasm"],"picked":"Calling Bell"},{"not_picked":["Velvet Choker","Pandora\u0027s Box"],"picked":"SlaversCollar"}],"items_purged_floors":[13,19,24,38,41],"is_endless":false,"potions_floor_spawned":[6,8,21,22,27,31,33,35,44,55],"ascension_level":20}}