{"host":"8inpc3yxphy2r27y","time":1611449943,"event":{"mods":["ATMod(°¢èªMod)","Bard","BaseMod","Better Synergies","Challenge The Spire","Conspire","Downfall","Energized Spire","FutureSeer","Gremlin Mod","KinomotoSakuraMod(Ä¾Ö®±¾Ó£)","Minty Spire (QoL Compilation)","Quick Restart","Red Circlet Mod","Replay The Spire","RumiaBox-Â¶Ã×æ«µÄÉñÃØºÐ×Ó","RyuuouÁúÍõ","SIMod","Shop Mod","Spicy Shops","StSLib","TestMod","The Construct","The Cursed","The Gatherer","The Hierophant","[IsaacMod]ÒÔÈö¼âËþ","[JumpMod]Îè¶¯¼âËþ","noobMod","vexMod","¡¾ÒÅÎï¿¨ÅÆ¡¿REMEMod","óô»ðÖ¸ÄÏ"],"gold_per_floor":[99,111,117,135,152,51,120,185,185,85,85,178,78,169,255,423,423,18,106,215,215,215,329,439,574,574,724,947,1121,1300,1505,183,420,662,992,992,992,1242,1597,927,1278,1119,1119,1484,1905,2286,2298,2741,2753,2765,3169,3105,3117,3673,3381,2814,2814,2814],"floor_reached":57,"language":"ZHS","playtime":21931,"items_purged":["Regret"],"score":1212,"play_id":"aab96592-45af-4cfd-ac98-18ad20b75243","local_time":"20210124085903","is_ascension_mode":true,"campfire_choices":[{"floor":1.0,"key":"RECALL"},{"data":"hierophant:RustyCrate","floor":10.0,"key":"SMITH"},{"data":"hierophant:RustyCrate","floor":13.0,"key":"SMITH"}],"circlet_count":0,"master_deck":["hierophant:Strike_Hierophant","hierophant:Strike_Hierophant","hierophant:Strike_Hierophant","hierophant:Strike_Hierophant","hierophant:Punish","hierophant:Defend_Hierophant","hierophant:Defend_Hierophant","hierophant:Defend_Hierophant","hierophant:Defend_Hierophant","hierophant:ChurchCoffers","FriendshipIsMagic","AT_FamilyPortrait","hierophant:OrnateBuckler+1","hierophant:AuricShield","hierophant:Doomsaying","hierophant:RustyCrate+1","hierophant:Doubloon","hierophant:Doubloon","hierophant:RustyCrate+1","hierophant:Doubloon","hierophant:Doubloon+1","hierophant:TollTheBells","hierophant:OrnateBuckler+1","Pain","downfall:Malfunctioning","hierophant:EyeForCoin","hierophant:Prophecy","hierophant:Doubloon","hierophant:HammerAndAnvil","hierophant:Doubloon","hierophant:Levitation","conspire:Blindness","hierophant:Doubloon","hierophant:FlamingChariot","hierophant:OrnateBuckler+1","hierophant:FaithHealing","hierophant:Doubloon+1","hierophant:Doubloon","hierophant:Remorse","hierophant:Doubloon","hierophant:Remorse","hierophant:Doubloon","hierophant:EyeForCoin","hierophant:Doubloon","hierophant:Doubloon","hierophant:Refuge","hierophant:Doubloon","hierophant:Doubloon","hierophant:Remorse","hierophant:Doubloon","hierophant:Remorse","hierophant:Doubloon","hierophant:RecallFunds","hierophant:RustyCrate","hierophant:Doubloon","hierophant:Doubloon","hierophant:RustyCrate","hierophant:Doubloon","hierophant:Doubloon","hierophant:Shelter","hierophant:Doubloon","hierophant:Cornucopia","hierophant:RustyCrate","hierophant:Doubloon","hierophant:Doubloon","hierophant:Doubloon","hierophant:Remorse+1","hierophant:Doubloon","REME_FirmDetermination","hierophant:BulkyChest","hierophant:OrnateBuckler","hierophant:OrnateJavelin","hierophant:Refuge","hierophant:Doubloon","hierophant:Doubloon","hierophant:Doubloon","hierophant:RustyCrate","hierophant:Doubloon","hierophant:Doubloon","hierophant:Exaltation","hierophant:HolyVerse","Replay:SS_forest_2","hierophant:Purify","hierophant:RustyCrate","hierophant:Doubloon","hierophant:Doubloon","hierophant:Doubloon","hierophant:Purify+1","hierophant:CursedGold+1","hierophant:Doubloon","hierophant:AuricForm","hierophant:RustyCrate","hierophant:Doubloon","hierophant:Doubloon","hierophant:OrnateBuckler+1","hierophant:Doubloon","hierophant:CoinFling+1","hierophant:Rebuild+1"],"relics":["hierophant:PropheticMaskRelic","HushsDoor","REME_ComplimentaryCards","testmod-TestBox","AT_ATBox","HowToJump","ice","PillsDrop","testmod-ChristmasGift","testmod-ArcanaOfDestiny","WarpedTongs","downfall:HeartBlessingRed","GnawedLeaf","downfall:HeartBlessingGreen","MagicMushroom","MerchantsRug","ReplayTheSpireMod:CursedCoin","AT_ChloranthyRing","GodSword3","Toy Ornithopter","testmod-BlackFramedGlasses","Torii","downfall:HeartBlessingBlue","SteamSale","testmod-TurbochargingSystem","ReplayTheSpireMod:Lightbulb","ReplayTheSpireMod:Ninjato","testmod-Hope","conspire:TreasureMap","testmod-Muramasa","testmod-NegativeEmotionEnhancer","BlankCard","Strange Spoon","Pen Nib","BargainBundle","Bag of Preparation","hexamod:CandleOfCauterizing","vexMod:RedPlottingStone","YumHeart","MawBank","Snack Pack","testmod-LifeArmor","vexMod:InvisibilityCloak","AT_SunfireAegis","TuHaoJin","Medical Kit","Orrery","Orichalcum","Frozen Eye","TheBattery","AT_GuinsooRageblade","InkBottle","Du-Vu Doll"],"acts_visited":["Exordium","TheCity","TheBeyond","TheEnding"],"potions_floor_usage":[51,51,51,51,52,52,52,52,54],"damage_taken":[{"damage":10.0,"enemies":"Cultist","floor":2.0,"turns":4.0},{"damage":0.0,"enemies":"Jaw Worm","floor":3.0,"turns":2.0},{"damage":0.0,"enemies":"2 Louse","floor":4.0,"turns":3.0},{"damage":19.0,"enemies":"Blue Slaver","floor":5.0,"turns":3.0},{"damage":5.0,"enemies":"downfall:FleeingMerchant","floor":6.0,"turns":4.0},{"damage":22.0,"enemies":"Exordium Wildlife","floor":8.0,"turns":4.0},{"damage":22.0,"enemies":"3 Sentries","floor":12.0,"turns":6.0},{"damage":0.0,"enemies":"Lots of Slimes","floor":14.0,"turns":1.0},{"damage":13.0,"enemies":"Blue Slaver","floor":15.0,"turns":3.0},{"damage":60.0,"enemies":"WA_ARCHETYPE_RETAIN","floor":16.0,"turns":10.0},{"damage":0.0,"enemies":"3 Byrds","floor":19.0,"turns":3.0},{"damage":0.0,"enemies":"Centurion and Healer","floor":20.0,"turns":4.0},{"damage":1.0,"enemies":"Cultist and Chosen","floor":23.0,"turns":5.0},{"damage":2.0,"enemies":"conspire:HollyBat","floor":24.0,"turns":9.0},{"damage":19.0,"enemies":"Centurion and Healer","floor":25.0,"turns":5.0},{"damage":1.0,"enemies":"Replay:Snechameleon","floor":27.0,"turns":4.0},{"damage":36.0,"enemies":"conspire:MimicChest","floor":28.0,"turns":7.0},{"damage":72.0,"enemies":"Slavers","floor":29.0,"turns":6.0},{"damage":12.0,"enemies":"Sentry and Sphere","floor":30.0,"turns":3.0},{"damage":0.0,"enemies":"REME_1_Revenger","floor":31.0,"turns":3.0},{"damage":0.0,"enemies":"Replay:Snechameleon","floor":33.0,"turns":2.0},{"damage":7.0,"enemies":"Snake Plant","floor":34.0,"turns":1.0},{"damage":85.0,"enemies":"SI_MIRROR_ARCHETYPE","floor":35.0,"turns":9.0},{"damage":0.0,"enemies":"Orb Walker","floor":38.0,"turns":1.0},{"damage":50.0,"enemies":"3 Darklings","floor":39.0,"turns":6.0},{"damage":4.0,"enemies":"downfall:FleeingMerchant","floor":40.0,"turns":5.0},{"damage":0.0,"enemies":"Maw","floor":41.0,"turns":7.0},{"damage":5.0,"enemies":"Writhing Mass","floor":44.0,"turns":4.0},{"damage":11.0,"enemies":"Nemesis","floor":45.0,"turns":6.0},{"damage":7.0,"enemies":"Transient","floor":46.0,"turns":6.0},{"damage":8.0,"enemies":"Hiden Room Battle","floor":48.0,"turns":3.0},{"damage":11,"enemies":"Maw","floor":51,"turns":6},{"damage":5,"enemies":"IC_BLOCK_ARCHETYPE","floor":52,"turns":12},{"damage":37,"enemies":"downfall:CharBossMerchant","floor":54,"turns":5},{"damage":0,"enemies":"downfall:NeowBoss","floor":57,"turns":3}],"seed_played":"112671432794743246","potions_obtained":[{"floor":5.0,"key":"FearPotion"},{"floor":23.0,"key":"LiquidMemories"},{"floor":30.0,"key":"Energy Potion"},{"floor":33.0,"key":"Milkshake"},{"floor":39.0,"key":"Explosive Potion"},{"floor":44.0,"key":"ColorlessPotion"},{"floor":50,"key":"Guardian:BlockOnCardUsePotion"},{"floor":54,"key":"FearPotion"}],"is_trial":false,"path_per_floor":["R","M","M","M","M","$","T","M","?","R","?","E","R","M","M","B",null,"R","M","M","PTL","PTL","M","M","M","T","E","?","E","M","E","R","E","M","B",null,"R","M","M","$","M","$","T","M","E","M","?","?","T","?","M","B",null,"E","$","R","B"],"character_chosen":"HIEROPHANT","items_purchased":["hierophant:TollTheBells","MerchantsRug","ReplayTheSpireMod:CursedCoin","AT_ChloranthyRing","GodSword3","SteamSale","testmod-TurbochargingSystem","ReplayTheSpireMod:Lightbulb","ReplayTheSpireMod:Ninjato","testmod-Hope","hierophant:RustyCrate","conspire:TreasureMap","REME_FirmDetermination","BlankCard","Strange Spoon","hierophant:BulkyChest","Pen Nib","hierophant:OrnateBuckler","hierophant:OrnateJavelin","hierophant:Refuge","BargainBundle","REME_GoldPotion","testmod-TestPotion","EntropicBrew","Bag of Preparation","hexamod:CandleOfCauterizing","vexMod:RedPlottingStone","Slimebound:ThreeZeroPotion","TuHaoJin","hierophant:CursedGold+1","Medical Kit","Orrery","Orichalcum","Frozen Eye","TheBattery","AT_GuinsooRageblade","InkBottle","Du-Vu Doll"],"campfire_rested":0,"item_purchase_floors":[6,18,18,18,18,32,32,32,32,32,32,32,40,40,40,40,40,40,40,40,42,42,42,42,42,42,42,42,55,55,55,55,56,56,56,56,56,56],"current_hp_per_floor":[82,74,76,77,58,57,57,41,41,41,41,31,31,31,37,54,89,89,84,87,87,87,86,90,74,74,78,79,41,43,67,77,100,93,35,100,100,101,73,103,104,104,104,105,102,101,91,92,92,92,109,116,119,104,104,104,121,121],"gold":2814,"neow_bonus":"TEN_PERCENT_HP_BONUS","is_daily":false,"chose_seed":false,"campfire_upgraded":2,"win_rate":0.0,"timestamp":1611449943,"path_taken":["R","M","M","M","?","$","T","M","?","R","?","E","R","?","M","BOSS","R","M","?","PTL","PTL","M","M","M","T","E","?","E","M","E","R","E","M","BOSS","R","M","M","?","M","$","T","M","E","?","?","?","?","?","M","BOSS","E","$","R","BOSS"],"items_purchased_type":["Card","Relic","Relic","Relic","Relic","Relic","Relic","Relic","Relic","Relic","Card","Relic","Card","Relic","Relic","Card","Relic","Card","Card","Card","Relic","Potion","Potion","Potion","Relic","Relic","Relic","Potion","Relic","Card","Relic","Relic","Relic","Relic","Relic","Relic","Relic","Relic"],"build_version":"2020-12-22","purchased_purges":1,"victory":false,"max_hp_per_floor":[82,77,77,77,77,77,77,77,77,77,77,77,77,77,80,82,89,89,84,87,87,87,87,90,90,90,90,90,90,90,90,100,100,100,100,100,100,101,102,103,104,104,104,105,106,107,107,108,108,108,109,119,119,128,128,128,129,129],"card_choices":[{"not_picked":[],"picked":"Bomb","floor":0.0},{"not_picked":["hierophant:Doubloon","hierophant:Zeal"],"picked":"hierophant:OrnateBuckler","floor":2.0},{"not_picked":["hierophant:DisplayOfPower","hierophant:MirrorShield"],"picked":"hierophant:AuricShield","floor":3.0},{"not_picked":["hierophant:RepressedViolence","Bomb"],"picked":"hierophant:Doomsaying","floor":4.0},{"not_picked":["hierophant:Doubloon","hierophant:ThreeLashes"],"picked":"hierophant:RustyCrate","floor":5.0},{"not_picked":["hierophant:Upheaval","hierophant:AuricBeam"],"picked":"hierophant:RustyCrate","floor":6.0},{"not_picked":["Bomb","hierophant:Zeal"],"picked":"hierophant:OrnateBuckler","floor":8.0},{"not_picked":["Bomb","hierophant:Sermon"],"picked":"hierophant:EyeForCoin","floor":12.0},{"not_picked":["hierophant:Zeal","hierophant:MirrorShield"],"picked":"hierophant:Prophecy","floor":14.0},{"not_picked":["hierophant:DisplayOfPower","hierophant:HolyVerse"],"picked":"hierophant:HammerAndAnvil","floor":15.0},{"not_picked":["hierophant:LocustPlague","hierophant:DeathKnell"],"picked":"hierophant:Levitation","floor":16.0},{"not_picked":["hierophant:Zeal","hierophant:Smite"],"picked":"hierophant:FlamingChariot","floor":19.0},{"not_picked":["hierophant:Prophecy","hierophant:Chorus+1"],"picked":"hierophant:OrnateBuckler","floor":20.0},{"not_picked":["hierophant:MorningPrayer","hierophant:Purify"],"picked":"hierophant:FaithHealing","floor":23.0},{"not_picked":["hierophant:OrnateBuckler","hierophant:MorningPrayer"],"picked":"hierophant:Remorse","floor":24.0},{"not_picked":["hierophant:FlamingChariot","hierophant:Encroach"],"picked":"hierophant:Remorse","floor":25.0},{"not_picked":["hierophant:WrathOfGod","hierophant:FlamingChariot"],"picked":"hierophant:EyeForCoin","floor":27.0},{"not_picked":["hierophant:HammerAndAnvil","hierophant:DisplayOfPower"],"picked":"hierophant:Refuge","floor":28.0},{"not_picked":["hierophant:PristineSoul","hierophant:RepressedViolence"],"picked":"hierophant:Remorse","floor":29.0},{"not_picked":["hierophant:RepressedViolence","hierophant:Refuge"],"picked":"hierophant:Remorse","floor":30.0},{"not_picked":["hierophant:AuricBeam","hierophant:HolyVerse"],"picked":"hierophant:RecallFunds","floor":31.0},{"not_picked":["hierophant:FieryStrike","hierophant:Community"],"picked":"hierophant:RustyCrate","floor":33.0},{"not_picked":["hierophant:Smite","hierophant:Zeal"],"picked":"hierophant:Shelter","floor":34.0},{"not_picked":["hierophant:Anathema","hierophant:DeathKnell"],"picked":"hierophant:Cornucopia","floor":35.0},{"not_picked":["hierophant:HolyVerse","hierophant:CoinFling+1"],"picked":"hierophant:RustyCrate","floor":38.0},{"not_picked":["hierophant:Doubloon+1","hierophant:Endure+1"],"picked":"hierophant:Remorse+1","floor":39.0},{"not_picked":["hierophant:DisplayOfPower","hierophant:FaithHealing","hierophant:Blessing"],"picked":"SKIP","floor":40.0},{"not_picked":["hierophant:DisplayOfPower+1","hierophant:EyeForCoin","hierophant:HammerAndAnvil"],"picked":"SKIP","floor":41.0},{"not_picked":["hierophant:Doubloon+1","hierophant:Charity"],"picked":"hierophant:RustyCrate","floor":44.0},{"not_picked":["hierophant:Sermon","hierophant:Martyrdom"],"picked":"hierophant:Exaltation","floor":45.0},{"not_picked":["hierophant:Flagellation+1","hierophant:EyeForCoin+1"],"picked":"hierophant:HolyVerse","floor":46.0},{"not_picked":["expansioncontent:HyperBeam","expansioncontent:Chronoboost"],"picked":"Replay:SS_forest_2","floor":47.0},{"not_picked":["hierophant:Zeal+1","hierophant:Patience"],"picked":"hierophant:Purify","floor":48.0},{"not_picked":["hierophant:SealAway","hierophant:ArchangelShield+1"],"picked":"hierophant:RustyCrate","floor":51},{"not_picked":["hierophant:ArchangelShield+1","hierophant:PassingBell"],"picked":"hierophant:Purify+1","floor":54},{"not_picked":["hierophant:TollTheBells","hierophant:HolyVerse"],"picked":"hierophant:AuricForm","floor":55},{"not_picked":["hierophant:Flagellation","hierophant:EyeForCoin+1"],"picked":"hierophant:RustyCrate","floor":55},{"not_picked":["hierophant:CoinFling","hierophant:Smite"],"picked":"hierophant:OrnateBuckler+1","floor":55},{"not_picked":["hierophant:PassingBell","hierophant:Zeal"],"picked":"hierophant:CoinFling+1","floor":55},{"not_picked":["hierophant:Levitation","hierophant:Purify"],"picked":"hierophant:Rebuild+1","floor":55}],"player_experience":28592,"relics_obtained":[{"floor":7.0,"key":"testmod-ArcanaOfDestiny"},{"floor":12.0,"key":"GnawedLeaf"},{"floor":27.0,"key":"Toy Ornithopter"},{"floor":28.0,"key":"D4"},{"floor":29.0,"key":"testmod-BlackFramedGlasses"},{"floor":31.0,"key":"Torii"},{"floor":33.0,"key":"testmod-Muramasa"},{"floor":43.0,"key":"YumHeart"},{"floor":45.0,"key":"MawBank"},{"floor":48.0,"key":"Snack Pack"},{"floor":48.0,"key":"testmod-LifeArmor"},{"floor":49.0,"key":"vexMod:InvisibilityCloak"},{"floor":54,"key":"AT_SunfireAegis"}],"event_choices":[{"damage_healed":0.0,"max_hp_gain":0.0,"max_hp_loss":0.0,"gold_gain":0.0,"event_name":"Accursed Blacksmith","player_choice":"Rummage","floor":9.0,"gold_loss":0.0,"damage_taken":0.0,"relics_obtained":["WarpedTongs"],"cards_obtained":["Pain"]},{"damage_healed":0.0,"max_hp_gain":0.0,"max_hp_loss":0.0,"gold_gain":0.0,"event_name":"HidenRoomEvent","player_choice":"Fight","floor":48.0,"gold_loss":0.0,"damage_taken":0.0}],"is_beta":false,"boss_relics":[{"not_picked":["testmod-PortableAltar","vexMod:CursedCompass"],"picked":"MagicMushroom"},{"not_picked":[]},{"not_picked":["vexMod:RockOfEvil","vexMod:ImprovementManual"],"picked":"testmod-NegativeEmotionEnhancer"},{"not_picked":[]}],"items_purged_floors":[56],"is_endless":false,"potions_floor_spawned":[5,8,12,14,19,23,30,33,39,44,51,54],"killed_by":"downfall:NeowBoss","ascension_level":1}}