{"host":"18wi9kpcl4eah7pe","time":1611527031,"event":{"mods":["BaseMod","Colored Powertips","Downfall","Minty Spire (QoL Compilation)","StSLib"],"gold_per_floor":[0,12,12,12,0,14,14,14,33,33,62,82,82,96,112,112,112,112],"floor_reached":16,"language":"ENG","playtime":514,"items_purged":[],"score":127,"play_id":"753435e2-38fa-4483-880f-ba75ae5d7eb7","local_time":"20210124162351","is_ascension_mode":false,"campfire_choices":[{"floor":8,"key":"RECALL"}],"circlet_count":0,"master_deck":["sneckomod:Strike","sneckomod:Strike","sneckomod:Strike","sneckomod:Defend","sneckomod:Defend","sneckomod:Defend","sneckomod:TailWhip","sneckomod:SnekBite","Madness","sneckomod:WideSting","Regret","sneckomod:UnknownColorless","sneckomod:SerpentMind","sneckomod:UnknownX","Madness","sneckomod:UnknownClassBLUE","Madness","sneckomod:UnknownStrike","sneckomod:UnknownBoss","Madness"],"relics":["sneckomod:SneckoSoul","Lantern","Shuriken","Bag of Marbles"],"acts_visited":["Exordium"],"potions_floor_usage":[11,16,16,16],"damage_taken":[{"damage":0,"enemies":"Cultist","floor":2,"turns":3},{"damage":1,"enemies":"downfall:FleeingMerchant","floor":5,"turns":4},{"damage":13,"enemies":"Jaw Worm","floor":6,"turns":4},{"damage":0,"enemies":"2 Louse","floor":9,"turns":2},{"damage":21,"enemies":"Lagavulin","floor":11,"turns":5},{"damage":0,"enemies":"Exordium Wildlife","floor":12,"turns":3},{"damage":9,"enemies":"Large Slime","floor":14,"turns":5},{"damage":14,"enemies":"2 Fungi Beasts","floor":15,"turns":3},{"damage":47,"enemies":"IC_STATUS_ARCHETYPE","floor":16,"turns":8}],"seed_played":"-8000942497054225561","potions_obtained":[{"floor":2,"key":"hexamod:SoulburnPotion"},{"floor":4,"key":"downfall:CursedFountainPotion"},{"floor":12,"key":"Block Potion"},{"floor":14,"key":"sneckomod:MuddlingPotion"},{"floor":15,"key":"Regen Potion"}],"is_trial":false,"path_per_floor":["R","M","?","?","$","M","T","R","M","R","E","M","R","M","M","B"],"character_chosen":"THE_SNECKO","items_purchased":[],"campfire_rested":0,"item_purchase_floors":[],"current_hp_per_floor":[90,90,90,90,89,76,76,76,76,76,55,55,55,46,32,0,0,0],"gold":112,"neow_bonus":"THREE_RARE_CARDS","is_daily":false,"chose_seed":false,"campfire_upgraded":0,"win_rate":0.0,"timestamp":1611527031,"path_taken":["R","M","?","?","$","M","T","R","?","R","E","M","R","M","M","BOSS"],"items_purchased_type":[],"build_version":"2020-12-22","purchased_purges":0,"victory":false,"max_hp_per_floor":[90,90,90,90,90,90,90,90,90,90,90,90,90,90,90,90,90,90],"card_choices":[{"not_picked":["sneckomod:UnlimitedRolls","sneckomod:SoulExchange"],"picked":"sneckomod:UnknownRarePower","floor":0},{"not_picked":["sneckomod:Unknown1Cost","sneckomod:UnknownX"],"picked":"sneckomod:WideSting","floor":2},{"not_picked":["sneckomod:SoulDraw","sneckomod:UnknownCommonAttack"],"picked":"sneckomod:UnknownColorless","floor":5},{"not_picked":["sneckomod:UnknownClassTHE_BRONZE_AUTOMATON","sneckomod:ImprovisedGuard"],"picked":"sneckomod:SerpentMind","floor":6},{"not_picked":["sneckomod:UnknownDraw","sneckomod:SoulDraw"],"picked":"sneckomod:UnknownX","floor":9},{"not_picked":["sneckomod:SoulDraw","sneckomod:UnknownDraw"],"picked":"sneckomod:UnknownClassBLUE","floor":11},{"not_picked":["sneckomod:SoulRoll","sneckomod:WideSting"],"picked":"sneckomod:UnknownBlock","floor":12},{"not_picked":["sneckomod:UnknownClassHEXA_GHOST_PURPLE","sneckomod:Nope"],"picked":"sneckomod:UnknownStrike","floor":14},{"not_picked":["sneckomod:UnknownDraw","sneckomod:UnknownClassSLIMEBOUND"],"picked":"sneckomod:UnknownBoss","floor":15}],"player_experience":951822,"relics_obtained":[{"floor":7,"key":"Shuriken"},{"floor":11,"key":"Bag of Marbles"}],"event_choices":[{"damage_healed":0,"gold_gain":0,"player_choice":"Box","damage_taken":0,"relics_obtained":["Lantern"],"max_hp_gain":0,"max_hp_loss":0,"event_name":"Big Fish","floor":3,"gold_loss":0,"cards_obtained":["Regret"]}],"is_beta":false,"boss_relics":[],"items_purged_floors":[],"is_endless":false,"potions_floor_spawned":[2,12,14,15],"killed_by":"IC_STATUS_ARCHETYPE","ascension_level":0}}