{"host":"gvmmh8a4dbuurnvz","time":1611457230,"event":{"mods":["AchievementEnabler","Aspiration","BaseMod","Better Vampires","BetterRewards","Colored Powertips","Highlight Path","Minty Spire (QoL Compilation)","MostiFishMod","Spicy Shops","StSLib","¡¾ÒÅÎï¿¨ÅÆ¡¿REMEMod"],"gold_per_floor":[110,185,199,37,56,88,99,131,131,131,146,146,174,195,195,272,272,288,303,103,103,122,148,148,473,498,498,533,549,180,191,191,267,-1133,-1115,-1095,-1078,-1078,-1062,-1062,-1031,-1031,-1031,-1006,-978,-959,-909,-881,-881,-881,-881],"floor_reached":52,"language":"ZHS","playtime":1169,"items_purged":["Defend_R","Strike_R","Bash","Strike_R","Strike_R","Strike_R","Strike_R"],"score":3615,"play_id":"630011ed-5a6b-43a0-b643-dd539d29c57e","local_time":"20210124110030","is_ascension_mode":true,"campfire_choices":[{"data":"MostiFishMod:RacingGame","floor":10.0,"key":"SMITH"},{"data":"Thunderclap","floor":15.0,"key":"SMITH"},{"data":"MostiFishMod:HellRitual","floor":24.0,"key":"SMITH"},{"data":"MostiFishMod:CullingBlade","floor":27.0,"key":"SMITH"},{"data":"Defend_R","floor":32,"key":"PURGE"},{"data":"Defend_R","floor":40,"key":"PURGE"},{"data":"Defend_R","floor":42,"key":"PURGE"},{"data":"REME_Flogging","floor":49,"key":"SMITH"}],"circlet_count":0,"master_deck":["AscendersBane","REME_Flogging+1","MostiFishMod:RacingGame+1","Sword Boomerang","Thunderclap+1","MostiFishMod:CullingBlade+1","MostiFishMod:HellRitual+1"],"relics":["Burning Blood","DaveBox","REME_ComplimentaryCards","ExusiaiGun","Bag of Preparation","BionicSphere","HandDrill","CaptainsWheel","Ginger","aspiration:HatOfInfinitePower","SynthV:TestCard","Anchor","aspiration:Lifesprig","Akabeko","REME_HourglassOfDeath","HornCleat","Odd Mushroom","REME_LowDesire","MutagenicStrength","Toxic Egg 2","Old Coin","Peace Pipe","SynthV:MejaisSoulstealer","Happy Flower","Sundial","Ancient Tea Set"],"acts_visited":["Exordium","TheCity","TheBeyond"],"potions_floor_usage":[],"damage_taken":[{"damage":0.0,"enemies":"Jaw Worm","floor":1.0,"turns":1.0},{"damage":0.0,"enemies":"2 Louse","floor":3.0,"turns":1.0},{"damage":0.0,"enemies":"Small Slimes","floor":5.0,"turns":1.0},{"damage":0.0,"enemies":"Lagavulin","floor":6.0,"turns":1.0},{"damage":0.0,"enemies":"Blue Slaver","floor":7.0,"turns":1.0},{"damage":0.0,"enemies":"Gremlin Nob","floor":8.0,"turns":1.0},{"damage":0.0,"enemies":"3 Louse","floor":11.0,"turns":1.0},{"damage":0.0,"enemies":"3 Sentries","floor":13.0,"turns":1.0},{"damage":0.0,"enemies":"The Mushroom Lair","floor":14.0,"turns":1.0},{"damage":0.0,"enemies":"Hexaghost","floor":16.0,"turns":2.0},{"damage":0.0,"enemies":"2 Thieves","floor":18.0,"turns":1.0},{"damage":0.0,"enemies":"Shell Parasite","floor":19.0,"turns":1.0},{"damage":0.0,"enemies":"Centurion and Healer","floor":22.0,"turns":1.0},{"damage":0.0,"enemies":"Gremlin Leader","floor":23.0,"turns":2.0},{"damage":0.0,"enemies":"Book of Stabbing","floor":25.0,"turns":1.0},{"damage":0.0,"enemies":"Slavers","floor":28.0,"turns":1.0},{"damage":0.0,"enemies":"3 Cultists","floor":29.0,"turns":1.0},{"damage":0,"enemies":"Snecko","floor":31,"turns":1},{"damage":0,"enemies":"Champ","floor":33,"turns":1},{"damage":5,"enemies":"3 Shapes","floor":35,"turns":1},{"damage":0,"enemies":"3 Darklings","floor":36,"turns":1},{"damage":0,"enemies":"Writhing Mass","floor":37,"turns":1},{"damage":0,"enemies":"Maw","floor":39,"turns":1},{"damage":0,"enemies":"Reptomancer","floor":41,"turns":1},{"damage":0,"enemies":"Mind Bloom Boss Battle","floor":44,"turns":1},{"damage":0,"enemies":"Giant Head","floor":45,"turns":1},{"damage":0,"enemies":"Transient","floor":46,"turns":1},{"damage":0,"enemies":"Nemesis","floor":48,"turns":1},{"damage":0,"enemies":"Awakened One","floor":50,"turns":2},{"damage":0,"enemies":"Donu and Deca","floor":51,"turns":1}],"seed_played":"8221032414913065233","potions_obtained":[{"floor":1.0,"key":"Ancient Potion"},{"floor":5.0,"key":"BlessingOfTheForge"},{"floor":14.0,"key":"Fruit Juice"},{"floor":18.0,"key":"PowerPotion"},{"floor":23.0,"key":"Dexterity Potion"}],"is_trial":false,"path_per_floor":["M","?","M","$","M","E","M","E","T","R","M","$","E","?","R","B",null,"M","M","$","?","M","E","R","E","T","R","E","M","$","M","R","B",null,"M","M","M","$","M","R","E","R","T","?","E","M","?","E","R","B","B",null],"character_chosen":"IRONCLAD","items_purchased":["Bag of Preparation","BionicSphere","HandDrill","REME_Flogging","CaptainsWheel","Ginger","MostiFishMod:RacingGame","aspiration:HatOfInfinitePower","Anchor","Peace Pipe"],"campfire_rested":0,"item_purchase_floors":[0,0,0,0,0,0,0,0,4,30],"current_hp_per_floor":[74,63,69,69,75,75,75,75,75,75,75,75,75,80,80,80,80,80,80,80,80,80,80,80,80,80,80,80,80,80,80,80,80,80,80,80,80,80,80,80,80,80,80,80,80,80,80,80,80,80,80],"gold":-881,"neow_bonus":"","is_daily":false,"chose_seed":false,"campfire_upgraded":5,"win_rate":0.0,"timestamp":1611457230,"path_taken":["M","?","M","$","M","E","M","E","T","R","M","$","E","?","R","BOSS","M","M","$","?","M","E","R","E","T","R","E","M","$","M","R","BOSS","M","M","M","$","M","R","E","R","T","?","E","M","?","E","R","BOSS","BOSS"],"items_purchased_type":["Relic","Relic","Relic","Card","Relic","Relic","Card","Relic","Relic","Relic"],"build_version":"2020-12-22","purchased_purges":7,"victory":true,"max_hp_per_floor":[75,75,75,75,75,75,75,75,75,75,75,75,75,80,80,80,80,80,80,80,80,80,80,80,80,80,80,80,80,80,80,80,80,80,80,80,80,80,80,80,80,80,80,80,80,80,80,80,80,80,80],"card_choices":[{"not_picked":["Anger","Wild Strike"],"picked":"Sword Boomerang","floor":1.0},{"not_picked":["Pommel Strike","Anger","Shrug It Off","Cleave"],"picked":"Thunderclap","floor":3.0},{"not_picked":["Armaments","Anger","Inflame","Carnage","Heavy Blade"],"picked":"SKIP","floor":5.0},{"not_picked":["Perfected Strike","Evolve","Dual Wield","Body Slam","Impervious"],"picked":"SKIP","floor":6.0},{"not_picked":["Perfected Strike","Evolve","Dual Wield","Body Slam","Impervious"],"picked":"SKIP","floor":6.0},{"not_picked":["Twin Strike","Shockwave","Warcry","Body Slam","Pommel Strike"],"picked":"SKIP","floor":7.0},{"not_picked":["MostiFishMod:#F4004","Twin Strike","Battle Trance","Shrug It Off","Sentinel"],"picked":"SKIP","floor":8.0},{"not_picked":["Clothesline","Warcry","Perfected Strike","Clash"],"picked":"MostiFishMod:CullingBlade","floor":11.0},{"not_picked":["Sword Boomerang","MostiFishMod:BrandingRite","Fiend Fire","Anger","Shrug It Off"],"picked":"SKIP","floor":13.0},{"not_picked":["MostiFishMod:TemporaryOutbreak","Berserk","Impervious","Fiend Fire"],"picked":"MostiFishMod:HellRitual","floor":16.0},{"not_picked":["Thunderclap+1","Evolve","Warcry","Ghostly Armor","Iron Wave","REME_BattleFury"],"picked":"SKIP","floor":18.0},{"not_picked":["Anger","Shrug It Off","MostiFishMod:#F4004","Flex","Wild Strike","Mayhem"],"picked":"SKIP","floor":19.0},{"not_picked":["Pommel Strike","Wild Strike","Clash","Power Through","Dual Wield+1","REME_MawOfCthun"],"picked":"SKIP","floor":22.0},{"not_picked":["Wild Strike","MostiFishMod:CullingBlade","Headbutt","True Grit+1","Flex+1","Dark Shackles+1"],"picked":"SKIP","floor":23.0},{"not_picked":["Body Slam","Armaments+1","Flex+1","Impervious+1","Clothesline","MostiFishMod:SupremeArchaeology+1"],"picked":"SKIP","floor":25.0},{"not_picked":["Anger","Second Wind+1","Burning Pact+1","Metallicize","Searing Blow","REME_Flogging"],"picked":"SKIP","floor":28.0},{"not_picked":["Headbutt","Body Slam","Combust","Clash","Wild Strike","REME_ShortnessOfBreath+1"],"picked":"SKIP","floor":29.0},{"not_picked":["Headbutt+1","Pommel Strike","Inflame","Whirlwind","Reckless Charge","Secret Technique+1"],"picked":"SKIP","floor":31},{"not_picked":["Iron Wave","Shockwave+1","REME_FearOfPain","Infernal Blade+1","Combust","Deep Breath+1"],"picked":"SKIP","floor":35},{"not_picked":["Pommel Strike","Armaments+1","Clash+1","Disarm+1","Sword Boomerang","REME_EyeOfCthun"],"picked":"SKIP","floor":36},{"not_picked":["Flex+1","Fire Breathing","Wild Strike","Shrug It Off+1","Warcry+1","Finesse+1"],"picked":"SKIP","floor":37},{"not_picked":["REME_Scribble+1","Twin Strike+1","Dropkick","Body Slam+1","Clothesline","REME_HeartOfCthun"],"picked":"SKIP","floor":39},{"not_picked":["Body Slam","Heavy Blade+1","Berserk","Pommel Strike+1","Dual Wield+1","REME_FirmDetermination+1"],"picked":"SKIP","floor":41},{"not_picked":["Anger","Sword Boomerang+1","Warcry+1","Disarm+1","Heavy Blade","REME_ProfessionalPlagiarism+1"],"picked":"SKIP","floor":45},{"not_picked":["Armaments+1","Thunderclap","REME_SingleHolding+1","Rampage","Iron Wave","REME_AllRoundStrike"],"picked":"SKIP","floor":46},{"not_picked":["Thunderclap","Evolve","Berserk","Heavy Blade+1","Shrug It Off+1","REME_WheelOfFate+1"],"picked":"SKIP","floor":48}],"player_experience":299391,"relics_obtained":[{"floor":1.0,"key":"SynthV:TestCard"},{"floor":6.0,"key":"aspiration:Lifesprig"},{"floor":8.0,"key":"Akabeko"},{"floor":9.0,"key":"REME_HourglassOfDeath"},{"floor":13.0,"key":"HornCleat"},{"floor":14.0,"key":"Odd Mushroom"},{"floor":23.0,"key":"Toxic Egg 2"},{"floor":25.0,"key":"Old Coin"},{"floor":41,"key":"Happy Flower"},{"floor":43,"key":"Sundial"},{"floor":48,"key":"Ancient Tea Set"}],"event_choices":[{"damage_healed":0.0,"max_hp_gain":0.0,"max_hp_loss":0.0,"gold_gain":75.0,"event_name":"World of Goop","player_choice":"Gather Gold","floor":2.0,"gold_loss":0.0,"damage_taken":11.0},{"damage_healed":0.0,"max_hp_gain":0.0,"max_hp_loss":0.0,"gold_gain":0.0,"event_name":"Mushrooms","player_choice":"Fought Mushrooms","floor":14.0,"gold_loss":0.0,"damage_taken":0.0},{"damage_healed":0.0,"max_hp_gain":0.0,"max_hp_loss":0.0,"gold_gain":0.0,"event_name":"Drug Dealer","player_choice":"Inject Mutagens","floor":21.0,"gold_loss":0.0,"damage_taken":0.0,"relics_obtained":["MutagenicStrength"]},{"damage_healed":0,"gold_gain":0,"player_choice":"Fight","damage_taken":0,"max_hp_gain":0,"max_hp_loss":0,"event_name":"MindBloom","floor":44,"gold_loss":0},{"damage_healed":0,"gold_gain":50,"player_choice":"Pray","damage_taken":0,"max_hp_gain":0,"max_hp_loss":0,"event_name":"Golden Shrine","floor":47,"gold_loss":0}],"is_beta":false,"boss_relics":[{"not_picked":["TimeKeys","EE1DDrone"],"picked":"REME_LowDesire"},{"not_picked":["Velvet Choker","REME_DuelDisc"],"picked":"SynthV:MejaisSoulstealer"}],"items_purged_floors":[0,0,0,0,0,20,30],"is_endless":false,"potions_floor_spawned":[1,5,6,14,18,22,23,31,36,41,44,46],"ascension_level":20}}