{"host":"sum4dy402bbv9y4o","time":1611456160,"event":{"mods":["Aspiration","BaseMod","Conspire","Highlight Path","Minty Spire (QoL Compilation)","StSLib"],"gold_per_floor":[119,194,119,32,43,75,75,113,140,174,38,38,82,106,106,189,189,214,242,17,26,53,53,53],"floor_reached":23,"language":"ENG","playtime":818,"items_purged":["Defend_P","Defend_P"],"score":684,"play_id":"99d2bcc2-b010-45cc-9ffc-5dc7ec6a3285","local_time":"20210124054240","is_ascension_mode":true,"campfire_choices":[{"data":"Eruption","floor":7,"key":"SMITH"},{"data":"MentalFortress","floor":15,"key":"SMITH"}],"circlet_count":0,"master_deck":["AscendersBane","Strike_P","Strike_P","Strike_P","Defend_P","Defend_P","Eruption+1","Vigilance","WheelKick","MentalFortress+1","FlurryOfBlows","TalkToTheHand","SashWhip","ClearTheMind","CutThroughFate","JustLucky","Protect","Vengeance","SpiritShield","EmptyBody","Perseverance","JustLucky","RitualDagger","BowlingBash"],"relics":["PureWater","NeowsBlessing","FossilizedHelix","CeramicFish","Happy Flower","aspiration:FetidBarrel","Strawberry","SlaversCollar"],"acts_visited":["Exordium","TheCity"],"potions_floor_usage":[8,18,18,23],"damage_taken":[{"damage":0,"enemies":"Jaw Worm","floor":1,"turns":1},{"damage":0,"enemies":"2 Louse","floor":5,"turns":1},{"damage":0,"enemies":"Lagavulin","floor":6,"turns":1},{"damage":25,"enemies":"3 Sentries","floor":8,"turns":4},{"damage":0,"enemies":"Gremlin Nob","floor":10,"turns":3},{"damage":0,"enemies":"Lagavulin","floor":13,"turns":4},{"damage":0,"enemies":"Small Slimes","floor":14,"turns":3},{"damage":0,"enemies":"Slime Boss","floor":16,"turns":5},{"damage":30,"enemies":"3 Byrds","floor":18,"turns":4},{"damage":0,"enemies":"Spheric Guardian","floor":19,"turns":3},{"damage":16,"enemies":"Chosen and Byrds","floor":22,"turns":8},{"damage":22,"enemies":"Slavers","floor":23,"turns":2}],"seed_played":"2704549289394018193","potions_obtained":[{"floor":6,"key":"LiquidBronze"},{"floor":8,"key":"Fruit Juice"},{"floor":13,"key":"SpeedPotion"},{"floor":18,"key":"Strength Potion"},{"floor":19,"key":"EssenceOfSteel"}],"is_trial":false,"path_per_floor":["M","?","?","$","M","E","R","E","T","E","$","?","E","M","R","B",null,"M","M","$","?","M","E"],"character_chosen":"WATCHER","items_purchased":["MentalFortress","CutThroughFate","JustLucky","Regen Potion","JustLucky"],"campfire_rested":0,"item_purchase_floors":[4,11,11,20,20],"current_hp_per_floor":[61,50,50,50,50,50,50,30,30,30,30,30,37,37,37,37,69,39,39,39,33,17,0,0],"gold":53,"neow_bonus":"THREE_ENEMY_KILL","is_daily":false,"chose_seed":false,"campfire_upgraded":2,"win_rate":0.0,"timestamp":1611456160,"path_taken":["M","?","?","$","M","E","R","E","T","E","$","?","E","M","R","BOSS","M","M","$","?","M","E"],"items_purchased_type":["Card","Card","Card","Potion","Card"],"build_version":"2020-12-22","purchased_purges":2,"victory":false,"max_hp_per_floor":[68,68,68,68,68,68,68,73,73,73,73,73,80,80,80,80,80,80,80,80,80,80,80,80],"card_choices":[{"not_picked":["ClearTheMind","SashWhip"],"picked":"WheelKick","floor":1},{"not_picked":["Evaluate","ThirdEye"],"picked":"FlurryOfBlows","floor":5},{"not_picked":["Halt","Wireheading"],"picked":"TalkToTheHand","floor":6},{"not_picked":["SandsOfTime","Evaluate"],"picked":"SashWhip","floor":8},{"not_picked":["SignatureMove","Establishment"],"picked":"ClearTheMind","floor":10},{"not_picked":["CrushJoints","Evaluate"],"picked":"Protect","floor":13},{"not_picked":["Evaluate","Halt"],"picked":"Vengeance","floor":14},{"not_picked":["MasterReality","Establishment"],"picked":"SpiritShield","floor":16},{"not_picked":["Worship+1","WindmillStrike"],"picked":"EmptyBody","floor":18},{"not_picked":["SashWhip","WindmillStrike"],"picked":"Perseverance","floor":19},{"not_picked":["PathToVictory","FollowUp"],"picked":"BowlingBash","floor":22}],"player_experience":2974198,"relics_obtained":[{"floor":6,"key":"FossilizedHelix"},{"floor":8,"key":"CeramicFish"},{"floor":9,"key":"Happy Flower"},{"floor":10,"key":"aspiration:FetidBarrel"},{"floor":13,"key":"Strawberry"}],"event_choices":[{"damage_healed":0,"gold_gain":75,"player_choice":"Gather Gold","damage_taken":11,"max_hp_gain":0,"max_hp_loss":0,"event_name":"World of Goop","floor":2,"gold_loss":0},{"cards_removed":["Strike_P"],"damage_healed":0,"gold_gain":0,"player_choice":"Card Removal","damage_taken":0,"max_hp_gain":0,"max_hp_loss":0,"event_name":"The Cleric","floor":3,"gold_loss":75},{"damage_healed":0,"gold_gain":0,"player_choice":"Ignored","damage_taken":0,"max_hp_gain":0,"max_hp_loss":0,"event_name":"Shining Light","floor":12,"gold_loss":0},{"damage_healed":0,"gold_gain":0,"player_choice":"Joined the Cult","damage_taken":6,"max_hp_gain":0,"max_hp_loss":0,"event_name":"Nest","floor":21,"gold_loss":0,"cards_obtained":["RitualDagger"]}],"is_beta":false,"boss_relics":[{"not_picked":["Pandora\u0027s Box","Runic Pyramid"],"picked":"SlaversCollar"}],"items_purged_floors":[11,20],"is_endless":false,"potions_floor_spawned":[6,8,13,18,19],"killed_by":"Slavers","ascension_level":20}}