{"host":"2c1pg2m9wpz3w4c0","time":1611529745,"event":{"mods":["AchievementEnabler","Act Like it!","Aspiration","BaseMod","Better Note","BetterRewards","Curses Come First","Disable Question Mark Monsters","Halation","Hubris","Infinite Spire","Lotus Mark","Marisa????????","Minty Spire (QoL Compilation)","Replay The Spire","StSLib","SuperFastMode","The Clintock","The Jungle","The Marked","The Runesmith","Transform Curses"],"gold_per_floor":[115,127,127,127,127,188,208,25,25,25,25,39,39,55,55,153,153,270,270,270,284,46,46,46],"floor_reached":23,"language":"ENG","playtime":804,"items_purged":[],"score":230,"play_id":"b9bee091-a569-49eb-a7cc-ce6134b39023","local_time":"20210124160905","is_ascension_mode":false,"campfire_choices":[{"floor":15,"key":"REST"}],"circlet_count":0,"master_deck":["Strike_G","Strike_G","Strike_G","Strike_G","Strike_G","Defend_G","Defend_G","Defend_G","Defend_G","Defend_G","Survivor","Neutralize","Infinite Blades","Hidden Blade","Hidden Blade","Footwork","ReplayTheSpireMod:Private Reserves","Flechettes+1","hubris:SlightOfHand","hubris:Sniper","infinitespire:Execution","ReplayTheSpireMod:Shiv Toss","Distraction","PiercingWail","Blade Dance","Burst","Glass Knife","Accuracy","ReplayTheSpireMod:Scrap Shanks+1","Footwork","Sucker Punch"],"relics":["Ring of the Snake","Chameleon Ring","hubris:MedicalManual","halation:PinkSoulGem","Happy Flower","Juzu Bracelet","Shovel","hubris:Icosahedron","HoveringKite","Spirit Poop","Oddly Smooth Stone"],"acts_visited":["Exordium","theJungle:Jungle"],"potions_floor_usage":[7,12,13,13,16,16,23,23,23,23],"damage_taken":[{"damage":0,"enemies":"2 Louse","floor":1,"turns":2},{"damage":0,"enemies":"Small Slimes","floor":2,"turns":3},{"damage":0,"enemies":"Cultist","floor":7,"turns":1},{"damage":1,"enemies":"Exordium Thugs","floor":12,"turns":2},{"damage":0,"enemies":"3 Louse","floor":13,"turns":1},{"damage":4,"enemies":"2 Fungi Beasts","floor":14,"turns":3},{"damage":7,"enemies":"Fading Forest","floor":16,"turns":11},{"damage":18,"enemies":"theJungle:5_Spyders","floor":18,"turns":11},{"damage":35,"enemies":"theJungle:MUSHROOMGANG","floor":21,"turns":5},{"damage":23,"enemies":"theJungle:Cassacara","floor":23,"turns":5}],"seed_played":"3367162561734155439","potions_obtained":[{"floor":6,"key":"DuplicationPotion"},{"floor":6,"key":"Fire Potion"},{"floor":12,"key":"ColorlessPotion"},{"floor":14,"key":"ColorlessPotion"},{"floor":16,"key":"EntropicBrew"},{"floor":21,"key":"Swift Potion"}],"is_trial":false,"path_per_floor":["M","M","?","?","?","?","M","$","T","$","?","M","M","M","R","B",null,"M","?","?","M","$","E"],"character_chosen":"THE_SILENT","items_purchased":["Chameleon Ring","Infinite Blades","Hidden Blade","Footwork","ReplayTheSpireMod:Private Reserves","Flechettes+1","Juzu Bracelet","PiercingWail","Oddly Smooth Stone","Footwork","Sucker Punch"],"campfire_rested":1,"item_purchase_floors":[0,0,0,0,0,0,8,8,22,22,22],"current_hp_per_floor":[38,38,38,38,38,10,10,10,10,10,10,9,9,5,26,43,70,52,52,52,17,17,0,0],"gold":46,"neow_bonus":"","is_daily":false,"chose_seed":false,"campfire_upgraded":0,"win_rate":0.0,"timestamp":1611529745,"path_taken":["M","M","?","?","?","?","?","?","T","$","?","M","M","M","R","BOSS","M","?","?","M","$","E"],"items_purchased_type":["Relic","Card","Card","Card","Card","Card","Relic","Card","Relic","Card","Card"],"build_version":"2020-12-22","purchased_purges":0,"victory":false,"max_hp_per_floor":[70,70,70,70,70,70,70,70,70,70,70,70,70,70,70,70,70,70,70,70,70,70,70,70],"card_choices":[{"not_picked":["Sneak Up","Underhanded Strike"],"picked":"hubris:SlightOfHand","floor":1},{"not_picked":["hubris:SlightOfHand","Dagger Throw"],"picked":"hubris:Sniper","floor":2},{"not_picked":["infinitespire:DeathsTouch","Replay:Fractal Strike"],"picked":"infinitespire:Execution","floor":3},{"not_picked":["Choke","lotusMarks:SeasonOfFire"],"picked":"ReplayTheSpireMod:Shiv Toss","floor":6},{"not_picked":["Acrobatics","lotusMarks:LotusSlash"],"picked":"Distraction","floor":7},{"not_picked":["Reflex","Infinite Blades"],"picked":"Blade Dance","floor":12},{"not_picked":["Bane","Blade Dance"],"picked":"Burst","floor":14},{"not_picked":["Doppelganger","Wraith Form v2"],"picked":"Glass Knife","floor":16},{"not_picked":["Dagger Spray","Backflip"],"picked":"Accuracy","floor":18},{"not_picked":["Cloak And Dagger","Backstab"],"picked":"ReplayTheSpireMod:Scrap Shanks+1","floor":21}],"player_experience":1194645,"relics_obtained":[{"floor":6,"key":"Happy Flower"},{"floor":9,"key":"Shovel"}],"event_choices":[{"damage_healed":0,"gold_gain":0,"player_choice":"Ignored","damage_taken":0,"max_hp_gain":0,"max_hp_loss":0,"event_name":"Shining Light","floor":5,"gold_loss":0},{"cards_removed":["Shame"],"damage_healed":0,"gold_gain":0,"player_choice":"Offered Curse","damage_taken":0,"relics_obtained":["Spirit Poop"],"max_hp_gain":0,"max_hp_loss":0,"event_name":"Bonfire Elementals","floor":19,"gold_loss":0},{"cards_removed":["Replay:Sluggish"],"damage_healed":0,"gold_gain":0,"player_choice":"Purged","damage_taken":0,"max_hp_gain":0,"max_hp_loss":0,"event_name":"Purifier","floor":20,"gold_loss":0}],"is_beta":false,"boss_relics":[{"not_picked":["Replay:Ancient Bell","aspiration:DefectSkillbook"],"picked":"HoveringKite"}],"items_purged_floors":[],"is_endless":false,"potions_floor_spawned":[12,14,16,21],"killed_by":"theJungle:Cassacara","ascension_level":0}}