{"host":"o9ks9zgjwk1fcyk2","time":1611447096,"event":{"mods":["A Magickal Journey","AchievementEnabler","Aspiration","BaseMod","BetterRewards","Colored Map","Colored Powertips","Conspire","DeckTracker","Downfall","Friendly Minions","GifTheSpireLib","Halation","Highlight Path","Hubris","Infinite Spire","Ironclad Rager","Minty Spire (QoL Compilation)","Permanent Neow","Quarter Circle Forward PUNCH!","Quick Restart","READ ME - Guardian Mod","Relic Sorter","Replay The Spire","StSLib","Stuff the Spire","The Alterego","The Construct","The Cursed","The Disciple","The Forsaken","The Jungle","The Marked","The Mystic","vexMod"],"gold_per_floor":[112,112,129,149,74,74,74,74,74,74,110,110,110,147,147,181,181],"floor_reached":16,"language":"ENG","playtime":972,"items_purged":["alterego_mod:Strike"],"score":90,"play_id":"2bcb90ce-ebba-4548-ba8f-f685d8b83bc3","local_time":"20210124001136","is_ascension_mode":false,"campfire_choices":[{"data":"alterego_mod:Antipathy","floor":6,"key":"SMITH"},{"data":"alterego_mod:BigMeatyClaws","floor":10,"key":"SMITH"},{"data":"alterego_mod:Impale","floor":12,"key":"SMITH"}],"circlet_count":0,"master_deck":["alterego_mod:Strike","alterego_mod:Strike","alterego_mod:Defend","alterego_mod:Defend","alterego_mod:Defend","alterego_mod:Defend+1","alterego_mod:Impale+1","alterego_mod:BigMeatyClaws+1","alterego_mod:BrynhildrsRune","alterego_mod:Antipathy+1","alterego_mod:BiFurious","alterego_mod:Clap","alterego_mod:DiscoLights+1","alterego_mod:SakuraFive","alterego_mod:BusterCard","alterego_mod:Birthday+1"],"relics":["alterego_mod:MasochisticConstitution","Replay:Bandana","hubris:MysteriousPyramids"],"acts_visited":["Exordium"],"potions_floor_usage":[4,11],"damage_taken":[{"damage":9,"enemies":"2 Louse","floor":1,"turns":4},{"damage":9,"enemies":"conspire:RoseBush","floor":3,"turns":5},{"damage":13,"enemies":"Jaw Worm","floor":4,"turns":4},{"damage":16,"enemies":"Exordium Thugs","floor":11,"turns":7},{"damage":5,"enemies":"Blue Slaver","floor":14,"turns":5},{"damage":48,"enemies":"The Guardian","floor":16,"turns":9}],"seed_played":"4455601908647077085","potions_obtained":[{"floor":1,"key":"Swift Potion"},{"floor":3,"key":"Energy Potion"},{"floor":14,"key":"Slimebound:ThreeZeroPotion"}],"is_trial":false,"path_per_floor":["M","?","M","M","$","R","?","$","T","R","M","R","T","M","R_BF","B"],"character_chosen":"The_Alterego","items_purchased":[],"campfire_rested":0,"item_purchase_floors":[],"current_hp_per_floor":[62,62,61,49,49,49,34,34,34,34,19,19,19,15,37,0,0],"gold":181,"neow_bonus":"ONE_RANDOM_RARE_CARD","is_daily":false,"chose_seed":false,"campfire_upgraded":3,"win_rate":0.0,"timestamp":1611447096,"path_taken":["M","?","?","M","$","R","?","?","T","R","M","R","?","?","R_BF","BOSS"],"items_purchased_type":[],"build_version":"2020-12-22","purchased_purges":1,"victory":false,"max_hp_per_floor":[71,71,72,73,73,73,73,73,73,73,74,74,74,75,75,75,75],"card_choices":[{"not_picked":["alterego_mod:SakuraPetals","alterego_mod:Bloomers"],"picked":"alterego_mod:BiFurious","floor":1},{"not_picked":["alterego_mod:Undulate","alterego_mod:IndependentAction"],"picked":"alterego_mod:DiscoLights","floor":3},{"not_picked":["alterego_mod:Lingerie","alterego_mod:Exercise"],"picked":"alterego_mod:SakuraFive","floor":4},{"not_picked":["alterego_mod:SuperDuperMasochism","alterego_mod:Swimsuit"],"picked":"alterego_mod:BusterCard","floor":11},{"not_picked":["alterego_mod:SakuraLabyrinth","alterego_mod:HighServant"],"picked":"alterego_mod:Birthday","floor":14}],"player_experience":318882,"relics_obtained":[{"floor":9,"key":"Replay:Bandana"},{"floor":13,"key":"hubris:MysteriousPyramids"}],"event_choices":[{"damage_healed":0,"gold_gain":0,"cards_transformed":["alterego_mod:Strike"],"player_choice":"Transformed","damage_taken":0,"max_hp_gain":0,"max_hp_loss":0,"event_name":"Transmorgrifier","floor":2,"gold_loss":0,"cards_obtained":["alterego_mod:Clap"]},{"damage_healed":0,"gold_gain":0,"player_choice":"Entered Light","damage_taken":15,"max_hp_gain":0,"max_hp_loss":0,"event_name":"Shining Light","floor":7,"gold_loss":0,"cards_upgraded":["alterego_mod:DiscoLights","alterego_mod:Defend"]}],"is_beta":false,"boss_relics":[],"items_purged_floors":[5],"is_endless":false,"potions_floor_spawned":[1,3,14],"killed_by":"The Guardian","ascension_level":0}}