{"host":"6p0attdrtjqaih7v","time":1611474496,"event":{"mods":["2.2 Compatiblity","AchievementEnabler","Bard","BaseMod","Better Skull","Better Third Choice","Colored Powertips","Hermit","Highlight Path","Jorbs\u0027s Wanderer Trilogy","Key Reminder","Minty Spire (QoL Compilation)","Permanent Neow","Quick Restart","Random Character Button","Relic Stats","Replay The Spire","Robot Space Explorer","StSLib"],"gold_per_floor":[209,226,226,245,50,50,85,85,159,173,184,211,211,222,222,296,296,316,241,257,285,285,285,285],"floor_reached":23,"language":"ENG","playtime":855,"items_purged":[],"score":464,"play_id":"68f587b4-4744-499e-ae80-31bd3e2cd710","local_time":"20210124024816","is_ascension_mode":true,"campfire_choices":[{"data":"RobotSpaceExplorer:Asteroid","floor":6,"key":"SMITH"},{"data":"RobotSpaceExplorer:ShovelStrike","floor":8,"key":"SMITH"},{"data":"RobotSpaceExplorer:Comet","floor":13,"key":"SMITH"},{"data":"RobotSpaceExplorer:StarLightning","floor":15,"key":"SMITH"}],"circlet_count":0,"master_deck":["AscendersBane","RobotSpaceExplorer:Strike","RobotSpaceExplorer:Strike","RobotSpaceExplorer:Defend","RobotSpaceExplorer:Defend","RobotSpaceExplorer:Defend","RobotSpaceExplorer:Defend","RobotSpaceExplorer:Scan","RobotSpaceExplorer:MiniLasers","RobotSpaceExplorer:ScrapMissile","RobotSpaceExplorer:GearShield","RobotSpaceExplorer:LuckyStrike","RobotSpaceExplorer:Asteroid+1","RobotSpaceExplorer:ShovelStrike+1","RobotSpaceExplorer:PlasmaMissile","RobotSpaceExplorer:Probe","RobotSpaceExplorer:Comet+1","RobotSpaceExplorer:StarLightning+1","RobotSpaceExplorer:TrailblazerForm","RobotSpaceExplorer:StarDust"],"relics":["RobotSpaceExplorer:RoboCore","Replay:Rubber Ducky","keyreminder:keyreminder","Question Card","Mango","Replay:Bronze Core","Red Mask"],"acts_visited":["Exordium","TheCity"],"potions_floor_usage":[7,12,18,20,20],"damage_taken":[{"damage":0,"enemies":"Small Slimes","floor":1,"turns":4},{"damage":0,"enemies":"Cultist","floor":2,"turns":4},{"damage":0,"enemies":"Jaw Worm","floor":4,"turns":3},{"damage":2,"enemies":"3 Sentries","floor":7,"turns":6},{"damage":0,"enemies":"Large Slime","floor":10,"turns":4},{"damage":7,"enemies":"Exordium Wildlife","floor":11,"turns":3},{"damage":6,"enemies":"Replay:BlueRogue","floor":12,"turns":4},{"damage":4,"enemies":"2 Fungi Beasts","floor":14,"turns":3},{"damage":0,"enemies":"Slime Boss","floor":16,"turns":6},{"damage":14,"enemies":"2 Thieves","floor":18,"turns":2},{"damage":16,"enemies":"3 Byrds","floor":20,"turns":4},{"damage":0,"enemies":"Masked Bandits","floor":21,"turns":2},{"damage":52,"enemies":"Slavers","floor":23,"turns":4}],"seed_played":"-7991602136100332405","potions_obtained":[{"floor":2,"key":"GamblersBrew"},{"floor":10,"key":"Dexterity Potion"},{"floor":11,"key":"Adrenaline Potion"},{"floor":16,"key":"SkillPotion"},{"floor":18,"key":"ColorlessPotion"}],"is_trial":false,"path_per_floor":["M","M","?","M","$","R","E","R","T","M","M","E","R","M","R","B",null,"M","?","M","?","?","E"],"character_chosen":"RobotSpaceExplorer","items_purchased":["RobotSpaceExplorer:Asteroid","RobotSpaceExplorer:ShovelStrike","RobotSpaceExplorer:RecyclePotion"],"campfire_rested":0,"item_purchase_floors":[5,5,5],"current_hp_per_floor":[64,64,64,64,64,64,62,62,62,62,55,63,63,59,59,59,79,65,65,49,49,49,0,0],"gold":285,"neow_bonus":"HUNDRED_GOLD","is_daily":false,"chose_seed":false,"campfire_upgraded":4,"win_rate":0.0,"timestamp":1611474496,"path_taken":["M","M","?","M","?","R","E","R","T","?","M","E","R","M","R","BOSS","M","?","M","?","?","E"],"items_purchased_type":["Card","Card","Potion"],"build_version":"2020-12-22","purchased_purges":0,"victory":false,"max_hp_per_floor":[71,71,71,71,71,71,71,71,71,71,71,85,85,85,85,85,85,85,85,85,85,85,85,85],"relic_stats":{"counters":[13,49],"Question Card":8,"obtain_stats":[{"keyreminder:keyreminder":7,"Replay:Bronze Core":17,"RobotSpaceExplorer:RoboCore":0,"Mango":12,"Red Mask":21,"Question Card":9,"Replay:Rubber Ducky":7},{"keyreminder:keyreminder":4,"Replay:Bronze Core":9,"RobotSpaceExplorer:RoboCore":0,"Mango":7,"Red Mask":12,"Question Card":4,"Replay:Rubber Ducky":4},{"keyreminder:keyreminder":17,"Replay:Bronze Core":37,"RobotSpaceExplorer:RoboCore":0,"Mango":28,"Red Mask":45,"Question Card":17,"Replay:Rubber Ducky":17}]},"card_choices":[{"not_picked":["RobotSpaceExplorer:SwiftStep","RobotSpaceExplorer:GlueShot"],"picked":"RobotSpaceExplorer:ScrapMissile","floor":1},{"not_picked":["RobotSpaceExplorer:ScrapMissile","RobotSpaceExplorer:GlueShot"],"picked":"RobotSpaceExplorer:GearShield","floor":2},{"not_picked":["RobotSpaceExplorer:MiniDrones","RobotSpaceExplorer:GlueShot"],"picked":"RobotSpaceExplorer:LuckyStrike","floor":4},{"not_picked":["RobotSpaceExplorer:SlimeMissile","RobotSpaceExplorer:DoubleFind","RobotSpaceExplorer:ShockKick"],"picked":"SKIP","floor":7},{"not_picked":["RobotSpaceExplorer:Fix","RobotSpaceExplorer:ImprovisedAttack","RobotSpaceExplorer:ScrapMissile"],"picked":"RobotSpaceExplorer:PlasmaMissile","floor":10},{"not_picked":["RobotSpaceExplorer:Electroshield","RobotSpaceExplorer:DoubleFind","RobotSpaceExplorer:ScrapMissile"],"picked":"RobotSpaceExplorer:Probe","floor":11},{"not_picked":["RobotSpaceExplorer:JunkDive","RobotSpaceExplorer:MiniDrones","RobotSpaceExplorer:FrostMissile"],"picked":"RobotSpaceExplorer:Comet","floor":12},{"not_picked":["RobotSpaceExplorer:Reload","RobotSpaceExplorer:SurgingStrike","RobotSpaceExplorer:ShockKick"],"picked":"RobotSpaceExplorer:StarLightning","floor":14},{"not_picked":["RobotSpaceExplorer:Accelerator","RobotSpaceExplorer:Blaster","RobotSpaceExplorer:BlastShield"],"picked":"RobotSpaceExplorer:TrailblazerForm","floor":16},{"not_picked":["RobotSpaceExplorer:FrostMissile","RobotSpaceExplorer:RigExplosive","RobotSpaceExplorer:SwiftStep","RobotSpaceExplorer:ShockKick"],"picked":"SKIP","floor":18},{"not_picked":["RobotSpaceExplorer:ShovelStrike","RobotSpaceExplorer:FrostMissile","RobotSpaceExplorer:PowerGlove","RobotSpaceExplorer:MiniDrones"],"picked":"SKIP","floor":20},{"not_picked":["RobotSpaceExplorer:Pulsar","RobotSpaceExplorer:SlimeMissile","RobotSpaceExplorer:SwiftStep"],"picked":"RobotSpaceExplorer:StarDust","floor":21}],"player_experience":937388,"relics_obtained":[{"floor":7,"key":"Replay:Rubber Ducky"},{"floor":9,"key":"Question Card"},{"floor":12,"key":"Mango"},{"floor":21,"key":"Red Mask"}],"event_choices":[{"cards_removed":["RobotSpaceExplorer:Strike"],"damage_healed":0,"gold_gain":0,"player_choice":"Offered Basic","damage_taken":0,"max_hp_gain":0,"max_hp_loss":0,"event_name":"Bonfire Elementals","floor":3,"gold_loss":0},{"cards_removed":["RobotSpaceExplorer:Strike"],"damage_healed":0,"gold_gain":0,"player_choice":"Gave Gold","damage_taken":0,"max_hp_gain":0,"max_hp_loss":0,"event_name":"Beggar","floor":19,"gold_loss":75},{"damage_healed":0,"gold_gain":0,"player_choice":"Fought Bandits","damage_taken":0,"max_hp_gain":0,"max_hp_loss":0,"event_name":"Masked Bandits","floor":21,"gold_loss":0},{"damage_healed":0,"gold_gain":0,"player_choice":"Ignored","damage_taken":0,"max_hp_gain":0,"max_hp_loss":0,"event_name":"The Mausoleum","floor":22,"gold_loss":0}],"is_beta":false,"boss_relics":[{"not_picked":["Snecko Heart","Calling Bell"],"picked":"Replay:Bronze Core"}],"items_purged_floors":[],"is_endless":false,"potions_floor_spawned":[2,10,11,16,18],"killed_by":"Slavers","ascension_level":17}}