{"host":"2q4w55ev63ot6isg","time":1611470259,"event":{"mods":["Aspiration","BaseMod","Downfall","Hubris","Marisa????????","Minty Spire (QoL Compilation)","Replay The Spire","StSLib","The Cursed","The Jungle","The Servant 0.9.4"],"gold_per_floor":[119,136,148,223,223,223,61,78,78,78,78,78,3,19,19,119,119,135,154,154,154,154,184,184,184],"floor_reached":24,"language":"ENG","playtime":837,"items_purged":["Injury"],"score":224,"play_id":"88defb31-a593-402b-b61c-fe87d4a23dfa","local_time":"20210123223739","is_ascension_mode":true,"campfire_choices":[{"data":"Zap","floor":6,"key":"SMITH"},{"data":"Midas Touch","floor":10,"key":"SMITH"},{"data":"White Noise","floor":12,"key":"SMITH"},{"floor":15,"key":"REST"}],"circlet_count":0,"master_deck":["Strike_B","Strike_B","Strike_B","Strike_B","Defend_B","Defend_B","Defend_B","Zap+1","Dualcast","m_Survivalism","TheCursedMod:Defend_TheCursed","Thinking Ahead","Ball Lightning","FTL","Leap","Machine Learning+1","Midas Touch+1","White Noise+1","Leap","Rainbow","Sweeping Beam","FIFO Queue+1","Pain","Reboot"],"relics":["Cracked Core","hubris:FunFungus","Frozen Egg 2","bronze:MakeshiftBattery","Ring of Peace","WarpedTongs","Pantograph"],"acts_visited":["Exordium","TheCity"],"potions_floor_usage":[16,16],"damage_taken":[{"damage":5,"enemies":"Small Slimes","floor":1,"turns":4},{"damage":2,"enemies":"Jaw Worm","floor":2,"turns":3},{"damage":2,"enemies":"2 Louse","floor":3,"turns":2},{"damage":18,"enemies":"Large Slime","floor":8,"turns":5},{"damage":0,"enemies":"3 Louse","floor":14,"turns":3},{"damage":12,"enemies":"Fading Forest","floor":16,"turns":11},{"damage":25,"enemies":"2 Thieves","floor":18,"turns":4},{"damage":6,"enemies":"Spheric Guardian","floor":19,"turns":5},{"damage":43,"enemies":"Book of Stabbing","floor":23,"turns":6},{"damage":5,"enemies":"Shelled Parasite and Fungi","floor":24,"turns":3}],"seed_played":"-2103698325444673013","potions_obtained":[{"floor":2,"key":"Languid Potion"},{"floor":14,"key":"FearPotion"}],"is_trial":false,"path_per_floor":["M","M","M","?","?","R","$","M","T","R","?","R","$","M","R","B",null,"M","M","?","?","?","E","M"],"character_chosen":"DEFECT","items_purchased":["Midas Touch"],"campfire_rested":1,"item_purchase_floors":[7],"current_hp_per_floor":[70,68,66,55,55,55,55,37,37,37,37,37,37,37,59,62,75,51,47,47,47,47,5,0,0],"gold":184,"neow_bonus":"RANDOM_COLORLESS_2","is_daily":false,"chose_seed":false,"campfire_upgraded":3,"win_rate":0.0,"timestamp":1611470259,"path_taken":["M","M","M","?","?","R","$","M","T","R","?","R","$","M","R","BOSS","M","M","?","?","?","E","M"],"items_purchased_type":["Card"],"build_version":"2020-12-22","purchased_purges":1,"victory":false,"max_hp_per_floor":[75,75,75,75,75,75,75,75,75,75,75,75,75,75,75,75,75,75,75,75,75,75,75,75,75],"card_choices":[{"not_picked":["Poisoned Strike","Crow Ritual"],"picked":"Thinking Ahead","floor":0},{"not_picked":["Beam Cell","Hologram"],"picked":"Ball Lightning","floor":1},{"not_picked":["Sweeping Beam","Turbo"],"picked":"FTL","floor":2},{"not_picked":["Panic Button","Turbo"],"picked":"Leap","floor":3},{"not_picked":["Turbo","FIFO Queue"],"picked":"White Noise","floor":8},{"not_picked":["Compile Driver","ReplayTheSpireMod:Reroute Power"],"picked":"Leap","floor":14},{"not_picked":["Meteor Strike","Fission"],"picked":"Rainbow","floor":16},{"not_picked":["ReplayTheSpireMod:System Scan","Coolheaded"],"picked":"Sweeping Beam","floor":18},{"not_picked":["Gash","Cold Snap"],"picked":"FIFO Queue+1","floor":19},{"not_picked":["Steam Power","Undo"],"picked":"Reboot","floor":23}],"player_experience":154449,"relics_obtained":[{"floor":9,"key":"hubris:FunFungus"},{"floor":21,"key":"Ring of Peace"},{"floor":23,"key":"Pantograph"}],"event_choices":[{"damage_healed":0,"gold_gain":75,"player_choice":"Gather Gold","damage_taken":11,"max_hp_gain":0,"max_hp_loss":0,"event_name":"World of Goop","floor":4,"gold_loss":0},{"damage_healed":0,"gold_gain":0,"player_choice":"Rummage","damage_taken":0,"relics_obtained":["WarpedTongs"],"max_hp_gain":0,"max_hp_loss":0,"event_name":"Accursed Blacksmith","floor":22,"gold_loss":0,"cards_obtained":["Pain"]}],"is_beta":false,"boss_relics":[{"not_picked":["hubris:HollowSoul","Replay:Wanted Poster"],"picked":"bronze:MakeshiftBattery"}],"items_purged_floors":[13],"is_endless":false,"potions_floor_spawned":[2,14],"killed_by":"Shelled Parasite and Fungi","ascension_level":2}}