{"host":"pletss163z7s8pvv","time":1611459467,"event":{"mods":["AchievementEnabler","BaseMod","Better Altar","CapriCore","Colored Map","Colored Powertips","Conspire","Energized Spire","GifTheSpireLib","Hermit","Ironclad Rager","Minty Spire (QoL Compilation)","Spicy Shops","StS++","StSLib","The Cursed","The Disciple"],"gold_per_floor":[20,36,36,36,49,49,66,66,89,89,100,0,25,42,42,146,146,161,161,8,20,119,146,164,164,188,188,188,207,218,0,0,97,97,109,37,37,37],"floor_reached":37,"language":"ENG","playtime":848,"items_purged":["Normality"],"score":414,"play_id":"719d2729-b110-405e-bced-877fb05130d5","local_time":"20210123213747","is_ascension_mode":false,"campfire_choices":[{"floor":6,"key":"REST"},{"floor":8,"key":"REST"},{"floor":15,"key":"REST"},{"floor":25,"key":"REST"},{"floor":27,"key":"REST"},{"floor":32,"key":"REST"}],"circlet_count":0,"master_deck":["Survivor","Neutralize","Poisoned Stab+1","Poisoned Stab","Poisoned Stab","Poisoned Stab","Poisoned Stab","Dodge and Roll+1","Dodge and Roll","Dodge and Roll","Dodge and Roll","Dodge and Roll","StSpp:PoisonousPunch","Sucker Punch","Flechettes","Die Die Die","Bouncing Flask","Slice","conspire:PoisonWeapons","Slice","Die Die Die","StSpp:Anticipation","StSpp:PoisonousPunch","Blade Dance","Outmaneuver","Riddle With Holes","Catalyst+1","Flying Knee","Glass Knife","ICR:Cloudkill+1"],"relics":["Ring of the Snake","Oddly Smooth Stone","Bag of Marbles","SlaversCollar","Juzu Bracelet","Orichalcum","HoveringKite","TwistedFunnel"],"acts_visited":["Exordium","TheCity","TheBeyond"],"potions_floor_usage":[16,16,16,23,33],"damage_taken":[{"damage":0,"enemies":"2 Louse","floor":1,"turns":2},{"damage":10,"enemies":"Small Slimes","floor":2,"turns":3},{"damage":0,"enemies":"Cultist","floor":5,"turns":3},{"damage":6,"enemies":"Exordium Wildlife","floor":7,"turns":3},{"damage":0,"enemies":"2 Fungi Beasts","floor":11,"turns":2},{"damage":8,"enemies":"Gremlin Nob","floor":13,"turns":3},{"damage":10,"enemies":"Exordium Thugs","floor":14,"turns":2},{"damage":2,"enemies":"Hexaghost","floor":16,"turns":4},{"damage":10,"enemies":"Chosen","floor":18,"turns":3},{"damage":21,"enemies":"2 Thieves","floor":21,"turns":3},{"damage":19,"enemies":"Book of Stabbing","floor":23,"turns":3},{"damage":5,"enemies":"conspire:HollyBat","floor":24,"turns":8},{"damage":23,"enemies":"Centurion and Healer","floor":29,"turns":4},{"damage":6,"enemies":"Snecko","floor":30,"turns":3},{"damage":29,"enemies":"Champ","floor":33,"turns":6},{"damage":18,"enemies":"3 Shapes","floor":35,"turns":2},{"damage":50,"enemies":"conspire:MimicChest","floor":37,"turns":4}],"seed_played":"-8862795327855092733","potions_obtained":[{"floor":1,"key":"DuplicationPotion"},{"floor":2,"key":"Explosive Potion"},{"floor":11,"key":"Block Potion"},{"floor":14,"key":"PowerPotion"},{"floor":18,"key":"Poison Potion"},{"floor":21,"key":"PowerPotion"}],"is_trial":false,"path_per_floor":["M","M","?","?","M","R","M","R","T","?","M","$","E","M","R","B",null,"M","?","$","M","?","E","M","R","T","R","?","M","M","?","R","B",null,"M","$","?"],"character_chosen":"THE_SILENT","items_purchased":["Slice","Juzu Bracelet","TwistedFunnel"],"campfire_rested":6,"item_purchase_floors":[12,20,36],"current_hp_per_floor":[45,35,22,4,4,22,16,34,34,34,34,34,26,16,34,32,63,53,53,53,32,32,13,8,26,26,44,44,21,15,15,33,4,63,45,45,0,0],"gold":37,"neow_bonus":"SILENT_ASSASSIN","is_daily":false,"chose_seed":false,"campfire_upgraded":0,"win_rate":0.0,"timestamp":1611459467,"path_taken":["M","M","?","?","M","R","M","R","T","?","M","$","E","M","R","BOSS","M","?","$","M","?","E","M","R","T","R","?","M","M","?","R","BOSS","M","$","?"],"items_purchased_type":["Card","Relic","Relic"],"build_version":"2020-12-22","purchased_purges":1,"victory":false,"max_hp_per_floor":[63,63,63,63,63,63,63,63,63,63,63,63,63,63,63,63,63,63,63,63,63,63,63,63,63,63,63,63,63,63,63,63,63,63,63,63,63,63],"card_choices":[{"not_picked":["All Out Attack","Deflect"],"picked":"StSpp:PoisonousPunch","floor":1},{"not_picked":["StSpp:SpareBlade","Well Laid Plans"],"picked":"Sucker Punch","floor":2},{"not_picked":["PiercingWail","Deflect"],"picked":"Flechettes","floor":5},{"not_picked":["Dagger Spray","Backflip"],"picked":"Die Die Die","floor":7},{"not_picked":["Underhanded Strike","Dash"],"picked":"Bouncing Flask","floor":11},{"not_picked":["Escape Plan","After Image"],"picked":"conspire:PoisonWeapons","floor":13},{"not_picked":["Dodge and Roll","Quick Slash"],"picked":"Slice","floor":14},{"not_picked":["StSpp:SwitchWeapon","Malaise"],"picked":"Die Die Die","floor":16},{"not_picked":["Flying Knee","StSpp:CorrosivePoison"],"picked":"StSpp:Anticipation","floor":18},{"not_picked":["Bane+1","Caltrops"],"picked":"Blade Dance","floor":21},{"not_picked":["StSpp:Lure","Blur"],"picked":"Outmaneuver","floor":23},{"not_picked":["StSpp:FiercePoison","Deflect"],"picked":"Riddle With Holes","floor":24},{"not_picked":["Underhanded Strike","Deflect"],"picked":"Catalyst+1","floor":29},{"not_picked":["Outmaneuver+1","Dodge and Roll+1"],"picked":"Flying Knee","floor":30},{"not_picked":["StSpp:Landslide","After Image"],"picked":"Glass Knife","floor":33},{"not_picked":["Terror+1","Sucker Punch"],"picked":"ICR:Cloudkill+1","floor":35}],"player_experience":438401,"relics_obtained":[{"floor":9,"key":"Oddly Smooth Stone"},{"floor":13,"key":"Bag of Marbles"},{"floor":23,"key":"Orichalcum"}],"event_choices":[{"damage_healed":0,"gold_gain":0,"player_choice":"Entered Light","damage_taken":13,"max_hp_gain":0,"max_hp_loss":0,"event_name":"Shining Light","floor":3,"gold_loss":0,"cards_upgraded":["Poisoned Stab","Dodge and Roll"]},{"damage_healed":0,"gold_gain":0,"player_choice":"Fled","damage_taken":18,"max_hp_gain":0,"max_hp_loss":0,"event_name":"Scrap Ooze","floor":4,"gold_loss":0},{"damage_healed":0,"gold_gain":0,"player_choice":"Disagree","damage_taken":0,"max_hp_gain":0,"max_hp_loss":0,"event_name":"conspire:LoneGhost","floor":10,"gold_loss":0},{"damage_healed":0,"gold_gain":0,"player_choice":"Read","damage_taken":0,"max_hp_gain":0,"max_hp_loss":0,"event_name":"The Library","floor":19,"gold_loss":0,"cards_obtained":["StSpp:PoisonousPunch"]},{"damage_healed":0,"gold_gain":99,"player_choice":"Stole From Cult","damage_taken":0,"max_hp_gain":0,"max_hp_loss":0,"event_name":"Nest","floor":22,"gold_loss":0},{"damage_healed":0,"gold_gain":0,"player_choice":"Ignored","damage_taken":0,"max_hp_gain":0,"max_hp_loss":0,"event_name":"Transmorgrifier","floor":28,"gold_loss":0},{"damage_healed":0,"gold_gain":0,"player_choice":"Paid Fearfully","damage_taken":0,"max_hp_gain":0,"max_hp_loss":0,"event_name":"Masked Bandits","floor":31,"gold_loss":218}],"is_beta":false,"boss_relics":[{"not_picked":["Tiny House","energizedSpire:RedRose"],"picked":"SlaversCollar"},{"not_picked":["energizedSpire:PogoStick","WristBlade"],"picked":"HoveringKite"}],"items_purged_floors":[12],"is_endless":false,"potions_floor_spawned":[1,2,11,14,18,21],"killed_by":"conspire:MimicChest","ascension_level":0}}