{"host":"kvo7eymyd21g9abd","time":1611528684,"event":{"mods":["AchievementEnabler","BaseMod","Bestiary","Colored Map","Minty Spire (QoL Compilation)","StSLib"],"gold_per_floor":[109,284,284,304,304,338,338,366,413,444,463,463,483,497,497,599,599,619,619,636,215,234,234,234,234],"floor_reached":24,"language":"ENG","playtime":977,"items_purged":[],"score":227,"play_id":"88d96b15-2909-453e-bc4a-d4153e1b4592","local_time":"20210124175124","is_ascension_mode":true,"campfire_choices":[{"floor":7,"key":"REST"},{"floor":12,"key":"RECALL"},{"floor":15,"key":"REST"},{"floor":23,"key":"REST"}],"circlet_count":0,"master_deck":["Strike_P","Strike_P","Strike_P","Strike_P","Defend_P","Defend_P","Defend_P","Defend_P","Eruption","Vigilance","Scrawl","Crescendo","FlyingSleeves","EmptyFist","FollowUp","SandsOfTime","EmptyBody","CarveReality","Blasphemy","Halt","MasterReality","ConjureBlade","Vengeance"],"relics":["PureWater","PreservedInsect","The Courier","Kunai","VioletLotus","Lantern","Mercury Hourglass"],"acts_visited":["Exordium","TheCity"],"potions_floor_usage":[24,24,24,24,24,24],"damage_taken":[{"damage":0,"enemies":"2 Louse","floor":1,"turns":3},{"damage":0,"enemies":"Cultist","floor":4,"turns":2},{"damage":28,"enemies":"3 Sentries","floor":6,"turns":6},{"damage":6,"enemies":"Gremlin Nob","floor":8,"turns":3},{"damage":13,"enemies":"Lagavulin","floor":10,"turns":5},{"damage":1,"enemies":"Jaw Worm","floor":11,"turns":3},{"damage":12,"enemies":"2 Fungi Beasts","floor":13,"turns":3},{"damage":17,"enemies":"Gremlin Gang","floor":14,"turns":5},{"damage":18,"enemies":"The Guardian","floor":16,"turns":10},{"damage":5,"enemies":"Spheric Guardian","floor":18,"turns":3},{"damage":27,"enemies":"3 Byrds","floor":20,"turns":6},{"damage":18,"enemies":"Sentry and Sphere","floor":22,"turns":4},{"damage":54,"enemies":"Gremlin Leader","floor":24,"turns":5}],"seed_played":"-627756948583025412","potions_obtained":[{"floor":4,"key":"SkillPotion"},{"floor":10,"key":"EntropicBrew"},{"floor":22,"key":"SkillPotion"}],"is_trial":false,"path_per_floor":["M","?","?","M","?","E","R","E","T","E","M","R","M","M","R","B",null,"M","?","M","$","M","R","E"],"character_chosen":"WATCHER","items_purchased":["ConjureBlade","Lantern","Mercury Hourglass"],"campfire_rested":3,"item_purchase_floors":[21,21,21],"current_hp_per_floor":[72,72,72,72,72,44,65,59,59,46,45,45,33,16,37,19,72,67,67,40,40,22,43,0,0],"gold":234,"neow_bonus":"ONE_RANDOM_RARE_CARD","is_daily":false,"chose_seed":false,"campfire_upgraded":0,"win_rate":0.0,"timestamp":1611528684,"path_taken":["M","?","?","?","?","E","R","E","T","E","M","R","M","M","R","BOSS","M","?","?","$","M","R","E"],"items_purchased_type":["Card","Relic","Relic"],"build_version":"2020-12-22","purchased_purges":0,"victory":false,"max_hp_per_floor":[72,72,72,72,72,72,72,72,72,72,72,72,72,72,72,72,72,72,72,72,72,72,72,72,72],"card_choices":[{"not_picked":["CrushJoints","MentalFortress"],"picked":"Crescendo","floor":1},{"not_picked":["PathToVictory","FollowUp"],"picked":"FlyingSleeves","floor":4},{"not_picked":["FearNoEvil","Consecrate"],"picked":"EmptyFist","floor":6},{"not_picked":["Consecrate","MasterReality"],"picked":"FollowUp","floor":8},{"not_picked":["Swivel","EmptyFist"],"picked":"SandsOfTime","floor":10},{"not_picked":["Consecrate","Crescendo"],"picked":"EmptyBody","floor":11},{"not_picked":["PathToVictory","DeceiveReality","WaveOfTheHand"],"picked":"SKIP","floor":13},{"not_picked":["FlyingSleeves","JustLucky"],"picked":"CarveReality","floor":14},{"not_picked":["SpiritShield","Omniscience"],"picked":"Blasphemy","floor":16},{"not_picked":["PathToVictory","BowlingBash+1"],"picked":"Halt","floor":18},{"not_picked":["Wireheading+1","BowlingBash","FlurryOfBlows"],"picked":"SKIP","floor":20},{"not_picked":["CrushJoints","ThirdEye+1"],"picked":"Vengeance","floor":22}],"player_experience":421387,"relics_obtained":[{"floor":6,"key":"PreservedInsect"},{"floor":8,"key":"The Courier"},{"floor":10,"key":"Kunai"}],"event_choices":[{"damage_healed":0,"gold_gain":175,"player_choice":"AGREE","damage_taken":0,"max_hp_gain":0,"max_hp_loss":0,"event_name":"Liars Game","floor":2,"gold_loss":0,"cards_obtained":["Doubt"]},{"cards_removed":["Doubt"],"damage_healed":0,"gold_gain":0,"player_choice":"Removed Curses","damage_taken":0,"max_hp_gain":0,"max_hp_loss":0,"event_name":"Fountain of Cleansing","floor":3,"gold_loss":0},{"damage_healed":0,"gold_gain":0,"player_choice":"Ignored","damage_taken":0,"max_hp_gain":0,"max_hp_loss":0,"event_name":"Golden Wing","floor":5,"gold_loss":0},{"damage_healed":0,"gold_gain":0,"player_choice":"1 cards matched","damage_taken":0,"max_hp_gain":0,"max_hp_loss":0,"event_name":"Match and Keep!","floor":19,"gold_loss":0,"cards_obtained":["MasterReality"]}],"is_beta":false,"boss_relics":[{"not_picked":["Runic Pyramid","Coffee Dripper"],"picked":"VioletLotus"}],"items_purged_floors":[],"is_endless":false,"potions_floor_spawned":[4,10,22],"killed_by":"Gremlin Leader","ascension_level":1}}