{"host":"y24pqu7jih1n8m3t","time":1611469076,"event":{"mods":["AchievementEnabler","BaseMod","Bestiary","Block Reminder","Colored Map","Colored Powertips","DeckTracker","Highlight Path","Minty Spire (QoL Compilation)","Permanent Neow","Quick Restart","Rare Cards Sparkle","Relic Stats"],"gold_per_floor":[119,419,34,50,62,90,90,108,135,163,195,223,235,266,278,387,399,369,369,224,224,224,224,224,224,224,224,224,224,224,5,5,5,5,5,5,5,5,5,5,5,5,5,5,5,5,5,5,5,5,5,5,5,5,5],"floor_reached":56,"language":"ENG","playtime":11277,"items_purged":["Defend_P"],"score":1311,"play_id":"ff0c019a-ed8b-41e1-9751-4d13007884fa","local_time":"20210124011756","is_ascension_mode":false,"campfire_choices":[{"floor":7.0,"key":"RECALL"},{"data":"Eruption","floor":13.0,"key":"SMITH"},{"data":"SandsOfTime","floor":15.0,"key":"SMITH"},{"data":"CrushJoints","floor":25.0,"key":"SMITH"},{"data":"Devotion","floor":32,"key":"SMITH"},{"floor":42,"key":"REST"},{"data":"DevaForm","floor":49,"key":"SMITH"},{"data":"Wish","floor":52,"key":"SMITH"}],"circlet_count":0,"master_deck":["Defend_P","Defend_P","Defend_P","Eruption+1","Vigilance","Halt","Protect","Devotion+1","EmptyFist","Pray","SandsOfTime+1","TalkToTheHand","Wireheading","MentalFortress","Vault","WheelKick","Crescendo","MentalFortress","CrushJoints+1","Prostrate","Brilliance","InnerPeace","Bite","Bite","Bite","Bite","Bite","EmptyBody+1","Apotheosis","ClearTheMind","Devotion","Wireheading","FollowUp+1","Devotion","EmptyBody+1","InnerPeace","Wish+1","Crescendo","DevaForm+1","Protect","WaveOfTheHand","TalkToTheHand"],"relics":["Snecko Eye","Old Coin","Anchor","Nunchaku","Darkstone Periapt","MawBank","Ectoplasm","Frozen Eye","Toy Ornithopter","FossilizedHelix","Philosopher\u0027s Stone","Ancient Tea Set","Turnip","Vajra","Incense Burner","Orichalcum"],"acts_visited":["Exordium","TheCity","TheBeyond","TheEnding"],"potions_floor_usage":[33,35,37,55,55],"damage_taken":[{"damage":0.0,"enemies":"Cultist","floor":1.0,"turns":2.0},{"damage":0.0,"enemies":"2 Louse","floor":4.0,"turns":2.0},{"damage":0.0,"enemies":"Jaw Worm","floor":5.0,"turns":3.0},{"damage":5.0,"enemies":"3 Sentries","floor":6.0,"turns":6.0},{"damage":0.0,"enemies":"3 Louse","floor":8.0,"turns":3.0},{"damage":2.0,"enemies":"Blue Slaver","floor":10.0,"turns":3.0},{"damage":0.0,"enemies":"Looter","floor":11.0,"turns":3.0},{"damage":0.0,"enemies":"3 Louse","floor":12.0,"turns":3.0},{"damage":11.0,"enemies":"Exordium Thugs","floor":14.0,"turns":3.0},{"damage":3.0,"enemies":"The Guardian","floor":16.0,"turns":5.0},{"damage":2.0,"enemies":"2 Thieves","floor":18.0,"turns":3.0},{"damage":0.0,"enemies":"Chosen","floor":19.0,"turns":4.0},{"damage":12.0,"enemies":"Snake Plant","floor":21.0,"turns":4.0},{"damage":2.0,"enemies":"Gremlin Leader","floor":23.0,"turns":6.0},{"damage":16.0,"enemies":"Cultist and Chosen","floor":24.0,"turns":5.0},{"damage":0.0,"enemies":"Centurion and Healer","floor":27.0,"turns":4.0},{"damage":0.0,"enemies":"Snake Plant","floor":28.0,"turns":3.0},{"damage":0,"enemies":"3 Cultists","floor":30,"turns":4},{"damage":0,"enemies":"Collector","floor":33,"turns":6},{"damage":0,"enemies":"3 Darklings","floor":35,"turns":4},{"damage":0,"enemies":"3 Shapes","floor":36,"turns":4},{"damage":10,"enemies":"3 Darklings","floor":37,"turns":5},{"damage":0,"enemies":"Sphere and 2 Shapes","floor":38,"turns":4},{"damage":0,"enemies":"Spire Growth","floor":39,"turns":3},{"damage":0,"enemies":"Giant Head","floor":40,"turns":5},{"damage":20,"enemies":"2 Orb Walkers","floor":41,"turns":4},{"damage":9,"enemies":"Mind Bloom Boss Battle","floor":44,"turns":5},{"damage":0,"enemies":"3 Darklings","floor":45,"turns":5},{"damage":0,"enemies":"Transient","floor":46,"turns":6},{"damage":0,"enemies":"Jaw Worm Horde","floor":48,"turns":4},{"damage":10,"enemies":"Time Eater","floor":50,"turns":7},{"damage":0,"enemies":"Shield and Spear","floor":54,"turns":6},{"damage":44,"enemies":"The Heart","floor":55,"turns":9}],"seed_played":"8117975049646672185","potions_obtained":[{"floor":1.0,"key":"Regen Potion"},{"floor":10.0,"key":"Fire Potion"},{"floor":12.0,"key":"DistilledChaos"},{"floor":18.0,"key":"StancePotion"},{"floor":19.0,"key":"BlessingOfTheForge"},{"floor":28.0,"key":"Swift Potion"},{"floor":30,"key":"PowerPotion"},{"floor":33,"key":"FairyPotion"},{"floor":35,"key":"PowerPotion"},{"floor":37,"key":"Swift Potion"},{"floor":41,"key":"EssenceOfSteel"}],"is_trial":false,"path_per_floor":["M","T","$","M","M","E","R","M","T","M","M","M","R","M","R","B",null,"M","M","$","M","?","E","M","R","T","M","M","?","M","$","R","B",null,"M","M","M","M","M","E","?","R","T","?","M","M","T","M","R","B",null,"R","$","E","B",null],"character_chosen":"WATCHER","items_purchased":["Anchor","Nunchaku","Frozen Eye","Apotheosis","ClearTheMind"],"campfire_rested":1,"item_purchase_floors":[3,3,20,31,31],"current_hp_per_floor":[72,72,72,72,72,67,67,67,67,65,65,65,65,54,54,51,72,70,70,70,58,45,43,44,44,44,44,44,44,52,52,52,53,53,53,53,53,53,53,53,35,50,50,50,53,53,53,53,53,52,53,53,53,53,39],"gold":5,"neow_bonus":"BOSS_RELIC","is_daily":false,"chose_seed":false,"campfire_upgraded":6,"win_rate":0.0,"timestamp":1611469076,"path_taken":["M","?","$","M","M","E","R","M","T","M","M","M","R","M","R","BOSS","M","M","$","M","?","E","M","R","T","M","M","?","M","$","R","BOSS","M","M","M","M","M","E","?","R","T","?","M","M","?","M","R","BOSS","R","$","E","BOSS"],"items_purchased_type":["Relic","Relic","Relic","Card","Card"],"build_version":"2020-12-22","purchased_purges":1,"victory":true,"max_hp_per_floor":[72,72,72,72,72,72,72,72,72,72,72,72,72,72,72,72,72,72,72,72,72,77,77,77,77,77,77,77,53,53,53,53,53,53,53,53,53,53,53,53,53,53,53,53,53,53,53,53,53,53,53,53,53,53,53],"relic_stats":{"Darkstone Periapt":0,"Nunchaku":[29],"counters":[33,143],"Snecko Eye":[233,275,277,270],"Ectoplasm":587,"Turnip":[2],"Orichalcum":[0],"MawBank":96,"obtain_stats":[{"Darkstone Periapt":6,"Vajra":43,"Incense Burner":44,"Orichalcum":54,"MawBank":9,"Ancient Tea Set":40,"Old Coin":2,"Frozen Eye":20,"Anchor":3,"Nunchaku":3,"Snecko Eye":0,"Philosopher\u0027s Stone":34,"Ectoplasm":17,"Turnip":41,"PureWater":0,"Toy Ornithopter":23,"FossilizedHelix":26},{"Darkstone Periapt":4,"Vajra":26,"Incense Burner":27,"Orichalcum":32,"MawBank":5,"Ancient Tea Set":25,"Old Coin":1,"Frozen Eye":12,"Anchor":1,"Nunchaku":1,"Snecko Eye":0,"Philosopher\u0027s Stone":19,"Ectoplasm":10,"Turnip":26,"PureWater":0,"Toy Ornithopter":14,"FossilizedHelix":15},{"Darkstone Periapt":13,"Vajra":101,"Incense Burner":106,"Orichalcum":134,"MawBank":16,"Ancient Tea Set":97,"Old Coin":2,"Frozen Eye":40,"Anchor":2,"Nunchaku":2,"Snecko Eye":0,"Philosopher\u0027s Stone":72,"Ectoplasm":33,"Turnip":101,"PureWater":0,"Toy Ornithopter":50,"FossilizedHelix":55}],"Toy Ornithopter":11},"card_choices":[{"not_picked":["Indignation","FollowUp"],"picked":"Halt","floor":1.0},{"not_picked":["Prostrate","Indignation"],"picked":"Protect","floor":4.0},{"not_picked":["FlurryOfBlows","Crescendo"],"picked":"Devotion","floor":5.0},{"not_picked":["CrushJoints","Fasting2"],"picked":"EmptyFist","floor":6.0},{"not_picked":["BowlingBash","FearNoEvil"],"picked":"Pray","floor":8.0},{"not_picked":["ClearTheMind","Halt"],"picked":"SandsOfTime","floor":10.0},{"not_picked":["BowlingBash","PathToVictory"],"picked":"TalkToTheHand","floor":11.0},{"not_picked":["Establishment","SashWhip"],"picked":"Wireheading","floor":12.0},{"not_picked":["Wireheading","Crescendo"],"picked":"MentalFortress","floor":14.0},{"not_picked":["Scrawl","Omniscience"],"picked":"Vault","floor":16.0},{"not_picked":["Consecrate+1","Prostrate+1"],"picked":"WheelKick","floor":18.0},{"not_picked":["Consecrate+1","Halt"],"picked":"Crescendo","floor":19.0},{"not_picked":["SashWhip","EmptyBody"],"picked":"MentalFortress","floor":21.0},{"not_picked":["FlyingSleeves","ThirdEye"],"picked":"CrushJoints","floor":23.0},{"not_picked":["SashWhip","ClearTheMind+1"],"picked":"Prostrate","floor":24.0},{"not_picked":["Halt+1","FollowUp"],"picked":"Brilliance","floor":27.0},{"not_picked":["ClearTheMind","FlyingSleeves"],"picked":"InnerPeace","floor":28.0},{"not_picked":["FlurryOfBlows","CrushJoints+1"],"picked":"EmptyBody+1","floor":30},{"not_picked":["LessonLearned","SpiritShield"],"picked":"Devotion","floor":33},{"not_picked":["FlurryOfBlows","Crescendo+1"],"picked":"Wireheading","floor":35},{"not_picked":["ClearTheMind","CrushJoints+1"],"picked":"FollowUp+1","floor":36},{"not_picked":["EmptyBody+1","ReachHeaven+1"],"picked":"Devotion","floor":37},{"not_picked":["FollowUp+1","EmptyFist"],"picked":"EmptyBody+1","floor":38},{"not_picked":["Evaluate","Halt"],"picked":"InnerPeace","floor":39},{"not_picked":["Prostrate","FollowUp+1"],"picked":"Wish","floor":40},{"not_picked":["FlurryOfBlows","SashWhip"],"picked":"Crescendo","floor":41},{"not_picked":["EmptyBody+1","CutThroughFate+1"],"picked":"DevaForm","floor":45},{"not_picked":["CrushJoints","Conclude+1"],"picked":"Protect","floor":46},{"not_picked":["Prostrate","Consecrate"],"picked":"WaveOfTheHand","floor":48},{"not_picked":["InnerPeace+1","EmptyBody+1"],"picked":"TalkToTheHand","floor":54}],"player_experience":159233,"relics_obtained":[{"floor":2.0,"key":"Old Coin"},{"floor":6.0,"key":"Darkstone Periapt"},{"floor":9.0,"key":"MawBank"},{"floor":23.0,"key":"Toy Ornithopter"},{"floor":26.0,"key":"FossilizedHelix"},{"floor":40,"key":"Ancient Tea Set"},{"floor":41,"key":"Turnip"},{"floor":43,"key":"Vajra"},{"floor":44,"key":"Incense Burner"},{"floor":54,"key":"Orichalcum"}],"event_choices":[{"damage_healed":0.0,"max_hp_gain":5.0,"max_hp_loss":0.0,"gold_gain":0.0,"event_name":"Forgotten Altar","player_choice":"Shed Blood","floor":22.0,"gold_loss":0.0,"damage_taken":18.0},{"damage_healed":0,"gold_gain":0,"player_choice":"Became a vampire","damage_taken":0,"max_hp_gain":0,"max_hp_loss":24,"event_name":"Vampires","floor":29,"gold_loss":0,"cards_obtained":["Bite","Bite","Bite","Bite","Bite"]},{"damage_healed":0,"gold_gain":0,"player_choice":"Fight","damage_taken":0,"max_hp_gain":0,"max_hp_loss":0,"event_name":"Mysterious Sphere","floor":41,"gold_loss":0},{"damage_healed":0,"gold_gain":0,"player_choice":"Fight","damage_taken":0,"max_hp_gain":0,"max_hp_loss":0,"event_name":"MindBloom","floor":44,"gold_loss":0}],"is_beta":false,"boss_relics":[{"not_picked":["Empty Cage","Velvet Choker"],"picked":"Ectoplasm"},{"not_picked":["VioletLotus","Coffee Dripper"],"picked":"Philosopher\u0027s Stone"}],"items_purged_floors":[3],"is_endless":false,"potions_floor_spawned":[1,10,12,18,19,28,30,33,35,37,41,44,45,48],"ascension_level":0}}