{"host":"4eao2pkwlmv012cz","time":1611524903,"event":{"mods":["BaseMod","Colored Powertips","Minty Spire (QoL Compilation)","Permanent Neow","Quick Restart","Random Character Button","StSLib"],"gold_per_floor":[369,385,20,35,35,35,69,69,69,81,101,12,12,37,37,112,112,129,129,129,2,2,2,2],"floor_reached":23,"language":"ENG","playtime":708,"items_purged":["Shame"],"score":444,"play_id":"b134aa0b-62ad-42f4-a90c-2ac63ff2d321","local_time":"20210124164823","is_ascension_mode":true,"campfire_choices":[{"data":"Sweeping Beam","floor":6.0,"key":"SMITH"},{"data":"Zap","floor":8,"key":"SMITH"},{"floor":13,"key":"REST"},{"floor":15,"key":"REST"}],"circlet_count":0,"master_deck":["AscendersBane","Strike_B","Strike_B","Defend_B","Defend_B","Defend_B","Defend_B","Zap+1","Dualcast","Sweeping Beam+1","Ball Lightning","Compile Driver","Redo+1","Coolheaded+1","Rainbow+1","Genetic Algorithm+1","Blind+1","Recycle+1","All For One","Gash","Redo+1","Loop","Decay"],"relics":["Cracked Core","Toxic Egg 2","Mercury Hourglass","Ornamental Fan","InkBottle","Busted Crown","Enchiridion"],"acts_visited":["Exordium","TheCity"],"potions_floor_usage":[7,7,18],"damage_taken":[{"damage":6.0,"enemies":"2 Louse","floor":1.0,"turns":3.0},{"damage":6.0,"enemies":"Cultist","floor":2.0,"turns":4.0},{"damage":10.0,"enemies":"Small Slimes","floor":4.0,"turns":2.0},{"damage":0,"enemies":"Gremlin Nob","floor":7,"turns":2},{"damage":11,"enemies":"Looter","floor":10,"turns":2},{"damage":12,"enemies":"2 Fungi Beasts","floor":11,"turns":2},{"damage":19,"enemies":"3 Sentries","floor":14,"turns":4},{"damage":30,"enemies":"Hexaghost","floor":16,"turns":9},{"damage":25,"enemies":"3 Byrds","floor":18,"turns":3},{"damage":15,"enemies":"Slavers","floor":23,"turns":1}],"seed_played":"-4071015445423960586","potions_obtained":[{"floor":1.0,"key":"SteroidPotion"},{"floor":2.0,"key":"GamblersBrew"},{"floor":4.0,"key":"LiquidMemories"},{"floor":11,"key":"SteroidPotion"}],"is_trial":false,"path_per_floor":["M","M","$","M","?","R","E","R","T","M","M","$","R","E","R","B",null,"M","?","?","$","?","E"],"character_chosen":"DEFECT","items_purchased":["Toxic Egg 2","Compile Driver","Blind+1","Redo+1","Loop"],"campfire_rested":2,"item_purchase_floors":[3,3,12,21,21],"current_hp_per_floor":[58,52,52,42,42,42,42,42,42,31,19,19,40,21,42,12,56,31,31,10,10,10,0,0],"gold":2,"neow_bonus":"TWO_FIFTY_GOLD","is_daily":false,"chose_seed":false,"campfire_upgraded":2,"win_rate":0.0,"timestamp":1611524903,"path_taken":["M","M","$","M","?","R","E","R","T","?","?","$","R","E","R","BOSS","M","?","?","$","?","E"],"items_purchased_type":["Relic","Card","Card","Card","Card"],"build_version":"2020-12-22","purchased_purges":1,"victory":false,"max_hp_per_floor":[71,71,71,71,71,71,71,71,71,71,71,71,71,71,71,71,71,71,71,71,71,71,71,71],"card_choices":[{"not_picked":["Compile Driver","Steam Power"],"picked":"Sweeping Beam","floor":1.0},{"not_picked":["Steam Power","Barrage"],"picked":"Ball Lightning","floor":2.0},{"not_picked":["Reprogram+1","Barrage"],"picked":"Redo+1","floor":4.0},{"not_picked":["Compile Driver","Beam Cell"],"picked":"Coolheaded+1","floor":7},{"not_picked":["Ball Lightning","Streamline"],"picked":"Rainbow+1","floor":10},{"not_picked":["Cold Snap","Stack+1"],"picked":"Genetic Algorithm+1","floor":11},{"not_picked":["Turbo+1","Stack+1"],"picked":"Recycle+1","floor":14},{"not_picked":["Core Surge","Seek+1"],"picked":"All For One","floor":16},{"not_picked":[],"picked":"Gash","floor":18}],"player_experience":2855223,"relics_obtained":[{"floor":7,"key":"Mercury Hourglass"},{"floor":9,"key":"Ornamental Fan"},{"floor":14,"key":"InkBottle"},{"floor":20,"key":"Enchiridion"}],"event_choices":[{"cards_removed":["Strike_B"],"damage_healed":0.0,"max_hp_gain":0.0,"max_hp_loss":0.0,"gold_gain":0.0,"event_name":"Wheel of Change","player_choice":"Card Removal","floor":5.0,"gold_loss":0.0,"damage_taken":0.0},{"cards_removed":["Strike_B"],"damage_healed":0,"gold_gain":0,"player_choice":"Elegance","damage_taken":0,"max_hp_gain":0,"max_hp_loss":0,"event_name":"Back to Basics","floor":19,"gold_loss":0},{"damage_healed":0,"gold_gain":0,"player_choice":"Obtained Book","damage_taken":21,"max_hp_gain":0,"max_hp_loss":0,"event_name":"Cursed Tome","floor":20,"gold_loss":0},{"damage_healed":0,"gold_gain":0,"player_choice":"Smashed Altar","damage_taken":0,"max_hp_gain":0,"max_hp_loss":0,"event_name":"Forgotten Altar","floor":22,"gold_loss":0,"cards_obtained":["Decay"]}],"is_beta":false,"boss_relics":[{"not_picked":["Nuclear Battery","Runic Pyramid"],"picked":"Busted Crown"}],"items_purged_floors":[3],"is_endless":false,"potions_floor_spawned":[1,2,4,11],"killed_by":"Slavers","ascension_level":20}}