{"host":"ctlqibkg0sskiu65","time":1611484702,"event":{"mods":["AchievementEnabler","Aspiration","BaseMod","BetterRewards","Colored Map","Colored Powertips","Conspire","Fiend Mod","Infinite Spire","Minty Spire (QoL Compilation)","Quick Restart","Replay The Spire","Shop Mod","StSLib","The Bladedancer","The Cursed","The Hierophant","The Jungle","The Kombatant","The Servant 0.9.4","TheBandit"],"gold_per_floor":[118,118,118,129,149,149,174,174,174,204,214,214,52,102,102,179,179,193,40,40,40,52,52,102,102,154,154,164,264,298,308,308,402,402,444,444,488,539,64,64,64,64,115,115,138,165,15,34,34,34,34,34,34,69,69,69],"floor_reached":55,"language":"ENG","playtime":1681,"items_purged":["Strike_G","conspire:GhostlyStrike","conspire:GhostlyStrike","conspire:GhostlyStrike"],"score":1677,"play_id":"8f00187d-3d9a-4f5d-b456-64268330e67b","local_time":"20210124043822","is_ascension_mode":true,"campfire_choices":[{"data":"Dagger Spray","floor":6.0,"key":"SMITH"},{"floor":15.0,"key":"REST"},{"data":"Blade Dance","floor":23.0,"key":"SMITH"},{"data":"Cloak And Dagger","floor":25.0,"key":"SMITH"},{"floor":27.0,"key":"RECALL"},{"data":"infinitespire:Neurotoxin","floor":32.0,"key":"SMITH"},{"data":"Accuracy","floor":40.0,"key":"SMITH"},{"data":"Infinite Blades","floor":42.0,"key":"SMITH"},{"floor":49.0,"key":"REST"},{"data":"Envenom","floor":52.0,"key":"SMITH"}],"circlet_count":0,"master_deck":["AscendersBane","conspire:GhostlyStrike","conspire:GhostlyDefend+1","conspire:GhostlyDefend","conspire:GhostlyDefend","conspire:GhostlyDefend+1","conspire:GhostlyDefend","Survivor","Neutralize","Slice","Swift Strike","Riddle With Holes+1","Cloak And Dagger+1","Dagger Spray+1","Deflect","Cloak And Dagger","All Out Attack+1","Riddle With Holes+1","infinitespire:Neurotoxin+1","Blade Dance+1","Cloak And Dagger+1","Infinite Blades+1","ReplayTheSpireMod:Shiv Toss","Envenom+1","PiercingWail+1","Footwork","Accuracy+1","Finisher+1","Parasite"],"relics":["Ring of the Snake","Happy Flower","infinitespire:Lucky Rock","Juzu Bracelet","DollysMirror","WristBlade","Tiny House","infinitespire:PuzzleCube","War Paint","Replay:PocketPolymizer","Meat on the Bone","Quantum Egg","infinitespire:EvilPickle","infinitespire:Cupcake","Mercury Hourglass","Golden Egg"],"acts_visited":["Exordium","TheCity","TheBeyond","TheEnding"],"potions_floor_usage":[54,54],"damage_taken":[{"damage":6.0,"enemies":"Cultist","floor":1.0,"turns":4.0},{"damage":7.0,"enemies":"Jaw Worm","floor":4.0,"turns":2.0},{"damage":1.0,"enemies":"Small Slimes","floor":5.0,"turns":3.0},{"damage":15.0,"enemies":"3 Sentries","floor":7.0,"turns":4.0},{"damage":5.0,"enemies":"Gremlin Nob","floor":10.0,"turns":4.0},{"damage":0.0,"enemies":"Exordium Wildlife","floor":11.0,"turns":3.0},{"damage":0.0,"enemies":"Slime Boss","floor":16.0,"turns":5.0},{"damage":11.0,"enemies":"2 Thieves","floor":18.0,"turns":3.0},{"damage":0.0,"enemies":"Spheric Guardian","floor":22.0,"turns":3.0},{"damage":0.0,"enemies":"Snecko","floor":28.0,"turns":4.0},{"damage":23.0,"enemies":"Colosseum Slavers","floor":29.0,"turns":3.0},{"damage":2.0,"enemies":"Colosseum Nobs","floor":29.0,"turns":3.0},{"damage":5.0,"enemies":"Replay:Snechameleon","floor":30.0,"turns":4.0},{"damage":4.0,"enemies":"Centurion and Healer","floor":31.0,"turns":4.0},{"damage":44.0,"enemies":"Pondfish","floor":33.0,"turns":9.0},{"damage":20.0,"enemies":"3 Darklings","floor":35.0,"turns":4.0},{"damage":3.0,"enemies":"Orb Walker","floor":37.0,"turns":2.0},{"damage":6.0,"enemies":"Transient","floor":38.0,"turns":6.0},{"damage":0.0,"enemies":"4 Shapes","floor":45.0,"turns":1.0},{"damage":4.0,"enemies":"Writhing Mass","floor":46.0,"turns":4.0},{"damage":0.0,"enemies":"Jaw Worm Horde","floor":48.0,"turns":2.0},{"damage":0.0,"enemies":"Time Eater","floor":50.0,"turns":1.0},{"damage":66,"enemies":"Shield and Spear","floor":54,"turns":6},{"damage":49,"enemies":"The Heart","floor":55,"turns":2}],"seed_played":"5425719105542866702","potions_obtained":[{"floor":4.0,"key":"LifebloodPotion"},{"floor":10.0,"key":"Swift Potion"},{"floor":11.0,"key":"Strength Potion"},{"floor":16.0,"key":"Strength Potion"},{"floor":18.0,"key":"Explosive Potion"},{"floor":24.0,"key":"Doom Potion"},{"floor":29.0,"key":"Block Potion"},{"floor":33.0,"key":"BlessingOfTheForge"},{"floor":37.0,"key":"AttackPotion"},{"floor":45.0,"key":"SkillPotion"},{"floor":46.0,"key":"DuplicationPotion"},{"floor":54,"key":"SmokeBomb"}],"is_trial":false,"path_per_floor":["M","?","?","M","M","R","E","?","T","E","M","?","$","?","R","B",null,"M","$","?","?","M","R","AVR","R","T","R","M","?","E","M","R","B",null,"M","?","M","M","$","R","?","R","T","?","M","M","$","M","R","B",null,"R","$","E","B"],"character_chosen":"THE_SILENT","items_purchased":["Slice","Swift Strike","DollysMirror","Blade Dance","Accuracy","Mercury Hourglass"],"campfire_rested":2,"item_purchase_floors":[0,0,13,19,39,39],"current_hp_per_floor":[53,53,53,46,45,45,30,30,30,25,25,25,25,25,44,44,61,50,50,63,63,63,63,68,68,68,68,68,43,38,46,46,14,57,37,37,46,40,40,40,40,40,40,40,40,36,36,36,57,57,68,68,68,14,0,0],"gold":69,"neow_bonus":"","is_daily":false,"chose_seed":false,"campfire_upgraded":7,"win_rate":0.0,"timestamp":1611484702,"path_taken":["M","?","?","M","M","R","E","?","T","E","M","?","?","?","R","BOSS","M","$","?","?","M","R","AVR","R","T","R","M","?","E","M","R","BOSS","M","?","M","M","$","R","?","R","T","?","M","M","$","M","R","BOSS","R","$","E","BOSS"],"items_purchased_type":["Card","Card","Relic","Card","Card","Relic"],"build_version":"2020-12-22","purchased_purges":4,"victory":false,"max_hp_per_floor":[66,66,66,66,66,66,66,66,66,66,66,66,66,66,66,66,66,66,66,66,66,66,66,71,71,71,71,71,71,71,71,71,71,71,71,71,71,71,71,71,71,71,71,71,71,71,71,71,71,71,71,71,71,71,71,71],"card_choices":[{"not_picked":["Infinite Blades","Outmaneuver"],"picked":"Riddle With Holes","floor":1.0},{"not_picked":["Underhanded Strike","Hidden Blade"],"picked":"Cloak And Dagger","floor":4.0},{"not_picked":["Choke","ReplayTheSpireMod:Shiv Toss"],"picked":"Dagger Spray","floor":5.0},{"not_picked":["Fluid Movement","ReplayTheSpireMod:The Works"],"picked":"ReplayTheSpireMod:Speed Training","floor":7.0},{"not_picked":["Expertise","Deflect","Bane"],"picked":"SKIP","floor":10.0},{"not_picked":["Expertise","Bane"],"picked":"Deflect","floor":10.0},{"not_picked":["Dagger Spray","Bouncing Flask"],"picked":"Cloak And Dagger","floor":11.0},{"not_picked":["Corpse Explosion","Doppelganger"],"picked":"infinitespire:Neurotoxin","floor":16.0},{"not_picked":["Well Laid Plans+1","Underhanded Strike","Dagger Spray+1"],"picked":"SKIP","floor":18.0},{"not_picked":["Escape Plan","Setup"],"picked":"Cloak And Dagger+1","floor":22.0},{"not_picked":["Underhanded Strike","Flying Knee"],"picked":"Infinite Blades","floor":28.0},{"not_picked":["Quick Slash","Hidden Blade"],"picked":"ReplayTheSpireMod:Shiv Toss","floor":30.0},{"not_picked":["Draining Mist","conspire:PoisonWeapons","ReplayTheSpireMod:Exploit Weakness"],"picked":"SKIP","floor":31.0},{"not_picked":["Venomology","infinitespire:Neurotoxin"],"picked":"Envenom","floor":33.0},{"not_picked":["Dodge and Roll","Flying Knee"],"picked":"PiercingWail+1","floor":35.0},{"not_picked":["Backflip+1","PiercingWail+1"],"picked":"Footwork","floor":37.0},{"not_picked":["Flechettes","Poisoned Stab+1","PiercingWail"],"picked":"SKIP","floor":38.0},{"not_picked":["Dagger Spray+1","Backflip+1"],"picked":"Finisher+1","floor":45.0},{"not_picked":["Dodge and Roll+1","Poisoned Stab","Underhanded Strike"],"picked":"SKIP","floor":46.0},{"not_picked":["Acrobatics","Quick Slash","Deadly Poison"],"picked":"SKIP","floor":48.0},{"not_picked":["Prepared","Deadly Poison+1","Underhanded Strike+1"],"picked":"SKIP","floor":54}],"player_experience":241482,"relics_obtained":[{"floor":7.0,"key":"Happy Flower"},{"floor":9.0,"key":"infinitespire:Lucky Rock"},{"floor":10.0,"key":"Juzu Bracelet"},{"floor":26.0,"key":"War Paint"},{"floor":29.0,"key":"Replay:PocketPolymizer"},{"floor":29.0,"key":"Meat on the Bone"},{"floor":30.0,"key":"Quantum Egg"},{"floor":54,"key":"Golden Egg"}],"event_choices":[{"damage_healed":0.0,"max_hp_gain":0.0,"max_hp_loss":0.0,"gold_gain":0.0,"event_name":"Golden Idol","player_choice":"Ignored","floor":2.0,"gold_loss":0.0,"damage_taken":0.0},{"damage_healed":0.0,"max_hp_gain":0.0,"max_hp_loss":0.0,"gold_gain":0.0,"event_name":"Living Wall","player_choice":"Grow","floor":3.0,"gold_loss":0.0,"damage_taken":0.0,"cards_upgraded":["Riddle With Holes"]},{"damage_healed":0.0,"max_hp_gain":0.0,"max_hp_loss":0.0,"gold_gain":0.0,"event_name":"conspire:LoneGhost","player_choice":"Agree","floor":8.0,"gold_loss":0.0,"damage_taken":0.0},{"damage_healed":0.0,"max_hp_gain":0.0,"max_hp_loss":0.0,"gold_gain":0.0,"event_name":"Match and Keep!","player_choice":"1 cards matched","floor":12.0,"gold_loss":0.0,"damage_taken":0.0,"cards_obtained":["All Out Attack"]},{"damage_healed":0.0,"max_hp_gain":0.0,"max_hp_loss":0.0,"gold_gain":50.0,"event_name":"Golden Shrine","player_choice":"Pray","floor":14.0,"gold_loss":0.0,"damage_taken":0.0},{"damage_healed":13.0,"max_hp_gain":0.0,"max_hp_loss":0.0,"gold_gain":0.0,"event_name":"The Library","player_choice":"Heal","floor":20.0,"gold_loss":0.0,"damage_taken":0.0},{"damage_healed":0.0,"max_hp_gain":0.0,"max_hp_loss":0.0,"gold_gain":0.0,"event_name":"Colosseum","player_choice":"Fight","floor":29.0,"gold_loss":0.0,"damage_taken":0.0},{"damage_healed":0.0,"max_hp_gain":0.0,"max_hp_loss":0.0,"gold_gain":0.0,"event_name":"Colosseum","player_choice":"Fought Nobs","floor":29.0,"gold_loss":0.0,"damage_taken":0.0},{"damage_healed":0.0,"max_hp_gain":0.0,"max_hp_loss":0.0,"gold_gain":0.0,"event_name":"Duplicator","player_choice":"Copied","floor":36.0,"gold_loss":0.0,"damage_taken":0.0,"cards_obtained":["infinitespire:SealOfDarkness"]},{"damage_healed":0.0,"max_hp_gain":0.0,"max_hp_loss":0.0,"gold_gain":0.0,"event_name":"Mysterious Sphere","player_choice":"Ignored","floor":41.0,"gold_loss":0.0,"damage_taken":0.0},{"cards_removed":["ReplayTheSpireMod:Speed Training"],"damage_healed":0.0,"max_hp_gain":0.0,"max_hp_loss":0.0,"gold_gain":0.0,"event_name":"Falling","player_choice":"Removed Skill","floor":44.0,"gold_loss":0.0,"damage_taken":0.0}],"is_beta":false,"boss_relics":[{"not_picked":["Black Star","conspire:SlowCooker"],"picked":"WristBlade"},{"not_picked":["Replay:Fungal Core","ReplayTheSpireMod:SealedPack"],"picked":"infinitespire:Cupcake"}],"items_purged_floors":[0,19,39,47],"is_endless":false,"potions_floor_spawned":[4,10,11,16,18,29,33,37,45,46,54],"killed_by":"The Heart","ascension_level":17}}