{"host":"h1ba9qculgt1zycs","time":1611450940,"event":{"mods":["BaseMod","Hermit","Minty Spire (QoL Compilation)","Remove Card Discount Mod","StSLib","The Cursed"],"gold_per_floor":[111,130,130,147,97,97,128,128,128,158,198,227,239,239],"floor_reached":13,"language":"ENG","playtime":562,"items_purged":[],"score":109,"play_id":"0e5e8fa7-c5e9-46ce-a41a-ffbda0923b83","local_time":"20210124021540","is_ascension_mode":true,"campfire_choices":[{"floor":6,"key":"RECALL"},{"floor":8,"key":"REST"}],"circlet_count":0,"master_deck":["Strike_P","Strike_P","Strike_P","Strike_P","Defend_P","Defend_P","Defend_P","Vigilance","Flash of Steel","FollowUp","Vengeance","Vengeance","WreathOfFlame+1","FlurryOfBlows","Scrawl+1","Pray+1"],"relics":["PureWater","Toxic Egg 2","MawBank","Toy Ornithopter"],"acts_visited":["Exordium"],"potions_floor_usage":[10,11,11,11],"damage_taken":[{"damage":16,"enemies":"2 Louse","floor":1,"turns":2},{"damage":2,"enemies":"Jaw Worm","floor":2,"turns":2},{"damage":3,"enemies":"Small Slimes","floor":4,"turns":3},{"damage":12,"enemies":"3 Sentries","floor":7,"turns":6},{"damage":8,"enemies":"Exordium Thugs","floor":10,"turns":3},{"damage":12,"enemies":"Lagavulin","floor":11,"turns":3},{"damage":4,"enemies":"Looter","floor":12,"turns":3},{"damage":48,"enemies":"Gremlin Nob","floor":13,"turns":3}],"seed_played":"3979460489554758326","potions_obtained":[{"floor":4,"key":"Ancient Potion"},{"floor":10,"key":"EntropicBrew"},{"floor":11,"key":"Explosive Potion"}],"is_trial":false,"path_per_floor":["M","M","?","M","?","R","E","R","T","M","E","M","E"],"character_chosen":"WATCHER","items_purchased":[],"campfire_rested":1,"item_purchase_floors":[],"current_hp_per_floor":[56,54,47,44,44,44,32,53,53,45,33,29,0,0],"gold":239,"neow_bonus":"RANDOM_COLORLESS","is_daily":false,"chose_seed":false,"campfire_upgraded":0,"win_rate":0.0,"timestamp":1611450940,"path_taken":["M","M","?","M","?","R","E","R","T","M","E","M","E"],"items_purchased_type":[],"build_version":"2020-12-22","purchased_purges":0,"victory":false,"max_hp_per_floor":[72,72,72,72,72,72,72,72,72,72,72,72,72,72],"card_choices":[{"not_picked":["Dramatic Entrance","Purity"],"picked":"Flash of Steel","floor":0},{"not_picked":["Evaluate","ThirdEye"],"picked":"FollowUp","floor":1},{"not_picked":["CutThroughFate","Collect"],"picked":"Vengeance","floor":2},{"not_picked":["Protect","BowlingBash"],"picked":"Vengeance","floor":4},{"not_picked":["LikeWater","EmptyFist"],"picked":"WreathOfFlame+1","floor":7},{"not_picked":["EmptyBody+1","Swivel+1"],"picked":"FlurryOfBlows","floor":10},{"not_picked":["Establishment","Swivel+1"],"picked":"Scrawl+1","floor":11},{"not_picked":["SashWhip","Prostrate+1"],"picked":"Pray+1","floor":12}],"player_experience":277141,"relics_obtained":[{"floor":7,"key":"Toxic Egg 2"},{"floor":9,"key":"MawBank"},{"floor":11,"key":"Toy Ornithopter"}],"event_choices":[{"cards_removed":["Defend_P"],"damage_healed":0,"gold_gain":0,"player_choice":"Card Removal","damage_taken":7,"max_hp_gain":0,"max_hp_loss":0,"event_name":"Golden Wing","floor":3,"gold_loss":0},{"cards_removed":["Eruption"],"damage_healed":0,"gold_gain":0,"player_choice":"Card Removal","damage_taken":0,"max_hp_gain":0,"max_hp_loss":0,"event_name":"The Cleric","floor":5,"gold_loss":50}],"is_beta":false,"boss_relics":[],"items_purged_floors":[],"is_endless":false,"potions_floor_spawned":[4,10,11],"killed_by":"Gremlin Nob","ascension_level":3}}