{"host":"jjgyg020kc87m30c","time":1611482350,"event":{"mods":["BaseMod","Colored Map","Minty Spire (QoL Compilation)","Permanent Neow"],"gold_per_floor":[15,28,303,102,113,113,143,172,172,95,123,135,35,35,35,130,130,146,157,175,175,194,194,226,226,298,298,298,313,327,327,327,424,424,440,490,490,6,6,6,23,23,23,49,98,118,118,137,137,137],"floor_reached":51,"language":"ENG","playtime":3340,"items_purged":["Regret","Strike_G","Strike_G"],"score":726,"play_id":"5f9428a6-fdaa-4f0f-b2cb-394b6295be1e","local_time":"20210124185910","is_ascension_mode":true,"campfire_choices":[{"data":"Noxious Fumes","floor":6,"key":"SMITH"},{"data":"Noxious Fumes","floor":15,"key":"SMITH"},{"data":"Catalyst","floor":23,"key":"SMITH"},{"data":"Footwork","floor":25,"key":"SMITH"},{"data":"Adrenaline","floor":28,"key":"SMITH"},{"data":"Panacea","floor":32,"key":"SMITH"},{"data":"Catalyst","floor":40,"key":"SMITH"},{"data":"Sadistic Nature","floor":42,"key":"SMITH"},{"data":"Tools of the Trade","floor":47,"key":"SMITH"},{"data":"Crippling Poison","floor":49,"key":"SMITH"}],"circlet_count":0,"master_deck":["Strike_G","Defend_G","Defend_G","Defend_G","Defend_G","Survivor","Neutralize","Deadly Poison","Poisoned Stab","Noxious Fumes+1","Prepared","Crippling Poison+1","Prepared","Noxious Fumes+1","Adrenaline+1","Heel Hook","PiercingWail","Catalyst+1","Footwork+1","Blade Dance","Prepared+1","Panacea+1","Tools of the Trade+1","CurseOfTheBell","Bane+1","Catalyst+1","Master of Strategy","Sadistic Nature+1","PiercingWail+1","Tactician+1","Escape Plan+1"],"relics":["Ring of the Snake","Odd Mushroom","Eternal Feather","Paper Crane","Coffee Dripper","Pantograph","HornCleat","Calling Bell","Juzu Bracelet","Matryoshka","Ginger","Gambling Chip","Thread and Needle","Bronze Scales","Toxic Egg 2","Bottled Flame","Du-Vu Doll"],"acts_visited":["Exordium","TheCity","TheBeyond"],"potions_floor_usage":[11,29,33,45,45,50],"damage_taken":[{"damage":1,"enemies":"Small Slimes","floor":1,"turns":4},{"damage":0,"enemies":"Cultist","floor":2,"turns":3},{"damage":0,"enemies":"2 Louse","floor":5,"turns":3},{"damage":9,"enemies":"The Mushroom Lair","floor":8,"turns":4},{"damage":11,"enemies":"Gremlin Nob","floor":11,"turns":4},{"damage":2,"enemies":"Blue Slaver","floor":12,"turns":4},{"damage":24,"enemies":"Hexaghost","floor":16,"turns":8},{"damage":14,"enemies":"Spheric Guardian","floor":18,"turns":4},{"damage":2,"enemies":"3 Byrds","floor":19,"turns":3},{"damage":22,"enemies":"Snake Plant","floor":20,"turns":5},{"damage":4,"enemies":"Centurion and Healer","floor":22,"turns":5},{"damage":13,"enemies":"Book of Stabbing","floor":24,"turns":5},{"damage":14,"enemies":"Snecko","floor":29,"turns":5},{"damage":12,"enemies":"Sentry and Sphere","floor":30,"turns":5},{"damage":20,"enemies":"Collector","floor":33,"turns":6},{"damage":3,"enemies":"Orb Walker","floor":35,"turns":4},{"damage":1,"enemies":"Mind Bloom Boss Battle","floor":36,"turns":7},{"damage":9,"enemies":"3 Shapes","floor":41,"turns":3},{"damage":6,"enemies":"Giant Head","floor":44,"turns":6},{"damage":28,"enemies":"2 Orb Walkers","floor":45,"turns":6},{"damage":12,"enemies":"Spire Growth","floor":46,"turns":5},{"damage":0,"enemies":"3 Darklings","floor":48,"turns":3},{"damage":28,"enemies":"Time Eater","floor":50,"turns":6}],"seed_played":"-7136875626844049003","potions_obtained":[{"floor":5,"key":"EssenceOfSteel"},{"floor":18,"key":"SmokeBomb"},{"floor":22,"key":"EssenceOfSteel"},{"floor":29,"key":"Energy Potion"},{"floor":30,"key":"PowerPotion"},{"floor":35,"key":"EssenceOfSteel"},{"floor":41,"key":"Dexterity Potion"},{"floor":46,"key":"Strength Potion"}],"is_trial":false,"path_per_floor":["M","M","?","$","M","R","?","?","T","$","E","M","$","?","R","B",null,"M","M","M","?","M","R","E","R","T","?","R","M","M","?","R","B",null,"M","?","?","$","?","R","M","R","T","E","?","M","R","M","R","B",null],"character_chosen":"THE_SILENT","items_purchased":["Noxious Fumes","Prepared","Crippling Poison","Thread and Needle","Catalyst"],"campfire_rested":0,"item_purchase_floors":[4,4,10,38,38],"current_hp_per_floor":[69,69,69,69,69,69,69,60,60,60,49,47,47,47,56,32,70,56,54,32,32,28,40,27,39,39,39,51,37,25,25,37,42,70,67,69,69,69,59,70,61,70,70,64,36,24,42,42,60,42],"gold":137,"neow_bonus":"REMOVE_TWO","is_daily":false,"chose_seed":false,"campfire_upgraded":10,"win_rate":0.0,"timestamp":1611482350,"path_taken":["M","M","?","$","?","R","?","?","T","?","E","M","$","?","R","BOSS","M","M","M","?","M","R","E","R","T","?","R","?","M","?","R","BOSS","M","?","?","$","?","R","M","R","T","E","?","M","R","M","R","BOSS"],"items_purchased_type":["Card","Card","Card","Relic","Card"],"build_version":"2020-12-22","purchased_purges":3,"victory":true,"max_hp_per_floor":[70,70,70,70,70,70,70,70,70,70,70,70,70,70,70,70,70,70,70,70,70,70,70,70,70,70,70,70,70,70,70,70,70,70,70,70,70,70,70,70,70,70,70,70,70,70,70,70,70,70],"card_choices":[{"not_picked":["Prepared","Poisoned Stab"],"picked":"Deadly Poison","floor":1},{"not_picked":["Skewer","Backstab"],"picked":"Poisoned Stab","floor":2},{"not_picked":["Dagger Spray","Riddle With Holes","Dodge and Roll"],"picked":"SKIP","floor":5},{"not_picked":["Dagger Spray","Quick Slash"],"picked":"Prepared","floor":11},{"not_picked":["Sucker Punch","Poisoned Stab"],"picked":"Noxious Fumes","floor":12},{"not_picked":["Envenom","A Thousand Cuts"],"picked":"Adrenaline","floor":16},{"not_picked":["Blade Dance","Outmaneuver"],"picked":"Heel Hook","floor":18},{"not_picked":["Skewer","Expertise","Infinite Blades"],"picked":"SKIP","floor":19},{"not_picked":["Acrobatics","Noxious Fumes"],"picked":"PiercingWail","floor":20},{"not_picked":["Dodge and Roll","Outmaneuver+1","Deflect"],"picked":"SKIP","floor":22},{"not_picked":["Endless Agony","Poisoned Stab"],"picked":"Footwork","floor":24},{"not_picked":["Endless Agony","Slice"],"picked":"Prepared+1","floor":29},{"not_picked":["Dagger Throw+1","Riddle With Holes","Choke"],"picked":"SKIP","floor":30},{"not_picked":["Envenom","Wraith Form v2"],"picked":"Tools of the Trade","floor":33},{"not_picked":["Sucker Punch","Underhanded Strike+1","Poisoned Stab"],"picked":"SKIP","floor":35},{"not_picked":["Backflip+1","Infinite Blades"],"picked":"Bane+1","floor":36},{"not_picked":["Chrysalis","Blind"],"picked":"Master of Strategy","floor":39},{"not_picked":["Secret Weapon","HandOfGreed"],"picked":"Sadistic Nature","floor":39},{"not_picked":["Slice+1","Quick Slash"],"picked":"PiercingWail+1","floor":41},{"not_picked":["Blade Dance+1","Backflip+1","Distraction+1"],"picked":"SKIP","floor":44},{"not_picked":["Flying Knee+1","Quick Slash+1"],"picked":"Tactician+1","floor":45},{"not_picked":["Prepared+1","Heel Hook+1","Blur+1"],"picked":"SKIP","floor":46},{"not_picked":["Slice+1","Flying Knee"],"picked":"Escape Plan+1","floor":48}],"player_experience":19228,"relics_obtained":[{"floor":8,"key":"Odd Mushroom"},{"floor":9,"key":"Eternal Feather"},{"floor":11,"key":"Paper Crane"},{"floor":24,"key":"Pantograph"},{"floor":26,"key":"HornCleat"},{"floor":34,"key":"Juzu Bracelet"},{"floor":34,"key":"Matryoshka"},{"floor":34,"key":"Ginger"},{"floor":36,"key":"Gambling Chip"},{"floor":43,"key":"Bronze Scales"},{"floor":43,"key":"Toxic Egg 2"},{"floor":44,"key":"Bottled Flame"},{"floor":45,"key":"Du-Vu Doll"}],"event_choices":[{"damage_healed":0,"gold_gain":275,"player_choice":"Desecrate","damage_taken":0,"max_hp_gain":0,"max_hp_loss":0,"event_name":"Golden Shrine","floor":3,"gold_loss":0,"cards_obtained":["Regret"]},{"damage_healed":0,"gold_gain":30,"player_choice":"Searched \u00272\u0027 times","damage_taken":0,"max_hp_gain":0,"max_hp_loss":0,"event_name":"Dead Adventurer","floor":7,"gold_loss":0},{"damage_healed":0,"gold_gain":0,"player_choice":"Fought Mushrooms","damage_taken":0,"max_hp_gain":0,"max_hp_loss":0,"event_name":"Mushrooms","floor":8,"gold_loss":0},{"damage_healed":0,"gold_gain":0,"player_choice":"Leave","damage_taken":0,"max_hp_gain":0,"max_hp_loss":0,"event_name":"The Cleric","floor":14,"gold_loss":0},{"damage_healed":0,"gold_gain":0,"player_choice":"Read","damage_taken":0,"max_hp_gain":0,"max_hp_loss":0,"event_name":"The Library","floor":21,"gold_loss":0,"cards_obtained":["Catalyst"]},{"damage_healed":0,"gold_gain":0,"cards_transformed":["Strike_G"],"player_choice":"Transformed","damage_taken":0,"max_hp_gain":0,"max_hp_loss":0,"event_name":"Transmorgrifier","floor":27,"gold_loss":0,"cards_obtained":["Blade Dance"]},{"damage_healed":0,"gold_gain":0,"player_choice":"1 cards matched","damage_taken":0,"max_hp_gain":0,"max_hp_loss":0,"event_name":"Match and Keep!","floor":31,"gold_loss":0,"cards_obtained":["Panacea"]},{"damage_healed":0,"gold_gain":0,"player_choice":"Fight","damage_taken":0,"max_hp_gain":0,"max_hp_loss":0,"event_name":"MindBloom","floor":36,"gold_loss":0},{"damage_healed":0,"gold_gain":0,"player_choice":"0 cards matched","damage_taken":0,"max_hp_gain":0,"max_hp_loss":0,"event_name":"Match and Keep!","floor":37,"gold_loss":0,"cards_obtained":[]},{"damage_healed":0,"gold_gain":0,"player_choice":"Memory 3","damage_taken":10,"max_hp_gain":0,"max_hp_loss":0,"event_name":"SensoryStone","floor":39,"gold_loss":0},{"damage_healed":0,"gold_gain":0,"player_choice":"Fight","damage_taken":0,"max_hp_gain":0,"max_hp_loss":0,"event_name":"Mysterious Sphere","floor":45,"gold_loss":0}],"is_beta":false,"boss_relics":[{"not_picked":["HoveringKite","Ring of the Serpent"],"picked":"Coffee Dripper"},{"not_picked":["Fusion Hammer","Snecko Eye"],"picked":"Calling Bell"}],"items_purged_floors":[4,13,38],"is_endless":false,"potions_floor_spawned":[5,18,22,29,30,35,36,41,46],"ascension_level":1}}