{"host":"ga4s3hj9m6nkn6gp","time":1611519631,"event":{"mods":["AchievementEnabler","BaseMod","Bestiary","Colored Powertips","Highlight Path","Minty Spire (QoL Compilation)","Relic Stats","everything is the same but u backflip on backflip"],"gold_per_floor":[116,116,141,141,160,201,48,87,112,133,156,156,156,156],"floor_reached":13,"language":"ENG","playtime":336,"items_purged":[],"score":195,"play_id":"efe1eb6b-74ef-40c2-8864-449e2bc71d95","local_time":"20210124212031","is_ascension_mode":true,"campfire_choices":[{"data":"Defragment","floor":12,"key":"SMITH"}],"circlet_count":0,"master_deck":["AscendersBane","Strike_B","Strike_B","Strike_B","Strike_B","Defend_B","Defend_B","Defend_B","Defend_B","Zap","Dualcast","Defragment","Conserve Battery","Defragment+1","Tempest","Cold Snap","Hologram"],"relics":["Cracked Core","NeowsBlessing","Akabeko","Golden Idol","Ancient Tea Set","OrangePellets","Bag of Marbles","Nunchaku"],"acts_visited":["Exordium"],"potions_floor_usage":[8,13,13],"damage_taken":[{"damage":0,"enemies":"2 Louse","floor":1,"turns":1},{"damage":0,"enemies":"Jaw Worm","floor":5,"turns":1},{"damage":0,"enemies":"Lagavulin","floor":6,"turns":1},{"damage":43,"enemies":"3 Sentries","floor":8,"turns":9},{"damage":0,"enemies":"Cultist","floor":10,"turns":2},{"damage":22,"enemies":"Exordium Wildlife","floor":11,"turns":3},{"damage":20,"enemies":"Gremlin Nob","floor":13,"turns":2}],"seed_played":"4875711990852559339","potions_obtained":[{"floor":5,"key":"SkillPotion"},{"floor":10,"key":"Fruit Juice"},{"floor":11,"key":"SteroidPotion"}],"is_trial":false,"path_per_floor":["M","?","T","?","M","E","$","E","T","M","M","R","E"],"character_chosen":"DEFECT","items_purchased":["OrangePellets"],"campfire_rested":0,"item_purchase_floors":[7],"current_hp_per_floor":[68,73,73,73,73,73,73,30,30,30,8,8,0,0],"gold":156,"neow_bonus":"THREE_ENEMY_KILL","is_daily":false,"chose_seed":false,"campfire_upgraded":1,"win_rate":0.0,"timestamp":1611519631,"path_taken":["M","?","?","?","M","E","$","E","T","M","M","R","E"],"items_purchased_type":["Relic"],"build_version":"2020-12-22","purchased_purges":0,"victory":false,"max_hp_per_floor":[75,80,80,74,74,74,74,74,74,74,74,74,79,79],"relic_stats":{"OrangePellets":[1],"Nunchaku":[0],"counters":[7,19],"Golden Idol":29,"obtain_stats":[{"OrangePellets":7,"Nunchaku":9,"NeowsBlessing":0,"Golden Idol":4,"Bag of Marbles":8,"Cracked Core":0,"Ancient Tea Set":6,"Akabeko":3},{"OrangePellets":3,"Nunchaku":4,"NeowsBlessing":0,"Golden Idol":1,"Bag of Marbles":4,"Cracked Core":0,"Ancient Tea Set":3,"Akabeko":1},{"OrangePellets":3,"Nunchaku":12,"NeowsBlessing":0,"Golden Idol":1,"Bag of Marbles":12,"Cracked Core":0,"Ancient Tea Set":3,"Akabeko":1}]},"card_choices":[{"not_picked":["Turbo","Leap"],"picked":"Defragment","floor":1},{"not_picked":["Barrage","Stack"],"picked":"Conserve Battery","floor":5},{"not_picked":["Self Repair","Coolheaded"],"picked":"Defragment","floor":6},{"not_picked":["Stack","Barrage"],"picked":"Tempest","floor":8},{"not_picked":["Redo","Barrage"],"picked":"Cold Snap","floor":10},{"not_picked":["Scrape","Leap"],"picked":"Hologram","floor":11}],"player_experience":683634,"relics_obtained":[{"floor":3,"key":"Akabeko"},{"floor":6,"key":"Ancient Tea Set"},{"floor":8,"key":"Bag of Marbles"},{"floor":9,"key":"Nunchaku"}],"event_choices":[{"damage_healed":0,"gold_gain":0,"player_choice":"Donut","damage_taken":0,"max_hp_gain":5,"max_hp_loss":0,"event_name":"Big Fish","floor":2,"gold_loss":0},{"damage_healed":0,"gold_gain":0,"player_choice":"Lose Max HP","damage_taken":0,"relics_obtained":["Golden Idol"],"max_hp_gain":0,"max_hp_loss":6,"event_name":"Golden Idol","floor":4,"gold_loss":0}],"is_beta":false,"boss_relics":[],"items_purged_floors":[],"is_endless":false,"potions_floor_spawned":[5,10,11],"killed_by":"Gremlin Nob","ascension_level":13}}