{"host":"d4km6p8r92tm3vpl","time":1611524491,"event":{"mods":["AchievementEnabler","BaseMod","Colored Map","Colored Powertips","DeckTracker","Minty Spire (QoL Compilation)","Relic Stats","StSLib"],"gold_per_floor":[116,66,83,83,95,95,24,35,35,369,369,397,122,137,137,237,237,237,192,192,192,192],"floor_reached":21,"language":"ENG","playtime":783,"items_purged":["Strike_G"],"score":327,"play_id":"0a311b46-dbe2-4eef-a556-a2512a755df0","local_time":"20210124164131","is_ascension_mode":true,"campfire_choices":[{"data":"Skewer","floor":6,"key":"SMITH"},{"data":"Glass Knife","floor":11,"key":"SMITH"},{"floor":15,"key":"REST"}],"circlet_count":0,"master_deck":["AscendersBane","Strike_G","Strike_G","Strike_G","Strike_G","Defend_G","Defend_G","Defend_G","Defend_G","Defend_G","Survivor","Neutralize","Glass Knife+1","Deadly Poison","Skewer+1","Dagger Spray","Noxious Fumes","Bane","All Out Attack","Predator","Poisoned Stab","Flying Knee","Doppelganger","Calculated Gamble","Blur"],"relics":["Ring of the Snake","Pear","Old Coin","Omamori","Ectoplasm","NlothsMask"],"acts_visited":["Exordium","TheCity"],"potions_floor_usage":[10,12,16],"damage_taken":[{"damage":0,"enemies":"Jaw Worm","floor":1,"turns":4},{"damage":0,"enemies":"2 Louse","floor":3,"turns":2},{"damage":4,"enemies":"Cultist","floor":5,"turns":3},{"damage":21,"enemies":"Exordium Thugs","floor":8,"turns":6},{"damage":15,"enemies":"3 Sentries","floor":10,"turns":8},{"damage":25,"enemies":"Gremlin Nob","floor":12,"turns":4},{"damage":2,"enemies":"Looter","floor":14,"turns":3},{"damage":8,"enemies":"Slime Boss","floor":16,"turns":7},{"damage":2,"enemies":"Chosen","floor":18,"turns":4},{"damage":28,"enemies":"2 Thieves","floor":19,"turns":3},{"damage":45,"enemies":"Shelled Parasite and Fungi","floor":21,"turns":4}],"seed_played":"1809677733804931693","potions_obtained":[{"floor":1,"key":"EssenceOfSteel"},{"floor":3,"key":"Ancient Potion"},{"floor":12,"key":"LiquidBronze"}],"is_trial":false,"path_per_floor":["M","?","M","?","M","R","$","M","T","E","R","E","$","M","R","B",null,"M","M","?","M"],"character_chosen":"THE_SILENT","items_purchased":["Noxious Fumes","Predator","Poisoned Stab","DuplicationPotion"],"campfire_rested":1,"item_purchase_floors":[7,13,13,13],"current_hp_per_floor":[63,63,63,68,64,64,64,43,53,38,38,13,13,11,36,28,71,69,41,41,0,0],"gold":192,"neow_bonus":"THREE_RARE_CARDS","is_daily":false,"chose_seed":false,"campfire_upgraded":2,"win_rate":0.0,"timestamp":1611524491,"path_taken":["M","?","M","?","M","R","$","M","T","E","R","E","$","M","R","BOSS","M","M","?","?"],"items_purchased_type":["Card","Card","Card","Potion"],"build_version":"2020-12-22","purchased_purges":1,"victory":false,"max_hp_per_floor":[70,70,70,75,75,75,75,75,85,85,85,85,85,85,85,85,85,85,85,85,85,85],"relic_stats":{"counters":[11,48],"Ectoplasm":71,"obtain_stats":[{"Pear":9,"Ectoplasm":17,"Omamori":12,"Ring of the Snake":0,"Old Coin":10,"NlothsMask":20},{"Pear":4,"Ectoplasm":8,"Omamori":6,"Ring of the Snake":0,"Old Coin":5,"NlothsMask":10},{"Pear":15,"Ectoplasm":37,"Omamori":27,"Ring of the Snake":0,"Old Coin":23,"NlothsMask":44}],"Ring of the Snake":[22]},"card_choices":[{"not_picked":["Phantasmal Killer","Grand Finale"],"picked":"Glass Knife","floor":0},{"not_picked":["Blade Dance","Accuracy"],"picked":"Deadly Poison","floor":1},{"not_picked":["Cloak And Dagger","Backflip"],"picked":"Skewer","floor":3},{"not_picked":["Bane","Deadly Poison"],"picked":"Dagger Spray","floor":5},{"not_picked":["Dagger Spray","Outmaneuver","Acrobatics"],"picked":"SKIP","floor":8},{"not_picked":["Sucker Punch","Masterful Stab"],"picked":"Bane","floor":10},{"not_picked":["Caltrops","All Out Attack","Slice"],"picked":"SKIP","floor":12},{"not_picked":["Caltrops","Slice"],"picked":"All Out Attack","floor":12},{"not_picked":["Blade Dance","Dagger Spray"],"picked":"Flying Knee","floor":14},{"not_picked":["Bullet Time","Wraith Form v2"],"picked":"Doppelganger","floor":16},{"not_picked":["Dagger Spray","Blade Dance"],"picked":"Calculated Gamble","floor":18},{"not_picked":["Quick Slash","Expertise"],"picked":"Blur","floor":19}],"player_experience":824645,"relics_obtained":[{"floor":9,"key":"Pear"},{"floor":10,"key":"Old Coin"},{"floor":12,"key":"Omamori"}],"event_choices":[{"cards_removed":["Injury"],"damage_healed":0,"gold_gain":0,"player_choice":"Card Removal","damage_taken":0,"max_hp_gain":0,"max_hp_loss":0,"event_name":"The Cleric","floor":2,"gold_loss":50},{"damage_healed":0,"gold_gain":0,"player_choice":"Donut","damage_taken":0,"max_hp_gain":5,"max_hp_loss":0,"event_name":"Big Fish","floor":4,"gold_loss":0},{"damage_healed":0,"gold_gain":0,"player_choice":"Trade","damage_taken":0,"relics_obtained":["NlothsMask"],"max_hp_gain":0,"max_hp_loss":0,"event_name":"FaceTrader","floor":20,"gold_loss":0}],"is_beta":false,"boss_relics":[{"not_picked":["Fusion Hammer","HoveringKite"],"picked":"Ectoplasm"}],"items_purged_floors":[13],"is_endless":false,"potions_floor_spawned":[1,3,12,14],"killed_by":"Shelled Parasite and Fungi","ascension_level":12}}