{"host":"0x0gr83ly0vxzjzg","time":1611514073,"event":{"mods":["BaseMod","Bestiary","Better Skull","Curses Come First","Hubris","Infinite Spire","Minty Spire (QoL Compilation)","Shop Mod","Spire Arcade","StSLib","The Cursed","The Servant 0.9.4"],"gold_per_floor":[116,132,132,152,152,152,186,186,186,200,200,200,179,199,199,295,295,306,426,426,426,445,445,178,189,212,240,240,255,265,265,265,362,362,377,123,0,50,64,64,64,64,64,64,64,78,88,108,108,207,207,222,222,227,227,243,263,263,263,287,287,291,302,316,327,327,417,417,388,396,396,396,495,495,512,516,516,522,522,522,526,475,475,558,558,557,555,403,403,405,405,433,412,435,435,428,428],"floor_reached":96,"language":"ENG","playtime":6353,"items_purged":[],"score":1745,"play_id":"8c046966-c55e-4f7a-9ad9-d0fefc5a93a5","local_time":"20210124134753","is_ascension_mode":false,"campfire_choices":[{"data":"Metallicize","floor":6.0,"key":"SMITH"},{"floor":8.0,"key":"REST"},{"data":"Armaments","floor":11.0,"key":"SMITH"},{"floor":15.0,"key":"REST"},{"data":"infinitespire:Starlight","floor":23.0,"key":"SMITH"},{"data":"Entrench","floor":28.0,"key":"SMITH"},{"data":"hubris:InfiniteBlow+5","floor":32.0,"key":"SMITH"},{"data":"Metallicize","floor":40.0,"key":"SMITH"},{"data":"Metallicize","floor":42.0,"key":"SMITH"},{"data":"Whirlwind","floor":44.0,"key":"SMITH"},{"data":"hubris:InfiniteBlow+6","floor":49.0,"key":"SMITH"},{"floor":59.0,"key":"REST"},{"data":"Armaments","floor":61.0,"key":"SMITH"},{"data":"hubris:Fate","floor":66.0,"key":"SMITH"},{"data":"Demon Form","floor":74.0,"key":"SMITH"},{"data":"infinitespire:UltimateForm","floor":79.0,"key":"SMITH"},{"data":"hubris:InfiniteBlow+14","floor":83.0,"key":"SMITH"},{"data":"hubris:InfiniteBlow+44","floor":91,"key":"SMITH"}],"circlet_count":0,"master_deck":["Defend_R","Defend_R","Defend_R","Defend_R","Bash+1","Metallicize+1","Metallicize+1","Inflame","Heavy Blade+1","Armaments+1","Shrug It Off","Cleave+1","Feed","Headbutt+1","Clothesline+1","hubris:InfiniteBlow+45","infinitespire:Starlight+1","Battle Trance","Metallicize+1","Flex","Clash","Entrench+1","Pommel Strike","Demon Form+1","Anger","Inflame","Entrench","Whirlwind+1","Rampage+1","Rage+1","Twin Strike+1","Heavy Blade","Feed","Shrug It Off","Rampage","Armaments+1","Pommel Strike","Anger","Clash","Reaper","Fire Breathing","Rampage","Bite","Bite","Bite","Bite","Bite","hubris:Fate","infinitespire:UltimateForm+1","Anger","Rage+1","Second Wind","Metallicize","Armaments","Demon Form","Seeing Red+1","Infernal Blade","PanicButton","Shrug It Off","Battle Trance+1","Metallicize","Worship","hubris:Fate","hubris:DuctTapeCard"],"relics":["Black Star","hubris:Icosahedron","hubris:Reverence","hubris:MedicalManual","FossilizedHelix","infinitespire:Cubic Diamond","Smiling Mask","infinitespire:Satchel","Sozu","MerchantsRug","Whetstone","Matryoshka","infinitespire:DarkRift","Torii","Red Mask","hubris:ToyBattleship","MealTicket","hubris:TerracottaHorce","hubris:DeckOfHolding","infinitespire:ShieldingShard","Mercury Hourglass","Kunai","infinitespire:PuzzleCube","Bag of Preparation","hubris:DisguiseKit","hubris:BlackHole","hubris:SlimyHat","infinitespire:WardingShard","Tiny Chest","Omamori","hubris:DuctTape"],"acts_visited":["Exordium","TheCity","TheBeyond","TheCity","TheBeyond"],"potions_floor_usage":[],"damage_taken":[{"damage":1.0,"enemies":"Cultist","floor":1.0,"turns":4.0},{"damage":3.0,"enemies":"2 Louse","floor":2.0,"turns":4.0},{"damage":6.0,"enemies":"Small Slimes","floor":4.0,"turns":4.0},{"damage":14.0,"enemies":"Lagavulin","floor":7.0,"turns":9.0},{"damage":0.0,"enemies":"Gremlin Gang","floor":10.0,"turns":5.0},{"damage":29.0,"enemies":"3 Sentries","floor":13.0,"turns":9.0},{"damage":0.0,"enemies":"Exordium Thugs","floor":14.0,"turns":6.0},{"damage":25.0,"enemies":"Hexaghost","floor":16.0,"turns":10.0},{"damage":10.0,"enemies":"Shell Parasite","floor":18.0,"turns":6.0},{"damage":6.0,"enemies":"3 Byrds","floor":19.0,"turns":6.0},{"damage":13.0,"enemies":"Snake Plant","floor":22.0,"turns":3.0},{"damage":9.0,"enemies":"Centurion and Healer","floor":25.0,"turns":5.0},{"damage":16.0,"enemies":"Nightmare","floor":27.0,"turns":7.0},{"damage":4.0,"enemies":"Cultist and Chosen","floor":29.0,"turns":6.0},{"damage":0.0,"enemies":"Sentry and Sphere","floor":30.0,"turns":4.0},{"damage":13.0,"enemies":"Champ","floor":33.0,"turns":10.0},{"damage":0.0,"enemies":"Orb Walker","floor":35.0,"turns":3.0},{"damage":10.0,"enemies":"Mind Bloom Boss Battle","floor":38.0,"turns":6.0},{"damage":9.0,"enemies":"3 Darklings","floor":39.0,"turns":6.0},{"damage":19.0,"enemies":"Sphere and 2 Shapes","floor":46.0,"turns":4.0},{"damage":33.0,"enemies":"4 Shapes","floor":47.0,"turns":5.0},{"damage":0.0,"enemies":"3 Darklings","floor":48.0,"turns":1.0},{"damage":54.0,"enemies":"Donu and Deca","floor":50.0,"turns":9.0},{"damage":0.0,"enemies":"Cultist","floor":52.0,"turns":2.0},{"damage":0.0,"enemies":"Jaw Worm","floor":54.0,"turns":2.0},{"damage":0.0,"enemies":"Small Slimes","floor":56.0,"turns":1.0},{"damage":46.0,"enemies":"3 Sentries","floor":57.0,"turns":4.0},{"damage":0.0,"enemies":"Exordium Wildlife","floor":62.0,"turns":3.0},{"damage":0.0,"enemies":"2 Fungi Beasts","floor":63.0,"turns":3.0},{"damage":0.0,"enemies":"Gremlin Nob","floor":64.0,"turns":3.0},{"damage":0.0,"enemies":"Lots of Slimes","floor":65.0,"turns":2.0},{"damage":0.0,"enemies":"Slime Boss","floor":67.0,"turns":2.0},{"damage":0.0,"enemies":"2 Thieves","floor":69.0,"turns":2.0},{"damage":0.0,"enemies":"Spheric Guardian","floor":70.0,"turns":1.0},{"damage":23.0,"enemies":"Book of Stabbing","floor":75.0,"turns":4.0},{"damage":24.0,"enemies":"Snake Plant","floor":76.0,"turns":3.0},{"damage":15.0,"enemies":"Nightmare","floor":78.0,"turns":4.0},{"damage":0.0,"enemies":"Sentry and Sphere","floor":81.0,"turns":3.0},{"damage":38.0,"enemies":"Collector","floor":84.0,"turns":5.0},{"damage":0.0,"enemies":"Orb Walker","floor":86.0,"turns":4.0},{"damage":0.0,"enemies":"3 Darklings","floor":87.0,"turns":3.0},{"damage":0,"enemies":"Jaw Worm Horde","floor":90,"turns":3},{"damage":0,"enemies":"Giant Head","floor":92,"turns":1},{"damage":56,"enemies":"Spire Growth","floor":93,"turns":5},{"damage":24,"enemies":"Nightmare_Alpha","floor":96,"turns":1}],"seed_played":"-1898626269200216645","potions_obtained":[{"floor":2.0,"key":"Energy Potion"},{"floor":7.0,"key":"FearPotion"},{"floor":14.0,"key":"Fruit Juice"},{"floor":16.0,"key":"AttackPotion"}],"is_trial":false,"path_per_floor":["M","M","$","M","?","R","E","R","T","M","R","?","E","M","R","B",null,"M","M","AVR","?","M","R","$","M","T","NM","R","M","M","T","R","B",null,"M","$","?","?","M","R","$","R","T","R","AVR","M","M","M","R","B",null,"M","?","M","?","M","E","?","R","T","R","M","M","E","M","R","B",null,"M","M","?","AVR","?","R","E","M","T","NM","R","T","M","$","R","B",null,"M","M","$","?","M","R","E","M","T","AVR","NM"],"character_chosen":"IRONCLAD","items_purchased":["Metallicize","Flex","MerchantsRug","Inflame","Torii","Entrench","Armaments","hubris:DisguiseKit","hubris:SlimyHat"],"campfire_rested":3,"item_purchase_floors":[24,24,24,36,36,36,82,82,88],"current_hp_per_floor":[79,76,76,70,70,70,56,80,80,80,80,80,51,56,81,56,85,75,72,72,72,69,69,69,75,75,83,83,91,95,95,95,82,95,95,95,95,93,101,101,101,101,101,101,101,87,71,73,73,36,89,91,91,96,96,98,54,32,64,72,72,89,94,111,104,104,104,96,96,96,96,96,96,96,88,64,64,66,66,66,72,72,72,72,72,72,72,72,72,72,72,72,16,16,16,0,0],"gold":428,"neow_bonus":"BOSS_RELIC","is_daily":false,"chose_seed":false,"campfire_upgraded":15,"win_rate":0.0,"timestamp":1611514073,"path_taken":["M","M","$","M","?","R","E","R","T","M","R","?","E","M","R","BOSS","M","M","AVR","?","M","R","$","M","T","NM","R","M","?","?","R","BOSS","M","$","?","?","M","R","$","R","T","R","AVR","M","M","M","R","BOSS","M","?","?","?","M","E","?","R","T","R","M","M","E","M","R","BOSS","M","M","?","AVR","?","R","E","M","T","NM","R","?","M","$","R","BOSS","M","M","$","?","M","R","E","M","T","AVR","NM"],"items_purchased_type":["Card","Card","Relic","Card","Relic","Card","Card","Relic","Relic"],"build_version":"2020-12-22","purchased_purges":0,"victory":false,"max_hp_per_floor":[80,80,80,80,80,80,80,80,80,80,80,80,80,85,85,85,85,85,88,88,88,88,88,88,88,88,95,95,95,95,95,95,95,95,95,95,95,103,103,103,103,103,103,103,103,106,106,106,106,106,106,106,106,109,109,109,109,109,109,117,117,117,120,112,104,104,104,96,96,96,96,96,96,96,96,96,88,80,80,72,72,72,72,72,72,72,72,72,72,72,72,72,72,72,72,72,72],"card_choices":[{"not_picked":["Cleave","Clothesline"],"picked":"Metallicize","floor":1.0},{"not_picked":["Shrug It Off","Flex"],"picked":"Metallicize","floor":2.0},{"not_picked":["Reckless Charge","Blood for Blood"],"picked":"Inflame","floor":4.0},{"not_picked":["Sword Boomerang","Anger"],"picked":"Heavy Blade","floor":7.0},{"not_picked":["Perfected Strike","Iron Wave"],"picked":"Armaments","floor":10.0},{"not_picked":["Ghostly Armor","Flex"],"picked":"Shrug It Off","floor":13.0},{"not_picked":["Fiend Fire","Havoc"],"picked":"Cleave","floor":14.0},{"not_picked":["Offering","Double Tap"],"picked":"Feed","floor":16.0},{"not_picked":["Thunderclap","Dual Wield+1"],"picked":"Headbutt+1","floor":18.0},{"not_picked":["Dark Embrace","Fire Breathing"],"picked":"Clothesline+1","floor":19.0},{"not_picked":["Feel No Pain","Perfected Strike+1"],"picked":"Battle Trance","floor":22.0},{"not_picked":["Thunderclap","Flex"],"picked":"Clash","floor":25.0},{"not_picked":["hubris:SharpeningStone","Immolate"],"picked":"Entrench","floor":27.0},{"not_picked":["Sword Boomerang","Whirlwind"],"picked":"Flex+1","floor":29.0},{"not_picked":["Uppercut","Feel No Pain+1"],"picked":"Pommel Strike","floor":30.0},{"not_picked":["Barricade","Reaper"],"picked":"Demon Form","floor":33.0},{"not_picked":["Shrug It Off","Combust"],"picked":"Anger","floor":35.0},{"not_picked":["Body Slam","Uppercut+1"],"picked":"Whirlwind","floor":38.0},{"not_picked":["Sentinel","Warcry+1"],"picked":"Rampage+1","floor":39.0},{"not_picked":["Twin Strike+1","Pommel Strike+1"],"picked":"Rage+1","floor":46.0},{"not_picked":["Perfected Strike","Rupture+1"],"picked":"Twin Strike+1","floor":47.0},{"not_picked":["Pommel Strike+1","Headbutt+1"],"picked":"Heavy Blade","floor":48.0},{"not_picked":["Bludgeon","Limit Break"],"picked":"Feed","floor":50.0},{"not_picked":["Headbutt","Wild Strike"],"picked":"Shrug It Off","floor":52.0},{"not_picked":["Second Wind","Havoc"],"picked":"Rampage","floor":54.0},{"not_picked":["infinitespire:OneForAll","Carnage"],"picked":"Armaments","floor":56.0},{"not_picked":["Wild Strike","Uppercut"],"picked":"Pommel Strike","floor":57.0},{"not_picked":["hubris:ReadiedAction","Warcry"],"picked":"Anger","floor":62.0},{"not_picked":["Warcry","Offering"],"picked":"Clash","floor":63.0},{"not_picked":["Metallicize","Thunderclap"],"picked":"hubris:SpiceAddiction","floor":64.0},{"not_picked":["Fire Breathing","Shrug It Off"],"picked":"hubris:SpiceAddiction","floor":65.0},{"not_picked":["Offering","Demon Form"],"picked":"Reaper","floor":67.0},{"not_picked":["hubris:ReadiedAction+1","hubris:CleavingFinish"],"picked":"Fire Breathing","floor":69.0},{"not_picked":["hubris:ReadiedAction","hubris:SpiceAddiction"],"picked":"Rampage","floor":70.0},{"not_picked":["infinitespire:SevenWalls","infinitespire:Gouge"],"picked":"infinitespire:UltimateForm","floor":75.0},{"not_picked":["hubris:SpiceAddiction","Reaper"],"picked":"Anger","floor":75.0},{"not_picked":["Dual Wield+1","hubris:SpiceAddiction"],"picked":"Rage+1","floor":76.0},{"not_picked":["Thunderclap","hubris:ReadiedAction"],"picked":"Second Wind","floor":78.0},{"not_picked":["hubris:SpiceAddiction","Reckless Charge"],"picked":"Metallicize","floor":81.0},{"not_picked":["Brutality","Berserk","MasterReality"],"picked":"Demon Form","floor":84.0},{"not_picked":["Clothesline","Warcry+1","Fasting2"],"picked":"Seeing Red+1","floor":86.0},{"not_picked":["Anger","Headbutt","Vengeance"],"picked":"Infernal Blade","floor":87},{"not_picked":["Warcry+1","Clothesline","BowlingBash"],"picked":"Battle Trance+1","floor":90},{"not_picked":["Havoc","Wild Strike","Vengeance"],"picked":"Metallicize","floor":92},{"not_picked":["Twin Strike","Warcry+1","Burning Pact"],"picked":"Worship","floor":93}],"player_experience":117632,"relics_obtained":[{"floor":7.0,"key":"hubris:Reverence"},{"floor":7.0,"key":"hubris:MedicalManual"},{"floor":9.0,"key":"FossilizedHelix"},{"floor":13.0,"key":"Smiling Mask"},{"floor":13.0,"key":"infinitespire:Satchel"},{"floor":26.0,"key":"Blood Vial"},{"floor":27.0,"key":"Whetstone"},{"floor":27.0,"key":"Strawberry"},{"floor":31.0,"key":"Matryoshka"},{"floor":38.0,"key":"hubris:Spice"},{"floor":43.0,"key":"hubris:ToyBattleship"},{"floor":43.0,"key":"MealTicket"},{"floor":57.0,"key":"hubris:DeckOfHolding"},{"floor":57.0,"key":"infinitespire:ShieldingShard"},{"floor":60.0,"key":"Mercury Hourglass"},{"floor":60.0,"key":"hubris:Spice"},{"floor":64.0,"key":"Kunai"},{"floor":64.0,"key":"hubris:MysteriousPyramids"},{"floor":75.0,"key":"Du-Vu Doll"},{"floor":75.0,"key":"infinitespire:PuzzleCube"},{"floor":77.0,"key":"hubris:Spice"},{"floor":78.0,"key":"Bag of Preparation"},{"floor":78.0,"key":"hubris:Spice"},{"floor":80.0,"key":"hubris:Spice"},{"floor":92,"key":"infinitespire:WardingShard"},{"floor":92,"key":"Tiny Chest"},{"floor":94,"key":"Omamori"}],"event_choices":[{"damage_healed":0.0,"max_hp_gain":0.0,"max_hp_loss":0.0,"gold_gain":0.0,"event_name":"Upgrade Shrine","player_choice":"Upgraded","floor":21.0,"gold_loss":0.0,"damage_taken":0.0,"cards_upgraded":["hubris:InfiniteBlow"]},{"damage_healed":0.0,"max_hp_gain":0.0,"max_hp_loss":0.0,"gold_gain":0.0,"event_name":"Tomb of Lord Red Mask","player_choice":"Paid","floor":37.0,"gold_loss":123.0,"damage_taken":0.0,"relics_obtained":["Red Mask"]},{"damage_healed":0.0,"max_hp_gain":0.0,"max_hp_loss":0.0,"gold_gain":0.0,"event_name":"MindBloom","player_choice":"Fight","floor":38.0,"gold_loss":0.0,"damage_taken":0.0},{"cards_removed":["Strike_R"],"damage_healed":0.0,"max_hp_gain":0.0,"max_hp_loss":0.0,"gold_gain":0.0,"event_name":"Purifier","player_choice":"Purged","floor":53.0,"gold_loss":0.0,"damage_taken":0.0},{"damage_healed":0.0,"max_hp_gain":0.0,"max_hp_loss":0.0,"gold_gain":0.0,"event_name":"Liars Game","player_choice":"Ignored","floor":55.0,"gold_loss":0.0,"damage_taken":0.0},{"damage_healed":0.0,"max_hp_gain":0.0,"max_hp_loss":0.0,"gold_gain":0.0,"event_name":"Shining Light","player_choice":"Entered Light","floor":58.0,"gold_loss":0.0,"damage_taken":22.0,"cards_upgraded":["Cleave","Strike_R"]},{"damage_healed":0.0,"max_hp_gain":0.0,"max_hp_loss":0.0,"gold_gain":0.0,"event_name":"Vampires","player_choice":"Became a vampire (Vial)","floor":71.0,"relics_lost":["Blood Vial"],"gold_loss":0.0,"damage_taken":0.0,"cards_obtained":["Bite","Bite","Bite","Bite","Bite"]},{"damage_healed":0.0,"max_hp_gain":0.0,"max_hp_loss":0.0,"gold_gain":99.0,"event_name":"Nest","player_choice":"Stole From Cult","floor":73.0,"gold_loss":0.0,"damage_taken":0.0},{"damage_healed":0,"gold_gain":0,"player_choice":"2 cards matched","damage_taken":0,"max_hp_gain":0,"max_hp_loss":0,"event_name":"Match and Keep!","floor":89,"gold_loss":0,"cards_obtained":["PanicButton","Shrug It Off"]},{"damage_healed":0,"gold_gain":0,"player_choice":"2 cards matched","damage_taken":0,"max_hp_gain":0,"max_hp_loss":0,"event_name":"Match and Keep!","floor":89,"gold_loss":0,"cards_obtained":["PanicButton","Shrug It Off"]}],"is_beta":false,"boss_relics":[{"not_picked":["hubris:CrackedHourglass","Runic Dome"],"picked":"Sozu"},{"not_picked":["Fusion Hammer","Astrolabe"],"picked":"hubris:Backtick"},{"not_picked":["hubris:Stopwatch","hubris:ScarierMask"],"picked":"hubris:TerracottaHorce"},{"not_picked":["hubris:Spice","hubris:Spice"],"picked":"hubris:Spice"},{"not_picked":["Empty Cage","SlaversCollar"],"picked":"hubris:BlackHole"}],"items_purged_floors":[],"is_endless":true,"potions_floor_spawned":[2,7,14,16,18,25,27,30,33,46,47,48,54,62,65,70,75,76,84,86,90],"killed_by":"Nightmare_Alpha","ascension_level":0}}