{"host":"6a9c3xws62y7efyw","time":1611471233,"event":{"mods":["BaseMod","Colored Map","Minty Spire (QoL Compilation)","Relic Stats","StSLib"],"gold_per_floor":[215,39,39,57,132,160,160,170,170,180,180,180,210,229,229,304,304,315,39,314,334,82,82,110,125,125,25,25,38,38,38,38,110,110,124,138,138,154,154,179,191,191,191,217,217,228,239,239,239,239,239,239],"floor_reached":51,"language":"ENG","playtime":4038,"items_purged":["Regret","Strike_B"],"score":1445,"play_id":"55d860d6-609a-4980-88c7-457de020abac","local_time":"20210123225353","is_ascension_mode":true,"campfire_choices":[{"data":"Defragment","floor":7.0,"key":"SMITH"},{"data":"Sunder","floor":11.0,"key":"SMITH"},{"floor":15.0,"key":"REST"},{"data":"1","floor":23.0,"key":"LIFT"},{"data":"Defragment","floor":28.0,"key":"SMITH"},{"data":"2","floor":30.0,"key":"LIFT"},{"floor":32.0,"key":"REST"},{"floor":42.0,"key":"REST"},{"floor":45.0,"key":"REST"},{"floor":49.0,"key":"RECALL"}],"circlet_count":0,"master_deck":["AscendersBane","Strike_B","Strike_B","Strike_B","Defend_B","Defend_B","Defend_B","Defend_B","Zap","Dualcast","Sunder+1","Defragment+1","Ball Lightning","Genetic Algorithm","Undo","Leap","Compile Driver","Auto Shields","Biased Cognition","Leap","Ball Lightning","Echo Form","Doom and Gloom","Defragment+1","Cold Snap","Decay","Creative AI","Conserve Battery","Compile Driver+1","Rainbow","Cold Snap","Barrage","Hologram+1","Loop"],"relics":["Cracked Core","HornCleat","Potion Belt","Du-Vu Doll","Girya","Nuclear Battery","White Beast Statue","Blood Vial","Snecko Eye","InkBottle","Sundial","Centennial Puzzle","Letter Opener"],"acts_visited":["Exordium","TheCity","TheBeyond"],"potions_floor_usage":[51],"damage_taken":[{"damage":4.0,"enemies":"Jaw Worm","floor":1.0,"turns":4.0},{"damage":0.0,"enemies":"Small Slimes","floor":4.0,"turns":1.0},{"damage":5.0,"enemies":"3 Sentries","floor":6.0,"turns":2.0},{"damage":0.0,"enemies":"Cultist","floor":8.0,"turns":3.0},{"damage":0.0,"enemies":"3 Louse","floor":10.0,"turns":2.0},{"damage":8.0,"enemies":"Lagavulin","floor":13.0,"turns":5.0},{"damage":6.0,"enemies":"Exordium Thugs","floor":14.0,"turns":3.0},{"damage":8.0,"enemies":"The Guardian","floor":16.0,"turns":11.0},{"damage":13.0,"enemies":"2 Thieves","floor":18.0,"turns":4.0},{"damage":2.0,"enemies":"3 Byrds","floor":21.0,"turns":5.0},{"damage":27.0,"enemies":"Slavers","floor":24.0,"turns":6.0},{"damage":8.0,"enemies":"Sentry and Sphere","floor":25.0,"turns":5.0},{"damage":6.0,"enemies":"Centurion and Healer","floor":29.0,"turns":7.0},{"damage":27.0,"enemies":"Champ","floor":33.0,"turns":19.0},{"damage":18.0,"enemies":"3 Shapes","floor":35.0,"turns":5.0},{"damage":0.0,"enemies":"Orb Walker","floor":36.0,"turns":1.0},{"damage":0.0,"enemies":"4 Shapes","floor":38.0,"turns":5.0},{"damage":20.0,"enemies":"Giant Head","floor":40.0,"turns":10.0},{"damage":18.0,"enemies":"Writhing Mass","floor":41.0,"turns":6.0},{"damage":10.0,"enemies":"Nemesis","floor":44.0,"turns":9.0},{"damage":2.0,"enemies":"3 Darklings","floor":46.0,"turns":5.0},{"damage":14.0,"enemies":"Jaw Worm Horde","floor":47.0,"turns":4.0},{"damage":60,"enemies":"Awakened One","floor":50,"turns":14},{"damage":21,"enemies":"Time Eater","floor":51,"turns":4}],"seed_played":"-8715770264538684405","potions_obtained":[{"floor":1.0,"key":"PowerPotion"},{"floor":8.0,"key":"DuplicationPotion"},{"floor":18.0,"key":"FearPotion"},{"floor":21.0,"key":"Regen Potion"},{"floor":24.0,"key":"Energy Potion"},{"floor":25.0,"key":"BlessingOfTheForge"},{"floor":29.0,"key":"GamblersBrew"},{"floor":36.0,"key":"EssenceOfSteel"},{"floor":37.0,"key":"FairyPotion"},{"floor":40.0,"key":"Swift Potion"},{"floor":41.0,"key":"Dexterity Potion"},{"floor":44.0,"key":"Swift Potion"},{"floor":47.0,"key":"Fire Potion"}],"is_trial":false,"path_per_floor":["M","$","?","M","?","E","R","M","T","M","R","?","E","M","R","B",null,"M","$","?","M","$","R","E","M","T","$","R","M","R","?","R","B",null,"M","M","?","M","T","E","M","R","T","E","R","M","M","?","R","B","B"],"character_chosen":"DEFECT","items_purchased":["Defragment","Ball Lightning","Genetic Algorithm","White Beast Statue","Echo Form","Doom and Gloom"],"campfire_rested":4,"item_purchase_floors":[2,2,2,19,22,22],"current_hp_per_floor":[60,60,60,60,49,44,44,44,44,44,44,18,10,4,25,17,58,45,45,45,43,43,43,31,25,25,25,25,21,21,21,42,17,58,42,44,44,46,46,28,12,33,33,25,46,46,34,24,24,2,0,0],"gold":239,"neow_bonus":"HUNDRED_GOLD","is_daily":false,"chose_seed":false,"campfire_upgraded":3,"win_rate":0.0,"timestamp":1611471233,"path_taken":["M","$","?","M","?","E","R","M","T","M","R","?","E","M","R","BOSS","M","$","?","?","$","R","E","M","T","$","R","M","R","?","R","BOSS","M","M","?","?","?","E","M","R","T","E","R","M","M","?","R","BOSS","BOSS"],"items_purchased_type":["Card","Card","Card","Relic","Card","Card"],"build_version":"2020-12-22","purchased_purges":2,"victory":false,"max_hp_per_floor":[71,71,71,71,71,71,71,71,71,71,71,71,71,71,71,71,71,71,71,71,71,71,71,71,71,71,71,71,71,71,71,71,71,71,71,71,71,71,71,71,71,71,71,71,71,71,71,71,71,71,71,71],"relic_stats":{"Blood Vial":26,"Centennial Puzzle":[12],"counters":[24,140],"Sundial":[6],"Snecko Eye":[114,115,117,119],"Letter Opener":[70],"obtain_stats":[{"Potion Belt":9,"Girya":13,"Letter Opener":44,"White Beast Statue":19,"Nuclear Battery":17,"Du-Vu Doll":12,"Blood Vial":24,"Centennial Puzzle":43,"HornCleat":6,"Sundial":40,"Snecko Eye":34,"Cracked Core":0,"InkBottle":39},{"Potion Belt":4,"Girya":6,"Letter Opener":20,"White Beast Statue":9,"Nuclear Battery":8,"Du-Vu Doll":5,"Blood Vial":11,"Centennial Puzzle":19,"HornCleat":3,"Sundial":18,"Snecko Eye":14,"Cracked Core":0,"InkBottle":17},{"Potion Belt":10,"Girya":17,"Letter Opener":113,"White Beast Statue":35,"Nuclear Battery":31,"Du-Vu Doll":12,"Blood Vial":46,"Centennial Puzzle":104,"HornCleat":7,"Sundial":98,"Snecko Eye":77,"Cracked Core":0,"InkBottle":88}],"InkBottle":[22]},"card_choices":[{"not_picked":["Blizzard","Stack"],"picked":"Sunder","floor":1.0},{"not_picked":["Consume","Steam","Rebound"],"picked":"SKIP","floor":4.0},{"not_picked":["Stack","Compile Driver"],"picked":"Undo","floor":6.0},{"not_picked":["Beam Cell","Go for the Eyes"],"picked":"Leap","floor":8.0},{"not_picked":["Sweeping Beam","Hologram"],"picked":"Compile Driver","floor":10.0},{"not_picked":["Streamline","Double Energy","Scrape"],"picked":"SKIP","floor":13.0},{"not_picked":["Gash","Compile Driver"],"picked":"Auto Shields","floor":14.0},{"not_picked":["Fission","Buffer"],"picked":"Biased Cognition","floor":16.0},{"not_picked":["Fusion","Gash"],"picked":"Leap","floor":18.0},{"not_picked":["Barrage","Steam"],"picked":"Ball Lightning","floor":21.0},{"not_picked":["Scrape+1","Rebound","Go for the Eyes"],"picked":"SKIP","floor":24.0},{"not_picked":["Conserve Battery","Barrage"],"picked":"Defragment","floor":25.0},{"not_picked":["Sunder","Genetic Algorithm"],"picked":"Cold Snap","floor":29.0},{"not_picked":["Hyperbeam","Multi-Cast"],"picked":"Creative AI","floor":33.0},{"not_picked":["Stack","Steam","Darkness"],"picked":"SKIP","floor":35.0},{"not_picked":["Streamline+1","Recycle"],"picked":"Conserve Battery","floor":36.0},{"not_picked":["Coolheaded","Go for the Eyes"],"picked":"Compile Driver+1","floor":38.0},{"not_picked":["Sweeping Beam","Leap+1"],"picked":"Rainbow","floor":40.0},{"not_picked":["Fusion","Stack"],"picked":"Cold Snap","floor":41.0},{"not_picked":["Steam+1","Steam Power"],"picked":"Barrage","floor":44.0},{"not_picked":["Heatsinks","Thunder Strike"],"picked":"Hologram+1","floor":46.0},{"not_picked":["Recycle","Redo"],"picked":"Loop","floor":47.0}],"player_experience":1403262,"relics_obtained":[{"floor":6.0,"key":"HornCleat"},{"floor":9.0,"key":"Potion Belt"},{"floor":13.0,"key":"Girya"},{"floor":24.0,"key":"Blood Vial"},{"floor":39.0,"key":"InkBottle"},{"floor":40.0,"key":"Sundial"},{"floor":43.0,"key":"Centennial Puzzle"},{"floor":44.0,"key":"Letter Opener"}],"event_choices":[{"damage_healed":0.0,"max_hp_gain":0.0,"max_hp_loss":0.0,"gold_gain":0.0,"event_name":"Liars Game","player_choice":"Ignored","floor":3.0,"gold_loss":0.0,"damage_taken":0.0},{"damage_healed":0.0,"max_hp_gain":0.0,"max_hp_loss":0.0,"gold_gain":75.0,"event_name":"World of Goop","player_choice":"Gather Gold","floor":5.0,"gold_loss":0.0,"damage_taken":11.0},{"damage_healed":0.0,"max_hp_gain":0.0,"max_hp_loss":0.0,"gold_gain":0.0,"event_name":"Scrap Ooze","player_choice":"Success","floor":12.0,"gold_loss":0.0,"damage_taken":26.0,"relics_obtained":["Du-Vu Doll"]},{"damage_healed":0.0,"max_hp_gain":0.0,"max_hp_loss":0.0,"gold_gain":275.0,"event_name":"Golden Shrine","player_choice":"Desecrate","floor":20.0,"gold_loss":0.0,"damage_taken":0.0,"cards_obtained":["Regret"]},{"damage_healed":0.0,"max_hp_gain":0.0,"max_hp_loss":0.0,"gold_gain":0.0,"event_name":"Wheel of Change","player_choice":"Cursed","floor":31.0,"gold_loss":0.0,"damage_taken":0.0,"cards_obtained":["Decay"]},{"damage_healed":0.0,"max_hp_gain":0.0,"max_hp_loss":0.0,"gold_gain":0.0,"event_name":"Lab","player_choice":"Got Potions","floor":37.0,"gold_loss":0.0,"damage_taken":0.0},{"damage_healed":0.0,"max_hp_gain":0.0,"max_hp_loss":0.0,"gold_gain":0.0,"event_name":"SensoryStone","player_choice":"Memory 3","floor":48.0,"gold_loss":0.0,"damage_taken":10.0}],"is_beta":false,"boss_relics":[{"not_picked":["Ectoplasm","SlaversCollar"],"picked":"Nuclear Battery"},{"not_picked":["Velvet Choker","Fusion Hammer"],"picked":"Snecko Eye"}],"items_purged_floors":[22,27],"is_endless":false,"potions_floor_spawned":[1,8,18,21,24,25,29,33,35,36,38,40,41,44,46,47],"killed_by":"Time Eater","ascension_level":20}}