{"host":"nh70f3bv2bgakzh3","time":1611492111,"event":{"mods":["BaseMod","Downfall","Minty Spire (QoL Compilation)","StSLib","The Construct","The Mystic"],"gold_per_floor":[99,109,121,138,238,270,296,446,8,108,128,148,148,178,198,300,300,300,317,335,348,361,372,372,272,272,272,272],"floor_reached":26,"language":"ENG","playtime":1472,"items_purged":["downfall:Icky"],"score":247,"play_id":"1c0dc97d-5f32-476a-bb85-4b1a8d5d98c5","local_time":"20210124074151","is_ascension_mode":false,"campfire_choices":[{"data":"bronze:Goto","floor":1,"key":"SMITH"},{"data":"bronze:CloningBeam","floor":13,"key":"SMITH"},{"data":"expansioncontent:DashGenerateEvil","floor":18,"key":"SMITH"},{"floor":25,"key":"RECALL"}],"circlet_count":0,"master_deck":["bronze:Strike","bronze:Strike","bronze:Defend","bronze:Defend","bronze:Defend","bronze:Defend","bronze:Replicate","bronze:Goto+1","bronze:DigitalCarnage+1","bronze:ThunderWave","bronze:Invalidate","bronze:Separator","expansioncontent:DashGenerateEvil+1","bronze:CloningBeam+1","bronze:Terminator","bronze:Terminator"],"relics":["bronze:BronzeCore","Potion Belt","MealTicket","bronze:ProtectiveGoggles","Coffee Dripper","downfall:HeartBlessingBlue"],"acts_visited":["Exordium","TheCity"],"potions_floor_usage":[5,9,9,16,21,23,26],"damage_taken":[{"damage":5,"enemies":"2 Louse","floor":2,"turns":2},{"damage":0,"enemies":"Small Slimes","floor":3,"turns":2},{"damage":0,"enemies":"Jaw Worm","floor":4,"turns":2},{"damage":26,"enemies":"downfall:Heads","floor":5,"turns":3},{"damage":18,"enemies":"Lagavulin","floor":6,"turns":5},{"damage":0,"enemies":"downfall:FleeingMerchant","floor":9,"turns":4},{"damage":0,"enemies":"Red Slaver","floor":11,"turns":1},{"damage":0,"enemies":"Large Slime","floor":12,"turns":2},{"damage":9,"enemies":"3 Sentries","floor":14,"turns":5},{"damage":16,"enemies":"Exordium Thugs","floor":15,"turns":4},{"damage":1,"enemies":"IC_STATUS_ARCHETYPE","floor":16,"turns":3},{"damage":0,"enemies":"Shell Parasite","floor":19,"turns":1},{"damage":0,"enemies":"Chosen","floor":20,"turns":3},{"damage":26,"enemies":"Snake Plant","floor":21,"turns":4},{"damage":21,"enemies":"Shelled Parasite and Fungi","floor":22,"turns":3},{"damage":11,"enemies":"3 Cultists","floor":23,"turns":4},{"damage":42,"enemies":"Slavers","floor":26,"turns":2}],"seed_played":"3563815284519688357","potions_obtained":[{"floor":3,"key":"FearPotion"},{"floor":4,"key":"Swift Potion"},{"floor":6,"key":"EssenceOfSteel"},{"floor":16,"key":"SteroidPotion"},{"floor":21,"key":"Ancient Potion"},{"floor":22,"key":"Weak Potion"},{"floor":23,"key":"ColorlessPotion"}],"is_trial":false,"path_per_floor":["R","M","M","M","?","E","T","?","$","?","M","M","R","E","M","B",null,"R","M","M","M","M","M","T","R","E"],"character_chosen":"THE_AUTOMATON","items_purchased":["expansioncontent:DashGenerateEvil","Fruit Juice","sneckomod:MuddlingPotion"],"campfire_rested":0,"item_purchase_floors":[9,9,9],"current_hp_per_floor":[77,72,72,72,46,28,28,28,48,48,48,48,48,39,23,22,82,82,82,82,56,35,24,24,34,0,0,0],"gold":272,"neow_bonus":"TEN_PERCENT_HP_BONUS","is_daily":false,"chose_seed":false,"campfire_upgraded":3,"win_rate":0.0,"timestamp":1611492111,"path_taken":["R","M","M","M","?","E","T","?","$","?","M","?","R","E","M","BOSS","R","M","M","M","M","M","T","R","E"],"items_purchased_type":["Card","Potion","Potion"],"build_version":"2020-12-22","purchased_purges":1,"victory":false,"max_hp_per_floor":[77,77,77,77,77,77,77,77,82,82,82,82,82,82,82,82,82,82,82,82,82,82,82,82,92,92,92,92],"card_choices":[{"not_picked":["bronze:OilSpill","bronze:Philosophize"],"picked":"bronze:DigitalCarnage","floor":2},{"not_picked":["bronze:WhirlingStrike","bronze:Shield"],"picked":"bronze:ThunderWave","floor":3},{"not_picked":["bronze:ForLoop","bronze:Deprecate"],"picked":"bronze:Invalidate","floor":4},{"not_picked":["bronze:Deprecate","bronze:Allocate","bronze:Separator"],"picked":"SKIP","floor":6},{"not_picked":["bronze:Constructor","bronze:BronzeOrb","bronze:ItsAFeature"],"picked":"SKIP","floor":9},{"not_picked":["bronze:CutThrough","bronze:OilSpill"],"picked":"bronze:CloningBeam","floor":11},{"not_picked":["bronze:InfiniteBeams","bronze:Invalidate"],"picked":"bronze:Terminator","floor":12},{"not_picked":["bronze:BronzeArmor","bronze:SpaghettiCode","bronze:DelayedGuard"],"picked":"SKIP","floor":14},{"not_picked":["bronze:WhirlingStrike","bronze:Invalidate","bronze:BitShift"],"picked":"SKIP","floor":15},{"not_picked":["bronze:ClassDefault+1","bronze:Backtrace","bronze:Constructor"],"picked":"SKIP","floor":19},{"not_picked":["bronze:Branch","bronze:BronzeArmor","bronze:Deprecate"],"picked":"SKIP","floor":20},{"not_picked":["bronze:BronzeOrb","bronze:OilSpill"],"picked":"bronze:Terminator","floor":21},{"not_picked":["bronze:DelayedSlice","bronze:Invalidate","bronze:Shell"],"picked":"SKIP","floor":22},{"not_picked":["bronze:Branch","bronze:Refactor+1","bronze:DelayedGuard+1"],"picked":"SKIP","floor":23}],"player_experience":72205,"relics_obtained":[{"floor":6,"key":"Potion Belt"},{"floor":7,"key":"MealTicket"},{"floor":14,"key":"bronze:ProtectiveGoggles"}],"event_choices":[],"is_beta":false,"boss_relics":[{"not_picked":["Cursed Key","Black Star"],"picked":"Coffee Dripper"}],"items_purged_floors":[9],"is_endless":false,"potions_floor_spawned":[3,4,6,16,21,22,23],"killed_by":"Slavers","ascension_level":0}}