{"host":"c2bue2hyafvtxka5","time":1611505941,"event":{"mods":["BaseMod","Hermit","Minty Spire (QoL Compilation)","Replay The Spire","StSLib","SuperFastMode","The Cursed","The Disciple","The Necromancer","The Servant 0.9.4"],"gold_per_floor":[118,129,148,159,178,203,217,217,217],"floor_reached":8,"language":"ENG","playtime":317,"items_purged":[],"score":71,"play_id":"88780d3a-7fb9-486d-a1be-5269f6c3d4d1","local_time":"20210124113221","is_ascension_mode":true,"campfire_choices":[],"circlet_count":0,"master_deck":["Strike_W","Strike_W","Strike_W","Strike_W","Defend_W","Defend_W","Defend_W","Defend_W","Negative_Energy_Arrows","Bone_Wall","Toxic_Smoke_Screen","Uncharnel","Summon_Undead_Army"],"relics":["Painkiller Herb","Tiny Chest"],"acts_visited":["Exordium"],"potions_floor_usage":[8],"damage_taken":[{"damage":0,"enemies":"2 Louse","floor":1,"turns":3},{"damage":0,"enemies":"Cultist","floor":2,"turns":3},{"damage":0,"enemies":"Jaw Worm","floor":3,"turns":4},{"damage":10,"enemies":"Exordium Thugs","floor":4,"turns":6},{"damage":1,"enemies":"Blue Slaver","floor":5,"turns":4},{"damage":25,"enemies":"Lagavulin","floor":6,"turns":8},{"damage":15,"enemies":"Gremlin Gang","floor":7,"turns":7},{"damage":25,"enemies":"Gremlin Nob","floor":8,"turns":3}],"seed_played":"-6106553193638864993","potions_obtained":[{"floor":1,"key":"Energy Potion"},{"floor":3,"key":"SteroidPotion"},{"floor":5,"key":"SmokeBomb"}],"is_trial":false,"path_per_floor":["?","?","?","?","?","E","?","E"],"character_chosen":"NECROMANCER","items_purchased":[],"campfire_rested":0,"item_purchase_floors":[],"current_hp_per_floor":[75,75,75,65,64,39,24,0,0],"gold":217,"neow_bonus":"BOSS_RELIC","is_daily":false,"chose_seed":false,"campfire_upgraded":0,"win_rate":0.0,"timestamp":1611505941,"path_taken":["?","?","?","?","?","E","?","E"],"items_purchased_type":[],"build_version":"2020-12-22","purchased_purges":0,"victory":false,"max_hp_per_floor":[75,75,75,75,75,75,75,75,75],"card_choices":[{"not_picked":["Acid_Javelin","Bones_to_Steel","Blood_Is_Power"],"picked":"SKIP","floor":1},{"not_picked":["Shackles_Of_Pain","Bone_Armor"],"picked":"Toxic_Smoke_Screen","floor":2},{"not_picked":["Bone_Shift","Negative_Energy_Shield"],"picked":"Uncharnel","floor":3},{"not_picked":["Pandemic","Blood_Curse","Blood_Wake"],"picked":"SKIP","floor":4},{"not_picked":["Shade_Step","Blood_Whip"],"picked":"Summon_Undead_Army","floor":5},{"not_picked":["Shackles_Of_Pain","Cloudkill","Negative_Energy_Shield"],"picked":"SKIP","floor":6},{"not_picked":["Bone_Armory","Deaths_Shadow","Bone_Bullets"],"picked":"SKIP","floor":7}],"player_experience":97255,"relics_obtained":[{"floor":6,"key":"Tiny Chest"}],"event_choices":[],"is_beta":false,"boss_relics":[],"items_purged_floors":[],"is_endless":false,"potions_floor_spawned":[1,3,5],"killed_by":"Gremlin Nob","ascension_level":3}}