{"host":"17uzppmr1r5fe5jj","time":1611521541,"event":{"mods":["BaseMod","Minty Spire (QoL Compilation)","Quick Restart","StSLib","[IsaacMod]ÒÔÈö¼âËþ"],"gold_per_floor":[110,35,46,121,141,141,170,170,170,183,83,93,105,119,119,214,214,228,228,248,248,31,31,45,45,45,55,85,85,96,96,96,194,194,210,35,0,15,15,44,44,54,54,54,74,99,20,295,295,295,295],"floor_reached":50,"language":"ZHS","playtime":3047,"items_purged":["Strike_G","Strike_G","Strike_G","Pain"],"score":753,"play_id":"7c0620a9-c0a6-4019-96b3-3af441439f5a","local_time":"20210125045221","is_ascension_mode":true,"campfire_choices":[{"data":"Backflip","floor":6.0,"key":"SMITH"},{"floor":8.0,"key":"REST"},{"data":"Eviscerate","floor":15.0,"key":"SMITH"},{"data":"Wraith Form v2","floor":23.0,"key":"SMITH"},{"data":"Survivor","floor":29.0,"key":"SMITH"},{"data":"Reflex","floor":32.0,"key":"SMITH"},{"data":"Panacea","floor":41.0,"key":"SMITH"},{"data":"Purity","floor":44.0,"key":"SMITH"},{"data":"Enlightenment","floor":49,"key":"SMITH"}],"circlet_count":0,"master_deck":["Strike_G","Defend_G","Defend_G","Defend_G","Defend_G","Defend_G","Survivor+1","Neutralize","Dagger Spray","Escape Plan","Backflip+1","Eviscerate+1","Leg Sweep","Heel Hook","Envenom","Enlightenment+1","Prepared+1","Wraith Form v2+1","Panacea+1","Flechettes","Shame","Choke+1","Masterful Stab","Reflex+1","Shame","Adrenaline","Footwork","Purity+1","PiercingWail+1","Parasite","Regret","Outmaneuver+1","Adrenaline","Regret"],"relics":["Ring of the Snake","HushsDoor","BookOfRevelations","Eternal Feather","DeathBook","Cursed Key","TheBible","Tiny Chest","UnicornStump","Kunai","SlaversCollar","Red Mask","Vajra","TheBean","EdensBlessing","Lantern"],"acts_visited":["Exordium","TheCity","TheBeyond"],"potions_floor_usage":[50],"damage_taken":[{"damage":1.0,"enemies":"Cultist","floor":1.0,"turns":4.0},{"damage":10.0,"enemies":"Jaw Worm","floor":3.0,"turns":6.0},{"damage":0.0,"enemies":"Small Slimes","floor":5.0,"turns":2.0},{"damage":54.0,"enemies":"Lagavulin","floor":7.0,"turns":10.0},{"damage":8.0,"enemies":"2 Fungi Beasts","floor":10.0,"turns":4.0},{"damage":1.0,"enemies":"Exordium Thugs","floor":12.0,"turns":4.0},{"damage":1.0,"enemies":"Blue Slaver","floor":13.0,"turns":4.0},{"damage":5.0,"enemies":"Lots of Slimes","floor":14.0,"turns":4.0},{"damage":0.0,"enemies":"Slime Boss","floor":16.0,"turns":3.0},{"damage":3.0,"enemies":"3 Byrds","floor":18.0,"turns":7.0},{"damage":22.0,"enemies":"Spheric Guardian","floor":20.0,"turns":6.0},{"damage":33.0,"enemies":"Cultist and Chosen","floor":24.0,"turns":7.0},{"damage":10.0,"enemies":"Snake Plant","floor":27.0,"turns":5.0},{"damage":11.0,"enemies":"Slavers","floor":28.0,"turns":5.0},{"damage":1.0,"enemies":"Shelled Parasite and Fungi","floor":30.0,"turns":2.0},{"damage":7.0,"enemies":"Champ","floor":33.0,"turns":15.0},{"damage":0.0,"enemies":"Orb Walker","floor":35.0,"turns":3.0},{"damage":0.0,"enemies":"3 Darklings","floor":38.0,"turns":2.0},{"damage":2.0,"enemies":"Giant Head","floor":40.0,"turns":8.0},{"damage":0.0,"enemies":"Transient","floor":42.0,"turns":5.0},{"damage":10.0,"enemies":"Spire Growth","floor":45.0,"turns":6.0},{"damage":9.0,"enemies":"Reptomancer","floor":46.0,"turns":5.0},{"damage":64,"enemies":"Donu and Deca","floor":50,"turns":10}],"seed_played":"7828605129025025174","potions_obtained":[{"floor":1.0,"key":"Dexterity Potion"},{"floor":3.0,"key":"Poison Potion"},{"floor":12.0,"key":"DuplicationPotion"},{"floor":13.0,"key":"LiquidMemories"},{"floor":24.0,"key":"Explosive Potion"},{"floor":27.0,"key":"Block Potion"},{"floor":30.0,"key":"Weak Potion"},{"floor":38.0,"key":"Swift Potion"},{"floor":40.0,"key":"Regen Potion"}],"is_trial":false,"path_per_floor":["M","$","M","?","M","R","E","R","T","M","$","M","M","M","R","B",null,"M","?","M","?","$","R","M","T","T","M","E","R","M","?","R","B",null,"M","$","?","M","T","E","R","M","T","R","M","E","$","?","R","B"],"character_chosen":"THE_SILENT","items_purchased":["Enlightenment","FairyPotion","Panacea","Footwork","Purity","Adrenaline"],"campfire_rested":1,"item_purchase_floors":[17,17,22,36,36,47],"current_hp_per_floor":[76,76,66,55,55,55,1,33,33,25,25,24,23,18,27,27,71,68,55,33,33,33,42,9,9,9,21,10,22,21,21,36,29,71,71,71,71,71,71,69,71,71,71,71,61,52,52,52,70,21,21],"gold":295,"neow_bonus":"TEN_PERCENT_HP_BONUS","is_daily":false,"chose_seed":false,"campfire_upgraded":8,"win_rate":0.0,"timestamp":1611521541,"path_taken":["M","?","?","?","M","R","E","R","T","?","$","M","M","M","R","BOSS","M","?","M","?","$","R","M","?","T","?","E","R","M","?","R","BOSS","M","$","?","M","?","E","R","M","T","R","M","E","?","?","R","BOSS"],"items_purchased_type":["Card","Potion","Card","Card","Card","Card"],"build_version":"2020-12-22","purchased_purges":4,"victory":false,"max_hp_per_floor":[77,77,77,77,77,77,77,77,77,77,77,77,77,77,77,77,71,71,76,76,76,76,76,76,76,76,76,76,76,76,76,76,76,71,71,71,71,71,71,71,71,71,71,71,71,71,71,71,71,71,71],"card_choices":[{"not_picked":["Deflect","Caltrops"],"picked":"Dagger Spray","floor":1.0},{"not_picked":["Deflect","Endless Agony"],"picked":"Escape Plan","floor":3.0},{"not_picked":["Quick Slash","Flying Knee"],"picked":"Backflip","floor":5.0},{"not_picked":["Slice","A Thousand Cuts"],"picked":"Eviscerate","floor":7.0},{"not_picked":["Masterful Stab","Slice"],"picked":"Bomb","floor":10.0},{"not_picked":["Riddle With Holes","Deflect"],"picked":"Leg Sweep","floor":12.0},{"not_picked":["Endless Agony","Bane"],"picked":"Bomb","floor":13.0},{"not_picked":["All Out Attack","Sucker Punch"],"picked":"Heel Hook","floor":14.0},{"not_picked":["Bullet Time","Doppelganger"],"picked":"Envenom","floor":16.0},{"not_picked":["Dagger Throw","Sucker Punch+1","Masterful Stab"],"picked":"SKIP","floor":18.0},{"not_picked":["Slice","Underhanded Strike"],"picked":"Prepared+1","floor":20.0},{"not_picked":["Dodge and Roll","Backflip"],"picked":"Flechettes","floor":24.0},{"not_picked":["Flying Knee","Deflect"],"picked":"Choke+1","floor":27.0},{"not_picked":["Skewer","Underhanded Strike"],"picked":"Masterful Stab","floor":28.0},{"not_picked":["Unload","Bouncing Flask"],"picked":"Reflex","floor":30.0},{"not_picked":["Burst","Corpse Explosion"],"picked":"Adrenaline","floor":33.0},{"not_picked":["Backflip+1","Distraction+1","Poisoned Stab+1"],"picked":"SKIP","floor":35.0},{"not_picked":["Dagger Spray+1","Flechettes"],"picked":"PiercingWail+1","floor":38.0},{"not_picked":["Poisoned Stab+1","Heel Hook","Quick Slash+1"],"picked":"SKIP","floor":40.0},{"not_picked":["Predator+1","Prepared+1","Outmaneuver"],"picked":"SKIP","floor":42.0},{"not_picked":["Sucker Punch","Masterful Stab+1","Dash"],"picked":"SKIP","floor":45.0},{"not_picked":["Blur","Expertise"],"picked":"Outmaneuver+1","floor":46.0}],"player_experience":113810,"relics_obtained":[{"floor":7.0,"key":"Eternal Feather"},{"floor":9.0,"key":"DeathBook"},{"floor":25.0,"key":"TheBible"},{"floor":26.0,"key":"Tiny Chest"},{"floor":28.0,"key":"UnicornStump"},{"floor":39.0,"key":"Vajra"},{"floor":40.0,"key":"TheBean"},{"floor":43.0,"key":"EdensBlessing"},{"floor":46.0,"key":"Lantern"}],"event_choices":[{"damage_healed":0.0,"max_hp_gain":0.0,"max_hp_loss":0.0,"gold_gain":75.0,"event_name":"World of Goop","player_choice":"Gather Gold","floor":4.0,"gold_loss":0.0,"damage_taken":11.0},{"damage_healed":0.0,"max_hp_gain":5.0,"max_hp_loss":0.0,"gold_gain":0.0,"event_name":"Forgotten Altar","player_choice":"Shed Blood","floor":19.0,"gold_loss":0.0,"damage_taken":18.0},{"damage_healed":0.0,"max_hp_gain":0.0,"max_hp_loss":0.0,"gold_gain":0.0,"cards_transformed":["Strike_G"],"event_name":"Transmorgrifier","player_choice":"Transformed","floor":21.0,"gold_loss":0.0,"damage_taken":0.0,"cards_obtained":["Wraith Form v2"]},{"damage_healed":0.0,"max_hp_gain":0.0,"max_hp_loss":0.0,"gold_gain":0.0,"event_name":"Addict","player_choice":"Stole Relic","floor":31.0,"gold_loss":0.0,"damage_taken":0.0,"relics_obtained":["Kunai"],"cards_obtained":["Shame"]},{"damage_healed":0.0,"max_hp_gain":0.0,"max_hp_loss":0.0,"gold_gain":0.0,"event_name":"Tomb of Lord Red Mask","player_choice":"Paid","floor":37.0,"gold_loss":35.0,"damage_taken":0.0,"relics_obtained":["Red Mask"]},{"damage_healed":0,"gold_gain":275,"player_choice":"Desecrate","damage_taken":0,"max_hp_gain":0,"max_hp_loss":0,"event_name":"Golden Shrine","floor":48,"gold_loss":0,"cards_obtained":["Regret"]}],"is_beta":false,"boss_relics":[{"not_picked":["Snecko Eye","SacredBark"],"picked":"Cursed Key"},{"not_picked":[]},{"not_picked":["Runic Pyramid","Calling Bell"],"picked":"SlaversCollar"},{"not_picked":[]}],"items_purged_floors":[2,11,22,34],"is_endless":false,"potions_floor_spawned":[1,3,12,13,24,27,30,38,40],"killed_by":"Donu and Deca","ascension_level":1}}