{"host":"2c1pg2m9wpz3w4c0","time":1611464150,"event":{"mods":["AchievementEnabler","Act Like it!","Aspiration","BaseMod","Better Note","BetterRewards","Curses Come First","Disable Question Mark Monsters","Halation","Hubris","Infinite Spire","Lotus Mark","Marisa????????","Minty Spire (QoL Compilation)","Replay The Spire","StSLib","SuperFastMode","The Clintock","The Jungle","The Marked","The Runesmith","Transform Curses"],"gold_per_floor":[119,84,84,84,94,94,105,51,75,86,86,106,118,133,133,230,230,240,240,240,259,272,307,23,58,104,154,154],"floor_reached":27,"language":"ENG","playtime":964,"items_purged":[],"score":370,"play_id":"0336ef6f-2e8c-441f-b98b-7f5cb53f6d0a","local_time":"20210123215550","is_ascension_mode":false,"campfire_choices":[{"data":"Deflect","floor":6,"key":"SMITH"},{"data":"Infinite Blades","floor":11,"key":"SMITH"},{"data":"Replay:Poison Smokescreen","floor":15,"key":"SMITH"}],"circlet_count":0,"master_deck":["Strike_G","Strike_G","Strike_G","Strike_G","Strike_G","Defend_G+1","Defend_G+1","Defend_G+1","Defend_G+1","Defend_G+1","Survivor","Neutralize","Deflect+1","lotusMarks:LotusSlash","Apotheosis+1","PiercingWail","Infinite Blades+1","Dodge and Roll","Prepared","Replay:Poison Smokescreen+1","Sucker Punch","lotusMarks:Mark","lotusMarks:SkilledExecution","lotusMarks:Mark","Decay","Accuracy","Blade Dance+1","lotusMarks:LotusSlash","Deadly Poison","Deadly Poison","Footwork"],"relics":["Ring of the Snake","Ginger","Replay:Bottled Eggs","Runesmith:AutoHammer","hubris:VirtuousBlindfold","Kunai","infinitespire:BottledMercury","hubris:MobiusCoin","Tiny Chest","Omamori"],"acts_visited":["Exordium","theJungle:Jungle"],"potions_floor_usage":[10,12,16,25],"damage_taken":[{"damage":0,"enemies":"Small Slimes","floor":1,"turns":3},{"damage":0,"enemies":"Cultist","floor":5,"turns":3},{"damage":0,"enemies":"Jaw Worm","floor":7,"turns":3},{"damage":6,"enemies":"Exordium Thugs","floor":10,"turns":6},{"damage":2,"enemies":"Large Slime","floor":12,"turns":5},{"damage":0,"enemies":"2 Fungi Beasts","floor":13,"turns":5},{"damage":0,"enemies":"Exordium Wildlife","floor":14,"turns":3},{"damage":3,"enemies":"The Guardian","floor":16,"turns":13},{"damage":9,"enemies":"theJungle:Flameango_and_Byrd","floor":18,"turns":6},{"damage":7,"enemies":"theJungle:5_Spyders","floor":21,"turns":7},{"damage":31,"enemies":"theJungle:2_Flameangoes","floor":22,"turns":8},{"damage":0,"enemies":"theJungle:2_Phrogs","floor":23,"turns":6},{"damage":6,"enemies":"theJungle:MamaSnecko","floor":25,"turns":5},{"damage":26,"enemies":"theJungle:Lyon","floor":27,"turns":2}],"seed_played":"-8626687545734408714","potions_obtained":[{"floor":1,"key":"ColorlessPotion"},{"floor":7,"key":"ColorlessPotion"},{"floor":14,"key":"GamblersBrew"},{"floor":23,"key":"Explosive Potion"},{"floor":25,"key":"SpeedPotion"}],"is_trial":false,"path_per_floor":["M","?","?","?","M","R","M","$","T","M","R","M","M","M","R","B",null,"M","AVR","?","M","M","E","$","E","T","M"],"character_chosen":"THE_SILENT","items_purchased":["Ginger","Replay:Bottled Eggs","Deflect","Dodge and Roll","hubris:MobiusCoin","Deadly Poison"],"campfire_rested":0,"item_purchase_floors":[0,0,0,8,24,24],"current_hp_per_floor":[50,67,67,67,67,67,67,67,67,61,61,59,59,59,59,56,70,61,61,61,54,23,23,23,17,17,0,0],"gold":154,"neow_bonus":"","is_daily":false,"chose_seed":false,"campfire_upgraded":3,"win_rate":0.0,"timestamp":1611464150,"path_taken":["M","?","?","?","?","R","M","$","T","M","R","M","M","M","R","BOSS","M","AVR","?","M","M","E","?","E","T","M"],"items_purchased_type":["Relic","Relic","Card","Card","Relic","Card"],"build_version":"2020-12-22","purchased_purges":0,"victory":false,"max_hp_per_floor":[70,70,70,70,70,70,70,70,70,70,70,70,70,70,70,70,70,70,70,70,70,70,70,70,70,70,70,70],"card_choices":[{"not_picked":["lotusMarks:SeasonOfFire","Choke"],"picked":"lotusMarks:LotusSlash","floor":1},{"not_picked":["Quick Slash","Blur"],"picked":"PiercingWail","floor":5},{"not_picked":["Dagger Throw","Dodge and Roll"],"picked":"Infinite Blades","floor":7},{"not_picked":["Dagger Throw","Sneak Up"],"picked":"Prepared","floor":10},{"not_picked":["lotusMarks:LotusStrike","Finisher"],"picked":"Replay:Poison Smokescreen","floor":12},{"not_picked":["Slice","Dodge and Roll"],"picked":"Sucker Punch","floor":13},{"not_picked":["Deadly Poison","lotusMarks:LotusStrike"],"picked":"lotusMarks:Mark","floor":14},{"not_picked":["Night Terror","ReplayTheSpireMod:Necrosis"],"picked":"lotusMarks:SkilledExecution","floor":16},{"not_picked":["ReplayTheSpireMod:Exploit Weakness","Expertise"],"picked":"lotusMarks:Mark","floor":18},{"not_picked":["hubris:SlightOfHand+1","Underhanded Strike+1"],"picked":"Accuracy","floor":21},{"not_picked":["hubris:SlightOfHand","Dagger Spray"],"picked":"Blade Dance+1","floor":22},{"not_picked":["Deadly Poison","Burst"],"picked":"lotusMarks:LotusSlash","floor":23},{"not_picked":["Sucker Punch+1","Slice+1"],"picked":"Footwork","floor":25}],"player_experience":1189813,"relics_obtained":[{"floor":9,"key":"Runesmith:AutoHammer"},{"floor":23,"key":"infinitespire:BottledMercury"},{"floor":25,"key":"Tiny Chest"},{"floor":26,"key":"Omamori"}],"event_choices":[{"damage_healed":17,"gold_gain":0,"player_choice":"Healed","damage_taken":0,"max_hp_gain":0,"max_hp_loss":0,"event_name":"The Cleric","floor":2,"gold_loss":35},{"cards_removed":["Deflect"],"damage_healed":0,"gold_gain":0,"player_choice":"Take \u0026 Give","damage_taken":0,"max_hp_gain":0,"max_hp_loss":0,"event_name":"betterNote:BetterNote","floor":4,"gold_loss":0,"cards_obtained":["Apotheosis"]},{"damage_healed":0,"gold_gain":0,"player_choice":"Cursed","damage_taken":0,"max_hp_gain":0,"max_hp_loss":0,"event_name":"Wheel of Change","floor":20,"gold_loss":0,"cards_obtained":["Decay"]}],"is_beta":false,"boss_relics":[{"not_picked":["Runesmith:UraniumAnvil","aspiration:WatcherSkillbook"],"picked":"hubris:VirtuousBlindfold"}],"items_purged_floors":[],"is_endless":false,"potions_floor_spawned":[1,7,14,23,25],"killed_by":"theJungle:Lyon","ascension_level":0}}