{"host":"ux8r2oyej5019q8x","time":1611528464,"event":{"mods":["AchievementEnabler","BaseMod","Colored Map","Colored Powertips","GifTheSpireLib","HexUI Lib","Highlight Path","Minty Spire (QoL Compilation)","Rare Cards Sparkle","Relic Stats","StSLib","everything is the same but u backflip on backflip"],"gold_per_floor":[114,128,139,27,41,41,70,20,71,71,71,71],"floor_reached":11,"language":"ENG","playtime":741,"items_purged":["Strike_B"],"score":91,"play_id":"882f4596-088a-4187-8698-62d832e2c947","local_time":"20210124234744","is_ascension_mode":true,"campfire_choices":[{"data":"Redo","floor":6,"key":"SMITH"}],"circlet_count":0,"master_deck":["Strike_B","Strike_B","Strike_B","Defend_B","Defend_B","Defend_B","Zap","Dualcast","Compile Driver","Reboot","Streamline","Storm","Redo+1","Self Repair"],"relics":["Nuclear Battery","Bottled Lightning","PreservedInsect","Bag of Marbles"],"acts_visited":["Exordium"],"potions_floor_usage":[11],"damage_taken":[{"damage":2,"enemies":"Jaw Worm","floor":1,"turns":4},{"damage":1,"enemies":"2 Louse","floor":2,"turns":3},{"damage":7,"enemies":"Small Slimes","floor":3,"turns":4},{"damage":11,"enemies":"Looter","floor":5,"turns":4},{"damage":39,"enemies":"Lagavulin","floor":7,"turns":8},{"damage":8,"enemies":"Gremlin Nob","floor":11,"turns":2}],"seed_played":"2192081212078019074","potions_obtained":[{"floor":2,"key":"Dexterity Potion"}],"is_trial":false,"path_per_floor":["M","M","M","$","M","R","E","?","T","?","E"],"character_chosen":"DEFECT","items_purchased":["Storm"],"campfire_rested":0,"item_purchase_floors":[4],"current_hp_per_floor":[73,72,65,65,54,54,15,15,15,3,0,0],"gold":71,"neow_bonus":"BOSS_RELIC","is_daily":false,"chose_seed":false,"campfire_upgraded":1,"win_rate":0.0,"timestamp":1611528464,"path_taken":["M","M","M","$","M","R","E","?","T","?","E"],"items_purchased_type":["Card"],"build_version":"2020-12-22","purchased_purges":1,"victory":false,"max_hp_per_floor":[75,75,75,75,75,75,75,75,75,75,75,75],"relic_stats":{"counters":[6,25],"PreservedInsect":21,"obtain_stats":[{"PreservedInsect":9,"Bag of Marbles":10,"Bottled Lightning":7,"Cracked Core":0,"Nuclear Battery":0},{"PreservedInsect":5,"Bag of Marbles":5,"Bottled Lightning":5,"Cracked Core":0,"Nuclear Battery":0},{"PreservedInsect":23,"Bag of Marbles":23,"Bottled Lightning":23,"Cracked Core":0,"Nuclear Battery":0}]},"card_choices":[{"not_picked":["Barrage","Cold Snap"],"picked":"Compile Driver","floor":1},{"not_picked":["Ball Lightning","Compile Driver"],"picked":"Reboot","floor":2},{"not_picked":["Go for the Eyes","Rebound"],"picked":"Streamline","floor":3},{"not_picked":["Go for the Eyes","Conserve Battery"],"picked":"Redo","floor":5},{"not_picked":["Leap","Heatsinks"],"picked":"Self Repair","floor":7}],"player_experience":215641,"relics_obtained":[{"floor":7,"key":"Bottled Lightning"},{"floor":9,"key":"PreservedInsect"}],"event_choices":[{"cards_removed":["Defend_B"],"damage_healed":0,"gold_gain":0,"player_choice":"Card Removal","damage_taken":0,"max_hp_gain":0,"max_hp_loss":0,"event_name":"The Cleric","floor":8,"gold_loss":50},{"damage_healed":0,"gold_gain":0,"player_choice":"Success","damage_taken":12,"relics_obtained":["Bag of Marbles"],"max_hp_gain":0,"max_hp_loss":0,"event_name":"Scrap Ooze","floor":10,"gold_loss":0}],"is_beta":false,"boss_relics":[],"items_purged_floors":[4],"is_endless":false,"potions_floor_spawned":[2],"killed_by":"Gremlin Nob","ascension_level":5}}