{"host":"x6h2w7w5b570y81k","time":1611455723,"event":{"mods":["AchievementEnabler","Act Like it!","BaseMod","Colored Map","Colored Powertips","Friendly Minions","Minty Spire (QoL Compilation)","StSLib","The Animator"],"gold_per_floor":[122,132,94,124,148,148,176,176,201,201,213,226,243,253,253,357,357,370,396,396,143,143,143,143,143,143,155,155,199,212,311,311,412,412,453,473,490,490,258,258,258,258],"floor_reached":41,"language":"DEU","playtime":4687,"items_purged":["Parasite"],"score":465,"play_id":"b1b605f0-4158-46c0-9b54-9e495cb8bfa5","local_time":"20210124033523","is_ascension_mode":false,"campfire_choices":[{"data":"animator:Kaijin","floor":6,"key":"SMITH"},{"data":"animator:Benimaru","floor":8,"key":"SMITH"},{"floor":15,"key":"REST"},{"floor":23,"key":"REST"},{"data":"animator:Viivi","floor":25,"key":"SMITH"},{"floor":32,"key":"REST"},{"data":"animator:Lelouch","floor":40,"key":"SMITH"}],"circlet_count":0,"master_deck":["animator:Strike_TenSura","animator:Defend_TenSura","animator:Strike","animator:Strike","animator:Defend","animator:Defend","animator:Defend","animator:Benimaru+1","animator:Shuna+1","animator:Cocytus","animator:DolaCouronne","animator:DolaStephanie","animator:Mikaela","animator:Kaijin+1","animator:Melzalgald+1","animator:ElricAlphonse","animator:Souei","animator:DolaRiku","animator:Greed+1","CurseOfTheBell","animator:Yoichi","animator:Shigure+1","animator:Viivi+1","animator:Mikaela","animator:Hakurou+1","animator:HiiragiShinya","animator:Rimuru","animator:Vesta+1","animator:Millim","animator:Shuna+1","animator:Shigure","animator:Lelouch+1","animator:Tet","animator:MumenRider+1","animator:PandorasActor","animator:ChlammyZell","animator:KrulTepes","animator:Yuuichirou+1"],"relics":["animator:VividPicture","animator:TheMissingPiece","PreservedInsect","Lantern","Calling Bell","Juzu Bracelet","HornCleat","Gambling Chip","Membership Card","Nunchaku","Enchiridion","StoneCalendar","Boot","Orrery"],"acts_visited":["Exordium","TheCity","TheBeyond"],"potions_floor_usage":[12,24,33,33,33,41,41],"damage_taken":[{"damage":0,"enemies":"Small Slimes","floor":1,"turns":5},{"damage":0,"enemies":"2 Louse","floor":2,"turns":3},{"damage":0,"enemies":"Jaw Worm","floor":4,"turns":4},{"damage":27,"enemies":"Gremlin Gang","floor":5,"turns":5},{"damage":4,"enemies":"Lagavulin","floor":7,"turns":8},{"damage":10,"enemies":"Large Slime","floor":11,"turns":4},{"damage":0,"enemies":"Looter","floor":12,"turns":3},{"damage":8,"enemies":"Blue Slaver","floor":13,"turns":3},{"damage":0,"enemies":"Exordium Wildlife","floor":14,"turns":4},{"damage":21,"enemies":"Hexaghost","floor":16,"turns":9},{"damage":23,"enemies":"2 Thieves","floor":18,"turns":4},{"damage":17,"enemies":"Spheric Guardian","floor":19,"turns":6},{"damage":0,"enemies":"Masked Bandits","floor":24,"turns":3},{"damage":6,"enemies":"Snecko","floor":27,"turns":5},{"damage":0,"enemies":"animator:HornedBat","floor":29,"turns":6},{"damage":17,"enemies":"Shelled Parasite and Fungi","floor":30,"turns":5},{"damage":25,"enemies":"Champ","floor":33,"turns":11},{"damage":0,"enemies":"3 Shapes","floor":35,"turns":4},{"damage":0,"enemies":"3 Darklings","floor":36,"turns":6},{"damage":10,"enemies":"Writhing Mass","floor":37,"turns":8},{"damage":72,"enemies":"Reptomancer","floor":41,"turns":2}],"seed_played":"3502745337696842149","potions_obtained":[{"floor":7,"key":"Strength Potion"},{"floor":11,"key":"Energy Potion"},{"floor":12,"key":"BlessingOfTheForge"},{"floor":13,"key":"SmokeBomb"},{"floor":18,"key":"FearPotion"},{"floor":29,"key":"Weak Potion"},{"floor":33,"key":"Weak Potion"},{"floor":36,"key":"GamblersBrew"},{"floor":37,"key":"SpeedPotion"}],"is_trial":false,"path_per_floor":["M","M","$","M","M","R","E","R","T","?","M","M","M","M","R","B",null,"M","M","?","$","?","R","?","R","T","M","?","E","M","?","R","B",null,"M","M","M","?","$","R","E"],"character_chosen":"THE_ANIMATOR","items_purchased":["animator:DolaStephanie","Membership Card","animator:Viivi","Nunchaku","animator:Shigure","animator:Lelouch","animator:Tet","Orrery"],"campfire_rested":3,"item_purchase_floors":[3,21,21,21,39,39,39,39],"current_hp_per_floor":[66,66,66,66,39,39,35,35,35,35,25,25,18,18,38,17,67,45,28,28,28,12,32,32,32,32,26,26,26,10,10,30,6,70,70,72,62,62,65,65,0,0],"gold":258,"neow_bonus":"UPGRADE_CARD","is_daily":false,"chose_seed":false,"campfire_upgraded":4,"win_rate":0.0,"timestamp":1611455723,"path_taken":["M","M","$","M","M","R","E","R","T","?","M","M","M","M","R","BOSS","M","M","?","$","?","R","?","R","T","M","?","E","M","?","R","BOSS","M","M","M","?","$","R","E"],"items_purchased_type":["Card","Relic","Card","Relic","Card","Card","Card","Relic"],"build_version":"2020-12-22","purchased_purges":1,"victory":false,"max_hp_per_floor":[66,66,66,66,66,66,66,66,66,66,66,66,67,67,67,67,67,68,68,68,68,68,68,68,68,68,68,68,68,69,69,69,70,70,70,72,72,72,72,72,72,72],"card_choices":[{"not_picked":["animator:MaesHughes","animator:Jibril"],"picked":"animator:Cocytus","floor":1},{"not_picked":["animator:Tatsumaki","animator:Shigure"],"picked":"animator:DolaCouronne","floor":2},{"not_picked":["animator:ChlammyZell","animator:Guy"],"picked":"animator:Mikaela","floor":4},{"not_picked":["animator:Shion","animator:Souei"],"picked":"animator:Kaijin","floor":5},{"not_picked":["animator:Mitsuba","animator:Mikaela"],"picked":"animator:Melzalgald","floor":7},{"not_picked":["animator:Tatsumaki","animator:Gillette","animator:ElricEdward"],"picked":"SKIP","floor":11},{"not_picked":["animator:DolaStephanie","animator:IzunaHatsuse"],"picked":"animator:ElricAlphonse","floor":12},{"not_picked":["animator:Shion","animator:Shuna"],"picked":"animator:Souei","floor":13},{"not_picked":["animator:Jibril","animator:Mitsuba"],"picked":"animator:DolaRiku","floor":14},{"not_picked":["animator:Guren","animator:ChaikaTrabant"],"picked":"animator:Greed","floor":16},{"not_picked":["animator:Evileye","animator:MaesHughes"],"picked":"animator:Yoichi","floor":18},{"not_picked":["animator:ElricAlphonse","animator:Boros"],"picked":"animator:Shigure+1","floor":19},{"not_picked":["animator:Shigure","animator:Yoichi"],"picked":"animator:Mikaela","floor":27},{"not_picked":["animator:RoyMustang","animator:ChaikaTrabant"],"picked":"animator:Hakurou+1","floor":29},{"not_picked":["animator:Tet+1","animator:Viivi"],"picked":"animator:HiiragiShinya","floor":30},{"not_picked":["animator:Shizu","animator:AcuraShin"],"picked":"animator:Rimuru","floor":33},{"not_picked":["animator:DolaRiku","animator:Shalltear"],"picked":"animator:Vesta+1","floor":35},{"not_picked":["animator:Souei","animator:Shion"],"picked":"animator:Millim","floor":36},{"not_picked":["animator:Shigure","animator:ElricAlphonse+1"],"picked":"animator:Shuna+1","floor":37},{"not_picked":["animator:Melzalgald+1","animator:Jibril+1"],"picked":"animator:MumenRider+1","floor":39},{"not_picked":["animator:Melzalgald","animator:DolaCouronne+1"],"picked":"animator:PandorasActor","floor":39},{"not_picked":["animator:Evileye+1","animator:Millim"],"picked":"animator:ChlammyZell","floor":39},{"not_picked":["animator:SilverFang","animator:Albedo"],"picked":"animator:KrulTepes","floor":39},{"not_picked":["animator:ElricAlphonse","animator:Layla+1"],"picked":"animator:Yuuichirou+1","floor":39}],"player_experience":177846,"relics_obtained":[{"floor":7,"key":"PreservedInsect"},{"floor":9,"key":"Lantern"},{"floor":17,"key":"Juzu Bracelet"},{"floor":17,"key":"HornCleat"},{"floor":17,"key":"Gambling Chip"},{"floor":22,"key":"Enchiridion"},{"floor":26,"key":"StoneCalendar"},{"floor":29,"key":"Boot"}],"event_choices":[{"damage_healed":0,"gold_gain":0,"player_choice":"Grow","damage_taken":0,"max_hp_gain":0,"max_hp_loss":0,"event_name":"Living Wall","floor":10,"gold_loss":0,"cards_upgraded":["animator:Melzalgald"]},{"damage_healed":0,"gold_gain":0,"player_choice":"Ignored","damage_taken":0,"max_hp_gain":0,"max_hp_loss":0,"event_name":"Beggar","floor":20,"gold_loss":0},{"damage_healed":0,"gold_gain":0,"player_choice":"Obtained Book","damage_taken":16,"max_hp_gain":0,"max_hp_loss":0,"event_name":"Cursed Tome","floor":22,"gold_loss":0},{"damage_healed":0,"gold_gain":0,"player_choice":"Fought Bandits","damage_taken":0,"max_hp_gain":0,"max_hp_loss":0,"event_name":"Masked Bandits","floor":24,"gold_loss":0},{"damage_healed":0,"gold_gain":0,"player_choice":"Upgraded","damage_taken":0,"max_hp_gain":0,"max_hp_loss":0,"event_name":"Upgrade Shrine","floor":28,"gold_loss":0,"cards_upgraded":["animator:Greed"]},{"damage_healed":0,"gold_gain":99,"player_choice":"Stole From Cult","damage_taken":0,"max_hp_gain":0,"max_hp_loss":0,"event_name":"Nest","floor":31,"gold_loss":0},{"cards_removed":["animator:Strike"],"damage_healed":0,"gold_gain":0,"player_choice":"Removed Attack","damage_taken":0,"max_hp_gain":0,"max_hp_loss":0,"event_name":"Falling","floor":38,"gold_loss":0}],"is_beta":false,"boss_relics":[{"not_picked":["Black Star","Runic Dome"],"picked":"Calling Bell"},{"not_picked":["animator:RacePiece","Pandora\u0027s Box"],"picked":"animator:VividPicture"}],"items_purged_floors":[39],"is_endless":false,"potions_floor_spawned":[7,11,12,13,14,18,24,29,33,36,37],"killed_by":"Reptomancer","ascension_level":0}}