{"host":"ktoxvvst1mwxww91","time":1611511517,"event":{"mods":["BaseMod","Downfall","Minty Spire (QoL Compilation)","StSLib"],"gold_per_floor":[99,114,114,36,56,73,99,99,125,125,140,140,140,140],"floor_reached":12,"language":"ENG","playtime":398,"items_purged":["bronze:Strike"],"score":86,"play_id":"07da70ca-7de7-49c1-b0ee-a77ef78e61d8","local_time":"20210124190517","is_ascension_mode":true,"campfire_choices":[{"data":"bronze:Goto","floor":1,"key":"SMITH"},{"data":"bronze:Flail","floor":8,"key":"SMITH"}],"circlet_count":0,"master_deck":["bronze:Strike","bronze:Strike+1","bronze:Strike","bronze:Defend","bronze:Defend","bronze:Defend","bronze:Defend","bronze:Replicate+1","bronze:Goto+1","bronze:Flail+1","bronze:NullPointer+1","bronze:FineTuning","bronze:MaxOutput","bronze:Flail+1","bronze:ForceShield"],"relics":["SacredBark","MawBank","Ancient Tea Set","Whetstone"],"acts_visited":["Exordium"],"potions_floor_usage":[11,12,12],"damage_taken":[{"damage":5,"enemies":"Small Slimes","floor":2,"turns":3},{"damage":0,"enemies":"downfall:FleeingMerchant","floor":4,"turns":4},{"damage":2,"enemies":"Jaw Worm","floor":5,"turns":3},{"damage":1,"enemies":"Cultist","floor":6,"turns":4},{"damage":16,"enemies":"Gremlin Nob","floor":9,"turns":3},{"damage":27,"enemies":"Exordium Thugs","floor":11,"turns":4},{"damage":11,"enemies":"Lagavulin","floor":12,"turns":6}],"seed_played":"4295031790142056444","potions_obtained":[{"floor":2,"key":"GamblersBrew"},{"floor":6,"key":"ColorlessPotion"},{"floor":9,"key":"Dexterity Potion"},{"floor":11,"key":"BlessingOfTheForge"}],"is_trial":false,"path_per_floor":["R","M","?","$","M","M","T","R","E","?","M","E"],"character_chosen":"THE_AUTOMATON","items_purchased":[],"campfire_rested":0,"item_purchase_floors":[],"current_hp_per_floor":[70,65,53,53,51,50,50,50,34,34,7,0,0,0],"gold":140,"neow_bonus":"BOSS_RELIC","is_daily":false,"chose_seed":false,"campfire_upgraded":2,"win_rate":0.0,"timestamp":1611511517,"path_taken":["R","M","?","$","M","M","T","R","E","?","?","E"],"items_purchased_type":[],"build_version":"2020-12-22","purchased_purges":1,"victory":false,"max_hp_per_floor":[70,70,70,70,70,70,70,70,70,70,70,70,70,70],"card_choices":[{"not_picked":["bronze:Turbo","bronze:GetLatest"],"picked":"bronze:Flail","floor":2},{"not_picked":["bronze:GetLatest","bronze:ChildClass"],"picked":"bronze:NullPointer","floor":4},{"not_picked":["bronze:Shield","bronze:Constructor"],"picked":"bronze:FineTuning","floor":5},{"not_picked":["bronze:DarkDash","bronze:Flail"],"picked":"bronze:MaxOutput","floor":6},{"not_picked":["bronze:Assembly","bronze:OilSpill"],"picked":"bronze:Flail","floor":9},{"not_picked":["bronze:DelayedSlice","bronze:Invalidate"],"picked":"bronze:ForceShield","floor":11}],"player_experience":847255,"relics_obtained":[{"floor":7,"key":"Ancient Tea Set"},{"floor":9,"key":"Whetstone"}],"event_choices":[{"damage_healed":0,"gold_gain":0,"player_choice":"Success","damage_taken":12,"relics_obtained":["MawBank"],"max_hp_gain":0,"max_hp_loss":0,"event_name":"Scrap Ooze","floor":3,"gold_loss":0}],"is_beta":false,"boss_relics":[],"items_purged_floors":[4],"is_endless":false,"potions_floor_spawned":[2,6,9,11],"killed_by":"Lagavulin","ascension_level":2}}