{"host":"6xsbn6ynqlzwllfm","time":1611502053,"event":{"mods":["2.2 Compatiblity","BaseMod","Bestiary","Colored Map","Colored Powertips","Curses Come First","Highlight Path","Keyboard Shortcuts","Minty Spire (QoL Compilation)","Quick Restart","Relic Stats","Slay the Relics Exporter","StSLib","SuperFastMode"],"gold_per_floor":[111,211,9,25,37,68,68,68,68,103,103,123,135,164,164,241,241,259,259,277,330,54,54,54,68,140,90,90,103,103,113,113,113,113],"floor_reached":33,"language":"ENG","playtime":1752,"items_purged":["Strike_R"],"score":580,"play_id":"a57b8ea7-65bc-41ef-88ce-5c8d8a8e5efe","local_time":"20210124102733","is_ascension_mode":true,"campfire_choices":[{"data":"Bash","floor":7,"key":"SMITH"},{"data":"Inflame","floor":11,"key":"SMITH"},{"data":"Anger","floor":15,"key":"SMITH"},{"data":"Flame Barrier","floor":23,"key":"SMITH"},{"data":"Shrug It Off","floor":28,"key":"SMITH"},{"data":"Shrug It Off","floor":30,"key":"SMITH"},{"data":"Defend_R","floor":32,"key":"SMITH"}],"circlet_count":0,"master_deck":["AscendersBane","Strike_R+1","Strike_R","Strike_R","Strike_R","Defend_R+1","Defend_R","Defend_R","Defend_R","Bash+1","Anger+1","Hemokinesis","Cleave+1","Inflame+1","Bloodletting","Clothesline+1","Pommel Strike+1","Whirlwind+1","Feed+1","Armaments+1","Feed+1","Flame Barrier+1","Disarm","Fiend Fire+1","Shrug It Off+1","Shrug It Off+1"],"relics":["Burning Blood","NeowsBlessing","Happy Flower","Mercury Hourglass","Molten Egg 2","Singing Bowl","Whetstone","Coffee Dripper","Ancient Tea Set","Orrery","Gremlin Horn"],"acts_visited":["Exordium","TheCity"],"potions_floor_usage":[6,6,6,10,16,16,29],"damage_taken":[{"damage":0,"enemies":"Jaw Worm","floor":1,"turns":1},{"damage":0,"enemies":"Cultist","floor":4,"turns":1},{"damage":0,"enemies":"2 Louse","floor":5,"turns":1},{"damage":24,"enemies":"Lagavulin","floor":6,"turns":7},{"damage":25,"enemies":"3 Sentries","floor":10,"turns":6},{"damage":4,"enemies":"Lots of Slimes","floor":12,"turns":2},{"damage":6,"enemies":"Looter","floor":13,"turns":2},{"damage":8,"enemies":"Gremlin Nob","floor":14,"turns":3},{"damage":31,"enemies":"The Guardian","floor":16,"turns":7},{"damage":36,"enemies":"Shell Parasite","floor":18,"turns":4},{"damage":8,"enemies":"Spheric Guardian","floor":20,"turns":3},{"damage":4,"enemies":"Centurion and Healer","floor":25,"turns":4},{"damage":33,"enemies":"Shelled Parasite and Fungi","floor":29,"turns":5},{"damage":2,"enemies":"Cultist and Chosen","floor":31,"turns":3},{"damage":47,"enemies":"Automaton","floor":33,"turns":6}],"seed_played":"-4855802069327590254","potions_obtained":[{"floor":1,"key":"SpeedPotion"},{"floor":4,"key":"EntropicBrew"},{"floor":6,"key":"Fire Potion"},{"floor":12,"key":"Weak Potion"},{"floor":16,"key":"Strength Potion"},{"floor":25,"key":"FearPotion"}],"is_trial":false,"path_per_floor":["M","?","$","M","M","E","R","?","T","E","R","M","M","E","R","B",null,"M","?","M","T","$","R","?","M","T","?","R","M","R","M","R","B"],"character_chosen":"IRONCLAD","items_purchased":["Happy Flower","Hemokinesis","Disarm","Orrery"],"campfire_rested":0,"item_purchase_floors":[3,3,22,22],"current_hp_per_floor":[74,74,74,75,75,57,57,57,57,38,38,40,40,40,40,15,62,36,36,38,38,42,42,42,54,54,54,54,37,37,43,43,0,0],"gold":113,"neow_bonus":"THREE_ENEMY_KILL","is_daily":false,"chose_seed":false,"campfire_upgraded":7,"win_rate":0.0,"timestamp":1611502053,"path_taken":["M","?","$","M","?","E","R","?","T","E","R","M","M","E","R","BOSS","M","?","?","?","$","R","?","M","T","?","R","M","R","?","R","BOSS"],"items_purchased_type":["Relic","Card","Card","Relic"],"build_version":"2020-12-22","purchased_purges":1,"victory":false,"max_hp_per_floor":[75,75,75,75,75,75,75,75,75,75,75,75,75,77,77,77,77,81,81,85,85,89,89,89,99,99,99,99,109,109,111,111,111,111],"relic_stats":{"Happy Flower":[18],"Singing Bowl":12,"Gremlin Horn":[4,4],"counters":[15,55],"Whetstone":["Cleave","Strike_R"],"obtain_stats":[{"NeowsBlessing":0,"Happy Flower":3,"Singing Bowl":10,"Gremlin Horn":26,"Orrery":22,"Molten Egg 2":9,"Coffee Dripper":17,"Whetstone":14,"Ancient Tea Set":21,"Burning Blood":0,"Mercury Hourglass":6},{"NeowsBlessing":0,"Happy Flower":1,"Singing Bowl":5,"Gremlin Horn":12,"Orrery":11,"Molten Egg 2":4,"Coffee Dripper":9,"Whetstone":8,"Ancient Tea Set":11,"Burning Blood":0,"Mercury Hourglass":4},{"NeowsBlessing":0,"Happy Flower":1,"Singing Bowl":16,"Gremlin Horn":41,"Orrery":37,"Molten Egg 2":10,"Coffee Dripper":30,"Whetstone":23,"Ancient Tea Set":37,"Burning Blood":0,"Mercury Hourglass":10}],"Burning Blood":73,"Mercury Hourglass":[157]},"card_choices":[{"not_picked":["Sentinel","Reckless Charge"],"picked":"Anger","floor":1},{"not_picked":["Flex","True Grit"],"picked":"Cleave","floor":4},{"not_picked":["True Grit","Searing Blow"],"picked":"Inflame","floor":5},{"not_picked":["Havoc","Intimidate"],"picked":"Bloodletting","floor":6},{"not_picked":["Dropkick+1","Bloodletting"],"picked":"Clothesline+1","floor":10},{"not_picked":["Twin Strike+1","Body Slam+1"],"picked":"Pommel Strike+1","floor":12},{"not_picked":["Spot Weakness","Iron Wave+1"],"picked":"Whirlwind+1","floor":13},{"not_picked":["Sword Boomerang+1","Heavy Blade+1","Headbutt+1"],"picked":"Singing Bowl","floor":14},{"not_picked":["Brutality","Barricade"],"picked":"Feed+1","floor":16},{"not_picked":["Anger+1","Hemokinesis+1"],"picked":"Armaments+1","floor":18},{"not_picked":["Headbutt+1","Power Through"],"picked":"Flame Barrier","floor":20},{"not_picked":["Dark Embrace","Second Wind"],"picked":"Fiend Fire+1","floor":22},{"not_picked":["Clothesline+1","Wild Strike+1"],"picked":"Shrug It Off","floor":22},{"not_picked":["Perfected Strike+1","Iron Wave+1"],"picked":"Shrug It Off","floor":22},{"not_picked":["Body Slam+1","Wild Strike+1","Clothesline+1"],"picked":"Singing Bowl","floor":22},{"not_picked":["Flame Barrier","Perfected Strike+1","Clothesline+1"],"picked":"Singing Bowl","floor":22},{"not_picked":["Flex","True Grit","Havoc"],"picked":"Singing Bowl","floor":25},{"not_picked":["Sword Boomerang+1","Perfected Strike+1","Shrug It Off"],"picked":"Singing Bowl","floor":29},{"not_picked":["Sword Boomerang+1","Clothesline+1","Headbutt+1"],"picked":"Singing Bowl","floor":31}],"player_experience":1094022,"relics_obtained":[{"floor":6,"key":"Mercury Hourglass"},{"floor":9,"key":"Molten Egg 2"},{"floor":10,"key":"Singing Bowl"},{"floor":14,"key":"Whetstone"},{"floor":21,"key":"Ancient Tea Set"},{"floor":26,"key":"Gremlin Horn"}],"event_choices":[{"damage_healed":0,"gold_gain":100,"player_choice":"Gold","damage_taken":0,"max_hp_gain":0,"max_hp_loss":0,"event_name":"Wheel of Change","floor":2,"gold_loss":0},{"damage_healed":0,"gold_gain":0,"player_choice":"Ignored","damage_taken":0,"max_hp_gain":0,"max_hp_loss":0,"event_name":"Liars Game","floor":8,"gold_loss":0},{"damage_healed":0,"gold_gain":0,"player_choice":"Copied","damage_taken":0,"max_hp_gain":0,"max_hp_loss":0,"event_name":"Duplicator","floor":19,"gold_loss":0,"cards_obtained":["Feed"]},{"damage_healed":0,"gold_gain":0,"player_choice":"Ignored","damage_taken":0,"max_hp_gain":0,"max_hp_loss":0,"event_name":"Cursed Tome","floor":24,"gold_loss":0},{"damage_healed":0,"gold_gain":0,"player_choice":"Bet on Murderer","damage_taken":0,"max_hp_gain":0,"max_hp_loss":0,"event_name":"The Joust","floor":27,"gold_loss":50}],"is_beta":false,"boss_relics":[{"not_picked":["Pandora\u0027s Box","Black Blood"],"picked":"Coffee Dripper"}],"items_purged_floors":[22],"is_endless":false,"potions_floor_spawned":[1,4,6,12,16,25],"killed_by":"Automaton","ascension_level":20}}