{"host":"j4g6ia6asvpyu2b0","time":1611448457,"event":{"mods":["BaseMod","Colored Map","Minty Spire (QoL Compilation)","Permanent Neow","Quick Restart","Relic Stats","StSLib","Unceasing Turn Reminder"],"gold_per_floor":[19,37,54,204,221,221,221,221,292,320,320,333,333,358,358,358,358],"floor_reached":16,"language":"ENG","playtime":347,"items_purged":[],"score":204,"play_id":"d0029b16-2707-476b-bf23-21e02f8e0186","local_time":"20210123173417","is_ascension_mode":true,"campfire_choices":[{"data":"Bash","floor":6,"key":"SMITH"},{"data":"Carnage","floor":8,"key":"SMITH"},{"data":"Impervious","floor":11,"key":"SMITH"},{"data":"Inflame","floor":13,"key":"SMITH"},{"data":"Pommel Strike","floor":15,"key":"SMITH"}],"circlet_count":0,"master_deck":["AscendersBane","Strike_R","Strike_R","Strike_R","Strike_R","Strike_R","Defend_R","Defend_R","Defend_R","Defend_R","Bash+1","Perfected Strike","Carnage+1","Shrug It Off","Power Through","Impervious+1","Inflame+1","Pommel Strike+1"],"relics":["Burning Blood","Calipers","HornCleat","Nunchaku","Ancient Tea Set"],"acts_visited":["Exordium"],"potions_floor_usage":[],"damage_taken":[{"damage":6,"enemies":"Cultist","floor":1,"turns":3},{"damage":4,"enemies":"Jaw Worm","floor":2,"turns":4},{"damage":0,"enemies":"2 Louse","floor":3,"turns":2},{"damage":25,"enemies":"Red Slaver","floor":5,"turns":5},{"damage":15,"enemies":"Gremlin Nob","floor":10,"turns":4},{"damage":5,"enemies":"Lots of Slimes","floor":12,"turns":5},{"damage":21,"enemies":"Lagavulin","floor":14,"turns":5},{"damage":33,"enemies":"The Guardian","floor":16,"turns":9}],"seed_played":"-1604840279277027884","potions_obtained":[{"floor":5,"key":"SmokeBomb"}],"is_trial":false,"path_per_floor":["M","M","M","?","M","R","?","R","T","E","R","M","R","E","R","B"],"character_chosen":"IRONCLAD","items_purchased":[],"campfire_rested":0,"item_purchase_floors":[],"current_hp_per_floor":[68,70,75,75,56,56,56,56,56,47,47,48,48,33,33,0,0],"gold":358,"neow_bonus":"ONE_RARE_RELIC","is_daily":false,"chose_seed":false,"campfire_upgraded":5,"win_rate":0.0,"timestamp":1611448457,"path_taken":["M","?","M","?","M","R","?","R","T","E","R","M","R","E","R","BOSS"],"items_purchased_type":[],"build_version":"2020-12-22","purchased_purges":0,"victory":false,"max_hp_per_floor":[75,75,75,75,75,75,75,75,75,75,75,75,75,75,75,75,75],"relic_stats":{"Nunchaku":[2],"counters":[8,37],"obtain_stats":[{"Nunchaku":10,"Calipers":0,"HornCleat":9,"Ancient Tea Set":14,"Burning Blood":0},{"Nunchaku":5,"Calipers":0,"HornCleat":4,"Ancient Tea Set":7,"Burning Blood":0},{"Nunchaku":18,"Calipers":0,"HornCleat":14,"Ancient Tea Set":28,"Burning Blood":0}],"Burning Blood":41},"card_choices":[{"not_picked":["Heavy Blade","Armaments"],"picked":"Perfected Strike","floor":1},{"not_picked":["Seeing Red","Second Wind"],"picked":"Carnage","floor":2},{"not_picked":["Heavy Blade","Dual Wield"],"picked":"Shrug It Off","floor":3},{"not_picked":["Armaments","Body Slam"],"picked":"Power Through","floor":5},{"not_picked":["Entrench","Anger"],"picked":"Impervious","floor":10},{"not_picked":["Hemokinesis","Shrug It Off"],"picked":"Inflame","floor":12},{"not_picked":["Flex","Body Slam"],"picked":"Pommel Strike","floor":14}],"player_experience":966845,"relics_obtained":[{"floor":9,"key":"HornCleat"},{"floor":10,"key":"Nunchaku"},{"floor":14,"key":"Ancient Tea Set"}],"event_choices":[{"damage_healed":0,"gold_gain":150,"player_choice":"AGREE","damage_taken":0,"max_hp_gain":0,"max_hp_loss":0,"event_name":"Liars Game","floor":4,"gold_loss":0,"cards_obtained":["Doubt"]},{"cards_removed":["Doubt"],"damage_healed":0,"gold_gain":0,"player_choice":"Removed Curses","damage_taken":0,"max_hp_gain":0,"max_hp_loss":0,"event_name":"Fountain of Cleansing","floor":7,"gold_loss":0}],"is_beta":false,"boss_relics":[],"items_purged_floors":[],"is_endless":false,"potions_floor_spawned":[5],"killed_by":"The Guardian","ascension_level":17}}