{"host":"glqsg3p5q4u9u1ra","time":1611508015,"event":{"mods":["Act Like it!","Arknights The Spire","Bard","BaseMod","Better Third Choice","BetterRewards","Colored Map","Conspire","Downfall","Friendly Minions","Gensokyo","GifTheSpireLib","Hallownest","Highlight Path","Hubris","Infinite Spire","Lobotomy","LobotomyExtend","Mimic Mod","Minty Spire (QoL Compilation)","Pale of the Ancients","Reliquary","Replay The Spire","Robot Space Explorer","Spicy Shops","Spikes Relics","Spire Birthday Party","StSLib","The Blackbeard","The Blue Laboratory","The Bug Knight","The Exalted","The Poker Player","The Servant 0.9.4","Wandering Minibosses"],"gold_per_floor":[119,52,52,79,10,10,46,46,121,121,157,157,171,171,171,252,252,275,302,302,122,122],"floor_reached":21,"language":"ENG","playtime":590,"items_purged":["Strike_G","Strike_G"],"score":462,"play_id":"1244b0cb-2769-4834-99fc-4a8d0fc4cdef","local_time":"20210124090655","is_ascension_mode":true,"campfire_choices":[{"data":"Bouncing Flask","floor":6,"key":"SMITH"},{"data":"Neutralize","floor":10,"key":"SMITH"},{"data":"ReplayTheSpireMod:From All Sides","floor":12,"key":"SMITH"}],"circlet_count":0,"master_deck":["AscendersBane","Strike_G","Strike_G","Defend_G","Defend_G","Defend_G","Defend_G","Defend_G","Survivor","Neutralize+1","ReplayTheSpireMod:From All Sides+1","Bouncing Flask+1","Poisoned Stab+1","Replay:Poison Smokescreen","Night Terror","Toxin Wave+1","Backflip","Riddle With Holes","Choke","Dagger Spray"],"relics":["Ring of the Snake","NeowsBlessing","LetterFromLob","BargainBundle","Calipers","CeramicFish","hubris:AncientText","Bromod:ArcaneDeflection","MiniBlackHole","Smiling Mask","reliquary:FeatherDuster","ShockBauble","reliquary:PorcupineQuills","hubris:ScarierMask","Vajra","Orrery"],"acts_visited":["Exordium","TheCity"],"potions_floor_usage":[16],"damage_taken":[{"damage":0,"enemies":"Small Slimes","floor":1,"turns":1},{"damage":0,"enemies":"Gremlin Nob","floor":7,"turns":1},{"damage":0,"enemies":"Lagavulin","floor":11,"turns":1},{"damage":0,"enemies":"Jaw Worm","floor":13,"turns":3},{"damage":42,"enemies":"Hexaghost","floor":16,"turns":10},{"damage":14,"enemies":"Spheric Guardian","floor":18,"turns":4},{"damage":34,"enemies":"conspire:MimicChest","floor":19,"turns":5}],"seed_played":"8714938263135662785","potions_obtained":[{"floor":13,"key":"blueLaboratory:FrostheartPotion"}],"is_trial":false,"path_per_floor":["M","$","?","T","$","R","E","?","T","R","E","R","M","M","R_BF","B",null,"M","?","?","$"],"character_chosen":"THE_SILENT","items_purchased":["BargainBundle","Calipers","CeramicFish","hubris:AncientText","Bromod:ArcaneDeflection","ReplayTheSpireMod:From All Sides","Poison Potion","Bouncing Flask","Orrery"],"campfire_rested":0,"item_purchase_floors":[2,2,2,2,2,2,2,5,21],"current_hp_per_floor":[59,59,54,54,54,54,54,54,54,54,54,54,54,54,66,24,56,42,8,8,8,8],"gold":122,"neow_bonus":"THREE_ENEMY_KILL","is_daily":false,"chose_seed":false,"campfire_upgraded":3,"win_rate":0.0,"timestamp":1611508015,"path_taken":["M","$","?","?","$","R","E","?","T","R","E","R","M","M","R_BF","BOSS","M","?","?","$"],"items_purchased_type":["Relic","Relic","Relic","Relic","Relic","Card","Potion","Card","Relic"],"build_version":"2020-12-22","purchased_purges":2,"victory":false,"max_hp_per_floor":[66,66,66,66,66,66,66,66,66,66,66,66,66,66,66,66,66,66,66,66,66,66],"card_choices":[{"not_picked":["hubris:SlightOfHand","Calculated Gamble","Outmaneuver"],"picked":"SKIP","floor":1},{"not_picked":["Prepared","Leg Sweep"],"picked":"Poisoned Stab","floor":7},{"not_picked":["Fluid Movement","Acrobatics"],"picked":"Replay:Poison Smokescreen","floor":11},{"not_picked":["Cloak And Dagger","PiercingWail","ReplayTheSpireMod:Shiv Toss"],"picked":"SKIP","floor":13},{"not_picked":["Doppelganger","A Thousand Cuts"],"picked":"Night Terror","floor":16},{"not_picked":["Fluid Movement","Backflip"],"picked":"Toxin Wave+1","floor":18},{"not_picked":["Night Terror","ReplayTheSpireMod:Scrap Shanks"],"picked":"Backflip","floor":21},{"not_picked":["Sucker Punch","hubris:SlightOfHand"],"picked":"Riddle With Holes","floor":21},{"not_picked":["PiercingWail","Dagger Throw"],"picked":"Choke","floor":21},{"not_picked":["Flying Knee+1","Escape Plan"],"picked":"Dagger Spray","floor":21}],"player_experience":1280890,"relics_obtained":[{"floor":1,"key":"LetterFromLob"},{"floor":4,"key":"Smiling Mask"},{"floor":7,"key":"reliquary:FeatherDuster"},{"floor":9,"key":"ShockBauble"},{"floor":11,"key":"reliquary:PorcupineQuills"},{"floor":19,"key":"Vajra"}],"event_choices":[{"damage_healed":0,"gold_gain":0,"player_choice":"Relic ","damage_taken":5,"max_hp_gain":0,"max_hp_loss":0,"event_name":"betterThird:BetterScrap","floor":3,"gold_loss":0,"cards_obtained":["hubris:DoWhile"]}],"is_beta":false,"boss_relics":[{"not_picked":["ReplayTheSpireMod:SealedPack","ChewingGum"],"picked":"hubris:ScarierMask"}],"items_purged_floors":[2,21],"is_endless":false,"potions_floor_spawned":[13],"ascension_level":20}}