{"host":"cjhtzh7tp54jdfyv","time":1611455452,"event":{"mods":["AchievementEnabler","BaseMod","Colored Map","Colored Powertips","Curses Come First","DeckTracker","Filter the Spire","Minty Spire (QoL Compilation)","RNG Fix","Relic Sorter","Relic Stats","StSLib","UnlockEverythingMod","ojb\u0027s Better Paths Mod","ojb\u0027s Info Mod"],"gold_per_floor":[114,114,127,127,147,147,176,191,215,246,257,287,287,299,299,373,373,388,388,388,413,145,145,172,172,172,191,221,231,265,139,139,139,139],"floor_reached":33,"language":"ENG","playtime":2812,"items_purged":["Writhe","Strike_G"],"score":696,"play_id":"a2950ca5-dd4a-4be1-ba75-72e4726f2d09","local_time":"20210123213052","is_ascension_mode":true,"campfire_choices":[{"data":"Storm of Steel","floor":6.0,"key":"SMITH"},{"floor":15.0,"key":"REST"},{"floor":23.0,"key":"REST"},{"floor":25.0,"key":"REST"},{"floor":32,"key":"REST"}],"circlet_count":0,"master_deck":["AscendersBane","Strike_G","Strike_G","Strike_G","Defend_G","Defend_G","Defend_G","Defend_G","Survivor","Neutralize","Storm of Steel+1","Concentrate","Dagger Spray","Expertise","Leg Sweep","Die Die Die","Choke","Accuracy","Reflex","Acrobatics","Leg Sweep","Escape Plan","Venomology","Blade Dance","Dagger Throw","Blade Dance","Night Terror","Prepared+1","Expertise","Calculated Gamble","Terror"],"relics":["Ring of the Snake","StrikeDummy","Juzu Bracelet","Boot","Dream Catcher","HoveringKite","Akabeko","Red Mask","Oddly Smooth Stone","Mercury Hourglass","Letter Opener","Smiling Mask","Lantern"],"acts_visited":["Exordium","TheCity"],"potions_floor_usage":[30,33,33],"damage_taken":[{"damage":0.0,"enemies":"2 Louse","floor":1.0,"turns":3.0},{"damage":2.0,"enemies":"Jaw Worm","floor":3.0,"turns":3.0},{"damage":0.0,"enemies":"Cultist","floor":5.0,"turns":3.0},{"damage":22.0,"enemies":"Lagavulin","floor":7.0,"turns":10.0},{"damage":1.0,"enemies":"Looter","floor":8.0,"turns":3.0},{"damage":11.0,"enemies":"Gremlin Nob","floor":10.0,"turns":3.0},{"damage":0.0,"enemies":"2 Fungi Beasts","floor":11.0,"turns":2.0},{"damage":2.0,"enemies":"3 Sentries","floor":12.0,"turns":5.0},{"damage":4.0,"enemies":"Exordium Thugs","floor":14.0,"turns":3.0},{"damage":8.0,"enemies":"The Guardian","floor":16.0,"turns":15.0},{"damage":7.0,"enemies":"2 Thieves","floor":18.0,"turns":4.0},{"damage":37.0,"enemies":"Masked Bandits","floor":21.0,"turns":4.0},{"damage":15.0,"enemies":"Slavers","floor":24.0,"turns":6.0},{"damage":18.0,"enemies":"Spheric Guardian","floor":27.0,"turns":5.0},{"damage":0.0,"enemies":"Gremlin Leader","floor":28.0,"turns":5.0},{"damage":0.0,"enemies":"Chosen and Byrds","floor":29.0,"turns":3.0},{"damage":9,"enemies":"Book of Stabbing","floor":30,"turns":4},{"damage":64,"enemies":"Champ","floor":33,"turns":12}],"seed_played":"-1492387904080511861","potions_obtained":[{"floor":1.0,"key":"DuplicationPotion"},{"floor":10.0,"key":"EntropicBrew"},{"floor":11.0,"key":"Fire Potion"},{"floor":21.0,"key":"LiquidMemories"},{"floor":24.0,"key":"Regen Potion"},{"floor":27.0,"key":"Energy Potion"},{"floor":30,"key":"PowerPotion"}],"is_trial":false,"path_per_floor":["M","?","M","?","M","R","E","M","T","E","M","E","?","M","R","B",null,"M","?","?","?","$","R","E","R","T","M","E","M","E","$","R","B"],"character_chosen":"THE_SILENT","items_purchased":["Dagger Throw","Oddly Smooth Stone","Calculated Gamble"],"campfire_rested":4,"item_purchase_floors":[22,22,31],"current_hp_per_floor":[59,59,57,57,57,57,35,34,34,23,23,21,21,17,35,27,52,45,45,45,8,8,26,11,29,29,25,25,25,16,16,34,0,0],"gold":139,"neow_bonus":"TRANSFORM_TWO_CARDS","is_daily":false,"chose_seed":false,"campfire_upgraded":1,"win_rate":0.0,"timestamp":1611455452,"path_taken":["M","?","M","?","M","R","E","M","T","E","M","E","?","M","R","BOSS","M","?","?","?","$","R","E","R","T","M","E","M","E","$","R","BOSS"],"items_purchased_type":["Card","Relic","Card"],"build_version":"2020-12-22","purchased_purges":2,"victory":false,"max_hp_per_floor":[60,60,60,60,60,60,60,60,60,60,60,60,60,60,60,60,60,60,60,60,60,60,60,60,60,60,60,60,60,60,60,60,60,60],"relic_stats":{"Dream Catcher":4,"counters":[18,93],"HoveringKite":[32],"Juzu Bracelet":0,"Letter Opener":[64],"Boot":[81],"Smiling Mask":50,"obtain_stats":[{"Lantern":30,"HoveringKite":17,"Oddly Smooth Stone":22,"Juzu Bracelet":7,"Letter Opener":26,"Boot":10,"Smiling Mask":28,"Akabeko":20,"Mercury Hourglass":24,"Dream Catcher":12,"Red Mask":21,"StrikeDummy":2,"Ring of the Snake":0},{"Lantern":17,"HoveringKite":10,"Oddly Smooth Stone":12,"Juzu Bracelet":4,"Letter Opener":13,"Boot":6,"Smiling Mask":15,"Akabeko":11,"Mercury Hourglass":13,"Dream Catcher":8,"Red Mask":12,"StrikeDummy":1,"Ring of the Snake":0},{"Lantern":81,"HoveringKite":50,"Oddly Smooth Stone":58,"Juzu Bracelet":19,"Letter Opener":64,"Boot":25,"Smiling Mask":74,"Akabeko":54,"Mercury Hourglass":64,"Dream Catcher":32,"Red Mask":58,"StrikeDummy":3,"Ring of the Snake":0}],"Ring of the Snake":[36],"Mercury Hourglass":[60]},"card_choices":[{"not_picked":["Caltrops","Escape Plan"],"picked":"Dagger Spray","floor":1.0},{"not_picked":["Slice","Sucker Punch"],"picked":"Expertise","floor":3.0},{"not_picked":["Cloak And Dagger","PiercingWail"],"picked":"Leg Sweep","floor":5.0},{"not_picked":["Choke","Skewer"],"picked":"Die Die Die","floor":7.0},{"not_picked":["Dodge and Roll","Choke","Infinite Blades"],"picked":"SKIP","floor":8.0},{"not_picked":["Dodge and Roll","Infinite Blades"],"picked":"Choke","floor":8.0},{"not_picked":["Crippling Poison","Outmaneuver"],"picked":"Accuracy","floor":10.0},{"not_picked":["Flechettes","Tactician"],"picked":"Reflex","floor":11.0},{"not_picked":["Bane","PiercingWail","Distraction"],"picked":"SKIP","floor":12.0},{"not_picked":["Flechettes","Prepared","Deadly Poison"],"picked":"SKIP","floor":14.0},{"not_picked":["Finisher","Caltrops"],"picked":"Escape Plan","floor":15.0},{"not_picked":["Adrenaline","Night Terror"],"picked":"Venomology","floor":16.0},{"not_picked":["Catalyst","Slice+1","PiercingWail"],"picked":"SKIP","floor":18.0},{"not_picked":["Caltrops","Deflect"],"picked":"Blade Dance","floor":23.0},{"not_picked":["Deadly Poison+1","Predator","Outmaneuver"],"picked":"SKIP","floor":24.0},{"not_picked":["Escape Plan","Bane"],"picked":"Night Terror","floor":27.0},{"not_picked":["Expertise","Flying Knee+1"],"picked":"Prepared+1","floor":28.0},{"not_picked":["Poisoned Stab","Deflect","Choke"],"picked":"SKIP","floor":29.0},{"not_picked":["Escape Plan","PiercingWail"],"picked":"Expertise","floor":30},{"not_picked":["Flechettes","Dagger Throw"],"picked":"Terror","floor":32}],"player_experience":4625870,"relics_obtained":[{"floor":7.0,"key":"Juzu Bracelet"},{"floor":10.0,"key":"Boot"},{"floor":12.0,"key":"Dream Catcher"},{"floor":21.0,"key":"Red Mask"},{"floor":24.0,"key":"Mercury Hourglass"},{"floor":26.0,"key":"Letter Opener"},{"floor":28.0,"key":"Smiling Mask"},{"floor":30,"key":"Lantern"}],"event_choices":[{"damage_healed":0.0,"max_hp_gain":0.0,"max_hp_loss":0.0,"gold_gain":0.0,"event_name":"Big Fish","player_choice":"Box","floor":2.0,"gold_loss":0.0,"damage_taken":0.0,"relics_obtained":["StrikeDummy"],"cards_obtained":["Regret"]},{"cards_removed":["Regret"],"damage_healed":0.0,"max_hp_gain":0.0,"max_hp_loss":0.0,"gold_gain":0.0,"event_name":"Fountain of Cleansing","player_choice":"Removed Curses","floor":4.0,"gold_loss":0.0,"damage_taken":0.0},{"damage_healed":0.0,"max_hp_gain":0.0,"max_hp_loss":0.0,"gold_gain":0.0,"event_name":"Match and Keep!","player_choice":"2 cards matched","floor":13.0,"gold_loss":0.0,"damage_taken":0.0,"cards_obtained":["Acrobatics","Leg Sweep"]},{"damage_healed":0.0,"max_hp_gain":0.0,"max_hp_loss":0.0,"gold_gain":0.0,"event_name":"The Library","player_choice":"Read","floor":19.0,"gold_loss":0.0,"damage_taken":0.0,"cards_obtained":["Blade Dance"]},{"damage_healed":0.0,"max_hp_gain":0.0,"max_hp_loss":0.0,"gold_gain":0.0,"event_name":"The Mausoleum","player_choice":"Opened","floor":20.0,"gold_loss":0.0,"damage_taken":0.0,"relics_obtained":["Akabeko"],"cards_obtained":["Writhe"]},{"damage_healed":0.0,"max_hp_gain":0.0,"max_hp_loss":0.0,"gold_gain":0.0,"event_name":"Masked Bandits","player_choice":"Fought Bandits","floor":21.0,"gold_loss":0.0,"damage_taken":0.0}],"is_beta":false,"boss_relics":[{"not_picked":["Ring of the Serpent","SacredBark"],"picked":"HoveringKite"}],"items_purged_floors":[22,31],"is_endless":false,"potions_floor_spawned":[1,10,11,14,21,24,27,30],"killed_by":"Champ","ascension_level":20}}