{"host":"eaiphzh066bwqdh7","time":1611503203,"event":{"mods":["BaseMod","Hubris","Minty Spire (QoL Compilation)","Replay The Spire","StSLib"],"gold_per_floor":[14,14,31,31,47,47,47,90,90,131,151,151,175,203,203,327,327,347,347,370,370,390,390,409,409,463,463,463],"floor_reached":27,"language":"ENG","playtime":1925,"items_purged":[],"score":234,"play_id":"486f18b5-acd1-42b5-9cfe-8e14179bfdd0","local_time":"20210124104643","is_ascension_mode":true,"campfire_choices":[{"floor":6,"key":"REST"},{"floor":12,"key":"REST"},{"floor":15,"key":"REST"},{"data":"LikeWater","floor":23,"key":"SMITH"},{"data":"Study","floor":25,"key":"SMITH"}],"circlet_count":0,"master_deck":["Strike_P","Strike_P+1","Strike_P+1","Strike_P+1","Defend_P+1","Defend_P","Defend_P+1","Eruption","Vigilance+1","The Bomb+1","Prostrate","PathToVictory","LessonLearned","Injury","Study+1","Swivel","LikeWater+1","Sanctity","Vault","FollowUp+1","PathToVictory+1","FollowUp","WaveOfTheHand"],"relics":["PureWater","hubris:MedicalManual","Golden Idol","hubris:PeanutButter","hubris:BottledRain","Centennial Puzzle","Odd Mushroom","hubris:BottledHeart","hubris:MysteriousPyramids","Blood Vial"],"acts_visited":["Exordium","TheCity"],"potions_floor_usage":[8,13,13,16,24,27],"damage_taken":[{"damage":0,"enemies":"Small Slimes","floor":1,"turns":2},{"damage":4,"enemies":"2 Louse","floor":3,"turns":4},{"damage":7,"enemies":"Jaw Worm","floor":5,"turns":3},{"damage":20,"enemies":"Replay:BlueRogue","floor":8,"turns":5},{"damage":19,"enemies":"Gremlin Nob","floor":10,"turns":4},{"damage":0,"enemies":"Blue Slaver","floor":11,"turns":4},{"damage":0,"enemies":"Large Slime","floor":13,"turns":5},{"damage":14,"enemies":"The Mushroom Lair","floor":14,"turns":8},{"damage":46,"enemies":"Slime Boss","floor":16,"turns":7},{"damage":3,"enemies":"Chosen","floor":18,"turns":8},{"damage":0,"enemies":"3 Byrds","floor":20,"turns":4},{"damage":0,"enemies":"Snake Plant","floor":22,"turns":6},{"damage":0,"enemies":"3 Cultists","floor":24,"turns":6},{"damage":21,"enemies":"Gremlin Leader","floor":27,"turns":9}],"seed_played":"-4074057745505605479","potions_obtained":[{"floor":3,"key":"Ambrosia"},{"floor":5,"key":"PowerPotion"},{"floor":10,"key":"Flashbang"},{"floor":14,"key":"AttackPotion"},{"floor":18,"key":"ColorlessPotion"},{"floor":20,"key":"FairyPotion"},{"floor":22,"key":"EssenceOfSteel"}],"is_trial":false,"path_per_floor":["M","?","M","?","M","R","?","E","T","E","M","R","M","?","R","B",null,"M","?","M","T","M","R","M","R","T","E"],"character_chosen":"WATCHER","items_purchased":[],"campfire_rested":3,"item_purchase_floors":[],"current_hp_per_floor":[72,60,56,49,42,63,63,43,43,24,24,45,45,31,52,6,72,69,1,1,1,1,1,1,1,1,0,0],"gold":463,"neow_bonus":"RANDOM_COLORLESS_2","is_daily":false,"chose_seed":false,"campfire_upgraded":2,"win_rate":0.0,"timestamp":1611503203,"path_taken":["M","?","M","?","M","R","?","E","T","E","?","R","M","?","R","BOSS","M","?","M","?","M","R","M","R","T","E"],"items_purchased_type":[],"build_version":"2020-12-22","purchased_purges":0,"victory":false,"max_hp_per_floor":[72,72,72,72,72,72,72,72,72,72,72,72,72,72,72,72,72,72,1,1,1,1,1,1,1,1,1,1],"card_choices":[{"not_picked":["Secret Technique","Thinking Ahead"],"picked":"The Bomb","floor":0},{"not_picked":["Replay:BluntJabs","CrushJoints"],"picked":"Prostrate","floor":1},{"not_picked":["Replay:AtTheReady","WreathOfFlame"],"picked":"PathToVictory","floor":3},{"not_picked":["EmptyMind","Replay:Battleflow"],"picked":"LessonLearned","floor":5},{"not_picked":["Conclude","CutThroughFate","Halt"],"picked":"SKIP","floor":8},{"not_picked":["EmptyBody","Prostrate"],"picked":"Study","floor":10},{"not_picked":["JustLucky","InnerPeace"],"picked":"Swivel","floor":11},{"not_picked":["Vengeance","Replay:ManipulateFuture"],"picked":"LikeWater","floor":13},{"not_picked":["Replay:BluntJabs","Prostrate"],"picked":"Sanctity","floor":14},{"not_picked":["Ragnarok","Devotion"],"picked":"Vault","floor":16},{"not_picked":["Indignation+1","FlurryOfBlows"],"picked":"FollowUp+1","floor":18},{"not_picked":["Protect+1","Crescendo"],"picked":"PathToVictory+1","floor":20},{"not_picked":["Nirvana+1","Replay:Hum"],"picked":"FollowUp","floor":22},{"not_picked":["CrushJoints","Wallop"],"picked":"WaveOfTheHand","floor":24}],"player_experience":180628,"relics_obtained":[{"floor":8,"key":"hubris:PeanutButter"},{"floor":9,"key":"hubris:BottledRain"},{"floor":10,"key":"Centennial Puzzle"},{"floor":14,"key":"Odd Mushroom"},{"floor":21,"key":"hubris:MysteriousPyramids"},{"floor":26,"key":"Blood Vial"}],"event_choices":[{"damage_healed":0,"gold_gain":0,"player_choice":"Success","damage_taken":12,"relics_obtained":["hubris:MedicalManual"],"max_hp_gain":0,"max_hp_loss":0,"event_name":"Scrap Ooze","floor":2,"gold_loss":0},{"cards_removed":["Defend_P"],"damage_healed":0,"gold_gain":0,"player_choice":"Card Removal","damage_taken":7,"max_hp_gain":0,"max_hp_loss":0,"event_name":"Golden Wing","floor":4,"gold_loss":0},{"damage_healed":0,"gold_gain":0,"player_choice":"Take Wound","damage_taken":0,"relics_obtained":["Golden Idol"],"max_hp_gain":0,"max_hp_loss":0,"event_name":"Golden Idol","floor":7,"gold_loss":0,"cards_obtained":["Injury"]},{"damage_healed":0,"gold_gain":0,"player_choice":"Fought Mushrooms","damage_taken":0,"max_hp_gain":0,"max_hp_loss":0,"event_name":"Mushrooms","floor":14,"gold_loss":0}],"is_beta":false,"boss_relics":[{"not_picked":["Fusion Hammer","Abe\u0027s Treasure","Cursed Key"]}],"items_purged_floors":[],"is_endless":false,"potions_floor_spawned":[3,5,10,14,18,20,22],"killed_by":"Gremlin Leader","ascension_level":1}}