{"host":"eaiphzh066bwqdh7","time":1611504817,"event":{"mods":["BaseMod","Hubris","Minty Spire (QoL Compilation)","Replay The Spire","StSLib"],"gold_per_floor":[118,118,136,151,5,5,30,30,56,81,96,96,109,143,143,242,242,256,51,51,70,70,70,70,70,70,70,88,119,130,142,142,142,142],"floor_reached":33,"language":"ENG","playtime":1604,"items_purged":["Defend_P"],"score":299,"play_id":"a0c17a57-a41b-490e-a5db-f40db682ec86","local_time":"20210124111337","is_ascension_mode":true,"campfire_choices":[{"data":"Eruption","floor":6,"key":"SMITH"},{"floor":8,"key":"REST"},{"floor":15,"key":"REST"},{"floor":23,"key":"REST"},{"data":"Replay:LoomingThreat","floor":25,"key":"SMITH"},{"data":"ReplayTheSpireMod:Faulty Equipment","floor":27,"key":"SMITH"},{"floor":32,"key":"REST"}],"circlet_count":0,"master_deck":["Strike_P","Strike_P","Strike_P+1","Strike_P","Defend_P","Defend_P+1","Defend_P+1","Eruption+1","Vigilance+1","LessonLearned","WindmillStrike+1","Worship","Establishment","FlurryOfBlows","PathToVictory","Protect","Pot Of Greed","Pot Of Greed+1","DeusExMachina","Replay:LoomingThreat+1","Protect","EmptyFist","FearNoEvil","Evaluate","Evaluate","Pot Of Greed","CommonCold","Protect","Decay","EmptyBody+1","FlyingSleeves","InnerPeace+1"],"relics":["PureWater","hubris:OldNail","Iron Hammer","PreservedInsect","Ancient Tea Set","Grinning Jar","VioletLotus","BargainBundle","Ring of Peace","Ring of Searing","Pear","Letter Opener","Garlic"],"acts_visited":["Exordium","TheCity"],"potions_floor_usage":[3,16,18,18,28,29,33,33,33],"damage_taken":[{"damage":1,"enemies":"2 Louse","floor":1,"turns":3},{"damage":1,"enemies":"Cultist","floor":3,"turns":4},{"damage":0,"enemies":"Small Slimes","floor":4,"turns":2},{"damage":15,"enemies":"Lagavulin","floor":7,"turns":4},{"damage":20,"enemies":"3 Sentries","floor":10,"turns":4},{"damage":0,"enemies":"Red Slaver","floor":11,"turns":5},{"damage":0,"enemies":"Looter","floor":13,"turns":3},{"damage":8,"enemies":"Gremlin Nob","floor":14,"turns":3},{"damage":28,"enemies":"Slime Boss","floor":16,"turns":10},{"damage":29,"enemies":"2 Thieves","floor":18,"turns":4},{"damage":2,"enemies":"Chosen","floor":21,"turns":6},{"damage":17,"enemies":"3 Cultists","floor":28,"turns":5},{"damage":24,"enemies":"Slavers","floor":29,"turns":4},{"damage":0,"enemies":"Cultist and Chosen","floor":30,"turns":4},{"damage":13,"enemies":"Sentry and Sphere","floor":31,"turns":5},{"damage":64,"enemies":"Automaton","floor":33,"turns":6}],"seed_played":"-4522885167801628520","potions_obtained":[{"floor":3,"key":"EntropicBrew"},{"floor":10,"key":"LifebloodPotion"},{"floor":14,"key":"BottledMiracle"},{"floor":16,"key":"SkillPotion"},{"floor":18,"key":"Reflective Coating"},{"floor":28,"key":"Ancient Potion"},{"floor":31,"key":"DistilledChaos"}],"is_trial":false,"path_per_floor":["M","?","M","M","$","R","E","R","T","E","M","?","M","E","R","B",null,"M","$","?","M","$","R","?","R","T","R","M","E","M","M","R","B"],"character_chosen":"WATCHER","items_purchased":["hubris:OldNail","BargainBundle","LiquidBronze","Explosive Potion","EmptyFist","FearNoEvil","Evaluate"],"campfire_rested":4,"item_purchase_floors":[5,19,19,19,19,19,19],"current_hp_per_floor":[71,71,70,70,70,70,55,72,72,52,52,52,52,44,65,37,72,43,43,43,41,41,62,72,72,72,72,55,31,31,18,42,0,0],"gold":142,"neow_bonus":"THREE_RARE_CARDS","is_daily":false,"chose_seed":false,"campfire_upgraded":3,"win_rate":0.0,"timestamp":1611504817,"path_taken":["M","?","?","M","$","R","E","R","T","E","M","?","M","E","R","BOSS","M","$","?","M","$","R","?","R","T","R","M","E","M","M","R","BOSS"],"items_purchased_type":["Relic","Relic","Potion","Potion","Card","Card","Card"],"build_version":"2020-12-22","purchased_purges":1,"victory":false,"max_hp_per_floor":[72,72,72,72,72,72,72,72,72,72,72,72,72,72,72,72,72,72,72,72,72,72,72,82,82,82,82,82,82,82,82,82,82,82],"card_choices":[{"not_picked":["Establishment","Ragnarok"],"picked":"LessonLearned","floor":0},{"not_picked":["Sanctity","TalkToTheHand"],"picked":"WindmillStrike","floor":1},{"not_picked":["Replay:Battleflow","Evaluate","Replay:BluntJabs"],"picked":"SKIP","floor":3},{"not_picked":["Vengeance","Evaluate"],"picked":"Worship","floor":4},{"not_picked":["FollowUp","Replay:BluntJabs"],"picked":"Establishment","floor":7},{"not_picked":["Replay:AtTheReady","SignatureMove"],"picked":"FlurryOfBlows","floor":10},{"not_picked":["Replay:ManipulateFuture","Swivel"],"picked":"PathToVictory","floor":11},{"not_picked":["Replay:AtTheReady","Swivel"],"picked":"Protect","floor":13},{"not_picked":["CutThroughFate","Study"],"picked":"DeusExMachina","floor":14},{"not_picked":["Ragnarok","Wish"],"picked":"Replay:LoomingThreat","floor":16},{"not_picked":["Halt+1","FollowUp+1"],"picked":"Protect","floor":18},{"not_picked":["Adaptation","EmptyBody"],"picked":"Protect","floor":21},{"not_picked":["ClearTheMind+1","Scrawl"],"picked":"EmptyBody+1","floor":28},{"not_picked":["Evaluate","Prostrate+1"],"picked":"FlyingSleeves","floor":29},{"not_picked":["ForeignInfluence","Indignation","EmptyBody"],"picked":"SKIP","floor":30},{"not_picked":["Replay:BluntJabs","DeceiveReality"],"picked":"InnerPeace+1","floor":31}],"player_experience":182553,"relics_obtained":[{"floor":7,"key":"Iron Hammer"},{"floor":9,"key":"PreservedInsect"},{"floor":10,"key":"Ancient Tea Set"},{"floor":14,"key":"Grinning Jar"},{"floor":20,"key":"Ring of Peace"},{"floor":20,"key":"Ring of Searing"},{"floor":26,"key":"Letter Opener"},{"floor":29,"key":"Garlic"}],"event_choices":[{"damage_healed":0,"gold_gain":0,"player_choice":"Upgraded","damage_taken":0,"max_hp_gain":0,"max_hp_loss":0,"event_name":"Upgrade Shrine","floor":2,"gold_loss":0,"cards_upgraded":["WindmillStrike"]},{"damage_healed":0,"gold_gain":0,"player_choice":"Bought 0 Potions","damage_taken":0,"max_hp_gain":0,"max_hp_loss":0,"event_name":"The Woman in Blue","floor":12,"gold_loss":0}],"is_beta":false,"boss_relics":[{"not_picked":["Abe\u0027s Treasure","hubris:VirtuousBlindfold"],"picked":"VioletLotus"}],"items_purged_floors":[19],"is_endless":false,"potions_floor_spawned":[3,10,14,16,18,28,31],"killed_by":"Automaton","ascension_level":1}}