{"host":"qrlp59d4kykmw4mt","time":1611484836,"event":{"mods":["Act Like it!","BaseMod","Colored Map","Downfall","Friendly Minions","Highlight Path","Minty Spire (QoL Compilation)","Permanent Neow","Random Character Button","Rare Cards Sparkle","SacredBarkPlus","StSLib","SuperFastMode","everything is the same but u backflip on backflip"],"gold_per_floor":[99,119,139,152,152,52,77,88,122,7,0,28,28,40,58,155,155,55,69,84,99,99,99,125,162,174,186,211,223,261,273,305,317,317,317],"floor_reached":33,"language":"ENG","playtime":1122,"items_purged":["bronze:Strike"],"score":312,"play_id":"8e5b615b-0329-4407-8c92-9817846c06b8","local_time":"20210124054036","is_ascension_mode":true,"campfire_choices":[{"floor":1,"key":"RECALL"},{"data":"bronze:OilSpill","floor":6,"key":"SMITH"},{"data":"bronze:FineTuning","floor":13,"key":"SMITH"},{"data":"bronze:AlphaBuild","floor":18,"key":"SMITH"},{"data":"bronze:DarkDash","floor":23,"key":"SMITH"}],"circlet_count":0,"master_deck":["bronze:Strike","bronze:Strike","bronze:Strike","bronze:Defend","bronze:Defend","bronze:Defend","bronze:Defend","bronze:Replicate","bronze:Goto","bronze:ShipIt+1","bronze:OilSpill+1","bronze:DarkDash+1","bronze:OilSpill","bronze:FineTuning+1","bronze:Shield","bronze:Shield+1","bronze:MaxOutput","bronze:AlphaBuild+1","bronze:BugBarrage+1","bronze:BuggyMess+1","bronze:BuggyMess+1","Writhe","bronze:Shield+1","bronze:Assembly+1","bronze:WildBeam"],"relics":["bronze:BronzeCore","downfall:HeartBlessingRed","Happy Flower","Toxic Egg 2","bronze:MakeshiftBattery","downfall:HeartBlessingGreen","Anchor","MawBank","Regal Pillow","MutagenicStrength","Mummified Hand"],"acts_visited":["Exordium","TheCity"],"potions_floor_usage":[16,16,16,25,30,33,33,33],"damage_taken":[{"damage":1,"enemies":"Cultist","floor":2,"turns":4},{"damage":0,"enemies":"Small Slimes","floor":3,"turns":3},{"damage":6,"enemies":"2 Louse","floor":4,"turns":3},{"damage":2,"enemies":"Blue Slaver","floor":8,"turns":3},{"damage":15,"enemies":"Lagavulin","floor":9,"turns":4},{"damage":0,"enemies":"downfall:FleeingMerchant","floor":10,"turns":4},{"damage":2,"enemies":"downfall:FleeingMerchant","floor":11,"turns":4},{"damage":14,"enemies":"Gremlin Nob","floor":12,"turns":3},{"damage":0,"enemies":"2 Fungi Beasts","floor":14,"turns":2},{"damage":0,"enemies":"3 Louse","floor":15,"turns":2},{"damage":29,"enemies":"WA_ARCHETYPE_RETAIN","floor":16,"turns":8},{"damage":0,"enemies":"Chosen","floor":19,"turns":2},{"damage":6,"enemies":"Snake Plant","floor":20,"turns":3},{"damage":12,"enemies":"3 Cultists","floor":21,"turns":6},{"damage":36,"enemies":"Book of Stabbing","floor":25,"turns":5},{"damage":0,"enemies":"Snecko","floor":28,"turns":3},{"damage":3,"enemies":"Slavers","floor":30,"turns":6},{"damage":0,"enemies":"Centurion and Healer","floor":32,"turns":3},{"damage":13,"enemies":"SI_MIRROR_ARCHETYPE","floor":33,"turns":4}],"seed_played":"8981512060039500222","potions_obtained":[{"floor":3,"key":"Fire Potion"},{"floor":4,"key":"BlessingOfTheForge"},{"floor":14,"key":"SkillPotion"},{"floor":16,"key":"SteroidPotion"},{"floor":20,"key":"DuplicationPotion"},{"floor":21,"key":"bronze:BuildAFunctionPotion"},{"floor":30,"key":"LiquidBronze"},{"floor":31,"key":"DuplicationPotion"},{"floor":31,"key":"EssenceOfSteel"}],"is_trial":false,"path_per_floor":["R","M","M","M","?","R","T","M","E","$","$","E","R","M","M","B",null,"R","M","M","M","?","R","T","E","?","?","M","?","E","?","M","B"],"character_chosen":"THE_AUTOMATON","items_purchased":["bronze:FineTuning"],"campfire_rested":0,"item_purchase_floors":[10],"current_hp_per_floor":[70,69,69,63,63,63,63,61,46,46,44,30,30,30,30,1,70,70,70,64,52,52,52,52,16,16,16,16,16,13,13,13,0,0,0],"gold":317,"neow_bonus":"ONE_RANDOM_RARE_CARD","is_daily":false,"chose_seed":false,"campfire_upgraded":4,"win_rate":0.0,"timestamp":1611484836,"path_taken":["R","M","?","M","?","R","T","M","E","?","$","E","R","M","M","BOSS","R","M","M","M","?","R","T","E","?","?","M","?","E","?","M","BOSS"],"items_purchased_type":["Card"],"build_version":"2020-12-22","purchased_purges":1,"victory":false,"max_hp_per_floor":[70,70,70,70,70,70,70,70,70,70,70,70,70,70,70,70,70,70,70,70,70,70,70,70,70,70,70,70,70,70,70,70,70,70,70],"card_choices":[{"not_picked":["bronze:Separator","bronze:FineTuning","bronze:ClassDefault"],"picked":"SKIP","floor":2},{"not_picked":["bronze:BitShift","bronze:GetLatest","bronze:ForceShield"],"picked":"SKIP","floor":3},{"not_picked":["bronze:DigitalCarnage","bronze:ChildClass"],"picked":"bronze:OilSpill","floor":4},{"not_picked":["bronze:Repair","bronze:BugBarrage"],"picked":"bronze:DarkDash","floor":8},{"not_picked":["bronze:Constructor","bronze:ChosenStrike","bronze:HyperBeam"],"picked":"SKIP","floor":9},{"not_picked":["bronze:Backtrace","bronze:DelayedGuard"],"picked":"bronze:OilSpill","floor":10},{"not_picked":["bronze:Invalidate","bronze:Safeguard"],"picked":"bronze:Shield","floor":11},{"not_picked":["bronze:BronzeArmor+1","bronze:Iterate"],"picked":"bronze:Shield+1","floor":12},{"not_picked":["bronze:Virus","bronze:FineTuning+1"],"picked":"bronze:MaxOutput","floor":14},{"not_picked":["bronze:Philosophize+1","bronze:BronzeArmor+1","bronze:Constructor+1"],"picked":"SKIP","floor":15},{"not_picked":["bronze:Virus","bronze:SpaghettiCode+1"],"picked":"bronze:AlphaBuild","floor":16},{"not_picked":["bronze:ItsAFeature+1","bronze:Flail"],"picked":"bronze:BugBarrage+1","floor":19},{"not_picked":["bronze:OilSpill","bronze:ChosenStrike"],"picked":"bronze:BuggyMess+1","floor":20},{"not_picked":["bronze:Iterate","bronze:Repair+1"],"picked":"bronze:BuggyMess+1","floor":21},{"not_picked":["bronze:BronzeArmor+1","bronze:FollowUp"],"picked":"bronze:Shield+1","floor":25},{"not_picked":["bronze:Iterate","bronze:Fortify"],"picked":"bronze:Assembly+1","floor":28},{"not_picked":["bronze:BuggyMess+1","bronze:Frontload+1"],"picked":"bronze:WildBeam","floor":30},{"not_picked":["bronze:Fortify","bronze:Refactor+1","bronze:Boost+1"],"picked":"SKIP","floor":32}],"player_experience":298125,"relics_obtained":[{"floor":9,"key":"Happy Flower"},{"floor":12,"key":"Toxic Egg 2"},{"floor":24,"key":"MawBank"},{"floor":25,"key":"Regal Pillow"},{"floor":30,"key":"Mummified Hand"}],"event_choices":[{"damage_healed":0,"gold_gain":0,"player_choice":"Inject Mutagens","damage_taken":0,"relics_obtained":["MutagenicStrength"],"max_hp_gain":0,"max_hp_loss":0,"event_name":"Drug Dealer","floor":26,"gold_loss":0},{"damage_healed":0,"gold_gain":0,"player_choice":"Ignored","damage_taken":0,"max_hp_gain":0,"max_hp_loss":0,"event_name":"Ghosts","floor":27,"gold_loss":0},{"damage_healed":0,"gold_gain":0,"player_choice":"Got Potions","damage_taken":0,"max_hp_gain":0,"max_hp_loss":0,"event_name":"Lab","floor":31,"gold_loss":0}],"is_beta":false,"boss_relics":[{"not_picked":["Runic Pyramid","Fusion Hammer"],"picked":"bronze:MakeshiftBattery"}],"items_purged_floors":[10],"is_endless":false,"potions_floor_spawned":[3,4,14,16,20,21,30,32],"killed_by":"SI_MIRROR_ARCHETYPE","ascension_level":1}}