{"host":"5uvzo7moqy5vd63g","time":1611452291,"event":{"mods":["Aspiration","BaseMod","Conspire","Curses Come First","Dio Mod","Downfall","Hermit","Hubris","Jedi Mod","Mimic Mod","Minty Spire (QoL Compilation)","Replay The Spire","StSLib","Wandering Minibosses"],"gold_per_floor":[99,115,129,144,20,40,93,93,93,122,122,122,137,137,142,92,92,92],"floor_reached":16,"language":"ENG","playtime":732,"items_purged":[],"score":102,"play_id":"ddd60e27-cd13-433b-bd51-a8bf1b935d9e","local_time":"20210123203811","is_ascension_mode":false,"campfire_choices":[{"floor":1,"key":"RECALL"},{"data":"bronze:Iterate","floor":8,"key":"SMITH"}],"circlet_count":0,"master_deck":["bronze:Strike","bronze:Strike","bronze:Strike","bronze:Defend","bronze:Defend","bronze:Defend","bronze:Defend","bronze:Replicate","bronze:Goto","bronze:FollowUp","bronze:FineTuning","bronze:WhirlingStrike","bronze:WildBeam","bronze:ItsAFeature","bronze:Backtrace","bronze:Iterate+1","hubris:Sloth","bronze:RecursiveStrike","bronze:ChosenStrike","bronze:Invalidate"],"relics":["bronze:BronzeCore","Strawberry","Boot","ReplayTheSpireMod:Ring of Challenge","Ring of Panic","hubris:OldNail","hubris:Icosahedron","hubris:Towel"],"acts_visited":["Exordium"],"potions_floor_usage":[5,5,5,16],"damage_taken":[{"damage":6,"enemies":"Jaw Worm","floor":2,"turns":5},{"damage":2,"enemies":"conspire:RoseBush","floor":3,"turns":3},{"damage":0,"enemies":"2 Louse","floor":4,"turns":4},{"damage":0,"enemies":"downfall:FleeingMerchant","floor":5,"turns":4},{"damage":9,"enemies":"Blue Slaver","floor":6,"turns":3},{"damage":14,"enemies":"Gremlin Nob","floor":10,"turns":3},{"damage":9,"enemies":"3 Louse","floor":13,"turns":2},{"damage":2,"enemies":"Large Slime","floor":15,"turns":4},{"damage":63,"enemies":"IC_STATUS_ARCHETYPE","floor":16,"turns":4}],"seed_played":"9206638501920176173","potions_obtained":[{"floor":2,"key":"EntropicBrew"},{"floor":4,"key":"DistilledChaos"},{"floor":6,"key":"Swift Potion"},{"floor":10,"key":"FearPotion"}],"is_trial":false,"path_per_floor":["R","M","M","M","$","M","T","R","?","E","?","?","M","?","M","B"],"character_chosen":"THE_AUTOMATON","items_purchased":["bronze:ItsAFeature","bronze:Backtrace"],"campfire_rested":0,"item_purchase_floors":[5,5],"current_hp_per_floor":[77,71,69,69,69,60,60,60,60,46,46,46,37,37,35,0,0,0],"gold":92,"neow_bonus":"RANDOM_COMMON_RELIC","is_daily":false,"chose_seed":false,"campfire_upgraded":1,"win_rate":0.0,"timestamp":1611452291,"path_taken":["R","M","M","M","$","M","T","R","?","E","?","?","?","?","M","BOSS"],"items_purchased_type":["Card","Card"],"build_version":"2020-12-22","purchased_purges":0,"victory":false,"max_hp_per_floor":[77,77,77,77,77,77,77,77,77,77,77,77,77,77,77,77,77,77],"card_choices":[{"not_picked":["bronze:ChildClass","bronze:Frontload"],"picked":"bronze:FollowUp","floor":2},{"not_picked":["bronze:WhirlingStrike","bronze:ForceShield"],"picked":"bronze:FineTuning","floor":3},{"not_picked":["bronze:Return","bronze:Turbo"],"picked":"bronze:WhirlingStrike","floor":4},{"not_picked":["bronze:Overheat","bronze:OilSpill"],"picked":"bronze:WildBeam","floor":5},{"not_picked":["bronze:Deprecate","bronze:Return"],"picked":"bronze:Iterate","floor":6},{"not_picked":["bronze:Invalidate","bronze:WhirlingStrike"],"picked":"bronze:RecursiveStrike","floor":10},{"not_picked":["bronze:DelayedGuard","bronze:GetLatest"],"picked":"bronze:Invalidate","floor":13},{"not_picked":["bronze:Shield","bronze:Branch","bronze:ForceShield"],"picked":"SKIP","floor":15}],"player_experience":608768,"relics_obtained":[{"floor":7,"key":"Boot"},{"floor":9,"key":"ReplayTheSpireMod:Ring of Challenge"},{"floor":9,"key":"Ring of Panic"},{"floor":10,"key":"hubris:OldNail"}],"event_choices":[],"is_beta":false,"boss_relics":[],"items_purged_floors":[],"is_endless":false,"potions_floor_spawned":[2,4,6,10],"killed_by":"IC_STATUS_ARCHETYPE","ascension_level":0}}