{"host":"3zb3nk4wvq0dtbuh","time":1611482340,"event":{"mods":["AchievementEnabler","BaseMod","Lobotomy","Minty Spire (QoL Compilation)","Quick Restart","StSLib","SuperFastMode","The Blackbeard"],"gold_per_floor":[112,112,122,136,147,147,147,147,147,160,179,179,192,192,192,290,290],"floor_reached":16,"language":"ZHS","playtime":314,"items_purged":[],"score":144,"play_id":"fbd0ce52-a015-433c-b453-4c49fc148990","local_time":"20210124175900","is_ascension_mode":false,"campfire_choices":[{"data":"Corruption","floor":6,"key":"SMITH"},{"data":"Clash","floor":8,"key":"SMITH"},{"data":"Sever Soul","floor":15,"key":"SMITH"}],"circlet_count":0,"master_deck":["Bash","Battle Trance","Brutality","Rage","Clash+1","Clash","Sentinel","Infernal Blade","Hemokinesis","Corruption+1","Shrug It Off","Seeing Red","Warcry+1","Feel No Pain","Sever Soul+1","Infernal Blade+1","Warcry","Demon Form"],"relics":["Pandora\u0027s Box"],"acts_visited":["Exordium"],"potions_floor_usage":[],"damage_taken":[{"damage":0,"enemies":"Jaw Worm","floor":1,"turns":1},{"damage":0,"enemies":"Cultist","floor":3,"turns":2},{"damage":0,"enemies":"2 Louse","floor":4,"turns":1},{"damage":3,"enemies":"2 Fungi Beasts","floor":5,"turns":2},{"damage":6,"enemies":"Exordium Wildlife","floor":10,"turns":3},{"damage":6,"enemies":"Large Slime","floor":11,"turns":3},{"damage":7,"enemies":"Red Slaver","floor":13,"turns":3},{"damage":40,"enemies":"Hexaghost","floor":16,"turns":7}],"seed_played":"-6872552729700821767","potions_obtained":[{"floor":4,"key":"EssenceOfSteel"},{"floor":5,"key":"DistilledChaos"},{"floor":10,"key":"SteroidPotion"}],"is_trial":false,"path_per_floor":["M","?","M","M","M","R","T","R","T","M","M","?","M","?","R","B"],"character_chosen":"IRONCLAD","items_purchased":[],"campfire_rested":0,"item_purchase_floors":[],"current_hp_per_floor":[80,80,80,80,77,77,77,77,77,71,65,65,58,42,42,2,2],"gold":290,"neow_bonus":"BOSS_RELIC","is_daily":false,"chose_seed":false,"campfire_upgraded":3,"win_rate":0.0,"timestamp":1611482340,"path_taken":["M","?","M","?","M","R","?","R","T","M","M","?","M","?","R","BOSS"],"items_purchased_type":[],"build_version":"2020-12-22","purchased_purges":0,"victory":false,"max_hp_per_floor":[80,80,80,80,80,80,80,80,80,80,80,80,80,80,80,80,80],"card_choices":[{"not_picked":["Entrench","Burning Pact"],"picked":"Shrug It Off","floor":1},{"not_picked":["Headbutt","Rage"],"picked":"Seeing Red","floor":3},{"not_picked":["Wild Strike","Clothesline"],"picked":"Warcry","floor":4},{"not_picked":["Twin Strike","Clothesline"],"picked":"Feel No Pain","floor":5},{"not_picked":["Pommel Strike","Shockwave"],"picked":"Sever Soul","floor":10},{"not_picked":["Carnage","Berserk"],"picked":"Infernal Blade","floor":11},{"not_picked":["True Grit","Wild Strike"],"picked":"Warcry","floor":13},{"not_picked":["Fiend Fire","Feed"],"picked":"Demon Form","floor":16}],"player_experience":13724,"relics_obtained":[],"event_choices":[{"damage_healed":0,"gold_gain":0,"player_choice":"Ignored","damage_taken":0,"max_hp_gain":0,"max_hp_loss":0,"event_name":"WeMeetAgain","floor":2,"gold_loss":0},{"damage_healed":0,"gold_gain":0,"player_choice":"Ignored","damage_taken":0,"max_hp_gain":0,"max_hp_loss":0,"event_name":"Golden Idol","floor":12,"gold_loss":0},{"damage_healed":0,"gold_gain":0,"player_choice":"Entered Light","damage_taken":16,"max_hp_gain":0,"max_hp_loss":0,"event_name":"Shining Light","floor":14,"gold_loss":0,"cards_upgraded":["Warcry","Infernal Blade"]}],"is_beta":false,"boss_relics":[],"items_purged_floors":[],"is_endless":false,"potions_floor_spawned":[4,5,10],"killed_by":"Hexaghost","ascension_level":0}}