{"host":"f5n4tidiz2n5sooh","time":1611491508,"event":{"mods":["BaseMod","Colored Map","Minty Spire (QoL Compilation)","Relic Stats","Slay the Relics Exporter","StSLib"],"gold_per_floor":[110,125,125,144,154,167,167,167,167],"floor_reached":8,"language":"ENG","playtime":222,"items_purged":[],"score":100,"play_id":"a95c43cf-08d3-42ec-90f3-d6e9a2a7907d","local_time":"20210124063148","is_ascension_mode":true,"campfire_choices":[{"data":"All Out Attack","floor":7,"key":"SMITH"}],"circlet_count":0,"master_deck":["AscendersBane","Strike_G","Strike_G","Strike_G","Strike_G","Defend_G","Defend_G","Defend_G","Defend_G","Defend_G","Survivor","Neutralize","Choke","Finisher","All Out Attack+1","Calculated Gamble"],"relics":["Busted Crown"],"acts_visited":["Exordium"],"potions_floor_usage":[6,8,8],"damage_taken":[{"damage":2,"enemies":"Jaw Worm","floor":1,"turns":5},{"damage":0,"enemies":"Cultist","floor":2,"turns":3},{"damage":0,"enemies":"Small Slimes","floor":4,"turns":3},{"damage":14,"enemies":"2 Fungi Beasts","floor":5,"turns":3},{"damage":16,"enemies":"Exordium Thugs","floor":6,"turns":4},{"damage":29,"enemies":"Gremlin Nob","floor":8,"turns":4}],"seed_played":"-9178604423218608479","potions_obtained":[{"floor":1,"key":"Ancient Potion"},{"floor":5,"key":"FearPotion"},{"floor":6,"key":"DuplicationPotion"}],"is_trial":false,"path_per_floor":["M","M","?","M","M","M","R","E"],"character_chosen":"THE_SILENT","items_purchased":[],"campfire_rested":0,"item_purchase_floors":[],"current_hp_per_floor":[57,57,57,57,43,27,27,0,0],"gold":167,"neow_bonus":"BOSS_RELIC","is_daily":false,"chose_seed":false,"campfire_upgraded":1,"win_rate":0.0,"timestamp":1611491508,"path_taken":["M","M","?","M","?","M","R","E"],"items_purchased_type":[],"build_version":"2020-12-22","purchased_purges":0,"victory":false,"max_hp_per_floor":[66,66,66,66,66,66,66,66,66],"relic_stats":{"Busted Crown":10,"counters":[6,22],"obtain_stats":[{"Busted Crown":0,"Ring of the Snake":0},{"Busted Crown":0,"Ring of the Snake":0},{"Busted Crown":0,"Ring of the Snake":0}]},"card_choices":[{"not_picked":[],"picked":"Choke","floor":1},{"not_picked":["Concentrate"],"picked":"SKIP","floor":2},{"not_picked":[],"picked":"All Out Attack","floor":4},{"not_picked":["Choke"],"picked":"SKIP","floor":5},{"not_picked":[],"picked":"Calculated Gamble","floor":6}],"player_experience":2024646,"relics_obtained":[],"event_choices":[{"damage_healed":0,"gold_gain":0,"cards_transformed":["Strike_G"],"player_choice":"Transformed","damage_taken":0,"max_hp_gain":0,"max_hp_loss":0,"event_name":"Transmorgrifier","floor":3,"gold_loss":0,"cards_obtained":["Finisher"]}],"is_beta":false,"boss_relics":[],"items_purged_floors":[],"is_endless":false,"potions_floor_spawned":[1,5,6],"killed_by":"Gremlin Nob","ascension_level":20}}