{"host":"ebj6lkgm8suah319","time":1611499899,"event":{"mods":["2.2 Compatiblity","AchievementEnabler","BaseMod","Block Reminder","Colored Map","Colored Powertips","Minty Spire (QoL Compilation)","Quick Restart","Rare Cards Sparkle","Relic Stats","SuperFastMode"],"gold_per_floor":[361,376,376,376,376,392,362,71,71,71,100,100,25,35,35,35,35],"floor_reached":16,"language":"ENG","playtime":263,"items_purged":["Strike_R"],"score":191,"play_id":"52d8eb36-b2a9-4198-a991-136f507cee81","local_time":"20210124095139","is_ascension_mode":true,"campfire_choices":[{"data":"True Grit","floor":10.0,"key":"SMITH"},{"data":"Bash","floor":12.0,"key":"SMITH"},{"data":"Blood for Blood","floor":15,"key":"SMITH"}],"circlet_count":0,"master_deck":["AscendersBane","Strike_R","Strike_R","Strike_R","Strike_R","Defend_R","Defend_R","Defend_R","Defend_R","Bash+1","Clothesline","True Grit+1","Blood for Blood+1"],"relics":["Burning Blood","Centennial Puzzle","PreservedInsect","Ginger","Lantern"],"acts_visited":["Exordium"],"potions_floor_usage":[16],"damage_taken":[{"damage":3.0,"enemies":"Cultist","floor":1.0,"turns":3.0},{"damage":5.0,"enemies":"Small Slimes","floor":2.0,"turns":3.0},{"damage":7.0,"enemies":"Jaw Worm","floor":6.0,"turns":5.0},{"damage":3.0,"enemies":"Gremlin Nob","floor":11.0,"turns":3.0},{"damage":12,"enemies":"Exordium Thugs","floor":14,"turns":5},{"damage":70,"enemies":"Hexaghost","floor":16,"turns":11}],"seed_played":"-7081280555904056455","potions_obtained":[{"floor":7.0,"key":"BloodPotion"},{"floor":7.0,"key":"BlessingOfTheForge"},{"floor":14,"key":"DistilledChaos"}],"is_trial":false,"path_per_floor":["M","M","?","?","?","M","?","$","T","R","E","R","$","M","R","B"],"character_chosen":"IRONCLAD","items_purchased":["PreservedInsect","Fire Potion","Blood for Blood"],"campfire_rested":0,"item_purchase_floors":[8,8,13],"current_hp_per_floor":[71,72,67,67,67,66,66,75,75,75,75,75,75,69,69,0,0],"gold":35,"neow_bonus":"TWO_FIFTY_GOLD","is_daily":false,"chose_seed":false,"campfire_upgraded":3,"win_rate":0.0,"timestamp":1611499899,"path_taken":["M","M","?","?","?","M","?","$","T","R","E","R","$","M","R","BOSS"],"items_purchased_type":["Relic","Potion","Card"],"build_version":"2020-12-22","purchased_purges":1,"victory":false,"max_hp_per_floor":[75,75,75,75,75,75,75,75,75,75,75,75,75,75,75,75,75],"relic_stats":{"Centennial Puzzle":[12],"counters":[6,30],"PreservedInsect":22,"Ginger":[0],"obtain_stats":[{"Centennial Puzzle":3,"Lantern":11,"PreservedInsect":8,"Ginger":9,"Burning Blood":0},{"Centennial Puzzle":2,"Lantern":4,"PreservedInsect":3,"Ginger":3,"Burning Blood":0},{"Centennial Puzzle":6,"Lantern":14,"PreservedInsect":11,"Ginger":11,"Burning Blood":0}],"Burning Blood":27},"card_choices":[{"not_picked":["Havoc","Armaments"],"picked":"Clothesline","floor":1.0},{"not_picked":["Rage","Flex"],"picked":"True Grit","floor":2.0},{"not_picked":["Rupture","Heavy Blade","Twin Strike"],"picked":"SKIP","floor":6.0},{"not_picked":["Clash","Flex","Havoc"],"picked":"SKIP","floor":11.0},{"not_picked":["Flex","Iron Wave","Clash"],"picked":"SKIP","floor":14}],"player_experience":63809,"relics_obtained":[{"floor":9.0,"key":"Ginger"},{"floor":11.0,"key":"Lantern"}],"event_choices":[{"damage_healed":0.0,"max_hp_gain":0.0,"max_hp_loss":0.0,"gold_gain":0.0,"event_name":"Scrap Ooze","player_choice":"Success","floor":3.0,"gold_loss":0.0,"damage_taken":5.0,"relics_obtained":["Centennial Puzzle"]},{"damage_healed":0.0,"max_hp_gain":0.0,"max_hp_loss":0.0,"gold_gain":0.0,"event_name":"Liars Game","player_choice":"Ignored","floor":4.0,"gold_loss":0.0,"damage_taken":0.0},{"cards_removed":["Decay"],"damage_healed":0.0,"max_hp_gain":0.0,"max_hp_loss":0.0,"gold_gain":0.0,"event_name":"Living Wall","player_choice":"Forget","floor":5.0,"gold_loss":0.0,"damage_taken":0.0},{"damage_healed":0.0,"max_hp_gain":0.0,"max_hp_loss":0.0,"gold_gain":0.0,"event_name":"The Woman in Blue","player_choice":"Bought 2 Potions","floor":7.0,"gold_loss":0.0,"damage_taken":0.0}],"is_beta":false,"boss_relics":[],"items_purged_floors":[8],"is_endless":false,"potions_floor_spawned":[14],"killed_by":"Hexaghost","ascension_level":19}}