{"host":"0cm5wy4nhuju7tij","time":1611463576,"event":{"mods":["100% Spire Juice","2.2 Compatiblity","AchievementEnabler","Aspiration","BaseMod","Better Third Choice","BetterRewards","CCEM","CapriCore","Colored Powertips","Curses Come First","Custom Start","Displayed Cursed Tome","Downfall","Energized Spire","Evolution","Filter the Spire","Highlight Path","Jess\u0027s Bottle","Minty Spire (QoL Compilation)","Permanent Neow","Poor People Problems","Relic Stats","Shop Mod","Spicy Shops","StSLib","The Cursed","The Dragonkin","The Juggle"],"gold_per_floor":[117,132,152,117,134,134,146,146,146,176,176,203,221,25,25,126,76,87,105,105,122,142,142,157,157,157,183,183,202,215,231,231,330,330,342,342,353,50,62,62,10,36,36,36,54,82,130,130,130,130,130,130,93,124,124,124],"floor_reached":55,"language":"ENG","playtime":4942,"items_purged":[],"score":1033,"play_id":"3f6e2a6b-b0f3-41ac-a0aa-3766dc5dd9f8","local_time":"20210123234616","is_ascension_mode":true,"campfire_choices":[{"data":"TheCursedMod:VoidForm","floor":6,"key":"SMITH"},{"floor":8,"key":"REST"},{"data":"TheCursedMod:HellfireBreathing","floor":11,"key":"SMITH"},{"data":"TheCursedMod:ParallelWorld","floor":15,"key":"SMITH"},{"data":"TheCursedMod:SpitefulPray","floor":23,"key":"SMITH"},{"data":"TheCursedMod:VoidForm","floor":25,"key":"SMITH"},{"floor":32,"key":"REST"},{"data":"TheCursedMod:VoidForm","floor":40,"key":"SMITH"},{"floor":49,"key":"RECALL"},{"data":"TheCursedMod:DemonSword","floor":52,"key":"SMITH"}],"circlet_count":0,"master_deck":["TheCursedMod:CleanUpWorkshop","TheCursedMod:CursedAmulet","TheCursedMod:HellfireBreathing","TheCursedMod:HellfireBreathing","TheCursedMod:SpitefulPlan","TheCursedMod:LuckyCharm","TheCursedMod:CursedSpellbook","TheCursedMod:NeowsMight+1","TheCursedMod:ParallelWorld+1","TheCursedMod:VoidForm+1","TheCursedMod:SpitefulPray","TheCursedMod:FleshFromBone","TheCursedMod:HellfireBreathing+1","TheCursedMod:SurpriseAttack+1","TheCursedMod:CursedBlade+1","TheCursedMod:Grudge","TheCursedMod:VoidForm+1","TheCursedMod:SoulReap","TheCursedMod:CursedSpellbook","TheCursedMod:VoidForm+1","TheCursedMod:SpitefulPray+1","TheCursedMod:SmokeScreen","TheCursedMod:SurpriseAttack","Necronomicurse","TheCursedMod:CursedAmulet","TheCursedMod:Torture+1","TheCursedMod:PrepareRite","TheCursedMod:ManaBullet","TheCursedMod:SpreadPlague","TheCursedMod:RapidMovement+1","TheCursedMod:SpitefulPray","TheCursedMod:CursedAmulet","TheCursedMod:DemonSword+1","TheCursedMod:BloodBarrier+1","TheCursedMod:SmokeScreen+1","TheCursedMod:SurpriseAttack","TheCursedMod:CursedMace","TheCursedMod:CircleOfCorruption","TheCursedMod:Obscuration+1","TheCursedMod:WearCloak","TheCursedMod:Stretching+1","TheCursedMod:HellfireBreathing","TheCursedMod:FleshFromBone"],"relics":["TheCursedMod:BlackMagicAdvanced","EVO:Axolotl","Tiny Chest","CCEMRelics:SpiritsEdge","Bottled Flame","energizedSpire:HugeHouse","Necronomicon","CCEMRelics:TinyMinotavrHorn","Orichalcum","Runic Pyramid","ClockworkSouvenir","CCEMRelics:JestersCrown","Whetstone","Ornamental Fan","aspiration:StickyExplosives_weak","aspiration:AnachronicSnailShell","CCEMRelics:Barrel"],"acts_visited":["Exordium","TheCity","TheBeyond","TheEnding"],"potions_floor_usage":[12,47,50,55],"damage_taken":[{"damage":2,"enemies":"2 Louse","floor":1,"turns":2},{"damage":10,"enemies":"Jaw Worm","floor":2,"turns":2},{"damage":18,"enemies":"Small Slimes","floor":3,"turns":2},{"damage":14,"enemies":"Exordium Wildlife","floor":5,"turns":3},{"damage":24,"enemies":"Red Slaver","floor":7,"turns":5},{"damage":1,"enemies":"Lagavulin","floor":10,"turns":5},{"damage":7,"enemies":"3 Sentries","floor":12,"turns":3},{"damage":0,"enemies":"3 Louse","floor":13,"turns":2},{"damage":9,"enemies":"Slime Boss","floor":16,"turns":6},{"damage":0,"enemies":"3 Byrds","floor":18,"turns":2},{"damage":0,"enemies":"Shell Parasite","floor":19,"turns":2},{"damage":10,"enemies":"Centurion and Healer","floor":21,"turns":4},{"damage":37,"enemies":"Snake Plant","floor":22,"turns":4},{"damage":0,"enemies":"3 Cultists","floor":24,"turns":3},{"damage":29,"enemies":"Slavers","floor":27,"turns":3},{"damage":13,"enemies":"Cultist and Chosen","floor":29,"turns":4},{"damage":7,"enemies":"Centurion and Healer","floor":30,"turns":3},{"damage":4,"enemies":"Chosen and Byrds","floor":31,"turns":3},{"damage":4,"enemies":"Automaton","floor":33,"turns":6},{"damage":1,"enemies":"3 Darklings","floor":35,"turns":4},{"damage":9,"enemies":"3 Shapes","floor":37,"turns":4},{"damage":6,"enemies":"Spire Growth","floor":39,"turns":5},{"damage":5,"enemies":"Giant Head","floor":42,"turns":6},{"damage":11,"enemies":"Maw","floor":45,"turns":5},{"damage":3,"enemies":"Nemesis","floor":46,"turns":7},{"damage":40,"enemies":"2 Orb Walkers","floor":47,"turns":5},{"damage":21,"enemies":"Donu and Deca","floor":50,"turns":6},{"damage":55,"enemies":"Shield and Spear","floor":54,"turns":4},{"damage":11,"enemies":"The Heart","floor":55,"turns":2}],"seed_played":"-2799135962648857452","potions_obtained":[{"floor":1,"key":"SteroidPotion"},{"floor":2,"key":"Explosive Potion"},{"floor":5,"key":"Fire Potion"},{"floor":19,"key":"BlessingOfTheForge"},{"floor":31,"key":"DistilledChaos"},{"floor":35,"key":"Dexterity Potion"},{"floor":45,"key":"Fruit Juice"}],"is_trial":false,"path_per_floor":["M","M","M","?","M","R","M","R","T","E","R","E","M","$","R","B",null,"M","M","?","M","M","R","M","R","T","E","?","M","M","M","R","B",null,"M","?","M","$","M","R","$","E","T","T","M","E","?","?","R","B",null,"R","$","E","B"],"character_chosen":"THE_CURSED","items_purchased":["TheCursedMod:SoulReap","TheCursedMod:CursedSpellbook","ClockworkSouvenir","CCEMRelics:JestersCrown","TheCursedMod:CursedMace","TheCursedMod:HellfireBreathing"],"campfire_rested":2,"item_purchase_floors":[14,14,38,38,41,53],"current_hp_per_floor":[73,63,45,63,49,49,25,47,47,46,46,39,39,39,39,53,66,66,70,54,64,45,45,45,45,45,16,16,13,27,36,57,70,70,69,69,65,65,70,70,70,65,65,65,59,61,26,66,66,49,62,62,62,11,0,0],"gold":124,"neow_bonus":"ONE_RANDOM_RARE_CARD","is_daily":false,"chose_seed":false,"campfire_upgraded":7,"win_rate":0.0,"timestamp":1611463576,"path_taken":["M","M","M","?","M","R","M","R","T","E","R","E","M","$","R","BOSS","M","M","?","M","M","R","M","R","T","E","?","M","M","M","R","BOSS","M","?","M","$","M","R","$","E","T","?","?","E","?","?","R","BOSS","R","$","E","BOSS"],"items_purchased_type":["Card","Card","Relic","Relic","Card","Card"],"build_version":"2020-12-22","purchased_purges":0,"victory":false,"max_hp_per_floor":[75,75,75,75,75,75,75,75,75,75,75,75,75,75,75,75,70,70,70,70,70,70,70,70,70,70,70,70,70,70,70,70,70,70,70,70,70,70,70,70,70,70,70,70,70,70,75,66,66,66,66,66,66,66,66,66],"relic_stats":{"counters":[29,102],"Ornamental Fan":[28],"Tiny Chest":1,"Necronomicon":[7],"Whetstone":["TheCursedMod:CursedBlade","TheCursedMod:SurpriseAttack"],"Orichalcum":[36],"obtain_stats":[{"CCEMRelics:Barrel":54,"TheCursedMod:BlackMagicAdvanced":0,"EVO:Axolotl":0,"Whetstone":42,"Orichalcum":27,"CCEMRelics:SpiritsEdge":10,"ClockworkSouvenir":38,"aspiration:StickyExplosives_weak":46,"Bottled Flame":12,"Ornamental Fan":43,"aspiration:AnachronicSnailShell":47,"Tiny Chest":9,"CCEMRelics:TinyMinotavrHorn":26,"energizedSpire:HugeHouse":17,"Necronomicon":20,"CCEMRelics:JestersCrown":38,"Runic Pyramid":34},{"CCEMRelics:Barrel":28,"TheCursedMod:BlackMagicAdvanced":0,"EVO:Axolotl":0,"Whetstone":23,"Orichalcum":15,"CCEMRelics:SpiritsEdge":6,"ClockworkSouvenir":21,"aspiration:StickyExplosives_weak":25,"Bottled Flame":7,"Ornamental Fan":23,"aspiration:AnachronicSnailShell":26,"Tiny Chest":5,"CCEMRelics:TinyMinotavrHorn":14,"energizedSpire:HugeHouse":9,"Necronomicon":11,"CCEMRelics:JestersCrown":21,"Runic Pyramid":19},{"CCEMRelics:Barrel":100,"TheCursedMod:BlackMagicAdvanced":0,"EVO:Axolotl":0,"Whetstone":75,"Orichalcum":41,"CCEMRelics:SpiritsEdge":16,"ClockworkSouvenir":64,"aspiration:StickyExplosives_weak":86,"Bottled Flame":19,"Ornamental Fan":75,"aspiration:AnachronicSnailShell":90,"Tiny Chest":12,"CCEMRelics:TinyMinotavrHorn":39,"energizedSpire:HugeHouse":25,"Necronomicon":28,"CCEMRelics:JestersCrown":64,"Runic Pyramid":57}]},"card_choices":[{"not_picked":["TheCursedMod:CircleOfBlood","TheCursedMod:AshesToAshes"],"picked":"TheCursedMod:SpitefulPray","floor":1},{"not_picked":["TheCursedMod:CircleOfCorruption","TheCursedMod:SmokeScreen"],"picked":"TheCursedMod:CursedMace","floor":2},{"not_picked":["TheCursedMod:RapidMovement","TheCursedMod:SaltUponWound"],"picked":"TheCursedMod:FleshFromBone","floor":3},{"not_picked":["TheCursedMod:FleshFromBone","TheCursedMod:CursedMace"],"picked":"TheCursedMod:HellfireBreathing","floor":5},{"not_picked":["TheCursedMod:Evocation","TheCursedMod:SpitefulPray"],"picked":"TheCursedMod:SurpriseAttack","floor":7},{"not_picked":["TheCursedMod:CircleOfFlame","TheCursedMod:Wield"],"picked":"TheCursedMod:CursedBlade","floor":10},{"not_picked":["TheCursedMod:Mangle","TheCursedMod:TacticalStrike"],"picked":"TheCursedMod:Grudge","floor":12},{"not_picked":["TheCursedMod:CircleOfFlame","TheCursedMod:SurpriseAttack"],"picked":"TheCursedMod:VoidForm","floor":13},{"not_picked":["TheCursedMod:UltimatePain","TheCursedMod:DemonicPact"],"picked":"TheCursedMod:VoidForm","floor":16},{"not_picked":["TheCursedMod:Evocation","TheCursedMod:VitalStrike"],"picked":"TheCursedMod:SmokeScreen","floor":18},{"not_picked":["TheCursedMod:RapidMovement+1","TheCursedMod:Stigma+1"],"picked":"TheCursedMod:SurpriseAttack","floor":19},{"not_picked":["TheCursedMod:Wield","TheCursedMod:TacticalStrike","TheCursedMod:EmpowerCircles"],"picked":"SKIP","floor":21},{"not_picked":["TheCursedMod:RapidMovement+1","TheCursedMod:NeowsMight"],"picked":"TheCursedMod:CursedAmulet","floor":22},{"not_picked":["TheCursedMod:CircleOfFocus+1","TheCursedMod:SpreadPlague+1"],"picked":"TheCursedMod:Torture+1","floor":24},{"not_picked":["TheCursedMod:CursedBlade","TheCursedMod:AbyssShockwave"],"picked":"TheCursedMod:PrepareRite","floor":27},{"not_picked":["TheCursedMod:FuryStrike","TheCursedMod:SpitefulPray"],"picked":"TheCursedMod:RapidMovement+1","floor":29},{"not_picked":["TheCursedMod:CircleOfCorruption","TheCursedMod:BlessingInDisguise"],"picked":"TheCursedMod:SpitefulPray","floor":30},{"not_picked":["TheCursedMod:PrepareRite","TheCursedMod:CursedMace"],"picked":"TheCursedMod:CursedAmulet","floor":31},{"not_picked":["TheCursedMod:ForbiddenAlchemy","TheCursedMod:ParallelWorld"],"picked":"TheCursedMod:DemonSword","floor":33},{"not_picked":["TheCursedMod:WearCloak","TheCursedMod:CircleOfAmplification"],"picked":"TheCursedMod:BloodBarrier+1","floor":35},{"not_picked":["TheCursedMod:TacticalStrike+1","TheCursedMod:SpitefulPlan+1"],"picked":"TheCursedMod:SmokeScreen+1","floor":37},{"not_picked":["TheCursedMod:Torture+1","TheCursedMod:ReleasedKnowledge+1"],"picked":"TheCursedMod:SurpriseAttack","floor":39},{"not_picked":["TheCursedMod:Wield+1","TheCursedMod:CursedBlade"],"picked":"TheCursedMod:CircleOfCorruption","floor":42},{"not_picked":["TheCursedMod:Torture","TheCursedMod:CursedBlade+1"],"picked":"TheCursedMod:Obscuration+1","floor":45},{"not_picked":["TheCursedMod:AshesToAshes+1","TheCursedMod:StingEye"],"picked":"TheCursedMod:WearCloak","floor":46},{"not_picked":["TheCursedMod:CursedBlade","TheCursedMod:Torture"],"picked":"TheCursedMod:Stretching+1","floor":47},{"not_picked":["TheCursedMod:CircleOfWindfury+1","TheCursedMod:SmokeScreen"],"picked":"TheCursedMod:FleshFromBone","floor":54}],"player_experience":263140,"relics_obtained":[{"floor":9,"key":"Tiny Chest"},{"floor":10,"key":"CCEMRelics:SpiritsEdge"},{"floor":12,"key":"Bottled Flame"},{"floor":26,"key":"CCEMRelics:TinyMinotavrHorn"},{"floor":27,"key":"Orichalcum"},{"floor":42,"key":"Whetstone"},{"floor":43,"key":"Ornamental Fan"},{"floor":46,"key":"aspiration:StickyExplosives_weak"},{"floor":47,"key":"aspiration:AnachronicSnailShell"},{"floor":54,"key":"CCEMRelics:Barrel"}],"event_choices":[{"damage_healed":18,"gold_gain":0,"player_choice":"Healed","damage_taken":0,"max_hp_gain":0,"max_hp_loss":0,"event_name":"The Cleric","floor":4,"gold_loss":35},{"damage_healed":0,"gold_gain":0,"player_choice":"Obtained Book","damage_taken":16,"max_hp_gain":0,"max_hp_loss":0,"event_name":"Cursed Tome","floor":20,"gold_loss":0},{"damage_healed":0,"gold_gain":0,"cards_transformed":["TheCursedMod:CircleOfAmplification","TheCursedMod:Strike_TheCursed"],"player_choice":"Became Test Subject","damage_taken":0,"max_hp_gain":0,"max_hp_loss":0,"event_name":"Drug Dealer","floor":28,"gold_loss":0,"cards_obtained":["TheCursedMod:ManaBullet","TheCursedMod:SpreadPlague"]},{"damage_healed":0,"gold_gain":0,"player_choice":"Upgraded","damage_taken":0,"max_hp_gain":0,"max_hp_loss":0,"event_name":"Upgrade Shrine","floor":36,"gold_loss":0,"cards_upgraded":["TheCursedMod:NeowsMight"]},{"damage_healed":0,"gold_gain":0,"player_choice":"Fight","damage_taken":0,"max_hp_gain":0,"max_hp_loss":0,"event_name":"Mysterious Sphere","floor":47,"gold_loss":0},{"damage_healed":66,"gold_gain":0,"player_choice":"Heal","damage_taken":0,"max_hp_gain":0,"max_hp_loss":9,"event_name":"The Moai Head","floor":48,"gold_loss":0}],"is_beta":false,"boss_relics":[{"not_picked":["energizedSpire:SpiderWeb","Astrolabe"],"picked":"energizedSpire:HugeHouse"},{"not_picked":["energizedSpire:StickyHand","energizedSpire:DeadBattery"],"picked":"Runic Pyramid"}],"items_purged_floors":[],"is_endless":false,"potions_floor_spawned":[1,2,5,7,16,18,19,31,33,35,42,45,47],"killed_by":"The Heart","ascension_level":5}}