{"host":"ctlqibkg0sskiu65","time":1611472230,"event":{"mods":["AchievementEnabler","Aspiration","BaseMod","BetterRewards","Colored Map","Colored Powertips","Conspire","Fiend Mod","Infinite Spire","Minty Spire (QoL Compilation)","Quick Restart","Replay The Spire","Shop Mod","StSLib","The Bladedancer","The Cursed","The Hierophant","The Jungle","The Kombatant","The Servant 0.9.4","TheBandit"],"gold_per_floor":[114,114,49,49,49,49,60,60,112,142,161,2,34,34,34,110,110,124,124,104,118,32,61,61,79,103,103,142,155,170,195,195,268,268,285,296,296,296,296,296,311,341,341,371,388,408,441,461,461,475,475,475,80,116,156,156],"floor_reached":55,"language":"ENG","playtime":4036,"items_purged":["Strike_G","Defend_G"],"score":2098,"play_id":"fed2a2b7-2037-4c21-a586-2d2994404376","local_time":"20210124011030","is_ascension_mode":true,"campfire_choices":[{"data":"Neutralize","floor":6.0,"key":"SMITH"},{"data":"Survivor","floor":8.0,"key":"SMITH"},{"floor":15.0,"key":"RECALL"},{"data":"Defend_G","floor":27.0,"key":"SMITH"},{"floor":32.0,"key":"REST"},{"floor":40.0,"key":"REST"},{"floor":49.0,"key":"REST"},{"floor":52.0,"key":"REST"}],"circlet_count":0,"master_deck":["AscendersBane","Strike_G+1","Strike_G+2","Strike_G+1","Defend_G+1","Defend_G+2","Defend_G","Defend_G+1","Survivor+1","Neutralize+1","Cloak And Dagger+1","Cloak And Dagger+1","PiercingWail+1","Deadly Poison+1","Backflip+1","Dodge and Roll+1","Blade Dance+1","Deflect+1","Adrenaline+1","CurseOfTheBell","Dodge and Roll+1","Deflect+1","conspire:PoisonWeapons+1","PiercingWail+1","conspire:PoisonWeapons+1","Catalyst+1","Acrobatics+1","After Image","Blur+1","Good Instincts+1","Bane+1","Accuracy","Die Die Die","Cloak And Dagger+1","Outmaneuver+1","Deflect+1","Sucker Punch","PiercingWail+1"],"relics":["Ring of the Snake","Membership Card","Toxic Egg 2","Vampiric Spirits","Pen Nib","Lantern","Guide Book","Pet Ghost","Calling Bell","Happy Flower","Replay:Ringing Soul","StoneCalendar","Toolbox","infinitespire:CursedDice","Smiling Mask","Simple Rune","Gremlin Food","WristBlade","infinitespire:PuzzleCube","infinitespire:Midas Blood","Vajra","HandDrill","Garlic","Art of War","Replay:Towering Pillar of Hats"],"acts_visited":["Exordium","TheCity","TheBeyond","TheEnding"],"potions_floor_usage":[],"damage_taken":[{"damage":0.0,"enemies":"2 Louse","floor":1.0,"turns":5.0},{"damage":0.0,"enemies":"Small Slimes","floor":7.0,"turns":4.0},{"damage":0.0,"enemies":"3 Sentries","floor":10.0,"turns":11.0},{"damage":0.0,"enemies":"infinitespire:Voidling","floor":11.0,"turns":3.0},{"damage":5.0,"enemies":"Replay:BlueRogue","floor":13.0,"turns":5.0},{"damage":37.0,"enemies":"Slime Boss","floor":16.0,"turns":15.0},{"damage":6.0,"enemies":"Spheric Guardian","floor":18.0,"turns":7.0},{"damage":0.0,"enemies":"Shell Parasite","floor":21.0,"turns":4.0},{"damage":70.0,"enemies":"Nightmare","floor":23.0,"turns":12.0},{"damage":0.0,"enemies":"3 Cultists","floor":25.0,"turns":4.0},{"damage":22.0,"enemies":"conspire:MimicChest","floor":28.0,"turns":7.0},{"damage":0.0,"enemies":"Centurion and Healer","floor":29.0,"turns":7.0},{"damage":0.0,"enemies":"Snake Plant","floor":30.0,"turns":5.0},{"damage":0.0,"enemies":"Gremlin Leader","floor":31.0,"turns":3.0},{"damage":46.0,"enemies":"Automaton","floor":33.0,"turns":7.0},{"damage":0.0,"enemies":"3 Darklings","floor":35.0,"turns":6.0},{"damage":0.0,"enemies":"Orb Walker","floor":36.0,"turns":2.0},{"damage":0.0,"enemies":"Writhing Mass","floor":41.0,"turns":6.0},{"damage":18.0,"enemies":"R_Hoarder","floor":42.0,"turns":8.0},{"damage":25.0,"enemies":"Reptomancer","floor":44.0,"turns":5.0},{"damage":26.0,"enemies":"Spire Growth","floor":45.0,"turns":4.0},{"damage":14.0,"enemies":"Sphere and 2 Shapes","floor":46.0,"turns":6.0},{"damage":0.0,"enemies":"R_Hoarder","floor":47.0,"turns":5.0},{"damage":0.0,"enemies":"3 Darklings","floor":48.0,"turns":6.0},{"damage":29.0,"enemies":"Donu and Deca","floor":50.0,"turns":11.0},{"damage":7.0,"enemies":"Shield and Spear","floor":54.0,"turns":8.0},{"damage":108,"enemies":"The Heart","floor":55,"turns":13}],"seed_played":"517676125681506707","potions_obtained":[{"floor":4.0,"key":"LifebloodPotion"},{"floor":4.0,"key":"Swift Potion"},{"floor":13.0,"key":"Regen Potion"},{"floor":18.0,"key":"Regen Potion"},{"floor":20.0,"key":"Explosive Potion"},{"floor":23.0,"key":"LiquidMemories"},{"floor":31.0,"key":"Poison Potion"},{"floor":35.0,"key":"Fire Potion"},{"floor":42.0,"key":"ColorlessPotion"},{"floor":45.0,"key":"Swift Potion"},{"floor":47.0,"key":"LiquidMemories"},{"floor":48.0,"key":"Block Potion"}],"is_trial":false,"path_per_floor":["M","?","$","?","$","R","M","R","T","E","M","$","E","?","R","B",null,"M","?","?","M","$","NM","?","M","T","R","?","M","M","E","R","B",null,"M","M","?","?","?","R","M","E","T","E","M","M","E","M","R","B",null,"R","$","E","B"],"character_chosen":"THE_SILENT","items_purchased":["Membership Card","Toxic Egg 2","Cloak And Dagger+1","PiercingWail+1","Guide Book","Blade Dance+1","Toolbox","Deflect+1","HandDrill","LifebloodPotion","Garlic","Art of War","Sucker Punch"],"campfire_rested":4,"item_purchase_floors":[0,0,0,3,12,12,22,53,53,53,53,53,53],"current_hp_per_floor":[59,59,59,59,59,59,63,63,63,65,66,66,61,61,61,44,61,58,58,58,69,69,20,20,28,28,28,15,23,29,39,65,29,75,90,93,96,91,78,91,94,79,79,58,47,45,61,78,106,77,99,106,109,105,0,0],"gold":156,"neow_bonus":"","is_daily":false,"chose_seed":false,"campfire_upgraded":3,"win_rate":0.0,"timestamp":1611472230,"path_taken":["M","?","$","?","$","R","M","R","T","E","?","$","E","?","R","BOSS","M","?","?","?","?","NM","?","M","T","R","?","M","?","E","R","BOSS","M","M","?","?","?","R","M","E","T","E","M","?","E","M","R","BOSS","R","$","E","BOSS"],"items_purchased_type":["Relic","Relic","Card","Card","Relic","Card","Relic","Card","Relic","Potion","Relic","Relic","Card"],"build_version":"2020-12-22","purchased_purges":2,"victory":false,"max_hp_per_floor":[66,66,66,66,66,66,66,66,66,66,66,66,66,66,66,66,66,69,69,69,72,72,75,75,75,75,75,78,81,84,87,87,90,90,90,93,96,91,91,91,94,97,97,100,100,103,103,106,106,106,106,106,109,112,112,112],"card_choices":[{"not_picked":["Hidden Blade+1","ReplayTheSpireMod:Scrap Shanks"],"picked":"Cloak And Dagger+1","floor":1.0},{"not_picked":["Noxious Fumes","Eviscerate"],"picked":"Deadly Poison+1","floor":7.0},{"not_picked":["Blade Dance+1","Deflect+1"],"picked":"Backflip+1","floor":10.0},{"not_picked":["Caltrops","Flying Knee"],"picked":"Dodge and Roll+1","floor":11.0},{"not_picked":["Blade Dance+1","Prepared+1"],"picked":"Deflect+1","floor":13.0},{"not_picked":["Replay:Bag of Tricks+1","Wraith Form v2"],"picked":"Adrenaline+1","floor":16.0},{"not_picked":["Dagger Throw","Cloak And Dagger+1"],"picked":"Dodge and Roll+1","floor":18.0},{"not_picked":["Heel Hook","Crippling Poison+1"],"picked":"Deflect+1","floor":21.0},{"not_picked":["Finisher","Cloak And Dagger+1"],"picked":"conspire:PoisonWeapons+1","floor":23.0},{"not_picked":["Acrobatics+1","Prepared+1","ReplayTheSpireMod:Tripwire+1"],"picked":"SKIP","floor":25.0},{"not_picked":["Infinite Blades+1","Bouncing Flask+1"],"picked":"PiercingWail+1","floor":28.0},{"not_picked":["Bane","Blade Dance+1"],"picked":"conspire:PoisonWeapons+1","floor":29.0},{"not_picked":["Poisoned Stab","Bane"],"picked":"Catalyst+1","floor":30.0},{"not_picked":["Calculated Gamble+1","Quick Slash"],"picked":"Acrobatics+1","floor":31.0},{"not_picked":["Grand Finale","Phantasmal Killer+1"],"picked":"After Image","floor":33.0},{"not_picked":["Deadly Poison+1","Draining Mist+1","Quick Slash"],"picked":"SKIP","floor":35.0},{"not_picked":["Riddle With Holes","Backflip+1"],"picked":"Blur+1","floor":36.0},{"not_picked":["Purity+1","ReplayTheSpireMod:Brewmster"],"picked":"Good Instincts+1","floor":37.0},{"not_picked":["Well Laid Plans","Dagger Throw"],"picked":"Bane","floor":41.0},{"not_picked":["Acrobatics+1","Sucker Punch"],"picked":"Accuracy","floor":42.0},{"not_picked":["Finisher","Dagger Spray"],"picked":"Die Die Die","floor":44.0},{"not_picked":["Outmaneuver+1","Dagger Spray+1","Infinite Blades"],"picked":"SKIP","floor":45.0},{"not_picked":["Acrobatics+1","Dagger Throw"],"picked":"Cloak And Dagger+1","floor":46.0},{"not_picked":["Acrobatics+1","Sucker Punch","Deadly Poison+1"],"picked":"SKIP","floor":47.0},{"not_picked":["Dagger Throw","Outmaneuver+1","Bouncing Flask+1"],"picked":"SKIP","floor":48.0},{"not_picked":["Dagger Throw","Bouncing Flask+1"],"picked":"Outmaneuver+1","floor":48.0},{"not_picked":["Expertise+1","Deadly Poison+1"],"picked":"PiercingWail+1","floor":54.0}],"player_experience":232376,"relics_obtained":[{"floor":9.0,"key":"Pen Nib"},{"floor":10.0,"key":"Lantern"},{"floor":13.0,"key":"Pet Ghost"},{"floor":17.0,"key":"Happy Flower"},{"floor":17.0,"key":"Replay:Ringing Soul"},{"floor":17.0,"key":"StoneCalendar"},{"floor":23.0,"key":"infinitespire:CursedDice"},{"floor":26.0,"key":"Smiling Mask"},{"floor":28.0,"key":"Simple Rune"},{"floor":31.0,"key":"Gremlin Food"},{"floor":42.0,"key":"infinitespire:PuzzleCube"},{"floor":44.0,"key":"infinitespire:Midas Blood"},{"floor":47.0,"key":"Vajra"},{"floor":54.0,"key":"Replay:Towering Pillar of Hats"}],"event_choices":[{"damage_healed":0.0,"max_hp_gain":0.0,"max_hp_loss":0.0,"gold_gain":0.0,"event_name":"Lab","player_choice":"Got Potions","floor":4.0,"gold_loss":0.0,"damage_taken":0.0},{"damage_healed":0.0,"max_hp_gain":0.0,"max_hp_loss":0.0,"gold_gain":0.0,"event_name":"Liars Game","player_choice":"Ignored","floor":14.0,"gold_loss":0.0,"damage_taken":0.0},{"damage_healed":0.0,"max_hp_gain":0.0,"max_hp_loss":0.0,"gold_gain":0.0,"event_name":"Ghosts","player_choice":"Ignored","floor":19.0,"gold_loss":0.0,"damage_taken":0.0},{"damage_healed":0.0,"max_hp_gain":0.0,"max_hp_loss":0.0,"gold_gain":0.0,"event_name":"The Woman in Blue","player_choice":"Bought 1 Potion","floor":20.0,"gold_loss":0.0,"damage_taken":0.0},{"damage_healed":0.0,"max_hp_gain":0.0,"max_hp_loss":0.0,"gold_gain":0.0,"event_name":"The Mausoleum","player_choice":"Ignored","floor":24.0,"gold_loss":0.0,"damage_taken":0.0},{"damage_healed":0.0,"max_hp_gain":0.0,"max_hp_loss":0.0,"gold_gain":0.0,"event_name":"SensoryStone","player_choice":"Memory 1","floor":37.0,"gold_loss":0.0,"damage_taken":0.0},{"damage_healed":0.0,"max_hp_gain":0.0,"max_hp_loss":5.0,"gold_gain":0.0,"event_name":"Winding Halls","player_choice":"Max HP","floor":38.0,"gold_loss":0.0,"damage_taken":0.0},{"damage_healed":0.0,"max_hp_gain":0.0,"max_hp_loss":0.0,"gold_gain":0.0,"event_name":"Wheel of Change","player_choice":"Damaged","floor":39.0,"gold_loss":0.0,"damage_taken":13.0}],"is_beta":false,"boss_relics":[{"not_picked":["aspiration:PoetsPen_weak","conspire:SeveredTorchhead"],"picked":"Calling Bell"},{"not_picked":["ChewingGum","Kintsugi"],"picked":"WristBlade"}],"items_purged_floors":[3,12],"is_endless":false,"potions_floor_spawned":[7,13,18,21,23,31,35,42,45,47,48],"killed_by":"The Heart","ascension_level":17}}