{"host":"bplbr8uekuotory4","time":1611490475,"event":{"mods":["Act Like it!","BaseMod","Custom Start","Gensokyo","GungeonMod","Hermit","KinomotoSakuraMod(木之本樱)","Marisa（F雨　魔理沙）","Minty Spire (QoL Compilation)","Prisma Mod","Quick Restart","Reimu（博丽灵梦）","Replay The Spire","SOS（斯巴达之子）","Spicy Shops","StSLib","TestMod","The Blackbeard","The Cursed","The Mystic","The Poker Player","The Runesmith","The Saiyan","The Senshi","The Servant 0.9.4","Yuri Mod","[IsaacMod]以撒尖塔"],"gold_per_floor":[112,512,512,575,588,612,659,659,738,753,408,429,429,429,664,671,671],"floor_reached":16,"language":"ZHS","playtime":291,"items_purged":["Strike_G"],"score":167,"play_id":"d7703944-01e0-4b34-bd54-33b60f8f0132","local_time":"20210124201435","is_ascension_mode":true,"campfire_choices":[{"data":"Neutralize","floor":6,"key":"SMITH"},{"data":"Poisoned Stab","floor":13,"key":"SMITH"},{"data":"Deadly Poison","floor":15,"key":"SMITH"}],"circlet_count":0,"master_deck":["AscendersBane","Strike_G","Strike_G","Strike_G","Strike_G","Defend_G","Defend_G","Defend_G","Defend_G","Defend_G","Survivor","Neutralize+1","Deadly Poison+1","Poisoned Stab+1"],"relics":["Ring of the Snake","testmod-TestBox","HushsDoor","BloodDonationMachine","testmod-Fortitude","NeowsBlessing","Golden Idol","UnicornStump","SalivaCoin","Oddly Smooth Stone","Mastiff:ReiMu","DemoMod:MonsterBlood","ReplayTheSpireMod:TigerMarble"],"acts_visited":["Exordium"],"potions_floor_usage":[7,16,16],"damage_taken":[{"damage":0,"enemies":"Cultist","floor":1,"turns":1},{"damage":0,"enemies":"Hiden Room Battle","floor":4,"turns":1},{"damage":0,"enemies":"Jaw Worm","floor":5,"turns":1},{"damage":1,"enemies":"Gremlin Nob","floor":7,"turns":4},{"damage":0,"enemies":"2 Louse","floor":10,"turns":3},{"damage":8,"enemies":"Exordium Wildlife","floor":12,"turns":3},{"damage":2,"enemies":"Fading Forest","floor":16,"turns":6}],"seed_played":"-7888453254537071086","potions_obtained":[{"floor":1,"key":"DemoMod:LeadSkinPotion"},{"floor":7,"key":"testmod-TestPotion"}],"is_trial":false,"path_per_floor":["M","?","?","?","M","R","E","?","T","M","$","M","R","T","R","B"],"character_chosen":"THE_SILENT","items_purchased":["Mastiff:ReiMu","DemoMod:MonsterBlood","ColorlessPotion"],"campfire_rested":0,"item_purchase_floors":[11,11,11],"current_hp_per_floor":[59,59,43,28,28,26,25,25,25,25,32,24,24,24,10,8,8],"gold":671,"neow_bonus":"THREE_ENEMY_KILL","is_daily":false,"chose_seed":false,"campfire_upgraded":3,"win_rate":0.0,"timestamp":1611490475,"path_taken":["M","?","?","?","?","R","E","?","T","M","$","?","R","?","R","BOSS"],"items_purchased_type":["Relic","Relic","Potion"],"build_version":"2020-12-22","purchased_purges":1,"victory":false,"max_hp_per_floor":[66,66,66,66,66,66,66,66,66,66,73,73,73,73,73,73,73],"card_choices":[{"not_picked":["A Thousand Cuts","Slice"],"picked":"Deadly Poison","floor":1},{"not_picked":["Prepared","Underhanded Strike","Flechettes"],"picked":"SKIP","floor":5},{"not_picked":["Endless Agony","Sucker Punch","Slice"],"picked":"SKIP","floor":7},{"not_picked":["Dagger Throw","Skewer"],"picked":"Poisoned Stab","floor":10},{"not_picked":["Acrobatics","Underhanded Strike","Outmaneuver"],"picked":"SKIP","floor":12}],"player_experience":1195880,"relics_obtained":[{"floor":4,"key":"UnicornStump"},{"floor":4,"key":"SalivaCoin"},{"floor":7,"key":"Oddly Smooth Stone"},{"floor":14,"key":"ReplayTheSpireMod:TigerMarble"}],"event_choices":[{"damage_healed":0,"gold_gain":400,"player_choice":"Sell","damage_taken":0,"max_hp_gain":0,"max_hp_loss":0,"event_name":"恩洛斯的盘子","floor":2,"relics_lost":["DemoMod:GlassGuonStoneRelic"],"gold_loss":0},{"damage_healed":0,"gold_gain":0,"player_choice":"Take Damage","damage_taken":16,"relics_obtained":["Golden Idol"],"max_hp_gain":0,"max_hp_loss":0,"event_name":"Golden Idol","floor":3,"gold_loss":0},{"damage_healed":0,"gold_gain":0,"player_choice":"Fight","damage_taken":0,"max_hp_gain":0,"max_hp_loss":0,"event_name":"HidenRoomEvent","floor":4,"gold_loss":0}],"is_beta":false,"boss_relics":[],"items_purged_floors":[11],"is_endless":false,"potions_floor_spawned":[1,7],"killed_by":"Fading Forest","ascension_level":14}}