{"host":"df48i9djcn92c5sx","time":1611507208,"event":{"mods":["Act Like it!","Arknights The Spire","BaseMod","Decade(王小明)","Downfall","Gensokyo","Marisa（F雨　魔理沙）","Minty Spire (QoL Compilation)","READ ME - Guardian Mod","READ ME - Snecko Mod","Reimu（博丽灵梦）","Remilia（蕾米莉亚）","Shop Mod","StSLib","The Jungle","The Servant 0.9.4"],"gold_per_floor":[109,109,209,209,224,255,255,273,273,306,320,320,320,43,43,148,148,161,12,12,26,26,26,36,36,36,36,56,56,67,83,83,83,83],"floor_reached":33,"language":"ZHS","playtime":1089,"items_purged":[],"score":423,"play_id":"1bb7867d-6fa3-4cdf-ad0f-f43922e2ce9e","local_time":"20210125005328","is_ascension_mode":true,"campfire_choices":[{"data":"DarkMatter","floor":7.0,"key":"SMITH"},{"data":"Gensokyo:CrescentMoonSlash","floor":12.0,"key":"SMITH"},{"data":"Gensokyo:MarisaTwilightSpark","floor":15.0,"key":"SMITH"},{"data":"ManaRampage","floor":23.0,"key":"SMITH"},{"data":"GrandCross","floor":25.0,"key":"SMITH"},{"data":"Gensokyo:HAARP","floor":29,"key":"SMITH"},{"data":"MasterSpark","floor":32,"key":"SMITH"}],"circlet_count":0,"master_deck":["AscendersBane","Strike_MRS","Strike_MRS","Strike_MRS","Strike_MRS","Defend_MRS","Defend_MRS","Defend_MRS","Defend_MRS","MasterSpark+1","UpSweep","GrandCross+1","Gensokyo:MarisaTwilightSpark+1","Gensokyo:CrescentMoonSlash+1","DarkMatter+1","SporeBomb","AlicesGift","Gensokyo:MenInBlack","ManaRampage+1","AsteroidBelt+1","Gensokyo:HAARP+1"],"relics":["MiniHakkero","NeowsBlessing","Mango","Lizard Tail","Tea:ReiMu","Coffee Dripper","Omamori","Bird Faced Urn","Pocketwatch"],"acts_visited":["Exordium","Gensokyo:Gensokyo"],"potions_floor_usage":[31],"damage_taken":[{"damage":0.0,"enemies":"Gensokyo:3_Fairies","floor":1.0,"turns":1.0},{"damage":0.0,"enemies":"Gensokyo:Python","floor":5.0,"turns":1.0},{"damage":0.0,"enemies":"Gensokyo:Aya","floor":6.0,"turns":1.0},{"damage":9.0,"enemies":"Gensokyo:Gryphon","floor":8.0,"turns":3.0},{"damage":10.0,"enemies":"Gensokyo:Cirno","floor":10.0,"turns":5.0},{"damage":5.0,"enemies":"Gensokyo:CorruptedTreant","floor":11.0,"turns":2.0},{"damage":98.0,"enemies":"Gensokyo:Reimu","floor":16.0,"turns":15.0},{"damage":2.0,"enemies":"Gensokyo:2_Gloops","floor":18.0,"turns":3.0},{"damage":0.0,"enemies":"Gensokyo:CosmicMonolith","floor":21.0,"turns":5.0},{"damage":18.0,"enemies":"Gensokyo:Slime_Group","floor":24.0,"turns":4.0},{"damage":0,"enemies":"Gensokyo:Wraith","floor":28,"turns":4},{"damage":23,"enemies":"Gensokyo:Swordslinger","floor":30,"turns":2},{"damage":28,"enemies":"Gensokyo:Monolith_and_Dog","floor":31,"turns":3},{"damage":36,"enemies":"Gensokyo:Kaguya","floor":33,"turns":3}],"seed_played":"-4493525805810184062","potions_obtained":[{"floor":1.0,"key":"Fire Potion"},{"floor":10.0,"key":"Energy Potion"},{"floor":18.0,"key":"Energy Potion"},{"floor":28,"key":"LiquidMemories"}],"is_trial":false,"path_per_floor":["M","?","?","?","M","E","R","M","T","E","M","R","?","COS","R","B",null,"M","$","COS","M","$","R","M","R","T","?","M","R","M","M","R","B"],"character_chosen":"MARISA","items_purchased":["Omamori"],"campfire_rested":0,"item_purchase_floors":[19],"current_hp_per_floor":[68,68,68,57,57,71,71,62,62,52,47,47,74,74,89,44,78,76,76,76,76,76,89,71,89,89,81,81,81,58,32,32,0,0],"gold":83,"neow_bonus":"THREE_ENEMY_KILL","is_daily":false,"chose_seed":false,"campfire_upgraded":7,"win_rate":0.0,"timestamp":1611507208,"path_taken":["M","?","?","?","M","E","R","M","T","E","?","R","?","COS","R","BOSS","M","?","COS","M","$","R","M","R","T","?","M","R","?","M","R","BOSS"],"items_purchased_type":["Relic"],"build_version":"2020-12-22","purchased_purges":0,"victory":false,"max_hp_per_floor":[75,75,75,75,75,89,89,89,89,89,89,89,89,89,89,89,89,89,89,89,89,89,89,89,89,89,81,81,81,81,81,81,81,81],"card_choices":[{"not_picked":["DeepEcoloBomb","MilkyWay"],"picked":"GrandCross","floor":1.0},{"not_picked":["IllusionStar","UnstableBomb","PowerUp"],"picked":"SKIP","floor":5.0},{"not_picked":["DragonMeteor","MilkyWay"],"picked":"DarkMatter","floor":6.0},{"not_picked":["MeteoricShower","GalacticHalo","SporeBomb"],"picked":"SKIP","floor":8.0},{"not_picked":["MeteoricShower","GalacticHalo"],"picked":"SporeBomb","floor":8.0},{"not_picked":["Singularity","Acceleration"],"picked":"AlicesGift","floor":10.0},{"not_picked":["OrrerysSun","DragonMeteor","6A"],"picked":"SKIP","floor":11.0},{"not_picked":["MillisecondPulsars","SuperNova"],"picked":"ManaRampage","floor":16.0},{"not_picked":["OneTimeOff","OrrerysSun"],"picked":"AsteroidBelt+1","floor":18.0},{"not_picked":["MachineGunSpark","MeteoricShower+1","EnergyFlow"],"picked":"SKIP","floor":21.0},{"not_picked":["MysteriousBeam","SuperPerseids","GasGiant"],"picked":"SKIP","floor":24.0},{"not_picked":["Gensokyo:SlitMouthedWoman","Gensokyo:MenInBlack"],"picked":"Gensokyo:HAARP","floor":27},{"not_picked":["NonDirectionalLaser","WitchLeyline","Acceleration"],"picked":"SKIP","floor":28},{"not_picked":["DC+1","PowerUp","DragonMeteor+1"],"picked":"SKIP","floor":30},{"not_picked":["PowerUp","GravityBeat","MilkyWay"],"picked":"SKIP","floor":31}],"player_experience":1469942,"relics_obtained":[{"floor":6.0,"key":"Mango"},{"floor":9.0,"key":"Lizard Tail"},{"floor":10.0,"key":"Tea:ReiMu"},{"floor":26.0,"key":"Bird Faced Urn"}],"event_choices":[],"is_beta":false,"boss_relics":[{"not_picked":["Empty Cage","Fusion Hammer"],"picked":"Coffee Dripper"}],"items_purged_floors":[],"is_endless":false,"potions_floor_spawned":[1,10,18,28],"killed_by":"Gensokyo:Kaguya","ascension_level":11}}