{"host":"clf2hd4adhiiw0zf","time":1611531859,"event":{"mods":["AchievementEnabler","BaseMod","Beaked The Cultist","Bestiary","Dark Map","Downfall","Gremlin Mod","Hermit","Jorbs\u0027s Wanderer Trilogy","Marisa????????","Minty Spire (QoL Compilation)","Shop Mod","StSLib","The Cursed","The Servant 0.9.4","UnlockEverythingMod","Wide Potions"],"gold_per_floor":[99,99,99,99,99,132,132,152,88,188,188,217,17,34,46,142,142,142,142,160,169,169,211,281,281,281,281],"floor_reached":25,"language":"ENG","playtime":943,"items_purged":[],"score":412,"play_id":"ac9f83ab-680d-4a74-9231-7865356495bb","local_time":"20210124164419","is_ascension_mode":true,"campfire_choices":[{"floor":1.0,"key":"RECALL"},{"data":"Slimebound:CheckThePlaybook","floor":13.0,"key":"SMITH"},{"data":"Slimebound:DuplicatedForm","floor":18.0,"key":"SMITH"}],"circlet_count":0,"master_deck":["Slimebound:Tackle","Slimebound:CorrosiveSpit","Slimebound:RollThrough","Slimebound:Prepare","Slimebound:GoopTackle","Slimebound:ViciousTackle","Slimebound:RollThrough","CurseOfTheBell","CurseOfTheBell","Writhe","Slimebound:CheckThePlaybook+1","stsjorbsmod:Amnesia","Pain","Slimebound:GoopSpray","Slimebound:Equalize","Slimebound:SlimeSlap","Slimebound:DuplicatedForm+1","Slimebound:Darklings","Slimebound:PressTheAttack","Slimebound:Overexert","Slimebound:SplitLeeching","Slimebound:SplitLeeching","Slimebound:LeechingTouch","Slimebound:DouseInSlime","Pride","Slimebound:BestDefense"],"relics":["Slimebound:AbsorbEndCombat","downfall:HeartsMalice","Blue Candle","Mercury Hourglass","Mummified Hand","downfall:ExtraCursedBell","PreservedInsect","Kunai","Du-Vu Doll","Lizard Tail","downfall:HeartBlessingRed","downfall:HeartBlessingBlue","Pandora\u0027s Box","CeramicFish","Bronze Scales","Meat on the Bone"],"acts_visited":["Exordium","TheCity"],"potions_floor_usage":[],"damage_taken":[{"damage":0.0,"enemies":"Jaw Worm","floor":2.0,"turns":1.0},{"damage":0.0,"enemies":"Small Slimes","floor":4.0,"turns":1.0},{"damage":0.0,"enemies":"3 Sentries","floor":6.0,"turns":1.0},{"damage":0.0,"enemies":"2 Louse","floor":8.0,"turns":3.0},{"damage":12.0,"enemies":"downfall:FleeingMerchant","floor":9.0,"turns":4.0},{"damage":1.0,"enemies":"Gremlin Nob","floor":12.0,"turns":2.0},{"damage":14.0,"enemies":"Exordium Thugs","floor":14.0,"turns":2.0},{"damage":2.0,"enemies":"Blue Slaver","floor":15.0,"turns":1.0},{"damage":62.0,"enemies":"SI_SHIV_ARCHETYPE","floor":16.0,"turns":6.0},{"damage":0.0,"enemies":"Chosen","floor":19.0,"turns":1.0},{"damage":20.0,"enemies":"Shell Parasite","floor":20.0,"turns":3.0},{"damage":59.0,"enemies":"Gremlin Leader","floor":23.0,"turns":4.0},{"damage":37,"enemies":"Snecko","floor":25,"turns":3}],"seed_played":"-2988131645424576708","potions_obtained":[{"floor":8.0,"key":"bronze:BurnAndBuffPotion"},{"floor":12.0,"key":"Ancient Potion"},{"floor":15.0,"key":"bronze:BurnAndBuffPotion"},{"floor":16.0,"key":"Slimebound:SlimyTonguePotion"},{"floor":20.0,"key":"Strength Potion"}],"is_trial":false,"path_per_floor":["R","M","?","M","?","E","T","M","$","?","T","E","R","M","M","B",null,"R","M","M","?","?","E","T","M"],"character_chosen":"SLIMEBOUND","items_purchased":["Slimebound:RollThrough"],"campfire_rested":0,"item_purchase_floors":[9],"current_hp_per_floor":[65,65,53,53,53,53,53,53,43,48,48,49,59,45,45,42,80,80,80,64,64,64,26,26,0,0,0],"gold":281,"neow_bonus":"THREE_ENEMY_KILL","is_daily":false,"chose_seed":false,"campfire_upgraded":2,"win_rate":0.0,"timestamp":1611531859,"path_taken":["R","M","?","M","?","E","T","M","$","?","?","E","R","?","M","BOSS","R","M","M","?","?","E","T","M"],"items_purchased_type":["Card"],"build_version":"2020-12-22","purchased_purges":0,"victory":false,"max_hp_per_floor":[65,65,65,65,65,65,65,65,65,70,70,70,80,80,80,80,80,80,80,80,80,80,80,80,80,80,80],"card_choices":[{"not_picked":["Slimebound:Recollect","Slimebound:LeechingTouch"],"picked":"Slimebound:RollThrough","floor":2.0},{"not_picked":["Slimebound:Gluttony","Slimebound:LeechingTouch","Slimebound:SplitAcid"],"picked":"SKIP","floor":4.0},{"not_picked":["Slimebound:Schlurp","Slimebound:RejuvenatingLick"],"picked":"Slimebound:Prepare","floor":6.0},{"not_picked":["Slimebound:GoopSpray","Slimebound:LeechingTouch"],"picked":"Slimebound:GoopTackle","floor":8.0},{"not_picked":["Slimebound:Prepare","Slimebound:RainOfGoop"],"picked":"Slimebound:ViciousTackle","floor":9.0},{"not_picked":["Slimebound:LeechEnergy","Slimebound:DivideAndConquer"],"picked":"Slimebound:GoopSpray","floor":12.0},{"not_picked":["Slimebound:DivideAndConquer","Slimebound:LeechEnergy"],"picked":"Slimebound:Equalize","floor":14.0},{"not_picked":["Slimebound:ForwardTackle","Slimebound:RainOfGoop"],"picked":"Slimebound:SlimeSlap","floor":15.0},{"not_picked":["Slimebound:RallyTheTroops","Slimebound:TagTeam"],"picked":"Slimebound:DuplicatedForm","floor":16.0},{"not_picked":["Slimebound:HauntingLick","Slimebound:SlimeBrawl","Slimebound:Schlurp"],"picked":"SKIP","floor":19.0},{"not_picked":["Slimebound:SlimeBrawl","Slimebound:RainOfGoop","Slimebound:GrowthPunch"],"picked":"SKIP","floor":20.0},{"not_picked":["Slimebound:LeechEnergy+1","Slimebound:Prepare+1"],"picked":"Slimebound:BestDefense","floor":23.0}],"player_experience":110165,"relics_obtained":[{"floor":6.0,"key":"Mercury Hourglass"},{"floor":7.0,"key":"Mummified Hand"},{"floor":10.0,"key":"PreservedInsect"},{"floor":10.0,"key":"Kunai"},{"floor":10.0,"key":"Du-Vu Doll"},{"floor":12.0,"key":"Lizard Tail"},{"floor":23.0,"key":"Bronze Scales"},{"floor":24.0,"key":"Meat on the Bone"}],"event_choices":[{"damage_healed":0.0,"max_hp_gain":0.0,"max_hp_loss":0.0,"gold_gain":0.0,"event_name":"Scrap Ooze","player_choice":"Success","floor":3.0,"gold_loss":0.0,"damage_taken":12.0,"relics_obtained":["Blue Candle"]},{"damage_healed":0.0,"max_hp_gain":0.0,"max_hp_loss":0.0,"gold_gain":0.0,"event_name":"Addict","player_choice":"Stole Relic","floor":21.0,"gold_loss":0.0,"damage_taken":0.0,"relics_obtained":["CeramicFish"],"cards_obtained":["Pride"]}],"is_beta":false,"boss_relics":[{"not_picked":["Empty Cage","Runic Dome"],"picked":"Pandora\u0027s Box"}],"items_purged_floors":[],"is_endless":false,"potions_floor_spawned":[8,12,15,16,20],"killed_by":"Snecko","ascension_level":1}}