{"host":"wjw2tk2y2rycscg9","time":1611529604,"event":{"mods":["2.2 Compatiblity","Act Like it!","Aspiration","BaseMod","Colored Map","Dota2Spire","Downfall","Hallownest","Hubris","Infinite Spire","Minty Spire (QoL Compilation)","Relic Stats","StSLib","The Alterego","Unceasing Turn Reminder"],"gold_per_floor":[116,49,14,14,28,58,71,71,71,71,87,97,97,115,115,115,115,115],"floor_reached":16,"language":"ENG","playtime":829,"items_purged":[],"score":127,"play_id":"1b900f73-eeba-4c29-94ec-3d07ffcc0af3","local_time":"20210124160644","is_ascension_mode":false,"campfire_choices":[{"floor":10,"key":"REST"},{"floor":13,"key":"REST"},{"floor":15,"key":"REST"}],"circlet_count":0,"master_deck":["champ:Strike","champ:Strike","champ:Strike","champ:Strike","champ:Defend","champ:Defend","champ:Defend","champ:Defend","champ:Execute","champ:Taunt","champ:IronFortress","Writhe","champ:Encircle","hubris:DuctTapeCard","champ:IronFortress","champ:Backstep","champ:HeavySlash","champ:Shatter"],"relics":["champ:ChampionCrown","hubris:DuctTape","Kunai"],"acts_visited":["Hallownest:Greenpath"],"potions_floor_usage":[12,14],"damage_taken":[{"damage":10,"enemies":"Hallownest:monsterHuskWarrior","floor":1,"turns":4},{"damage":14,"enemies":"2_ Uuma","floor":5,"turns":7},{"damage":64,"enemies":"Hallownest:eliteVengeflyKing","floor":6,"turns":11},{"damage":33,"enemies":"Hallownest:monsterHuskGuard","floor":7,"turns":6},{"damage":33,"enemies":"Hallownest:monsterFoolEater","floor":11,"turns":5},{"damage":52,"enemies":"Hallownest:1_Ooma_and_2_Uuma","floor":12,"turns":8},{"damage":32,"enemies":"Hallownest:Guard_and_Warrior","floor":14,"turns":8},{"damage":89,"enemies":"Hallownest:BossBrokenVessel","floor":16,"turns":12}],"seed_played":"-665283466458254134","potions_obtained":[{"floor":6,"key":"LiquidMemories"},{"floor":7,"key":"Swift Potion"},{"floor":11,"key":"Strength Potion"}],"is_trial":true,"path_per_floor":["M","$","?","?","M","E","M","?","T","R","M","M","R","M","R","B"],"character_chosen":"THE_CHAMP","items_purchased":["champ:IronFortress"],"campfire_rested":3,"item_purchase_floors":[2],"current_hp_per_floor":[90,90,95,106,102,78,70,35,35,66,48,30,61,49,80,0,0,0],"gold":115,"neow_bonus":"","is_daily":false,"chose_seed":false,"campfire_upgraded":0,"win_rate":0.0,"timestamp":1611529604,"path_taken":["M","$","?","?","M","E","M","?","T","R","M","?","R","M","R","BOSS"],"items_purchased_type":["Card"],"build_version":"2020-12-22","purchased_purges":0,"victory":false,"max_hp_per_floor":[90,90,95,106,106,106,106,106,106,106,106,106,106,106,106,106,106,106],"relic_stats":{"counters":[8,61],"Kunai":[2],"obtain_stats":[{"hubris:DuctTape":6,"champ:ChampionCrown":0,"Kunai":9},{"hubris:DuctTape":3,"champ:ChampionCrown":0,"Kunai":4},{"hubris:DuctTape":22,"champ:ChampionCrown":0,"Kunai":28}]},"card_choices":[{"not_picked":["champ:BerserkersShout","champ:Backstep"],"picked":"champ:AdrenalArmor","floor":1},{"not_picked":["champ:AdrenalArmor","champ:GladiatorStyle"],"picked":"champ:Encircle","floor":5},{"not_picked":["champ:Haymaker","champ:FanOfKnives"],"picked":"champ:BringItOn","floor":6},{"not_picked":["champ:FanOfKnives","champ:ArenaPreparation"],"picked":"champ:IronFortress","floor":7},{"not_picked":["champ:AdrenalArmor","champ:FanOfKnives"],"picked":"champ:Backstep","floor":11},{"not_picked":["champ:EnragedBash","champ:GladiatorStyle"],"picked":"champ:HeavySlash","floor":12},{"not_picked":["champ:Circumvent","champ:AdrenalArmor"],"picked":"champ:Shatter","floor":14}],"player_experience":1050080,"relics_obtained":[{"floor":6,"key":"hubris:DuctTape"},{"floor":9,"key":"Kunai"}],"event_choices":[],"is_beta":false,"boss_relics":[],"items_purged_floors":[],"is_endless":false,"potions_floor_spawned":[6,7,11],"killed_by":"Hallownest:BossBrokenVessel","ascension_level":0}}