{"host":"cijhj3091wf4aho3","time":1611527454,"event":{"mods":["BaseMod","Colored Map","Colored Powertips","Downfall","Friendly Minions","GifTheSpireLib","Highlight Path","Minty Spire (QoL Compilation)","Permanent Neow","Random Character Button","Relic Sorter","Relic Stats","StSLib","everything is the same but u backflip on backflip","slay the spire mod where everything is the same but ironclad has a cowboy hat"],"gold_per_floor":[99,115,29,43,43,74,74,94,107,7,26,26,45,79,95,197,197,97,107,107,120,30,63,145,84,116,1,1,18,18,32,49,144,144,144,162,177,197,258,268,268,299,199,199,225,272,294,332,358,370,370,370],"floor_reached":50,"language":"ENG","playtime":3276,"items_purged":["downfall:Bewildered","bronze:Strike","bronze:Strike"],"score":581,"play_id":"4499804d-0848-4391-8517-dfd965187318","local_time":"20210124143054","is_ascension_mode":false,"campfire_choices":[{"floor":1.0,"key":"RECALL"},{"data":"bronze:FineTuning","floor":10.0,"key":"SMITH"},{"data":"bronze:FineTuning","floor":12.0,"key":"SMITH"},{"data":"bronze:HardenedForm","floor":18.0,"key":"SMITH"},{"data":"bronze:BuggyMess","floor":28.0,"key":"SMITH"},{"data":"bronze:Flail","floor":30.0,"key":"SMITH"},{"data":"bronze:Boost","floor":35.0,"key":"SMITH"},{"data":"expansioncontent:DashGenerateEvil","floor":43,"key":"SMITH"}],"circlet_count":0,"master_deck":["bronze:Strike","bronze:Defend","bronze:Defend","bronze:Defend","bronze:Defend","bronze:Replicate","bronze:Goto","bronze:WhirlingStrike","bronze:FineTuning+1","bronze:FollowUp","bronze:Repair","bronze:FineTuning+1","bronze:Safeguard","bronze:Iterate","bronze:Flail+1","bronze:FineTuning","bronze:HardenedForm+1","bronze:Mutator","bronze:BuggyMess+1","bronze:Boost+1","bronze:Turbo","expansioncontent:DashGenerateEvil+1","bronze:HyperBeam","bronze:ChildClass+1","bronze:BurnOut"],"relics":["bronze:BronzeCore","Tiny Chest","Shuriken","downfall:HeartBlessingRed","WingedGreaves","Runic Pyramid","downfall:HeartBlessingGreen","sneckomod:BabySnecko","Bronze Scales","Gremlin Horn","Bag of Marbles","Black Star","bronze:CableSpool","bronze:SilverBullet","downfall:HeartBlessingBlue","MawBank","Anchor","Pen Nib","Happy Flower"],"acts_visited":["Exordium","TheCity","TheBeyond"],"potions_floor_usage":[],"damage_taken":[{"damage":0.0,"enemies":"Small Slimes","floor":2.0,"turns":3.0},{"damage":0.0,"enemies":"downfall:FleeingMerchant","floor":3.0,"turns":4.0},{"damage":0.0,"enemies":"2 Louse","floor":4.0,"turns":2.0},{"damage":6.0,"enemies":"3 Sentries","floor":6.0,"turns":7.0},{"damage":0.0,"enemies":"Jaw Worm","floor":8.0,"turns":4.0},{"damage":3.0,"enemies":"2 Fungi Beasts","floor":9.0,"turns":3.0},{"damage":0.0,"enemies":"3 Louse","floor":11.0,"turns":2.0},{"damage":12.0,"enemies":"Large Slime","floor":13.0,"turns":3.0},{"damage":23.0,"enemies":"Gremlin Nob","floor":14.0,"turns":4.0},{"damage":6.0,"enemies":"2 Fungi Beasts","floor":15.0,"turns":3.0},{"damage":15.0,"enemies":"IC_STATUS_ARCHETYPE","floor":16.0,"turns":7.0},{"damage":0.0,"enemies":"Spheric Guardian","floor":19.0,"turns":2.0},{"damage":10.0,"enemies":"Chosen","floor":21.0,"turns":3.0},{"damage":0.0,"enemies":"downfall:FleeingMerchant","floor":22.0,"turns":4.0},{"damage":12.0,"enemies":"Book of Stabbing","floor":23.0,"turns":6.0},{"damage":0.0,"enemies":"downfall:FleeingMerchant","floor":25.0,"turns":4.0},{"damage":3.0,"enemies":"Gremlin Leader","floor":26.0,"turns":5.0},{"damage":0.0,"enemies":"downfall:FleeingMerchant","floor":27.0,"turns":4.0},{"damage":0.0,"enemies":"Sentry and Sphere","floor":29.0,"turns":3.0},{"damage":0.0,"enemies":"Shelled Parasite and Fungi","floor":31.0,"turns":2.0},{"damage":0.0,"enemies":"Snecko","floor":32.0,"turns":3.0},{"damage":8.0,"enemies":"WA_ARCHETYPE_CALM","floor":33.0,"turns":7.0},{"damage":4.0,"enemies":"Orb Walker","floor":36.0,"turns":3.0},{"damage":22.0,"enemies":"3 Darklings","floor":37.0,"turns":3.0},{"damage":0.0,"enemies":"Jaw Worm Horde","floor":38.0,"turns":2.0},{"damage":0.0,"enemies":"downfall:FleeingMerchant","floor":39.0,"turns":2.0},{"damage":14.0,"enemies":"Writhing Mass","floor":40.0,"turns":5.0},{"damage":33,"enemies":"Nemesis","floor":42,"turns":7},{"damage":57,"enemies":"Giant Head","floor":46,"turns":8},{"damage":19,"enemies":"Maw","floor":47,"turns":7},{"damage":0,"enemies":"Sphere and 2 Shapes","floor":49,"turns":1},{"damage":13,"enemies":"DF_ARCHETYPE_ORBS","floor":50,"turns":2}],"seed_played":"1167339897785840290","potions_obtained":[{"floor":2.0,"key":"sneckomod:MuddlingPotion"},{"floor":4.0,"key":"Weak Potion"},{"floor":8.0,"key":"DistilledChaos"},{"floor":13.0,"key":"EssenceOfSteel"},{"floor":16.0,"key":"BlessingOfTheForge"},{"floor":21.0,"key":"Explosive Potion"},{"floor":26.0,"key":"champ:CounterPotion"},{"floor":29.0,"key":"DistilledChaos"},{"floor":32.0,"key":"Block Potion"},{"floor":36.0,"key":"DuplicationPotion"},{"floor":47,"key":"FearPotion"},{"floor":49,"key":"SkillPotion"}],"is_trial":false,"path_per_floor":["R","M","$","M","?","E","T","M","M","R","M","R","M","E","M","B",null,"R","M","?","M","$","E","T","$","E","$","R","M","R","M","M","B",null,"R","M","M","M","$","M","T","E","R","?","?","E","M","T","M","B"],"character_chosen":"THE_AUTOMATON","items_purchased":["bronze:Repair","bronze:Turbo","expansioncontent:DashGenerateEvil"],"campfire_rested":0,"item_purchase_floors":[3,25,39],"current_hp_per_floor":[70,70,70,70,70,70,70,70,70,70,70,70,65,51,53,45,70,70,70,70,60,67,64,64,70,70,70,70,70,70,70,70,62,70,70,70,48,55,62,56,56,32,42,70,70,22,12,12,12,0,0,0],"gold":370,"neow_bonus":"THREE_CARDS","is_daily":false,"chose_seed":false,"campfire_upgraded":7,"win_rate":0.0,"timestamp":1611527454,"path_taken":["R","M","$","M","?","E","T","M","M","R","M","R","M","E","M","BOSS","R","M","?","M","$","E","T","$","E","$","R","M","R","M","M","BOSS","R","M","M","M","$","M","T","E","R","?","?","E","M","?","M","BOSS"],"items_purchased_type":["Card","Card","Card"],"build_version":"2020-12-22","purchased_purges":3,"victory":false,"max_hp_per_floor":[70,70,70,70,70,70,70,70,70,70,70,70,70,70,70,70,70,70,70,70,70,70,70,70,70,70,70,70,70,70,70,70,70,70,70,70,70,70,70,70,70,70,80,70,70,70,70,70,70,70,70,70],"relic_stats":{"Gremlin Horn":[10,12],"Happy Flower":[1],"counters":[32,125],"Shuriken":[43],"Bronze Scales":[137],"Tiny Chest":1,"Pen Nib":[2],"Black Star":2,"MawBank":60,"obtain_stats":[{"bronze:BronzeCore":0,"downfall:HeartBlessingRed":10,"Gremlin Horn":24,"Happy Flower":48,"downfall:HeartBlessingGreen":18,"Pen Nib":46,"MawBank":45,"bronze:CableSpool":42,"sneckomod:BabySnecko":20,"Anchor":46,"Shuriken":7,"downfall:HeartBlessingBlue":43,"Bronze Scales":23,"Tiny Chest":6,"WingedGreaves":14,"Bag of Marbles":26,"Black Star":34,"bronze:SilverBullet":42,"Runic Pyramid":17},{"bronze:BronzeCore":0,"downfall:HeartBlessingRed":6,"Gremlin Horn":15,"Happy Flower":30,"downfall:HeartBlessingGreen":11,"Pen Nib":29,"MawBank":28,"bronze:CableSpool":28,"sneckomod:BabySnecko":12,"Anchor":29,"Shuriken":4,"downfall:HeartBlessingBlue":28,"Bronze Scales":15,"Tiny Chest":4,"WingedGreaves":9,"Bag of Marbles":17,"Black Star":22,"bronze:SilverBullet":28,"Runic Pyramid":11},{"bronze:BronzeCore":0,"downfall:HeartBlessingRed":23,"Gremlin Horn":57,"Happy Flower":122,"downfall:HeartBlessingGreen":42,"Pen Nib":115,"MawBank":107,"bronze:CableSpool":107,"sneckomod:BabySnecko":44,"Anchor":115,"Shuriken":16,"downfall:HeartBlessingBlue":107,"Bronze Scales":57,"Tiny Chest":16,"WingedGreaves":32,"Bag of Marbles":66,"Black Star":85,"bronze:SilverBullet":107,"Runic Pyramid":42}]},"card_choices":[{"not_picked":["bronze:Branch","bronze:ChildClass"],"picked":"bronze:WhirlingStrike","floor":0.0},{"not_picked":["bronze:Allocate","bronze:ChildClass"],"picked":"bronze:FineTuning","floor":2.0},{"not_picked":["bronze:Frontload","bronze:CloningBeam"],"picked":"bronze:FollowUp","floor":3.0},{"not_picked":["bronze:Shield","bronze:Invalidate"],"picked":"bronze:FineTuning","floor":4.0},{"not_picked":["bronze:ForceShield","bronze:WhirlingStrike"],"picked":"bronze:Iterate","floor":6.0},{"not_picked":["bronze:CutThrough","bronze:DarkDash","bronze:ItsAFeature"],"picked":"SKIP","floor":8.0},{"not_picked":["bronze:Deprecate","bronze:OilSpill","bronze:ChildClass"],"picked":"SKIP","floor":9.0},{"not_picked":["bronze:DelayedGuard","bronze:Branch"],"picked":"bronze:Flail","floor":11.0},{"not_picked":["bronze:BronzeOrb","bronze:WhirlingStrike"],"picked":"bronze:FineTuning","floor":13.0},{"not_picked":["bronze:BurnOut","bronze:Invalidate"],"picked":"bronze:HardenedForm","floor":14.0},{"not_picked":["bronze:Invalidate","bronze:Overheat","bronze:Iterate"],"picked":"SKIP","floor":15.0},{"not_picked":["bronze:Break","bronze:FindAndReplace"],"picked":"bronze:Mutator","floor":16.0},{"not_picked":["bronze:Backtrace","bronze:Shield"],"picked":"bronze:BuggyMess","floor":19.0},{"not_picked":["bronze:FollowUp","bronze:WhirlingStrike+1","bronze:MaxOutput"],"picked":"SKIP","floor":21.0},{"not_picked":["bronze:Overheat","bronze:Repair+1","bronze:ItsAFeature"],"picked":"SKIP","floor":22.0},{"not_picked":["bronze:BitShift+1","bronze:Overload","bronze:WildBeam+1"],"picked":"SKIP","floor":23.0},{"not_picked":["bronze:ShipIt","bronze:WhirlingStrike"],"picked":"bronze:Boost","floor":25.0},{"not_picked":["bronze:NullPointer","bronze:BitShift","bronze:BugBarrage"],"picked":"SKIP","floor":26.0},{"not_picked":["bronze:BugBarrage","bronze:CutThrough+1","bronze:Backtrace"],"picked":"SKIP","floor":27.0},{"not_picked":["bronze:CutThrough+1","bronze:Overheat+1","bronze:WhirlingStrike+1"],"picked":"SKIP","floor":29.0},{"not_picked":["bronze:CutThrough+1","bronze:OilSpill+1","bronze:Frontload+1"],"picked":"SKIP","floor":31.0},{"not_picked":["bronze:Flail","bronze:Turbo","bronze:Overheat"],"picked":"SKIP","floor":32.0},{"not_picked":["bronze:WhirlingStrike","bronze:Iterate","bronze:BitShift"],"picked":"SKIP","floor":36.0},{"not_picked":["bronze:WhirlingStrike","bronze:Frontload","bronze:Shell+1"],"picked":"SKIP","floor":37.0},{"not_picked":["bronze:FineTuning+1","bronze:Repulsor","bronze:Branch+1"],"picked":"SKIP","floor":38.0},{"not_picked":["bronze:Deprecate+1","bronze:BuggyMess+1","bronze:Invalidate"],"picked":"SKIP","floor":39.0},{"not_picked":["bronze:BronzeArmor","bronze:ChosenStrike","bronze:Overheat"],"picked":"SKIP","floor":40.0},{"not_picked":["bronze:Branch+1","bronze:Invalidate"],"picked":"bronze:HyperBeam","floor":42},{"not_picked":["bronze:Allocate","bronze:WhirlingStrike","bronze:DelayedSlice"],"picked":"SKIP","floor":46},{"not_picked":["bronze:BitShift","bronze:FineTuning"],"picked":"bronze:ChildClass+1","floor":47},{"not_picked":["bronze:ChildClass","bronze:FollowUp+1"],"picked":"bronze:BurnOut","floor":49}],"player_experience":496832,"relics_obtained":[{"floor":6.0,"key":"Tiny Chest"},{"floor":7.0,"key":"Shuriken"},{"floor":14.0,"key":"WingedGreaves"},{"floor":23.0,"key":"Bronze Scales"},{"floor":24.0,"key":"Gremlin Horn"},{"floor":26.0,"key":"Bag of Marbles"},{"floor":42,"key":"bronze:CableSpool"},{"floor":42,"key":"bronze:SilverBullet"},{"floor":45,"key":"MawBank"},{"floor":46,"key":"Anchor"},{"floor":46,"key":"Pen Nib"},{"floor":48,"key":"Happy Flower"}],"event_choices":[],"is_beta":false,"boss_relics":[{"not_picked":["SlaversCollar","bronze:PlatinumCore"],"picked":"Runic Pyramid"},{"not_picked":["Tiny House","Pandora\u0027s Box"],"picked":"Black Star"}],"items_purged_floors":[22,27,39],"is_endless":false,"potions_floor_spawned":[2,4,8,13,16,21,26,29,32,36,47,49],"killed_by":"DF_ARCHETYPE_ORBS","ascension_level":0}}