{"host":"ufl0k2so27eic2iy","time":1611516995,"event":{"mods":["BaseMod","Downfall","Minty Spire (QoL Compilation)","StSLib","The Animator"],"gold_per_floor":[109,131,32,43,43,81,81,81,81],"floor_reached":8,"language":"ENG","playtime":296,"items_purged":["animator:Strike"],"score":98,"play_id":"f3b1a51e-0dac-4ed3-b47c-87d3ccb77909","local_time":"20210124193635","is_ascension_mode":true,"campfire_choices":[{"floor":7,"key":"REST"}],"circlet_count":0,"master_deck":["AscendersBane","animator:Strike_LogHorizon","animator:Defend_LogHorizon","animator:Strike","animator:Strike","animator:Defend","animator:Defend","animator:Defend","animator:Tohya","animator:Minori","animator:YoshinoHaruhiko","animator:Lancer","animator:Azekura","animator:Tohya","animator:Serara"],"relics":["animator:LivingPicture","animator:TheMissingPiece","Smiling Mask"],"acts_visited":["Exordium"],"potions_floor_usage":[],"damage_taken":[{"damage":5,"enemies":"Cultist","floor":1,"turns":4},{"damage":0,"enemies":"Small Slimes","floor":2,"turns":4},{"damage":2,"enemies":"Jaw Worm","floor":4,"turns":3},{"damage":41,"enemies":"Gremlin Nob","floor":6,"turns":5},{"damage":20,"enemies":"3 Sentries","floor":8,"turns":6}],"seed_played":"-733624763402242517","potions_obtained":[{"floor":4,"key":"SpeedPotion"}],"is_trial":false,"path_per_floor":["M","M","$","M","$","E","R","E"],"character_chosen":"THE_ANIMATOR","items_purchased":["animator:Azekura"],"campfire_rested":1,"item_purchase_floors":[3],"current_hp_per_floor":[55,55,55,53,53,12,31,11,11],"gold":81,"neow_bonus":"TEN_PERCENT_HP_BONUS","is_daily":false,"chose_seed":true,"campfire_upgraded":0,"win_rate":0.0,"timestamp":1611516995,"path_taken":["M","M","$","?","$","E","R","E"],"items_purchased_type":["Card"],"build_version":"2020-12-22","purchased_purges":1,"victory":false,"max_hp_per_floor":[66,66,66,66,66,66,66,66,66],"card_choices":[{"not_picked":["animator:Isuzu","animator:NoriSakurada"],"picked":"animator:YoshinoHaruhiko","floor":1},{"not_picked":["animator:EmiyaShirou","animator:Isuzu"],"picked":"animator:Lancer","floor":2},{"not_picked":["animator:ShizuruNakatsu","animator:SakuyaOhtori"],"picked":"animator:Tohya","floor":4},{"not_picked":["animator:Tohya","animator:Minori"],"picked":"animator:Serara","floor":6}],"player_experience":2767714,"relics_obtained":[{"floor":6,"key":"Smiling Mask"}],"event_choices":[],"is_beta":false,"boss_relics":[],"items_purged_floors":[3],"is_endless":false,"potions_floor_spawned":[4],"killed_by":"3 Sentries","ascension_level":15}}