{"host":"guzbs4v8630hpsy6","time":1611490814,"event":{"mods":["2.2 Compatiblity","AchievementEnabler","BaseMod","Block Reminder","DeckTracker","Highlight Path","Minty Spire (QoL Compilation)","Relic Stats","SuperFastMode"],"gold_per_floor":[111,111,111,135,156,200,200,47,70,100,112,151,207,232,244,369,381,333,362,271,271,271,271,314,343,370,370,239,239,239],"floor_reached":29,"language":"ENG","playtime":2080,"items_purged":["Strike_B","Strike_B"],"score":339,"play_id":"ca8f3ed3-c6e8-4a73-8b61-97856f1d06f8","local_time":"20210124202014","is_ascension_mode":true,"campfire_choices":[{"data":"Doom and Gloom","floor":7.0,"key":"SMITH"},{"data":"Capacitor","floor":11.0,"key":"SMITH"},{"data":"Consume","floor":15,"key":"SMITH"},{"data":"Buffer","floor":23,"key":"SMITH"},{"data":"Buffer","floor":27,"key":"SMITH"}],"circlet_count":0,"master_deck":["Strike_B","Defend_B","Defend_B+1","Defend_B","Defend_B","Zap+1","Dualcast+1","Cold Snap","Doom and Gloom+1","Capacitor+1","Genetic Algorithm","Consume+1","Buffer+1","Buffer+1","Capacitor","Seek","Genetic Algorithm+1","Storm"],"relics":["Cracked Core","CeramicFish","Anchor","ClockworkSouvenir","MawBank","Pear","Sozu","Enchiridion","Du-Vu Doll","Bag of Preparation"],"acts_visited":["Exordium","TheCity"],"potions_floor_usage":[],"damage_taken":[{"damage":7.0,"enemies":"Jaw Worm","floor":1.0,"turns":2.0},{"damage":0.0,"enemies":"2 Louse","floor":4.0,"turns":2.0},{"damage":0.0,"enemies":"Cultist","floor":5.0,"turns":3.0},{"damage":14.0,"enemies":"Gremlin Nob","floor":6.0,"turns":4.0},{"damage":0.0,"enemies":"Large Slime","floor":10.0,"turns":5.0},{"damage":1,"enemies":"Looter","floor":12,"turns":3},{"damage":21,"enemies":"3 Sentries","floor":13,"turns":6},{"damage":0,"enemies":"Red Slaver","floor":14,"turns":2},{"damage":7,"enemies":"The Guardian","floor":16,"turns":10},{"damage":0,"enemies":"2 Thieves","floor":18,"turns":4},{"damage":0,"enemies":"Chosen","floor":19,"turns":6},{"damage":21,"enemies":"Gremlin Leader","floor":24,"turns":7},{"damage":0,"enemies":"Snecko","floor":25,"turns":6},{"damage":41,"enemies":"Slavers","floor":29,"turns":4}],"seed_played":"4900728032516577514","potions_obtained":[{"floor":1.0,"key":"Weak Potion"},{"floor":4.0,"key":"PowerPotion"},{"floor":10.0,"key":"FearPotion"},{"floor":14,"key":"FocusPotion"}],"is_trial":false,"path_per_floor":["M","?","?","M","M","E","R","$","T","M","R","M","E","M","R","B",null,"M","M","$","?","?","R","E","M","T","R","$","E"],"character_chosen":"DEFECT","items_purchased":["ClockworkSouvenir","Capacitor","Storm"],"campfire_rested":0,"item_purchase_floors":[8,20,28],"current_hp_per_floor":[61,46,46,46,46,32,32,32,32,32,32,31,20,20,20,13,67,67,67,67,51,51,51,30,30,30,30,30,0,0],"gold":239,"neow_bonus":"UPGRADE_CARD","is_daily":false,"chose_seed":false,"campfire_upgraded":5,"win_rate":0.0,"timestamp":1611490814,"path_taken":["M","?","?","?","M","E","R","$","T","M","R","M","E","M","R","BOSS","M","M","$","?","?","R","E","?","T","R","?","E"],"items_purchased_type":["Relic","Card","Card"],"build_version":"2020-12-22","purchased_purges":2,"victory":false,"max_hp_per_floor":[75,75,75,75,75,75,75,75,75,75,75,75,85,85,85,85,85,85,85,85,85,85,85,85,85,85,85,85,85,85],"relic_stats":{"Sozu":2,"counters":[14,64],"CeramicFish":90,"Bag of Preparation":[2],"MawBank":132,"obtain_stats":[{"Sozu":17,"Du-Vu Doll":24,"Anchor":6,"Pear":13,"CeramicFish":3,"Enchiridion":21,"Bag of Preparation":26,"Cracked Core":0,"MawBank":9,"ClockworkSouvenir":8},{"Sozu":9,"Du-Vu Doll":12,"Anchor":4,"Pear":7,"CeramicFish":1,"Enchiridion":11,"Bag of Preparation":13,"Cracked Core":0,"MawBank":4,"ClockworkSouvenir":4},{"Sozu":37,"Du-Vu Doll":54,"Anchor":11,"Pear":25,"CeramicFish":2,"Enchiridion":47,"Bag of Preparation":60,"Cracked Core":0,"MawBank":11,"ClockworkSouvenir":11}]},"card_choices":[{"not_picked":["Sweeping Beam","BootSequence"],"picked":"Cold Snap","floor":1.0},{"not_picked":["Rebound","Compile Driver"],"picked":"Doom and Gloom","floor":4.0},{"not_picked":["Turbo","Hologram"],"picked":"Capacitor","floor":5.0},{"not_picked":["Auto Shields","Go for the Eyes"],"picked":"Genetic Algorithm","floor":6.0},{"not_picked":["Reprogram","Storm","Rip and Tear"],"picked":"SKIP","floor":10.0},{"not_picked":["Hello World","Steam"],"picked":"Consume","floor":12},{"not_picked":["Steam","Genetic Algorithm"],"picked":"Buffer","floor":13},{"not_picked":["Sunder","Go for the Eyes","Beam Cell"],"picked":"SKIP","floor":14},{"not_picked":["Reboot","Amplify"],"picked":"Buffer","floor":16},{"not_picked":["Rebound","Reprogram+1","Compile Driver"],"picked":"SKIP","floor":18},{"not_picked":["Auto Shields","Chaos","Compile Driver"],"picked":"SKIP","floor":19},{"not_picked":["Beam Cell+1","Rebound"],"picked":"Seek","floor":24},{"not_picked":["Loop","Ball Lightning"],"picked":"Genetic Algorithm+1","floor":25}],"player_experience":513743,"relics_obtained":[{"floor":6.0,"key":"Anchor"},{"floor":9.0,"key":"MawBank"},{"floor":13,"key":"Pear"},{"floor":21,"key":"Enchiridion"},{"floor":24,"key":"Du-Vu Doll"},{"floor":26,"key":"Bag of Preparation"}],"event_choices":[{"damage_healed":0.0,"max_hp_gain":0.0,"max_hp_loss":0.0,"gold_gain":0.0,"event_name":"Shining Light","player_choice":"Entered Light","floor":2.0,"gold_loss":0.0,"damage_taken":15.0,"cards_upgraded":["Dualcast","Defend_B"]},{"damage_healed":0.0,"max_hp_gain":0.0,"max_hp_loss":0.0,"gold_gain":0.0,"event_name":"WeMeetAgain","player_choice":"Gave Potion","floor":3.0,"gold_loss":0.0,"damage_taken":0.0,"relics_obtained":["CeramicFish"]},{"damage_healed":0,"gold_gain":0,"player_choice":"Obtained Book","damage_taken":16,"max_hp_gain":0,"max_hp_loss":0,"event_name":"Cursed Tome","floor":21,"gold_loss":0},{"cards_removed":["Strike_B"],"damage_healed":0,"gold_gain":0,"player_choice":"Card Removal","damage_taken":0,"max_hp_gain":0,"max_hp_loss":0,"event_name":"Wheel of Change","floor":22,"gold_loss":0}],"is_beta":false,"boss_relics":[{"not_picked":["Inserter","Nuclear Battery"],"picked":"Sozu"}],"items_purged_floors":[20,28],"is_endless":false,"potions_floor_spawned":[1,4,10,14,19,24],"killed_by":"Slavers","ascension_level":7}}