{"host":"d8d3jqle49sogkjv","time":1611490290,"event":{"mods":["BaseMod","Colored Map","Colored Powertips","Minty Spire (QoL Compilation)","StSLib"],"gold_per_floor":[214,214,228,243,21,21,41,41,89,124,58,58,58,58,58,58,58],"floor_reached":16,"language":"ENG","playtime":475,"items_purged":["Strike_G"],"score":147,"play_id":"303664b6-0a5b-4e3d-b0ae-fa31b836c266","local_time":"20210124131130","is_ascension_mode":true,"campfire_choices":[{"data":"Cloak And Dagger","floor":6,"key":"SMITH"},{"data":"Blade Dance","floor":8,"key":"SMITH"},{"floor":15,"key":"REST"}],"circlet_count":0,"master_deck":["AscendersBane","Strike_G","Strike_G","Strike_G","Strike_G","Defend_G","Defend_G","Defend_G","Defend_G","Survivor","Neutralize","Dodge and Roll","Cloak And Dagger+1","Adrenaline","Blade Dance+1","Accuracy"],"relics":["Ring of the Snake","Strawberry","Anchor","The Courier","Torii","Golden Idol"],"acts_visited":["Exordium"],"potions_floor_usage":[10],"damage_taken":[{"damage":2,"enemies":"Small Slimes","floor":1,"turns":4},{"damage":1,"enemies":"Cultist","floor":3,"turns":5},{"damage":1,"enemies":"Jaw Worm","floor":4,"turns":6},{"damage":2,"enemies":"Looter","floor":7,"turns":4},{"damage":19,"enemies":"Lagavulin","floor":10,"turns":6},{"damage":30,"enemies":"Slime Boss","floor":16,"turns":8}],"seed_played":"-8957106173656960603","potions_obtained":[{"floor":1,"key":"LiquidBronze"},{"floor":4,"key":"LiquidMemories"}],"is_trial":false,"path_per_floor":["M","?","M","M","$","R","M","R","T","E","$","?","?","?","R","B"],"character_chosen":"THE_SILENT","items_purchased":["Adrenaline","Accuracy"],"campfire_rested":1,"item_purchase_floors":[5,11],"current_hp_per_floor":[61,68,67,66,66,66,64,64,64,45,45,27,8,1,24,0,0],"gold":58,"neow_bonus":"HUNDRED_GOLD","is_daily":false,"chose_seed":false,"campfire_upgraded":2,"win_rate":0.0,"timestamp":1611490290,"path_taken":["M","?","?","M","$","R","M","R","T","E","$","?","?","?","R","BOSS"],"items_purchased_type":["Card","Card"],"build_version":"2020-12-22","purchased_purges":1,"victory":false,"max_hp_per_floor":[70,77,77,77,77,77,77,77,77,77,77,77,77,77,77,77,77],"card_choices":[{"not_picked":["Flechettes","Sucker Punch"],"picked":"Dodge and Roll","floor":1},{"not_picked":["Outmaneuver","Reflex"],"picked":"Cloak And Dagger","floor":3},{"not_picked":["Terror","Slice","Underhanded Strike"],"picked":"SKIP","floor":4},{"not_picked":["Acrobatics","Deflect"],"picked":"Blade Dance","floor":7},{"not_picked":["Deflect","Riddle With Holes","Predator"],"picked":"SKIP","floor":10}],"player_experience":427095,"relics_obtained":[{"floor":9,"key":"Anchor"},{"floor":10,"key":"The Courier"}],"event_choices":[{"damage_healed":0,"gold_gain":0,"player_choice":"Gave Potion","damage_taken":0,"relics_obtained":["Strawberry"],"max_hp_gain":0,"max_hp_loss":0,"event_name":"WeMeetAgain","floor":2,"gold_loss":0},{"damage_healed":0,"gold_gain":0,"player_choice":"Success","damage_taken":18,"relics_obtained":["Torii"],"max_hp_gain":0,"max_hp_loss":0,"event_name":"Scrap Ooze","floor":12,"gold_loss":0},{"damage_healed":0,"gold_gain":0,"player_choice":"Take Damage","damage_taken":19,"relics_obtained":["Golden Idol"],"max_hp_gain":0,"max_hp_loss":0,"event_name":"Golden Idol","floor":13,"gold_loss":0},{"cards_removed":["Defend_G"],"damage_healed":0,"gold_gain":0,"player_choice":"Card Removal","damage_taken":7,"max_hp_gain":0,"max_hp_loss":0,"event_name":"Golden Wing","floor":14,"gold_loss":0}],"is_beta":false,"boss_relics":[],"items_purged_floors":[5],"is_endless":false,"potions_floor_spawned":[1,4],"killed_by":"Slime Boss","ascension_level":10}}