{"host":"sum4dy402bbv9y4o","time":1611456917,"event":{"mods":["Aspiration","BaseMod","Conspire","Highlight Path","Minty Spire (QoL Compilation)","StSLib"],"gold_per_floor":[118,14,31,31,31,59,85,112,112,128,128,128],"floor_reached":11,"language":"ENG","playtime":375,"items_purged":["Strike_B"],"score":212,"play_id":"5206a757-a4ad-4412-8882-4520d829e03b","local_time":"20210124055517","is_ascension_mode":true,"campfire_choices":[],"circlet_count":0,"master_deck":["AscendersBane","Strike_B","Strike_B","Strike_B","Defend_B","Defend_B","Defend_B","Zap","Dualcast","Lockon","Rebound","Conserve Battery","Beam Cell","Streamline","Barrage","Melter"],"relics":["Cracked Core","NeowsBlessing","HornCleat","Odd Mushroom","Blood Vial","Mango"],"acts_visited":["Exordium"],"potions_floor_usage":[7,11],"damage_taken":[{"damage":0,"enemies":"Jaw Worm","floor":1,"turns":1},{"damage":0,"enemies":"2 Louse","floor":3,"turns":1},{"damage":0,"enemies":"Lagavulin","floor":6,"turns":1},{"damage":15,"enemies":"The Mushroom Lair","floor":7,"turns":4},{"damage":23,"enemies":"Gremlin Nob","floor":8,"turns":4},{"damage":10,"enemies":"Small Slimes","floor":10,"turns":2},{"damage":30,"enemies":"3 Sentries","floor":11,"turns":4}],"seed_played":"2149380843237600567","potions_obtained":[{"floor":6,"key":"Strength Potion"},{"floor":10,"key":"Strength Potion"}],"is_trial":false,"path_per_floor":["M","$","M","?","?","E","?","E","T","M","E"],"character_chosen":"DEFECT","items_purchased":["Rebound"],"campfire_rested":0,"item_purchase_floors":[2],"current_hp_per_floor":[64,64,64,64,57,57,42,19,33,25,0,0],"gold":128,"neow_bonus":"THREE_ENEMY_KILL","is_daily":false,"chose_seed":false,"campfire_upgraded":0,"win_rate":0.0,"timestamp":1611456917,"path_taken":["M","$","M","?","?","E","?","E","T","M","E"],"items_purchased_type":["Card"],"build_version":"2020-12-22","purchased_purges":1,"victory":false,"max_hp_per_floor":[71,71,71,71,71,71,71,71,85,85,85,85],"card_choices":[{"not_picked":["Gash","Redo"],"picked":"Lockon","floor":1},{"not_picked":["Stack","Gash"],"picked":"Conserve Battery","floor":3},{"not_picked":["Rebound","Go for the Eyes"],"picked":"Beam Cell","floor":6},{"not_picked":["Sweeping Beam","Heatsinks"],"picked":"Streamline","floor":7},{"not_picked":["Doom and Gloom","Compile Driver"],"picked":"Barrage","floor":8},{"not_picked":["Rebound","Turbo"],"picked":"Melter","floor":10}],"player_experience":2975356,"relics_obtained":[{"floor":6,"key":"HornCleat"},{"floor":7,"key":"Odd Mushroom"},{"floor":8,"key":"Blood Vial"},{"floor":9,"key":"Mango"}],"event_choices":[{"cards_removed":["Defend_B"],"damage_healed":0,"gold_gain":0,"player_choice":"Card Removal","damage_taken":7,"max_hp_gain":0,"max_hp_loss":0,"event_name":"Golden Wing","floor":5,"gold_loss":0},{"damage_healed":0,"gold_gain":0,"player_choice":"Fought Mushrooms","damage_taken":0,"max_hp_gain":0,"max_hp_loss":0,"event_name":"Mushrooms","floor":7,"gold_loss":0}],"is_beta":false,"boss_relics":[],"items_purged_floors":[2],"is_endless":false,"potions_floor_spawned":[6,10],"killed_by":"3 Sentries","ascension_level":20}}