{"host":"g2yp6paluzgljz05","time":1611502504,"event":{"mods":["BaseMod","Bestiary","Colored Powertips","DeckTracker","Highlight Path","Minty Spire (QoL Compilation)","Quick Restart"],"gold_per_floor":[115,115,40,57,72,72,72,106,131,149,97,110,110,110,110,207,207,226,27,46,46,7,7,106,120,167,194,194,204,604,604,604,705,705,716,716,736,736,389,424,424,451,451,451,461,179,193,207,207,207,207,207,124,154,154,154],"floor_reached":55,"language":"ENG","playtime":2504,"items_purged":["Strike_R","Strike_R","Bash","Feed"],"score":1027,"play_id":"196c8d10-d36b-477d-99e9-dcc1814c6f48","local_time":"20210125023504","is_ascension_mode":true,"campfire_choices":[{"data":"Apotheosis","floor":6,"key":"SMITH"},{"floor":13,"key":"REST"},{"floor":15,"key":"REST"},{"floor":23,"key":"REST"},{"floor":28,"key":"REST"},{"floor":32,"key":"REST"},{"floor":41,"key":"REST"},{"floor":44,"key":"RECALL"},{"floor":49,"key":"REST"},{"data":"Demon Form","floor":52,"key":"SMITH"}],"circlet_count":0,"master_deck":["Defend_R+1","Defend_R+1","Defend_R+1","Defend_R+1","Apotheosis+1","Whirlwind","Flex","Heavy Blade","Demon Form+1","Havoc+1","Necronomicurse","Inflame","Shrug It Off","Fiend Fire","Warcry","True Grit","Impervious","Thinking Ahead","Exhume","Disarm+1","Warcry","Disarm","Mayhem","Headbutt+1"],"relics":["Burning Blood","Nunchaku","Anchor","Pear","Sozu","Membership Card","Necronomicon","Happy Flower","Calipers","Old Coin","Shuriken","Runic Dome","Lee\u0027s Waffle","HornCleat","Bottled Lightning","Vajra","Chemical X","Bag of Preparation","Pen Nib"],"acts_visited":["Exordium","TheCity","TheBeyond","TheEnding"],"potions_floor_usage":[16,27,33],"damage_taken":[{"damage":12,"enemies":"Jaw Worm","floor":1,"turns":3},{"damage":0,"enemies":"Cultist","floor":4,"turns":3},{"damage":0,"enemies":"Small Slimes","floor":5,"turns":2},{"damage":40,"enemies":"Gremlin Nob","floor":8,"turns":4},{"damage":0,"enemies":"3 Louse","floor":10,"turns":1},{"damage":1,"enemies":"Looter","floor":12,"turns":2},{"damage":62,"enemies":"The Guardian","floor":16,"turns":8},{"damage":18,"enemies":"2 Thieves","floor":18,"turns":3},{"damage":0,"enemies":"Shell Parasite","floor":20,"turns":4},{"damage":22,"enemies":"Sentry and Sphere","floor":25,"turns":4},{"damage":82,"enemies":"Gremlin Leader","floor":27,"turns":4},{"damage":0,"enemies":"Snake Plant","floor":29,"turns":2},{"damage":17,"enemies":"Colosseum Slavers","floor":30,"turns":2},{"damage":18,"enemies":"Colosseum Nobs","floor":30,"turns":3},{"damage":32,"enemies":"Collector","floor":33,"turns":4},{"damage":32,"enemies":"3 Shapes","floor":35,"turns":2},{"damage":11,"enemies":"Orb Walker","floor":37,"turns":3},{"damage":46,"enemies":"Giant Head","floor":40,"turns":7},{"damage":0,"enemies":"Nemesis","floor":42,"turns":5},{"damage":0,"enemies":"Maw","floor":45,"turns":4},{"damage":0,"enemies":"Transient","floor":47,"turns":5},{"damage":14,"enemies":"4 Shapes","floor":48,"turns":1},{"damage":0,"enemies":"Time Eater","floor":50,"turns":4},{"damage":4,"enemies":"Shield and Spear","floor":54,"turns":3},{"damage":111,"enemies":"The Heart","floor":55,"turns":6}],"seed_played":"2825784624440284632","potions_obtained":[{"floor":1,"key":"CultistPotion"},{"floor":4,"key":"LiquidMemories"},{"floor":5,"key":"LiquidBronze"}],"is_trial":false,"path_per_floor":["M","?","$","M","M","R","$","E","T","M","$","M","R","T","R","B",null,"M","$","M","?","$","R","?","M","T","E","R","M","?","?","R","B",null,"M","?","M","?","$","E","R","E","T","R","M","$","M","M","R","B",null,"R","$","E","B"],"character_chosen":"IRONCLAD","items_purchased":["Heavy Blade","Membership Card","Inflame","Lee\u0027s Waffle","HornCleat","Thinking Ahead","Chemical X","Bag of Preparation","Warcry","Disarm","Mayhem"],"campfire_rested":7,"item_purchase_floors":[11,19,22,39,39,39,46,46,46,46,53],"current_hp_per_floor":[50,50,50,56,62,62,62,28,28,34,34,39,63,73,90,34,90,81,81,91,75,75,97,97,84,84,8,38,44,24,24,54,28,103,77,77,72,72,110,70,103,109,109,109,110,110,110,102,110,110,110,110,110,110,0,0],"gold":154,"neow_bonus":"RANDOM_COLORLESS_2","is_daily":false,"chose_seed":false,"campfire_upgraded":2,"win_rate":0.0,"timestamp":1611502504,"path_taken":["M","?","$","M","M","R","?","E","T","M","$","?","R","?","R","BOSS","M","$","M","?","$","R","?","M","T","E","R","M","?","?","R","BOSS","M","?","?","?","$","E","R","E","T","R","M","$","M","M","R","BOSS","R","$","E","BOSS"],"items_purchased_type":["Card","Relic","Card","Relic","Relic","Card","Relic","Relic","Card","Card","Card"],"build_version":"2020-12-22","purchased_purges":4,"victory":false,"max_hp_per_floor":[80,80,80,80,80,80,80,80,80,80,80,80,80,90,90,90,90,93,93,97,97,97,97,97,100,100,100,100,100,103,103,103,103,103,103,103,103,103,110,110,110,110,110,110,110,110,110,110,110,110,110,110,110,110,110,110],"card_choices":[{"not_picked":["Panache","Secret Technique"],"picked":"Apotheosis","floor":0},{"not_picked":["Flame Barrier","True Grit"],"picked":"Whirlwind","floor":1},{"not_picked":["Iron Wave","Dark Embrace"],"picked":"Flex","floor":4},{"not_picked":["Perfected Strike","Cleave","Second Wind"],"picked":"SKIP","floor":5},{"not_picked":["Headbutt","Sever Soul","Blood for Blood"],"picked":"SKIP","floor":8},{"not_picked":["Burning Pact","Dropkick"],"picked":"Feed","floor":10},{"not_picked":["Rampage","Armaments","Perfected Strike"],"picked":"SKIP","floor":12},{"not_picked":["Reaper","Corruption"],"picked":"Demon Form","floor":16},{"not_picked":["Wild Strike","Sword Boomerang"],"picked":"Havoc+1","floor":18},{"not_picked":["Clothesline","Disarm+1","Thunderclap"],"picked":"SKIP","floor":20},{"not_picked":["Thunderclap+1","Second Wind"],"picked":"Shrug It Off","floor":25},{"not_picked":["Feel No Pain","Disarm"],"picked":"Fiend Fire","floor":27},{"not_picked":["Evolve+1","Flex"],"picked":"Warcry","floor":29},{"not_picked":["Dropkick","Intimidate+1"],"picked":"True Grit","floor":30},{"not_picked":["Double Tap","Immolate"],"picked":"Impervious","floor":33},{"not_picked":["Warcry+1","Pommel Strike","Carnage"],"picked":"SKIP","floor":35},{"not_picked":["Iron Wave+1","Sentinel+1","True Grit"],"picked":"SKIP","floor":37},{"not_picked":["Clothesline+1","Anger"],"picked":"Exhume","floor":40},{"not_picked":["Cleave","Pommel Strike","Anger+1"],"picked":"SKIP","floor":42},{"not_picked":["Carnage+1","Hemokinesis"],"picked":"Disarm+1","floor":45},{"not_picked":["Infernal Blade+1","Pommel Strike","Havoc"],"picked":"SKIP","floor":47},{"not_picked":["Flex","Clash","Dual Wield+1"],"picked":"SKIP","floor":48},{"not_picked":["Perfected Strike+1","Thunderclap"],"picked":"Headbutt+1","floor":54}],"player_experience":256672,"relics_obtained":[{"floor":8,"key":"Nunchaku"},{"floor":9,"key":"Anchor"},{"floor":14,"key":"Pear"},{"floor":21,"key":"Necronomicon"},{"floor":26,"key":"Happy Flower"},{"floor":27,"key":"Calipers"},{"floor":30,"key":"Old Coin"},{"floor":30,"key":"Shuriken"},{"floor":40,"key":"Bottled Lightning"},{"floor":42,"key":"Vajra"},{"floor":54,"key":"Pen Nib"}],"event_choices":[{"cards_removed":["Strike_R"],"damage_healed":0,"gold_gain":0,"player_choice":"Purged","damage_taken":0,"max_hp_gain":0,"max_hp_loss":0,"event_name":"Purifier","floor":2,"gold_loss":0},{"damage_healed":0,"gold_gain":0,"player_choice":"Obtained Book","damage_taken":16,"max_hp_gain":0,"max_hp_loss":0,"event_name":"Cursed Tome","floor":21,"gold_loss":0},{"damage_healed":0,"gold_gain":99,"player_choice":"Stole From Cult","damage_taken":0,"max_hp_gain":0,"max_hp_loss":0,"event_name":"Nest","floor":24,"gold_loss":0},{"damage_healed":0,"gold_gain":0,"player_choice":"Fight","damage_taken":0,"max_hp_gain":0,"max_hp_loss":0,"event_name":"Colosseum","floor":30,"gold_loss":0},{"damage_healed":0,"gold_gain":0,"player_choice":"Fought Nobs","damage_taken":0,"max_hp_gain":0,"max_hp_loss":0,"event_name":"Colosseum","floor":30,"gold_loss":0},{"damage_healed":0,"gold_gain":0,"player_choice":"Simplicity","damage_taken":0,"max_hp_gain":0,"max_hp_loss":0,"event_name":"Back to Basics","floor":31,"gold_loss":0,"cards_upgraded":["Strike_R","Strike_R","Defend_R","Defend_R","Defend_R","Defend_R"]},{"cards_removed":["Strike_R"],"damage_healed":0,"gold_gain":0,"player_choice":"Purged","damage_taken":0,"max_hp_gain":0,"max_hp_loss":0,"event_name":"Purifier","floor":36,"gold_loss":0},{"cards_removed":["Strike_R"],"damage_healed":0,"gold_gain":0,"player_choice":"Card Removal","damage_taken":0,"max_hp_gain":0,"max_hp_loss":0,"event_name":"Wheel of Change","floor":38,"gold_loss":0}],"is_beta":false,"boss_relics":[{"not_picked":["SacredBark","Black Blood"],"picked":"Sozu"},{"not_picked":["Philosopher\u0027s Stone","Runic Cube"],"picked":"Runic Dome"}],"items_purged_floors":[3,19,39,46],"is_endless":false,"potions_floor_spawned":[1,4,5,18,30,35,42,47,48],"killed_by":"The Heart","ascension_level":4}}