{"host":"oigynbtg272c19pw","time":1611523296,"event":{"mods":["BaseMod","Colored Map","Minty Spire (QoL Compilation)","Relic Stats","Slay the Relics Exporter","StSLib"],"gold_per_floor":[110,130,130,141,157,157,13,13,13,13,38,0,0,0,0],"floor_reached":14,"playtime":197,"items_purged":[],"score":176,"play_id":"04ad7205-55ff-4551-bd02-a7987c6e16b3","local_time":"20210124222136","is_ascension_mode":true,"campfire_choices":[{"data":"Skewer","floor":6,"key":"SMITH"},{"data":"Footwork","floor":8,"key":"SMITH"},{"data":"Deadly Poison","floor":10,"key":"SMITH"}],"circlet_count":0,"master_deck":["AscendersBane","Strike_G","Strike_G","Strike_G","Strike_G","Strike_G","Defend_G","Defend_G","Defend_G","Defend_G","Defend_G","Survivor+1","Neutralize+1","Bane","Skewer+1","PiercingWail","Deadly Poison+1","Footwork+1","Adrenaline"],"relics":["Ring of the Snake","NeowsBlessing","Kunai","Lizard Tail","Omamori"],"acts_visited":["Exordium"],"potions_floor_usage":[5,14],"damage_taken":[{"damage":0,"enemies":"Jaw Worm","floor":1,"turns":1},{"damage":0,"enemies":"Small Slimes","floor":2,"turns":1},{"damage":0,"enemies":"2 Louse","floor":4,"turns":1},{"damage":0,"enemies":"2 Fungi Beasts","floor":5,"turns":2},{"damage":25,"enemies":"Gremlin Nob","floor":11,"turns":4},{"damage":0,"enemies":"3 Sentries","floor":14,"turns":2}],"seed_played":"-151495895148184892","potions_obtained":[{"floor":2,"key":"Explosive Potion"},{"floor":4,"key":"CultistPotion"}],"is_trial":false,"path_per_floor":["M","M","?","M","M","R","$","R","T","R","E","?","?","E"],"character_chosen":"THE_SILENT","items_purchased":["Deadly Poison","Footwork"],"campfire_rested":0,"item_purchase_floors":[7,7],"current_hp_per_floor":[59,59,39,39,39,39,39,39,39,39,14,14,9,9,9],"gold":0,"neow_bonus":"THREE_ENEMY_KILL","is_daily":false,"chose_seed":false,"campfire_upgraded":3,"win_rate":0.0,"timestamp":1611523296,"path_taken":["M","M","?","M","M","R","$","R","T","R","E","?","?","E"],"items_purchased_type":["Card","Card"],"build_version":"2020-12-13","purchased_purges":0,"victory":false,"max_hp_per_floor":[66,66,66,66,66,66,66,66,66,66,66,66,66,66,66],"relic_stats":{"Lizard Tail":0,"counters":[6,11],"Kunai":[1],"obtain_stats":[{"Lizard Tail":11,"NeowsBlessing":0,"Omamori":13,"Kunai":9,"Ring of the Snake":0},{"Lizard Tail":5,"NeowsBlessing":0,"Omamori":5,"Kunai":4,"Ring of the Snake":0},{"Lizard Tail":9,"NeowsBlessing":0,"Omamori":9,"Kunai":5,"Ring of the Snake":0}],"Ring of the Snake":[12]},"card_choices":[{"not_picked":["Deflect","Distraction"],"picked":"Bane","floor":1},{"not_picked":["Prepared","Calculated Gamble"],"picked":"Skewer","floor":2},{"not_picked":["Outmaneuver","Flying Knee","Cloak And Dagger"],"picked":"SKIP","floor":4},{"not_picked":["Dodge and Roll","Bane"],"picked":"PiercingWail","floor":5},{"not_picked":["PiercingWail","Dagger Spray"],"picked":"Adrenaline","floor":11}],"player_experience":1485572,"relics_obtained":[{"floor":9,"key":"Kunai"},{"floor":11,"key":"Lizard Tail"}],"event_choices":[{"damage_healed":0,"gold_gain":0,"player_choice":"Entered Light","damage_taken":20,"max_hp_gain":0,"max_hp_loss":0,"event_name":"Shining Light","floor":3,"gold_loss":0,"cards_upgraded":["Survivor","Neutralize"]},{"damage_healed":0,"gold_gain":0,"player_choice":"Left Gold","damage_taken":0,"max_hp_gain":0,"max_hp_loss":0,"event_name":"World of Goop","floor":12,"gold_loss":38},{"damage_healed":0,"gold_gain":0,"player_choice":"Success","damage_taken":5,"relics_obtained":["Omamori"],"max_hp_gain":0,"max_hp_loss":0,"event_name":"Scrap Ooze","floor":13,"gold_loss":0}],"is_beta":false,"boss_relics":[],"items_purged_floors":[],"is_endless":false,"potions_floor_spawned":[2,4],"killed_by":"3 Sentries","ascension_level":20}}