{"host":"mep2b6vzdxhg46zq","time":1611511680,"event":{"mods":["Aspiration","Bard","BaseMod","Hermit","Hubris","Minty Spire (QoL Compilation)","READ ME - Guardian Mod","Random Character Button","Shade Mod","StSLib","The Animator","The Blackbeard","The Bladedancer","The Clintock","The Cursed","The Disciple","The Exalted","The Forsaken","The Judge","The Runesmith","vexMod"],"gold_per_floor":[109,109,35,49,60,60,72,72,72,4,23,37,37,37,37,133,133,147,147,165,97,97,97,97,112,188,202,237,237,247,263,263,368,368,390,409,409,409,424,424,457,509,509,522,522,46,59,59,59,62],"floor_reached":51,"language":"ENG","playtime":3229,"items_purged":[],"score":791,"play_id":"abebebbb-f03e-41ff-bec5-dff05d4abf9d","local_time":"20210124180800","is_ascension_mode":false,"campfire_choices":[{"data":"Shade:Carnophage","floor":6,"key":"SMITH"},{"data":"Shade:AnimateDead","floor":8,"key":"SMITH"},{"data":"Shade:Carnophage","floor":13,"key":"SMITH"},{"data":"Shade:OpenGraves","floor":15,"key":"SMITH"},{"data":"Shade:CallOfTheGrave","floor":24,"key":"SMITH"},{"data":"Shade:Bonestorm","floor":29,"key":"SMITH"},{"data":"Shade:Putrefaction","floor":32,"key":"SMITH"},{"data":"Shade:DangerousRitual","floor":40,"key":"SMITH"},{"floor":45,"key":"REST"},{"floor":49,"key":"REST"}],"circlet_count":0,"master_deck":["Shade:Strike_Shade","Shade:Strike_Shade","Shade:Strike_Shade","Shade:Defend_Shade","Shade:Defend_Shade","Shade:Defend_Shade","Shade:Defend_Shade","Shade:AnimateDead+1","Shade:GraveStillness","Shade:Carnophage+1","Shade:Bonestorm","Shade:SensePrey","Shade:CommandSoldier","Shade:OpenGraves+1","Shade:ExtraLimbs","Shade:Carnophage+1","Injury","Shade:UnbarTheGrave+1","Shade:AblativeArmor+1","Shade:FingerOfDeath","Shade:LoseControl+1","Shade:Trample","Shade:CallOfTheGrave+1","Shade:FleshToFlesh+1","Shade:FingerOfDeath","Shade:Bonestorm+1","Shade:FreshBones+1","Shade:Trample","Shade:Putrefaction+1","Shade:Consume","Shade:CoffinDance+1","Shade:FuneraryJewels+1","Writhe","theForsaken:PlagueCurse","Shade:DangerousRitual+1","Shade:FeralStrike","Shade:CommandSoldier+1","Writhe","Shade:GraveStillness+1","Shade:SensePrey+1","Jack Of All Trades+1","Shade:Brains+1"],"relics":["Shade:YorickSkull","vexMod:ConsolationPrize","Toxic Egg 2","vexMod:CursedCompass","aspiration:HummingbirdHeart","hubris:TenFootPole","Cursed Key","theForsaken:PlagueMask","Sundial","Potion Belt","Vajra","Bromod:ArcaneConsequence"],"acts_visited":["Exordium","TheCity","TheBeyond"],"potions_floor_usage":[16,16,16,28,33,42,42,44,50,50,50,50],"damage_taken":[{"damage":0,"enemies":"Cultist","floor":1,"turns":3},{"damage":0,"enemies":"2 Louse","floor":4,"turns":5},{"damage":2,"enemies":"Jaw Worm","floor":5,"turns":4},{"damage":2,"enemies":"Blue Slaver","floor":7,"turns":4},{"damage":0,"enemies":"Looter","floor":11,"turns":4},{"damage":0,"enemies":"Large Slime","floor":12,"turns":6},{"damage":0,"enemies":"Slime Boss","floor":16,"turns":8},{"damage":0,"enemies":"Shell Parasite","floor":18,"turns":6},{"damage":0,"enemies":"Spheric Guardian","floor":20,"turns":4},{"damage":1,"enemies":"Cultist and Chosen","floor":25,"turns":7},{"damage":1,"enemies":"Snake Plant","floor":27,"turns":3},{"damage":7,"enemies":"Slavers","floor":28,"turns":5},{"damage":0,"enemies":"3 Cultists","floor":30,"turns":3},{"damage":0,"enemies":"Shelled Parasite and Fungi","floor":31,"turns":4},{"damage":4,"enemies":"Champ","floor":33,"turns":8},{"damage":7,"enemies":"3 Shapes","floor":35,"turns":3},{"damage":4,"enemies":"Orb Walker","floor":36,"turns":3},{"damage":3,"enemies":"Transient","floor":39,"turns":5},{"damage":15,"enemies":"4 Shapes","floor":41,"turns":5},{"damage":21,"enemies":"Nemesis","floor":42,"turns":7},{"damage":3,"enemies":"Maw","floor":44,"turns":6},{"damage":0,"enemies":"3 Darklings","floor":47,"turns":3},{"damage":3,"enemies":"Time Eater","floor":50,"turns":10}],"seed_played":"-2515595595189690064","potions_obtained":[{"floor":1,"key":"AttackPotion"},{"floor":5,"key":"Fire Potion"},{"floor":12,"key":"Weak Potion"},{"floor":18,"key":"LiquidBronze"},{"floor":28,"key":"Swift Potion"},{"floor":31,"key":"Ancient Potion"},{"floor":33,"key":"Ancient Potion"},{"floor":36,"key":"EntropicBrew"},{"floor":41,"key":"Fire Potion"},{"floor":44,"key":"Block Potion"}],"is_trial":false,"path_per_floor":["M","?","$","M","M","R","M","R","T","$","M","M","R","?","R","B",null,"M","?","M","$","?","?","R","M","T","M","E","R","M","M","R","B",null,"M","M","?","?","M","R","M","E","T","M","R","$","M","$","R","B",null],"character_chosen":"SHADE","items_purchased":["Shade:Carnophage","Shade:OpenGraves","Shade:CallOfTheGrave","Vajra","Bromod:ArcaneConsequence","Shade:SensePrey+1","Jack Of All Trades+1","FearPotion"],"campfire_rested":2,"item_purchase_floors":[3,10,21,46,46,46,46,46],"current_hp_per_floor":[71,71,71,71,69,69,67,67,67,67,67,67,67,67,67,67,71,71,71,71,71,71,71,71,70,70,69,62,62,62,62,62,58,71,64,60,71,71,68,68,53,32,32,29,50,50,50,50,71,68],"gold":62,"neow_bonus":"TEN_PERCENT_HP_BONUS","is_daily":false,"chose_seed":false,"campfire_upgraded":8,"win_rate":0.0,"timestamp":1611511680,"path_taken":["M","?","$","M","M","R","M","R","T","?","?","M","R","?","R","BOSS","M","?","M","$","?","?","R","M","T","M","E","R","M","M","R","BOSS","M","M","?","?","M","R","M","E","T","M","R","?","M","$","R","BOSS"],"items_purchased_type":["Card","Card","Card","Relic","Relic","Card","Card","Potion"],"build_version":"2020-12-22","purchased_purges":0,"victory":true,"max_hp_per_floor":[71,71,71,71,71,71,71,71,71,71,71,71,71,71,71,71,71,71,71,71,71,71,71,71,71,71,71,71,71,71,71,71,71,71,71,71,71,71,71,71,71,71,71,71,71,71,71,71,71,71],"card_choices":[{"not_picked":["Shade:Patience","Shade:SkeletonHug"],"picked":"Shade:WallOfFlesh","floor":1},{"not_picked":["Shade:FleshLikeOak","Shade:LyeBath"],"picked":"Shade:Bonestorm","floor":4},{"not_picked":["Shade:GreyBargain","Shade:Frenzy"],"picked":"Shade:SensePrey","floor":5},{"not_picked":["Shade:BoneShards","Shade:Frenzy"],"picked":"Shade:CommandSoldier","floor":7},{"not_picked":["Shade:Excise","Shade:Brains"],"picked":"Shade:ExtraLimbs","floor":11},{"not_picked":["Shade:BoneShards","Shade:SelfBurial"],"picked":"Shade:Carnophage","floor":12},{"not_picked":["Shade:OneIsEnough","Shade:LoseControl+1"],"picked":"Shade:UnbarTheGrave+1","floor":16},{"not_picked":["Shade:BoneShards+1","Shade:SpectralStrikes"],"picked":"Shade:AblativeArmor+1","floor":18},{"not_picked":["Shade:PotionOfRestlessness","Shade:ExtraLimbs"],"picked":"Shade:Trample","floor":20},{"not_picked":["Shade:Patience+1","Shade:Haruspicy+1"],"picked":"Shade:FingerOfDeath","floor":25},{"not_picked":["Shade:Excise+1","Shade:SoulToxin+1"],"picked":"Shade:Bonestorm","floor":27},{"not_picked":["Shade:CloudOfShrapnel","Shade:FingerOfDeath"],"picked":"Shade:FreshBones+1","floor":28},{"not_picked":["Shade:WallOfFlesh+1","Shade:GreyBargain+1"],"picked":"Shade:Trample","floor":30},{"not_picked":["Shade:FuneraryArmor+1","Shade:SensePrey+1"],"picked":"Shade:Putrefaction","floor":31},{"not_picked":["Shade:MadHubris+1","Shade:Tombstone"],"picked":"Shade:Consume","floor":33},{"not_picked":["Shade:AblativeArmor+1","Shade:Excise+1"],"picked":"Shade:CoffinDance+1","floor":35},{"not_picked":["Shade:WallOfFlesh+1","Shade:Patience+1"],"picked":"Shade:FuneraryJewels+1","floor":36},{"not_picked":["Shade:CallWraith+1","Shade:GreyBargain+1"],"picked":"Shade:DangerousRitual","floor":39},{"not_picked":["Shade:Premonition+1","Shade:AblativeArmor+1"],"picked":"Shade:FeralStrike","floor":41},{"not_picked":["Shade:Patience+1","Shade:OneIsEnough"],"picked":"Shade:CommandSoldier+1","floor":42},{"not_picked":["Shade:BoneShards","Shade:Bonestorm"],"picked":"Shade:GraveStillness+1","floor":44},{"not_picked":["Shade:AblativeArmor+1","Shade:BoneShards+1"],"picked":"Shade:Brains+1","floor":47}],"player_experience":35826,"relics_obtained":[{"floor":9,"key":"vexMod:ConsolationPrize"},{"floor":26,"key":"aspiration:HummingbirdHeart"},{"floor":28,"key":"hubris:TenFootPole"},{"floor":42,"key":"Sundial"},{"floor":43,"key":"Potion Belt"}],"event_choices":[{"damage_healed":0,"gold_gain":0,"cards_transformed":["Shade:Strike_Shade"],"player_choice":"Transformed","damage_taken":0,"max_hp_gain":0,"max_hp_loss":0,"event_name":"Transmorgrifier","floor":2,"gold_loss":0,"cards_obtained":["Shade:GraveStillness"]},{"damage_healed":0,"gold_gain":0,"cards_transformed":["Shade:CarefulCut","Shade:WallOfFlesh"],"player_choice":"Became Test Subject","damage_taken":0,"max_hp_gain":0,"max_hp_loss":0,"event_name":"Drug Dealer","floor":19,"gold_loss":0,"cards_obtained":["Shade:FingerOfDeath","Shade:LoseControl"]},{"damage_healed":0,"gold_gain":0,"player_choice":"Ignored","damage_taken":0,"max_hp_gain":0,"max_hp_loss":0,"event_name":"Beggar","floor":22,"gold_loss":0},{"damage_healed":0,"gold_gain":0,"player_choice":"Read","damage_taken":0,"max_hp_gain":0,"max_hp_loss":0,"event_name":"The Library","floor":23,"gold_loss":0,"cards_obtained":["Shade:FleshToFlesh"]},{"damage_healed":18,"gold_gain":0,"player_choice":"Writhe","damage_taken":0,"max_hp_gain":0,"max_hp_loss":0,"event_name":"Winding Halls","floor":37,"gold_loss":0,"cards_obtained":["Writhe"]},{"damage_healed":0,"gold_gain":0,"player_choice":"Obtain Plague Curse","damage_taken":0,"max_hp_gain":0,"max_hp_loss":0,"event_name":"Plague Doctor","floor":38,"gold_loss":0,"cards_obtained":["theForsaken:PlagueCurse"]}],"is_beta":false,"boss_relics":[{"not_picked":["vexMod:BigBerry","SacredBark"],"picked":"vexMod:CursedCompass"},{"not_picked":["vexMod:EndlessSickness","aspiration:PoetsPen_weak"],"picked":"Cursed Key"}],"items_purged_floors":[],"is_endless":false,"potions_floor_spawned":[1,5,12,18,28,31,33,36,41,44],"ascension_level":0}}