{"host":"r10yh36zs2k9z1sa","time":1611472076,"event":{"mods":["AchievementEnabler","Act Like it!","Aspiration","Astrologer","BaseMod","Colored Map","Conspire","Decade(¤ý¤p©ú)","Gensokyo","Hermit","Highlight Path","KinomotoSakuraMod(¤ì¤§¥»?)","Koishi","KomeijiMod","Marisa¡]Ãú«B¡@Å]²z¨F¡^","Minty Spire (QoL Compilation)","Permanent Neow","Quick Restart","Reimu¡]³Õ???¡^","Remilia¡]Á¢¦Ì²ú?¡^","StSLib","SuperFastMode","The Administrix","The Blackbeard","The Bug Knight","The Cursed","The Gatherer","The Marked","The Mystic","The Saiyan","The Senshi","The Servant 0.9.4","Youmu¡]»î¾z§¯?¡^","Yuri Mod","Yuyuko"],"gold_per_floor":[112,112,122,134,134,163,163,190,190,218,218,69,79,109,109,214,214,227,327,343,368,384,412,424,458,458,475,475,503,503,521,521,626,626,641,641,660,679,280,309,326,326,326,326,174,37,37,69,69,69],"floor_reached":51,"language":"ZHS","playtime":6826,"items_purged":["Koishi:BasicStrike","Koishi:BasicStrike"],"score":885,"play_id":"f75b0174-d885-45fd-9fb4-c30c30b48293","local_time":"20210124150756","is_ascension_mode":true,"campfire_choices":[{"data":"Koishi:EmbryosDream","floor":7.0,"key":"SMITH"},{"floor":11.0,"key":"REST"},{"data":"Koishi:MentalBreakdown","floor":15.0,"key":"SMITH"},{"data":"Koishi:PerfectMindControl","floor":28,"key":"SMITH"},{"data":"Koishi:Whimsy","floor":30,"key":"SMITH"},{"data":"Koishi:HauntingSlash","floor":32,"key":"SMITH"},{"data":"Koishi:TerrifyingSpectre","floor":42,"key":"SMITH"},{"data":"Discovery","floor":49,"key":"SMITH"}],"circlet_count":0,"master_deck":["Koishi:BasicStrike+1","Koishi:BasicDefend","Koishi:BasicDefend","Koishi:BasicDefend","Koishi:BasicDefend","Koishi:Provoke","Koishi:HauntingSlash+1","Koishi:EmbryosDream+1","Koishi:TremblingHands","Koishi:EmbryosDream","Koishi:StingingMind+1","Koishi:MentalBreakdown+1","Koishi:Whimsy+1","Koishi:DreadfulBlow","Koishi:SilentAndRestless","Koishi:TremblingHands+1","Koishi:LastRemote","Koishi:PerfectMindControl+1","Koishi:YoukaiPolygraph","Koishi:BloodcurdlingScream+1","Koishi:TerrifyingSpectre+1","Koishi:GeneticsOfTheUnconscious+1","Koishi:UnconsciousUrges","Koishi:FadingMemory","Koishi:JumpScare+1","Koishi:PerfectMindControl+1","Koishi:Untouchable","Discovery+1","Sadistic Nature","Koishi:ImGoingToCallYouNow"],"relics":["Koishi:ImaginaryFriend","aspiration:Nostalgia","Burning Blood","aspiration:FetidBarrel","Bottled Lightning","PreservedInsect","Question Card","Dream Catcher","Strawberry","aspiration:ChemicalBlood","HollowMod:PaleOreRelic","conspire:Dentures","Bottled Flame","Nunchaku","Happy Flower","Black Star","Kunai","Koishi:AHoleWhereASisterShouldBe","Whetstone","Juzu Bracelet","DollysMirror","aspiration:StickyExplosives_weak","Bottled Tornado"],"acts_visited":["Exordium","TheCity","TheBeyond"],"potions_floor_usage":[18,22,23,23,25,27,29,33,33,33,33,33,40,50],"damage_taken":[{"damage":5.0,"enemies":"Jaw Worm","floor":1.0,"turns":6.0},{"damage":0.0,"enemies":"Small Slimes","floor":3.0,"turns":8.0},{"damage":0.0,"enemies":"Cultist","floor":4.0,"turns":3.0},{"damage":8.0,"enemies":"3 Sentries","floor":6.0,"turns":9.0},{"damage":30.0,"enemies":"Gremlin Nob","floor":8.0,"turns":7.0},{"damage":14.0,"enemies":"3 Sentries","floor":10.0,"turns":6.0},{"damage":0.0,"enemies":"Looter","floor":13.0,"turns":4.0},{"damage":3.0,"enemies":"Lagavulin","floor":14.0,"turns":9.0},{"damage":45.0,"enemies":"Slime Boss","floor":16.0,"turns":13.0},{"damage":26,"enemies":"Shell Parasite","floor":18,"turns":15},{"damage":5,"enemies":"Snecko","floor":20,"turns":6},{"damage":17,"enemies":"Cultist and Chosen","floor":22,"turns":10},{"damage":1,"enemies":"Book of Stabbing","floor":23,"turns":5},{"damage":15,"enemies":"Shelled Parasite and Fungi","floor":24,"turns":11},{"damage":5,"enemies":"conspire:SneckoGhost","floor":25,"turns":7},{"damage":19,"enemies":"Sentry and Sphere","floor":27,"turns":9},{"damage":16,"enemies":"Gremlin Leader","floor":29,"turns":7},{"damage":0,"enemies":"Chosen and Byrds","floor":31,"turns":8},{"damage":46,"enemies":"Automaton","floor":33,"turns":14},{"damage":27,"enemies":"Orb Walker","floor":35,"turns":6},{"damage":2,"enemies":"3 Shapes","floor":37,"turns":8},{"damage":5,"enemies":"Transient","floor":38,"turns":5},{"damage":18,"enemies":"Reptomancer","floor":40,"turns":7},{"damage":0,"enemies":"Maw","floor":41,"turns":7},{"damage":0,"enemies":"Giant Head","floor":48,"turns":8},{"damage":0,"enemies":"Time Eater","floor":50,"turns":7}],"seed_played":"-3109587081019238016","potions_obtained":[{"floor":4.0,"key":"EntropicBrew"},{"floor":6.0,"key":"SkillPotion"},{"floor":10.0,"key":"DuplicationPotion"},{"floor":13.0,"key":"Strength Potion"},{"floor":16.0,"key":"Fire Potion"},{"floor":22,"key":"LiquidMemories"},{"floor":24,"key":"SkillPotion"},{"floor":29,"key":"Energy Potion"},{"floor":33,"key":"BlessingOfTheForge"},{"floor":33,"key":"GrandPatriotsElixir:ReiMu"},{"floor":35,"key":"SpeedPotion"},{"floor":36,"key":"SkillPotion"}],"is_trial":false,"path_per_floor":["M","?","M","M","?","E","R","E","T","E","R","$","M","E","R","B",null,"M","?","M","T","M","E","M","E","T","M","R","E","R","M","R","B",null,"M","?","M","M","$","E","M","R","T","?","$","$","?","E","R","B",null],"character_chosen":"KOISHI","items_purchased":["Strawberry","Koishi:UnconsciousUrges","Kunai","DollysMirror","Koishi:Untouchable"],"campfire_rested":1,"item_purchase_floors":[12,39,39,45,46],"current_hp_per_floor":[60,53,60,60,42,40,40,25,25,18,36,43,54,60,60,22,67,67,67,67,67,67,67,66,67,67,67,67,62,62,67,67,36,67,53,53,66,67,67,67,67,67,67,67,67,67,62,67,67,67],"gold":69,"neow_bonus":"NOSTALGIA","is_daily":false,"chose_seed":false,"campfire_upgraded":7,"win_rate":0.0,"timestamp":1611472076,"path_taken":["M","?","M","M","?","E","R","E","T","E","R","?","?","E","R","BOSS","M","?","?","?","M","E","M","E","T","M","R","E","R","M","R","BOSS","M","?","?","M","$","E","M","R","T","?","?","$","?","E","R","BOSS"],"items_purchased_type":["Relic","Card","Relic","Relic","Card"],"build_version":"2020-12-22","purchased_purges":2,"victory":true,"max_hp_per_floor":[60,60,60,60,60,60,60,60,60,60,60,67,67,67,67,67,67,67,67,67,67,67,67,67,67,67,67,67,67,67,67,67,67,67,67,67,67,67,67,67,67,67,67,67,67,67,67,67,67,67],"card_choices":[{"not_picked":["Koishi:CatchAndRose","Koishi:YoukaiPolygraph"],"picked":"Koishi:EmbryosDream","floor":1.0},{"not_picked":["Koishi:PhantomBarrier","Koishi:ApparitionsStalkTheNight"],"picked":"Koishi:TremblingHands","floor":3.0},{"not_picked":["Koishi:Vanish","Koishi:Prune"],"picked":"Koishi:EmbryosDream","floor":4.0},{"not_picked":["Koishi:TremblingHands","Koishi:TraumaticStroke"],"picked":"Koishi:StingingMind","floor":6.0},{"not_picked":["Koishi:FleetingPhantom","Koishi:ReflexRadar"],"picked":"Koishi:MentalBreakdown","floor":8.0},{"not_picked":["Koishi:ReflexRadar","Koishi:SpiritedAway","Koishi:YoukaiPolygraph"],"picked":"Koishi:Whimsy","floor":10.0},{"not_picked":["Koishi:FleetingPhantom","Koishi:FormlessExistence","Koishi:SpiritedAway","Koishi:HeartfeltFancy"],"picked":"SKIP","floor":13.0},{"not_picked":["Koishi:BloodcurdlingScream","Koishi:CatchAndRose","Koishi:UnconsciousUprising"],"picked":"Koishi:DreadfulBlow","floor":14.0},{"not_picked":["Koishi:ConditionedTeleport","Koishi:Heartbroken","Koishi:FormlessExistence"],"picked":"Koishi:SilentAndRestless","floor":16.0},{"not_picked":["Koishi:RacingHeart","Koishi:ReflexRadar+1","Koishi:SprinkleStarAndHeart"],"picked":"Koishi:TremblingHands+1","floor":18},{"not_picked":["Koishi:RacingHeart","Koishi:FreudianInstinct","Koishi:PhantomBarrier","Koishi:MassHysteria"],"picked":"SKIP","floor":20},{"not_picked":["Koishi:ReflexRadar","Koishi:UnseenTerror","Koishi:StingingMind"],"picked":"Koishi:LastRemote","floor":22},{"not_picked":["Koishi:StingingMind","Koishi:EmbryosDream","Koishi:SpiritedAway"],"picked":"Koishi:PerfectMindControl","floor":23},{"not_picked":["Koishi:StingingMind","Koishi:UnconsciousUprising","Koishi:MassHysteria+1","Koishi:UnansweredLove"],"picked":"SKIP","floor":24},{"not_picked":["Koishi:PhantomStrike","Koishi:JumpScare+1","Koishi:IdleWhim"],"picked":"Koishi:YoukaiPolygraph","floor":25},{"not_picked":["Koishi:CatchAndRose","Koishi:ConfinedInnocent","Koishi:Prune"],"picked":"Koishi:BloodcurdlingScream+1","floor":27},{"not_picked":["Koishi:StingingMind","Koishi:TremblingHands","Koishi:Prune","Koishi:SuperEgo"],"picked":"SKIP","floor":29},{"not_picked":["Koishi:StingingMind","Koishi:TremblingHands","Koishi:Prune","Koishi:SuperEgo"],"picked":"SKIP","floor":29},{"not_picked":["Koishi:UnansweredLove","Koishi:PhantomBarrier","Koishi:ReflexRadar","Koishi:FleetingPhantom"],"picked":"SKIP","floor":31},{"not_picked":["Koishi:Ego","Koishi:HeartStoppingHorror","Koishi:GrowingPain"],"picked":"Koishi:TerrifyingSpectre","floor":33},{"not_picked":["Koishi:SubterraneanRose","Koishi:SprinkleStarAndHeart","Koishi:EmbryosDream","Koishi:HeartfeltFancy"],"picked":"SKIP","floor":35},{"not_picked":["Koishi:EmbryosDream","Koishi:Bloodlust+1","Koishi:Catatonia","Koishi:CatchAndRose"],"picked":"SKIP","floor":37},{"not_picked":["Koishi:TraumaticStroke+1","Koishi:MindNumbingTerror","Koishi:SubconsciousSweep"],"picked":"Koishi:GeneticsOfTheUnconscious+1","floor":38},{"not_picked":["Koishi:FourthEye","Koishi:Jaunt+1","Koishi:YoukaiPolygraph+1"],"picked":"Koishi:FadingMemory","floor":40},{"not_picked":["Koishi:SubterraneanRose","Koishi:RacingHeart+1","Koishi:HeartfeltFancy+1"],"picked":"Koishi:JumpScare+1","floor":41},{"not_picked":["HandOfGreed","Purity","Mayhem"],"picked":"Discovery","floor":47},{"not_picked":["Purity","Enlightenment","Flash of Steel"],"picked":"Sadistic Nature","floor":47},{"not_picked":["Koishi:PhantomBarrier+1","Koishi:Catatonia","Koishi:RacingHeart+1"],"picked":"Koishi:ImGoingToCallYouNow","floor":48}],"player_experience":340846,"relics_obtained":[{"floor":6.0,"key":"Bottled Lightning"},{"floor":8.0,"key":"PreservedInsect"},{"floor":9.0,"key":"Question Card"},{"floor":10.0,"key":"Dream Catcher"},{"floor":14.0,"key":"aspiration:ChemicalBlood"},{"floor":21,"key":"HollowMod:PaleOreRelic"},{"floor":23,"key":"conspire:Dentures"},{"floor":25,"key":"Bottled Flame"},{"floor":26,"key":"Nunchaku"},{"floor":29,"key":"Happy Flower"},{"floor":40,"key":"Koishi:AHoleWhereASisterShouldBe"},{"floor":40,"key":"Whetstone"},{"floor":43,"key":"Juzu Bracelet"},{"floor":48,"key":"aspiration:StickyExplosives_weak"},{"floor":48,"key":"Bottled Tornado"}],"event_choices":[{"cards_removed":["Koishi:BasicStrike"],"damage_healed":0.0,"max_hp_gain":0.0,"max_hp_loss":0.0,"gold_gain":0.0,"event_name":"Golden Wing","player_choice":"Card Removal","floor":2.0,"gold_loss":0.0,"damage_taken":7.0},{"damage_healed":0.0,"max_hp_gain":0.0,"max_hp_loss":0.0,"gold_gain":0.0,"event_name":"Scrap Ooze","player_choice":"Success","floor":5.0,"gold_loss":0.0,"damage_taken":18.0,"relics_obtained":["aspiration:FetidBarrel"]},{"damage_healed":0,"gold_gain":100,"player_choice":"Pray","damage_taken":0,"max_hp_gain":0,"max_hp_loss":0,"event_name":"Golden Shrine","floor":19,"gold_loss":0},{"damage_healed":0,"gold_gain":0,"player_choice":"Got Potions","damage_taken":0,"max_hp_gain":0,"max_hp_loss":0,"event_name":"Lab","floor":36,"gold_loss":0},{"damage_healed":0,"gold_gain":0,"player_choice":"Memory 2","damage_taken":5,"max_hp_gain":0,"max_hp_loss":0,"event_name":"SensoryStone","floor":47,"gold_loss":0}],"is_beta":false,"boss_relics":[{"not_picked":["Snecko Eye","Velvet Choker","conspire:RunicOctahedron"]},{"not_picked":["aspiration:SilentSkillbook","Astrolabe"],"picked":"Black Star"}],"items_purged_floors":[39,46],"is_endless":false,"potions_floor_spawned":[4,6,10,13,18,24,29,31,33,35,37,41],"ascension_level":1}}