{"host":"kkntor5wdjky96yl","time":1611451131,"event":{"mods":["AchievementEnabler","BaseMod","Colored Map","KOR Keyword Fix","Minty Spire (QoL Compilation)","Shop Mod","StSLib","SuperFastMode"],"gold_per_floor":[119,135,150,19,39,70,70,145,145,158,183,183,200,215,215,310,310,322,49,69,69,82,82,108,120,194,94,106,134,134,146,146,146,146],"floor_reached":33,"language":"KOR","playtime":1489,"items_purged":["Strike_G","Strike_G"],"score":451,"play_id":"be40182b-771e-4ae9-b24e-5ab1f5632c36","local_time":"20210124101851","is_ascension_mode":true,"campfire_choices":[{"data":"1","floor":7.0,"key":"LIFT"},{"floor":15.0,"key":"REST"},{"data":"Distraction","floor":23,"key":"SMITH"},{"data":"2","floor":32,"key":"LIFT"}],"circlet_count":0,"master_deck":["Strike_G","Strike_G","Strike_G","Defend_G","Defend_G","Defend_G","Defend_G","Defend_G","Survivor","Neutralize","Eviscerate","Masterful Stab","Dagger Throw","Prepared","Endless Agony","Dagger Throw","Distraction+1","Concentrate","Quick Slash","Calculated Gamble","Adrenaline","Acrobatics","Flying Knee","Underhanded Strike+1"],"relics":["Ring of the Snake","NeowsBlessing","Girya","Bottled Lightning","Singing Bowl","Busted Crown","Vajra","Mercury Hourglass","Mummified Hand","Shuriken"],"acts_visited":["Exordium","TheCity"],"potions_floor_usage":[29,29,33,33],"damage_taken":[{"damage":0.0,"enemies":"2 Louse","floor":1.0,"turns":1.0},{"damage":0.0,"enemies":"Small Slimes","floor":2.0,"turns":1.0},{"damage":0.0,"enemies":"Cultist","floor":3.0,"turns":1.0},{"damage":10.0,"enemies":"Large Slime","floor":5.0,"turns":6.0},{"damage":22.0,"enemies":"Lagavulin","floor":6.0,"turns":4.0},{"damage":3.0,"enemies":"Looter","floor":10.0,"turns":2.0},{"damage":10.0,"enemies":"3 Sentries","floor":11.0,"turns":4.0},{"damage":0.0,"enemies":"2 Fungi Beasts","floor":13.0,"turns":2.0},{"damage":0.0,"enemies":"Exordium Wildlife","floor":14.0,"turns":1.0},{"damage":0.0,"enemies":"Slime Boss","floor":16.0,"turns":7.0},{"damage":6,"enemies":"2 Thieves","floor":18,"turns":2},{"damage":0,"enemies":"Chosen","floor":20,"turns":3},{"damage":6,"enemies":"3 Cultists","floor":22,"turns":3},{"damage":28,"enemies":"Slavers","floor":24,"turns":3},{"damage":19,"enemies":"Snake Plant","floor":25,"turns":3},{"damage":1,"enemies":"Cultist and Chosen","floor":28,"turns":3},{"damage":0,"enemies":"Gremlin Leader","floor":29,"turns":2},{"damage":0,"enemies":"Snecko","floor":31,"turns":3},{"damage":37,"enemies":"Champ","floor":33,"turns":7}],"seed_played":"-418248811694973212","potions_obtained":[{"floor":1.0,"key":"Explosive Potion"},{"floor":5.0,"key":"DuplicationPotion"},{"floor":11.0,"key":"CunningPotion"},{"floor":13.0,"key":"SmokeBomb"},{"floor":14.0,"key":"DuplicationPotion"},{"floor":22,"key":"Strength Potion"},{"floor":29,"key":"AttackPotion"},{"floor":31,"key":"Block Potion"}],"is_trial":false,"path_per_floor":["M","M","M","$","M","E","R","?","T","M","E","?","M","M","R","B",null,"M","$","M","?","M","R","E","M","T","$","M","E","?","M","R","B"],"character_chosen":"THE_SILENT","items_purchased":["Prepared","Endless Agony","Acrobatics","Vajra"],"campfire_rested":1,"item_purchase_floors":[4,4,19,19],"current_hp_per_floor":[70,70,70,70,60,38,38,27,27,24,14,14,14,14,35,35,70,66,66,68,74,70,70,44,25,25,25,26,26,52,54,54,17,17],"gold":146,"neow_bonus":"THREE_ENEMY_KILL","is_daily":false,"chose_seed":false,"campfire_upgraded":1,"win_rate":0.0,"timestamp":1611451131,"path_taken":["M","M","M","$","M","E","R","?","T","M","E","?","M","M","R","BOSS","M","$","M","?","?","R","E","M","T","$","M","E","?","M","R","BOSS"],"items_purchased_type":["Card","Card","Card","Relic"],"build_version":"2020-12-22","purchased_purges":2,"victory":false,"max_hp_per_floor":[70,70,70,70,70,70,70,70,70,70,70,70,70,70,70,70,70,72,72,74,74,76,76,78,78,78,78,80,80,80,82,82,82,82],"card_choices":[{"not_picked":["Caltrops","PiercingWail"],"picked":"Eviscerate","floor":1.0},{"not_picked":["Bane","Calculated Gamble"],"picked":"Masterful Stab","floor":2.0},{"not_picked":["Deflect","Riddle With Holes"],"picked":"Dagger Throw","floor":3.0},{"not_picked":["Cloak And Dagger","After Image"],"picked":"Dagger Throw","floor":5.0},{"not_picked":["Backflip","Blur"],"picked":"Distraction","floor":6.0},{"not_picked":["Heel Hook","Backflip"],"picked":"Concentrate","floor":10.0},{"not_picked":["Distraction","PiercingWail"],"picked":"Quick Slash","floor":11.0},{"not_picked":["Dash","Eviscerate"],"picked":"Calculated Gamble","floor":13.0},{"not_picked":["Distraction","Accuracy"],"picked":"Flechettes","floor":14.0},{"not_picked":["Die Die Die","Wraith Form v2"],"picked":"Adrenaline","floor":16.0},{"not_picked":["Choke"],"picked":"Singing Bowl","floor":18},{"not_picked":["Catalyst"],"picked":"Singing Bowl","floor":20},{"not_picked":["All Out Attack"],"picked":"Singing Bowl","floor":22},{"not_picked":["Bane+1"],"picked":"Singing Bowl","floor":24},{"not_picked":[],"picked":"Flying Knee","floor":25},{"not_picked":["Blur+1"],"picked":"Singing Bowl","floor":28},{"not_picked":[],"picked":"Underhanded Strike+1","floor":29},{"not_picked":["Bane"],"picked":"Singing Bowl","floor":31}],"player_experience":105367,"relics_obtained":[{"floor":6.0,"key":"Girya"},{"floor":9.0,"key":"Bottled Lightning"},{"floor":11.0,"key":"Singing Bowl"},{"floor":24,"key":"Mercury Hourglass"},{"floor":26,"key":"Mummified Hand"},{"floor":29,"key":"Shuriken"}],"event_choices":[{"damage_healed":0.0,"max_hp_gain":0.0,"max_hp_loss":0.0,"gold_gain":75.0,"event_name":"World of Goop","player_choice":"Gather Gold","floor":8.0,"gold_loss":0.0,"damage_taken":11.0},{"damage_healed":0.0,"max_hp_gain":0.0,"max_hp_loss":0.0,"gold_gain":0.0,"event_name":"Liars Game","player_choice":"Ignored","floor":12.0,"gold_loss":0.0,"damage_taken":0.0},{"cards_removed":["Flechettes"],"damage_healed":6,"gold_gain":0,"player_choice":"Offered Uncommon","damage_taken":0,"max_hp_gain":0,"max_hp_loss":0,"event_name":"Bonfire Elementals","floor":21,"gold_loss":0},{"damage_healed":26,"gold_gain":0,"player_choice":"Heal","damage_taken":0,"max_hp_gain":0,"max_hp_loss":0,"event_name":"The Library","floor":30,"gold_loss":0}],"is_beta":false,"boss_relics":[{"not_picked":["Coffee Dripper","SacredBark"],"picked":"Busted Crown"}],"items_purged_floors":[19,27],"is_endless":false,"potions_floor_spawned":[1,5,11,13,14,22,28,29,31],"killed_by":"Champ","ascension_level":4}}