{"host":"l6vifo5ajdb3p20b","time":1611469541,"event":{"mods":["2.2 Compatiblity","BaseMod","Better Altar","Better Sensory Stone","Better Skull","Better Third Choice","BetterRewards","Block Reminder","Booster Modes","Card Forge","Clockwork Mod","Colored Map","Defuse TimeMaze Blight","Energized Spire","Evolution","Minty Spire (QoL Compilation)","Relic Stats","StSLib","The Necromancer"],"gold_per_floor":[118,138,158,174,193,228,228,263,288,320,320,347,371,371,371,371,371],"floor_reached":16,"language":"ENG","playtime":1072,"items_purged":[],"score":137,"play_id":"63e60340-7b71-438b-a65a-b25d7a293590","local_time":"20210124132541","is_ascension_mode":true,"campfire_choices":[{"data":"Blood_Is_Power","floor":7,"key":"SMITH"},{"data":"Vampiric_Strike","floor":15,"key":"SMITH"}],"circlet_count":0,"master_deck":["Strike_W","Strike_W","Strike_W","Defend_W","Defend_W","Defend_W","Defend_W","Negative_Energy_Arrows","Bone_Wall","Blood_Is_Power+1","Scare","Life_Tap","Negative_Energy_Mist","Vampiric_Strike+1","Toxic_Smoke_Screen","Corrupt","Negative_Energy_Shield","Burn"],"relics":["Vampire_Amulet","Hammer of Thor","Seething Fire","Anvil of the Gods","EVO:Axolotl","NeowsBlessing","Peace Pipe","Matryoshka","Eternal Feather","Bag of Preparation","Potion Belt","Blood Vial","InkBottle","Bag of Marbles"],"acts_visited":["Exordium"],"potions_floor_usage":[6,6,10,12],"damage_taken":[{"damage":0,"enemies":"Jaw Worm","floor":1,"turns":1},{"damage":0,"enemies":"2 Louse","floor":2,"turns":1},{"damage":0,"enemies":"Small Slimes","floor":3,"turns":1},{"damage":19,"enemies":"Exordium Thugs","floor":4,"turns":6},{"damage":2,"enemies":"Looter","floor":5,"turns":2},{"damage":14,"enemies":"Gremlin Nob","floor":6,"turns":3},{"damage":28,"enemies":"3 Sentries","floor":8,"turns":12},{"damage":13,"enemies":"Lagavulin","floor":10,"turns":6},{"damage":24,"enemies":"3 Sentries","floor":12,"turns":8},{"damage":29,"enemies":"Slime Boss","floor":16,"turns":3}],"seed_played":"5883470759691843987","potions_obtained":[{"floor":1,"key":"Fire Potion"},{"floor":3,"key":"SmokeBomb"},{"floor":4,"key":"Strength Potion"},{"floor":8,"key":"DistilledChaos"},{"floor":10,"key":"Swift Potion"}],"is_trial":false,"path_per_floor":["M","M","M","M","M","E","R","E","T","E","?","E","T","?","R","B"],"character_chosen":"NECROMANCER","items_purchased":[],"campfire_rested":0,"item_purchase_floors":[],"current_hp_per_floor":[75,75,75,60,60,48,48,34,34,27,20,5,5,5,14,0,0],"gold":371,"neow_bonus":"THREE_ENEMY_KILL","is_daily":false,"chose_seed":false,"campfire_upgraded":2,"win_rate":0.0,"timestamp":1611469541,"path_taken":["M","M","M","M","M","E","R","E","T","E","?","E","?","?","R","BOSS"],"items_purchased_type":[],"build_version":"2020-12-22","purchased_purges":0,"victory":false,"max_hp_per_floor":[75,75,75,75,75,75,75,75,75,75,75,75,75,75,75,75,75],"relic_stats":{"Peace Pipe":0,"Blood Vial":2,"counters":[10,43],"Eternal Feather":9,"Bag of Preparation":[6],"obtain_stats":[{"Potion Belt":10,"NeowsBlessing":0,"Eternal Feather":9,"Hammer of Thor":0,"Bag of Preparation":9,"EVO:Axolotl":0,"Seething Fire":0,"Peace Pipe":6,"Blood Vial":12,"Matryoshka":8,"Anvil of the Gods":0,"Vampire_Amulet":0,"Bag of Marbles":13,"InkBottle":13},{"Potion Belt":8,"NeowsBlessing":0,"Eternal Feather":7,"Hammer of Thor":0,"Bag of Preparation":7,"EVO:Axolotl":0,"Seething Fire":0,"Peace Pipe":6,"Blood Vial":9,"Matryoshka":7,"Anvil of the Gods":0,"Vampire_Amulet":0,"Bag of Marbles":9,"InkBottle":9},{"Potion Belt":32,"NeowsBlessing":0,"Eternal Feather":26,"Hammer of Thor":0,"Bag of Preparation":26,"EVO:Axolotl":0,"Seething Fire":0,"Peace Pipe":14,"Blood Vial":40,"Matryoshka":26,"Anvil of the Gods":0,"Vampire_Amulet":0,"Bag of Marbles":40,"InkBottle":40}],"InkBottle":[1]},"card_choices":[{"not_picked":["Blood_Whip","Spectral_Armor"],"picked":"Blood_Is_Power","floor":1},{"not_picked":["Flesh_Made_Foul","Bone_Armor"],"picked":"Scare","floor":2},{"not_picked":["Vampiric_Strike","Scare","Bones_to_Steel"],"picked":"SKIP","floor":3},{"not_picked":["Scare","Summon_Lich"],"picked":"Life_Tap","floor":4},{"not_picked":["Finger_Of_Death","Violent_Necrosis"],"picked":"Negative_Energy_Mist","floor":5},{"not_picked":["Plague_Bolt","Scare"],"picked":"Vampiric_Strike","floor":6},{"not_picked":["Necrotic_Claws","Flesh_Made_Foul"],"picked":"Toxic_Smoke_Screen","floor":8},{"not_picked":["Reap_The_Weak","Blood_Whip"],"picked":"Corrupt","floor":10},{"not_picked":["Violent_Necrosis","Scare"],"picked":"Negative_Energy_Shield","floor":12}],"player_experience":1112455,"relics_obtained":[{"floor":6,"key":"Peace Pipe"},{"floor":8,"key":"Matryoshka"},{"floor":9,"key":"Eternal Feather"},{"floor":9,"key":"Bag of Preparation"},{"floor":10,"key":"Potion Belt"},{"floor":12,"key":"Blood Vial"},{"floor":13,"key":"InkBottle"},{"floor":13,"key":"Bag of Marbles"}],"event_choices":[{"cards_removed":["Strike_W"],"damage_healed":0,"gold_gain":0,"player_choice":"Card Removal","damage_taken":7,"max_hp_gain":0,"max_hp_loss":0,"event_name":"Golden Wing","floor":11,"gold_loss":0},{"damage_healed":5,"gold_gain":0,"player_choice":"Embrace Burn","damage_taken":0,"max_hp_gain":0,"max_hp_loss":75,"event_name":"betterThird:BetterShining","floor":14,"gold_loss":0}],"is_beta":false,"boss_relics":[],"items_purged_floors":[],"is_endless":false,"potions_floor_spawned":[1,3,4,8,10],"killed_by":"Slime Boss","ascension_level":1}}