{"host":"srk2drlvga69hbot","time":1611494886,"event":{"mods":["BaseMod","Bestiary","Block Reminder","Colored Map","Colored Powertips","Dark Map","DeckTracker","Highlight Path","Minty Spire (QoL Compilation)","Quick Restart","Rare Cards Sparkle","Relic Stats","SuperFastMode","Unceasing Turn Reminder"],"gold_per_floor":[18,31,31,31,31,72,72,107,107,282,33,68,68,18,18,18,18,31,55,69,82,7,7,7,20,43,83,83,118,118,136,136,266,266,281,337,85,106,43,76,76,109,109,153,153,216,239,264,264,264,264,264,68,109,109],"floor_reached":56,"language":"ZHS","playtime":6459,"items_purged":["Doubt","Defend_G","Defend_G"],"score":1699,"play_id":"87d480ca-6701-4a49-a24f-9ef97231be32","local_time":"20210124212806","is_ascension_mode":true,"campfire_choices":[{"data":"Corpse Explosion","floor":7.0,"key":"SMITH"},{"floor":13.0,"key":"REST"},{"floor":15.0,"key":"REST"},{"data":"Acrobatics","floor":24.0,"key":"SMITH"},{"floor":30.0,"key":"REST"},{"floor":32.0,"key":"REST"},{"floor":41,"key":"RECALL"},{"data":"Prepared","floor":49,"key":"SMITH"},{"data":"Expertise","floor":52,"key":"SMITH"}],"circlet_count":0,"master_deck":["Defend_G","Survivor","Neutralize+1","Adrenaline","Corpse Explosion+1","Tactician+1","Unload+1","Reflex","Escape Plan","Blade Dance","Deadly Poison+1","Tools of the Trade+1","Phantasmal Killer+1","Acrobatics+1","Expertise+1","Shame","Writhe","Acrobatics","After Image","Calculated Gamble+1","Prepared+1","Underhanded Strike+1"],"relics":["Ring of the Snake","Golden Idol","Shuriken","Anchor","Orichalcum","Membership Card","Du-Vu Doll","Astrolabe","Lantern","Happy Flower","Vajra","Centennial Puzzle","Snake Skull","SlaversCollar","Tingsha","HandDrill","Meat on the Bone","Whetstone","Bag of Marbles","Bottled Tornado","Thread and Needle","Medical Kit","InkBottle","CaptainsWheel"],"acts_visited":["Exordium","TheCity","TheBeyond","TheEnding"],"potions_floor_usage":[33,55,55],"damage_taken":[{"damage":0.0,"enemies":"Cultist","floor":1.0,"turns":5.0},{"damage":0.0,"enemies":"Small Slimes","floor":2.0,"turns":3.0},{"damage":35.0,"enemies":"Gremlin Nob","floor":6.0,"turns":5.0},{"damage":23.0,"enemies":"Lagavulin","floor":8.0,"turns":7.0},{"damage":5.0,"enemies":"3 Sentries","floor":12.0,"turns":3.0},{"damage":31.0,"enemies":"The Guardian","floor":16.0,"turns":9.0},{"damage":8.0,"enemies":"Spheric Guardian","floor":18.0,"turns":3.0},{"damage":9.0,"enemies":"2 Thieves","floor":19.0,"turns":2.0},{"damage":0.0,"enemies":"3 Cultists","floor":20.0,"turns":2.0},{"damage":1.0,"enemies":"Chosen and Byrds","floor":21.0,"turns":3.0},{"damage":28.0,"enemies":"Shelled Parasite and Fungi","floor":25.0,"turns":3.0},{"damage":3.0,"enemies":"Book of Stabbing","floor":27.0,"turns":4.0},{"damage":3.0,"enemies":"Slavers","floor":29.0,"turns":2.0},{"damage":10.0,"enemies":"Snake Plant","floor":31.0,"turns":3.0},{"damage":6,"enemies":"Champ","floor":33,"turns":5},{"damage":0,"enemies":"Orb Walker","floor":35,"turns":2},{"damage":11,"enemies":"2 Orb Walkers","floor":36,"turns":2},{"damage":1,"enemies":"3 Darklings","floor":38,"turns":3},{"damage":0,"enemies":"Giant Head","floor":40,"turns":3},{"damage":4,"enemies":"Nemesis","floor":42,"turns":3},{"damage":0,"enemies":"Giant Head","floor":44,"turns":3},{"damage":0,"enemies":"Mind Bloom Boss Battle","floor":46,"turns":1},{"damage":7,"enemies":"Maw","floor":47,"turns":3},{"damage":0,"enemies":"4 Shapes","floor":48,"turns":2},{"damage":0,"enemies":"Donu and Deca","floor":50,"turns":3},{"damage":0,"enemies":"Shield and Spear","floor":54,"turns":2},{"damage":42,"enemies":"The Heart","floor":55,"turns":4}],"seed_played":"6115418613085887738","potions_obtained":[{"floor":1.0,"key":"Regen Potion"},{"floor":6.0,"key":"BlessingOfTheForge"},{"floor":12.0,"key":"BlessingOfTheForge"},{"floor":18.0,"key":"LiquidMemories"},{"floor":27.0,"key":"SkillPotion"},{"floor":29.0,"key":"EssenceOfSteel"},{"floor":31.0,"key":"CultistPotion"},{"floor":40,"key":"SteroidPotion"}],"is_trial":false,"path_per_floor":["M","M","?","?","$","E","R","E","T","?","$","E","R","?","R","B",null,"M","M","M","M","?","?","R","M","T","E","?","E","R","M","R","B",null,"M","?","$","M","$","E","R","E","T","E","?","?","M","M","R","B",null,"R","$","E","B",null],"character_chosen":"THE_SILENT","items_purchased":["Membership Card","Reflex","Escape Plan","HandDrill","Meat on the Bone","Medical Kit","InkBottle"],"campfire_rested":4,"item_purchase_floors":[11,11,11,37,37,53,53],"current_hp_per_floor":[70,70,53,53,53,33,33,10,10,10,10,5,26,26,47,16,57,49,40,40,39,39,39,39,11,11,8,8,5,26,16,37,31,60,60,49,49,48,48,48,48,44,44,44,44,44,37,37,37,37,62,62,62,62,32],"gold":109,"neow_bonus":"TRANSFORM_TWO_CARDS","is_daily":false,"chose_seed":false,"campfire_upgraded":4,"win_rate":0.0,"timestamp":1611494886,"path_taken":["M","M","?","?","$","E","R","E","T","?","$","E","R","?","R","BOSS","M","M","M","M","?","?","R","M","T","E","?","E","R","M","R","BOSS","M","?","$","M","$","E","R","E","T","E","?","?","M","M","R","BOSS","R","$","E","BOSS"],"items_purchased_type":["Relic","Card","Card","Relic","Relic","Relic","Relic"],"build_version":"2020-12-22","purchased_purges":3,"victory":true,"max_hp_per_floor":[70,70,70,70,70,70,70,70,70,70,70,70,70,70,70,70,70,70,70,70,70,70,70,70,70,70,70,70,70,70,70,70,70,70,70,70,70,70,70,70,70,70,70,70,70,70,70,70,70,70,70,70,70,70,70],"relic_stats":{"Happy Flower":[15],"counters":[27,90],"Golden Idol":230,"Astrolabe":["Deadly Poison","Tools of the Trade","Phantasmal Killer"],"Tingsha":[638],"Snake Skull":[35],"Whetstone":["Unload","Neutralize"],"Orichalcum":[48],"Medical Kit":[6],"Centennial Puzzle":[24],"Shuriken":[53],"HandDrill":[14],"obtain_stats":[{"Lantern":23,"Happy Flower":26,"Golden Idol":3,"Astrolabe":17,"Vajra":27,"Tingsha":36,"Thread and Needle":46,"Snake Skull":29,"Whetstone":40,"Orichalcum":9,"Bottled Tornado":44,"Medical Kit":53,"Du-Vu Doll":12,"SlaversCollar":34,"Anchor":8,"Centennial Puzzle":28,"CaptainsWheel":54,"Shuriken":6,"HandDrill":37,"Bag of Marbles":42,"Membership Card":11,"InkBottle":53,"Ring of the Snake":0,"Meat on the Bone":37},{"Lantern":10,"Happy Flower":11,"Golden Idol":2,"Astrolabe":6,"Vajra":12,"Tingsha":17,"Thread and Needle":22,"Snake Skull":13,"Whetstone":19,"Orichalcum":4,"Bottled Tornado":21,"Medical Kit":25,"Du-Vu Doll":5,"SlaversCollar":15,"Anchor":4,"Centennial Puzzle":12,"CaptainsWheel":26,"Shuriken":3,"HandDrill":17,"Bag of Marbles":20,"Membership Card":4,"InkBottle":25,"Ring of the Snake":0,"Meat on the Bone":17},{"Lantern":42,"Happy Flower":45,"Golden Idol":8,"Astrolabe":32,"Vajra":49,"Tingsha":63,"Thread and Needle":76,"Snake Skull":51,"Whetstone":69,"Orichalcum":20,"Bottled Tornado":75,"Medical Kit":84,"Du-Vu Doll":23,"SlaversCollar":59,"Anchor":20,"Centennial Puzzle":49,"CaptainsWheel":86,"Shuriken":13,"HandDrill":63,"Bag of Marbles":72,"Membership Card":20,"InkBottle":84,"Ring of the Snake":0,"Meat on the Bone":63}],"InkBottle":[10],"Ring of the Snake":[54],"Meat on the Bone":12},"card_choices":[{"not_picked":["Deadly Poison","Acrobatics"],"picked":"Tactician","floor":1.0},{"not_picked":["Dash","Terror","Eviscerate"],"picked":"SKIP","floor":2.0},{"not_picked":["Dagger Spray","Flying Knee","Dodge and Roll"],"picked":"SKIP","floor":6.0},{"not_picked":["Dagger Throw","Blade Dance"],"picked":"Unload","floor":8.0},{"not_picked":["Dodge and Roll","Eviscerate"],"picked":"Blade Dance","floor":12.0},{"not_picked":["Backflip","Footwork"],"picked":"Acrobatics","floor":18.0},{"not_picked":["Prepared","Slice"],"picked":"Expertise","floor":19.0},{"not_picked":["PiercingWail+1","Predator","Flying Knee+1"],"picked":"SKIP","floor":20.0},{"not_picked":["PiercingWail+1","Predator","Flying Knee+1"],"picked":"SKIP","floor":20.0},{"not_picked":["After Image","Underhanded Strike+1","Choke+1"],"picked":"SKIP","floor":21.0},{"not_picked":["PiercingWail","Noxious Fumes","Poisoned Stab"],"picked":"SKIP","floor":25.0},{"not_picked":["Riddle With Holes","Blade Dance","Quick Slash"],"picked":"SKIP","floor":27.0},{"not_picked":["Doppelganger","Accuracy","Outmaneuver"],"picked":"SKIP","floor":29.0},{"not_picked":["Deadly Poison","Poisoned Stab"],"picked":"Acrobatics","floor":31.0},{"not_picked":["Burst","Tools of the Trade"],"picked":"After Image","floor":33},{"not_picked":["Distraction","Dodge and Roll+1","PiercingWail+1"],"picked":"SKIP","floor":35},{"not_picked":["Dagger Throw","Outmaneuver","Poisoned Stab+1"],"picked":"SKIP","floor":38},{"not_picked":["Accuracy","Bane+1"],"picked":"Calculated Gamble+1","floor":40},{"not_picked":["Flechettes","Wraith Form v2","Dagger Throw+1"],"picked":"SKIP","floor":42},{"not_picked":["Footwork+1","Poisoned Stab","Choke"],"picked":"SKIP","floor":44},{"not_picked":["Deadly Poison","Blade Dance+1"],"picked":"Prepared","floor":46},{"not_picked":["Burst","Outmaneuver+1"],"picked":"Underhanded Strike+1","floor":47},{"not_picked":["Dagger Spray","Slice","Riddle With Holes"],"picked":"SKIP","floor":48},{"not_picked":["Skewer","Footwork","Underhanded Strike+1"],"picked":"SKIP","floor":54}],"player_experience":206476,"relics_obtained":[{"floor":6.0,"key":"Shuriken"},{"floor":8.0,"key":"Anchor"},{"floor":9.0,"key":"Orichalcum"},{"floor":12.0,"key":"Du-Vu Doll"},{"floor":26.0,"key":"Happy Flower"},{"floor":27.0,"key":"Vajra"},{"floor":29.0,"key":"Snake Skull"},{"floor":36,"key":"Tingsha"},{"floor":40,"key":"Whetstone"},{"floor":42,"key":"Bag of Marbles"},{"floor":44,"key":"Bottled Tornado"},{"floor":46,"key":"Thread and Needle"},{"floor":54,"key":"CaptainsWheel"}],"event_choices":[{"damage_healed":0.0,"max_hp_gain":0.0,"max_hp_loss":0.0,"gold_gain":0.0,"event_name":"Golden Idol","player_choice":"Take Damage","floor":3.0,"gold_loss":0.0,"damage_taken":17.0,"relics_obtained":["Golden Idol"]},{"damage_healed":0.0,"max_hp_gain":0.0,"max_hp_loss":0.0,"gold_gain":0.0,"event_name":"Living Wall","player_choice":"Grow","floor":4.0,"gold_loss":0.0,"damage_taken":0.0,"cards_upgraded":["Tactician"]},{"damage_healed":0.0,"max_hp_gain":0.0,"max_hp_loss":0.0,"gold_gain":175.0,"event_name":"Liars Game","player_choice":"AGREE","floor":10.0,"gold_loss":0.0,"damage_taken":0.0,"cards_obtained":["Doubt"]},{"cards_removed":["Strike_G"],"damage_healed":0.0,"max_hp_gain":0.0,"max_hp_loss":0.0,"gold_gain":0.0,"event_name":"The Cleric","player_choice":"Card Removal","floor":14.0,"gold_loss":50.0,"damage_taken":0.0},{"cards_removed":["Defend_G"],"damage_healed":0.0,"max_hp_gain":0.0,"max_hp_loss":0.0,"gold_gain":0.0,"event_name":"Beggar","player_choice":"Gave Gold","floor":22.0,"gold_loss":75.0,"damage_taken":0.0},{"damage_healed":0.0,"max_hp_gain":0.0,"max_hp_loss":0.0,"gold_gain":0.0,"event_name":"Addict","player_choice":"Stole Relic","floor":23.0,"gold_loss":0.0,"damage_taken":0.0,"relics_obtained":["Lantern"],"cards_obtained":["Shame"]},{"damage_healed":0.0,"max_hp_gain":0.0,"max_hp_loss":0.0,"gold_gain":0.0,"event_name":"The Mausoleum","player_choice":"Opened","floor":28.0,"gold_loss":0.0,"damage_taken":0.0,"relics_obtained":["Centennial Puzzle"],"cards_obtained":["Writhe"]},{"damage_healed":0,"gold_gain":0,"player_choice":"Fight","damage_taken":0,"max_hp_gain":0,"max_hp_loss":0,"event_name":"Mysterious Sphere","floor":36,"gold_loss":0},{"damage_healed":0,"gold_gain":0,"player_choice":"Ignored","damage_taken":0,"max_hp_gain":0,"max_hp_loss":0,"event_name":"Tomb of Lord Red Mask","floor":45,"gold_loss":0},{"damage_healed":0,"gold_gain":0,"player_choice":"Fight","damage_taken":0,"max_hp_gain":0,"max_hp_loss":0,"event_name":"MindBloom","floor":46,"gold_loss":0}],"is_beta":false,"boss_relics":[{"not_picked":["Ring of the Serpent","Cursed Key"],"picked":"Astrolabe"},{"not_picked":["Pandora\u0027s Box","Velvet Choker"],"picked":"SlaversCollar"}],"items_purged_floors":[11,37,39],"is_endless":false,"potions_floor_spawned":[1,6,12,18,27,29,31,40,42,46,48,54],"ascension_level":5}}