{"host":"Bilverbakes","time":1611457100,"event":{"mods":["2.2 Compatiblity","AchievementEnabler","BaseMod","Bestiary","Colored Map","Minty Spire (QoL Compilation)","Relic Stats","StSLib","ojb\u0027s Info Mod"],"gold_per_floor":[115,115,130,145,145,145,171,171,194,194,119,133,143,143,143,221,221,201,201,218,218,231,231,231,231],"floor_reached":24,"language":"ENG","playtime":976,"items_purged":[],"score":392,"play_id":"f6ebafbc-c8a1-4b7e-98fe-18f44be5bf56","local_time":"20210123205820","is_ascension_mode":true,"campfire_choices":[{"data":"Zap","floor":6.0,"key":"SMITH"},{"data":"Go for the Eyes","floor":8.0,"key":"SMITH"},{"floor":10.0,"key":"REST"},{"data":"Reinforced Body","floor":15.0,"key":"SMITH"},{"floor":23,"key":"REST"}],"circlet_count":0,"master_deck":["AscendersBane","Strike_B","Strike_B","Defend_B","Defend_B","Defend_B","Zap+1","Dualcast","Thunder Strike","Cold Snap","Turbo","Reinforced Body+1","Go for the Eyes+1","Auto Shields","Recycle","Heatsinks","Fission","Compile Driver","Ball Lightning","Ghostly","Ghostly","Ghostly","Ball Lightning"],"relics":["Cracked Core","FossilizedHelix","Akabeko","Juzu Bracelet","Fusion Hammer"],"acts_visited":["Exordium","TheCity"],"potions_floor_usage":[],"damage_taken":[{"damage":7.0,"enemies":"Small Slimes","floor":1.0,"turns":3.0},{"damage":4.0,"enemies":"Cultist","floor":3.0,"turns":3.0},{"damage":1.0,"enemies":"2 Louse","floor":4.0,"turns":3.0},{"damage":14.0,"enemies":"3 Sentries","floor":7.0,"turns":8.0},{"damage":6.0,"enemies":"Blue Slaver","floor":12.0,"turns":3.0},{"damage":0.0,"enemies":"2 Fungi Beasts","floor":13.0,"turns":2.0},{"damage":5,"enemies":"The Guardian","floor":16,"turns":14},{"damage":19,"enemies":"2 Thieves","floor":18,"turns":4},{"damage":26,"enemies":"Chosen","floor":20,"turns":7},{"damage":13,"enemies":"Sentry and Sphere","floor":22,"turns":7},{"damage":37,"enemies":"Snecko","floor":24,"turns":7}],"seed_played":"-1820233168313682001","potions_obtained":[{"floor":1.0,"key":"SpeedPotion"},{"floor":3.0,"key":"Explosive Potion"},{"floor":13.0,"key":"Energy Potion"}],"is_trial":false,"path_per_floor":["M","?","M","M","T","R","E","R","T","R","?","M","M","?","R","B",null,"M","?","M","?","M","R","M"],"character_chosen":"DEFECT","items_purchased":[],"campfire_rested":2,"item_purchase_floors":[],"current_hp_per_floor":[39,39,35,34,34,34,20,20,20,41,41,35,35,35,35,30,61,42,42,16,16,3,13,0,0],"gold":231,"neow_bonus":"THREE_RARE_CARDS","is_daily":false,"chose_seed":false,"campfire_upgraded":3,"win_rate":0.0,"timestamp":1611457100,"path_taken":["M","?","M","?","?","R","E","R","T","R","?","M","M","?","R","BOSS","M","?","M","?","M","R","M"],"items_purchased_type":[],"build_version":"2020-12-18","purchased_purges":0,"victory":false,"max_hp_per_floor":[71,71,71,71,71,71,71,71,71,71,71,71,71,71,71,71,71,71,71,71,35,35,35,35,35],"relic_stats":{"counters":[11,61],"Juzu Bracelet":0,"obtain_stats":[{"Fusion Hammer":17,"Juzu Bracelet":9,"Cracked Core":0,"FossilizedHelix":5,"Akabeko":7},{"Fusion Hammer":7,"Juzu Bracelet":4,"Cracked Core":0,"FossilizedHelix":3,"Akabeko":4},{"Fusion Hammer":36,"Juzu Bracelet":17,"Cracked Core":0,"FossilizedHelix":9,"Akabeko":17}]},"card_choices":[{"not_picked":["Meteor Strike","Amplify"],"picked":"Thunder Strike","floor":0.0},{"not_picked":["Capacitor","Steam"],"picked":"Cold Snap","floor":1.0},{"not_picked":["Gash","Barrage"],"picked":"Turbo","floor":3.0},{"not_picked":["Sweeping Beam","Creative AI"],"picked":"Reinforced Body","floor":4.0},{"not_picked":["Compile Driver","Rebound"],"picked":"Go for the Eyes","floor":7.0},{"not_picked":["Sweeping Beam","Recycle"],"picked":"Auto Shields","floor":12.0},{"not_picked":["Leap","Barrage"],"picked":"Recycle","floor":13.0},{"not_picked":["Hyperbeam","Creative AI"],"picked":"Fission","floor":16},{"not_picked":["Turbo","Rebound"],"picked":"Compile Driver","floor":18},{"not_picked":["Hello World","Coolheaded"],"picked":"Ball Lightning","floor":20},{"not_picked":["Streamline","Compile Driver"],"picked":"Ball Lightning","floor":22}],"player_experience":792508,"relics_obtained":[{"floor":5.0,"key":"FossilizedHelix"},{"floor":7.0,"key":"Akabeko"},{"floor":9.0,"key":"Juzu Bracelet"}],"event_choices":[{"cards_removed":["Defend_B"],"damage_healed":0.0,"max_hp_gain":0.0,"max_hp_loss":0.0,"gold_gain":0.0,"event_name":"Purifier","player_choice":"Purged","floor":2.0,"gold_loss":0.0,"damage_taken":0.0},{"cards_removed":["Strike_B"],"damage_healed":0.0,"max_hp_gain":0.0,"max_hp_loss":0.0,"gold_gain":0.0,"event_name":"The Cleric","player_choice":"Card Removal","floor":11.0,"gold_loss":75.0,"damage_taken":0.0},{"damage_healed":0.0,"max_hp_gain":0.0,"max_hp_loss":0.0,"gold_gain":0.0,"cards_transformed":["Strike_B"],"event_name":"Living Wall","player_choice":"Change","floor":14.0,"gold_loss":0.0,"damage_taken":0.0,"cards_obtained":["Heatsinks"]},{"damage_healed":0,"gold_gain":0,"player_choice":"Ignored","damage_taken":0,"max_hp_gain":0,"max_hp_loss":0,"event_name":"Vampires","floor":19,"gold_loss":0},{"damage_healed":0,"gold_gain":0,"player_choice":"Became a Ghost","damage_taken":0,"max_hp_gain":0,"max_hp_loss":36,"event_name":"Ghosts","floor":21,"gold_loss":0,"cards_obtained":["Ghostly","Ghostly","Ghostly"]}],"is_beta":true,"boss_relics":[{"not_picked":["Philosopher\u0027s Stone","FrozenCore"],"picked":"Fusion Hammer"}],"items_purged_floors":[],"is_endless":false,"potions_floor_spawned":[1,3,13],"killed_by":"Snecko","ascension_level":20}}