{"host":"zxkjcgzis4pm3za5","time":1611517146,"event":{"mods":["AchievementEnabler","Act Like it!","BaseMod","Colored Map","Colored Powertips","Friendly Minions","GifTheSpireLib","Minty Spire (QoL Compilation)","Quick Restart","RNG Fix","Random Character Button","Relic Filter Mod","Relic Sorter","Relic Stats","StSLib"],"gold_per_floor":[369,369,369,37,49,78,78,110,156,156,174,174,189,39,39,114,114,133,147,147,72,72,106,106,106,106,122,122,122,150,50,50,50,50],"floor_reached":33,"language":"ENG","playtime":903,"items_purged":["Strike_B","Strike_B"],"score":572,"play_id":"c4ef1af3-e7a5-495b-9472-b549c0849998","local_time":"20210125010906","is_ascension_mode":true,"campfire_choices":[{"floor":7.0,"key":"REST"},{"floor":10.0,"key":"REST"},{"data":"Capacitor","floor":15.0,"key":"SMITH"},{"data":"Consume","floor":24.0,"key":"SMITH"},{"data":"Turbo","floor":29.0,"key":"SMITH"},{"data":"Electrodynamics","floor":32.0,"key":"SMITH"}],"circlet_count":0,"master_deck":["AscendersBane","Strike_B+1","Defend_B","Defend_B","Defend_B","Defend_B","Zap","Dualcast","Ball Lightning+1","FTL","Conserve Battery","Coolheaded","Tempest+1","Undo","Capacitor+1","Electrodynamics+1","Turbo+1","Core Surge","Consume+1","Leap","Glacier"],"relics":["Cracked Core","Blood Vial","Bag of Preparation","Mercury Hourglass","Happy Flower","Lantern","Coffee Dripper","Bird Faced Urn","Bronze Scales","Regal Pillow","Unceasing Top"],"acts_visited":["Exordium","TheCity"],"potions_floor_usage":[33],"damage_taken":[{"damage":0.0,"enemies":"Small Slimes","floor":1.0,"turns":4.0},{"damage":6.0,"enemies":"Cultist","floor":5.0,"turns":3.0},{"damage":20.0,"enemies":"Lagavulin","floor":6.0,"turns":5.0},{"damage":16.0,"enemies":"Gremlin Nob","floor":8.0,"turns":3.0},{"damage":3.0,"enemies":"Jaw Worm","floor":11.0,"turns":2.0},{"damage":1.0,"enemies":"Blue Slaver","floor":13.0,"turns":2.0},{"damage":37.0,"enemies":"Slime Boss","floor":16.0,"turns":8.0},{"damage":0.0,"enemies":"3 Byrds","floor":18.0,"turns":2.0},{"damage":9.0,"enemies":"Shell Parasite","floor":19.0,"turns":6.0},{"damage":36.0,"enemies":"Book of Stabbing","floor":23.0,"turns":6.0},{"damage":0.0,"enemies":"Slavers","floor":25.0,"turns":1.0},{"damage":5.0,"enemies":"Cultist and Chosen","floor":27.0,"turns":2.0},{"damage":15.0,"enemies":"Book of Stabbing","floor":30.0,"turns":4.0},{"damage":18,"enemies":"Collector","floor":33,"turns":2}],"seed_played":"-1539465510337298572","potions_obtained":[{"floor":5.0,"key":"Ancient Potion"},{"floor":13.0,"key":"Strength Potion"},{"floor":16.0,"key":"LiquidBronze"},{"floor":23.0,"key":"SmokeBomb"},{"floor":27.0,"key":"BlessingOfTheForge"},{"floor":30.0,"key":"PowerPotion"}],"is_trial":false,"path_per_floor":["M","?","?","$","M","E","R","E","T","R","M","?","M","$","R","B",null,"M","M","?","?","?","E","R","E","T","M","?","R","E","$","R","B"],"character_chosen":"DEFECT","items_purchased":["Blood Vial","Bag of Preparation","Capacitor"],"campfire_rested":2,"item_purchase_floors":[4,4,14],"current_hp_per_floor":[64,45,45,45,41,23,42,28,28,47,46,46,47,47,47,12,51,53,46,46,46,46,12,12,14,14,13,13,13,4,4,4,0,0],"gold":50,"neow_bonus":"TWO_FIFTY_GOLD","is_daily":false,"chose_seed":false,"campfire_upgraded":4,"win_rate":0.0,"timestamp":1611517146,"path_taken":["M","?","?","$","M","E","R","E","T","R","M","?","M","$","R","BOSS","M","M","?","?","?","E","R","E","T","M","?","R","E","$","R","BOSS"],"items_purchased_type":["Relic","Relic","Card"],"build_version":"2020-12-22","purchased_purges":2,"victory":false,"max_hp_per_floor":[64,64,64,64,64,64,64,64,64,64,64,64,64,64,64,64,64,64,64,64,64,64,64,64,64,64,64,64,64,64,64,64,64,64],"relic_stats":{"Blood Vial":26,"Regal Pillow":0,"Happy Flower":[11],"counters":[14,50],"Bird Faced Urn":[14],"Bronze Scales":[27],"Bag of Preparation":[26],"obtain_stats":[{"Blood Vial":4,"Lantern":9,"Regal Pillow":28,"Happy Flower":8,"Bird Faced Urn":23,"Bronze Scales":26,"Bag of Preparation":4,"Coffee Dripper":17,"Cracked Core":0,"Unceasing Top":30,"Mercury Hourglass":6},{"Blood Vial":1,"Lantern":4,"Regal Pillow":12,"Happy Flower":4,"Bird Faced Urn":10,"Bronze Scales":11,"Bag of Preparation":1,"Coffee Dripper":7,"Cracked Core":0,"Unceasing Top":13,"Mercury Hourglass":3},{"Blood Vial":4,"Lantern":15,"Regal Pillow":44,"Happy Flower":15,"Bird Faced Urn":41,"Bronze Scales":42,"Bag of Preparation":4,"Coffee Dripper":27,"Cracked Core":0,"Unceasing Top":48,"Mercury Hourglass":12}],"Unceasing Top":[0],"Mercury Hourglass":[146]},"card_choices":[{"not_picked":["BootSequence","Steam"],"picked":"Ball Lightning","floor":1.0},{"not_picked":["Turbo","Leap"],"picked":"FTL","floor":5.0},{"not_picked":["Rebound","Heatsinks"],"picked":"Conserve Battery","floor":6.0},{"not_picked":["Barrage","Compile Driver"],"picked":"Coolheaded","floor":8.0},{"not_picked":["Conserve Battery","Static Discharge"],"picked":"Tempest","floor":11.0},{"not_picked":["Ball Lightning","Coolheaded"],"picked":"Undo","floor":13.0},{"not_picked":["Machine Learning","Rainbow"],"picked":"Electrodynamics","floor":16.0},{"not_picked":["Genetic Algorithm","Redo","Steam+1"],"picked":"SKIP","floor":18.0},{"not_picked":["Gash","Chaos"],"picked":"Turbo","floor":19.0},{"not_picked":["Hello World","Gash"],"picked":"Consume","floor":23.0},{"not_picked":["Barrage","Coolheaded"],"picked":"Leap","floor":27.0},{"not_picked":["Sweeping Beam","Thunder Strike"],"picked":"Glacier","floor":30.0}],"player_experience":268877,"relics_obtained":[{"floor":6.0,"key":"Mercury Hourglass"},{"floor":8.0,"key":"Happy Flower"},{"floor":9.0,"key":"Lantern"},{"floor":23.0,"key":"Bird Faced Urn"},{"floor":26.0,"key":"Bronze Scales"},{"floor":30.0,"key":"Unceasing Top"}],"event_choices":[{"damage_healed":0.0,"max_hp_gain":0.0,"max_hp_loss":0.0,"gold_gain":0.0,"event_name":"Shining Light","player_choice":"Entered Light","floor":2.0,"gold_loss":0.0,"damage_taken":19.0,"cards_upgraded":["Ball Lightning","Strike_B"]},{"damage_healed":0.0,"max_hp_gain":0.0,"max_hp_loss":0.0,"gold_gain":0.0,"event_name":"Match and Keep!","player_choice":"0 cards matched","floor":3.0,"gold_loss":0.0,"damage_taken":0.0,"cards_obtained":[]},{"damage_healed":0.0,"max_hp_gain":0.0,"max_hp_loss":0.0,"gold_gain":0.0,"event_name":"Living Wall","player_choice":"Grow","floor":12.0,"gold_loss":0.0,"damage_taken":0.0,"cards_upgraded":["Tempest"]},{"damage_healed":0.0,"max_hp_gain":0.0,"max_hp_loss":0.0,"gold_gain":0.0,"event_name":"The Mausoleum","player_choice":"Ignored","floor":20.0,"gold_loss":0.0,"damage_taken":0.0},{"cards_removed":["Strike_B"],"damage_healed":0.0,"max_hp_gain":0.0,"max_hp_loss":0.0,"gold_gain":0.0,"event_name":"Beggar","player_choice":"Gave Gold","floor":21.0,"gold_loss":75.0,"damage_taken":0.0},{"damage_healed":0.0,"max_hp_gain":0.0,"max_hp_loss":0.0,"gold_gain":0.0,"event_name":"The Library","player_choice":"Read","floor":22.0,"gold_loss":0.0,"damage_taken":0.0,"cards_obtained":["Core Surge"]},{"damage_healed":0.0,"max_hp_gain":0.0,"max_hp_loss":0.0,"gold_gain":0.0,"event_name":"WeMeetAgain","player_choice":"Gave Potion","floor":28.0,"gold_loss":0.0,"damage_taken":0.0,"relics_obtained":["Regal Pillow"]}],"is_beta":false,"boss_relics":[{"not_picked":["Busted Crown","Runic Pyramid"],"picked":"Coffee Dripper"}],"items_purged_floors":[14,31],"is_endless":false,"potions_floor_spawned":[5,13,16,23,25,27,30],"killed_by":"Collector","ascension_level":17}}