{"host":"urvvf8749ekcxo1a","time":1611528446,"event":{"mods":["AchievementEnabler","Bartender","BaseMod","BetterRewards","Colored Powertips","Displayed Cursed Tome","Evolution","Gold Saver","KinomotoSakuraMod(????)","Minty Spire (QoL Compilation)","Quick Restart","Relic Filter","StSLib","SuperFastMode","The Animator","The Cursed","The Hierophant","The Marked","The Servant 0.9.4","TheHero"],"gold_per_floor":[117,117,117,44,62,62,93,108,108,122,122,135,135,135,135,259,322,346,346,346,164,164,164,182,29,29,40,54,89,89,103,103,207,207,218,234,89,104,114,114,145,145,145,145,173,17,17,17,17,17],"floor_reached":51,"language":"ENG","playtime":1605,"items_purged":[],"score":775,"play_id":"0ad962f3-a67a-4e9b-9743-75068f7c840d","local_time":"20210124174726","is_ascension_mode":false,"campfire_choices":[{"data":"Phantom_Blow","floor":6.0,"key":"SMITH"},{"floor":11.0,"key":"REST"},{"floor":13.0,"key":"REST"},{"floor":15.0,"key":"REST"},{"data":"Form_Shift","floor":23.0,"key":"SMITH"},{"data":"Dolphin_Blow","floor":32.0,"key":"SMITH"},{"data":"Butterfly_Float","floor":40,"key":"SMITH"},{"floor":42,"key":"REST"},{"data":"Tornado_Kick","floor":44,"key":"SMITH"},{"floor":47,"key":"REST"},{"data":"Madness","floor":49,"key":"SMITH"}],"circlet_count":0,"master_deck":["Strike_Bartender+1","Strike_Bartender+1","Strike_Bartender+1","Strike_Bartender+1","Defend_Bartender+1","Defend_Bartender+1","Defend_Bartender+1","Defend_Bartender+1","Somersault","Cross","Momentum","Phantom_Blow+1","Surge","Foot_Thrust","Tornado_Kick+1","Form_Shift+1","With_A_Twist","Dragonkick+1","Rope_A_Dope","Bitters","Elbow_Slash+1","Dolphin_Blow+1","Power_Up_Punch+1","Dart+1","Butterfly_Float+1","Free_Pour+1","Well_Drinks+1","Parasite","Ripple+1","Sucker_Punch","ThreeSidedStar","Rising_Crane","Madness+1","Madness"],"relics":["Sneakers","EVO:Axolotl","FaceOfCleric","Orichalcum","Mercury Hourglass","Bloody Idol","Tiny House","MutagenicStrength","Protect_Vest","Strawberry","Meat on the Bone","Matryoshka","Black Star","MealTicket","Bag of Marbles","White Beast Statue","Blood Vial","Unceasing Top","Mummified Hand","Happy Flower","Membership Card"],"acts_visited":["Exordium","TheCity","TheBeyond"],"potions_floor_usage":[41,45,45,50],"damage_taken":[{"damage":6.0,"enemies":"Cultist","floor":1.0,"turns":3.0},{"damage":0.0,"enemies":"Small Slimes","floor":2.0,"turns":3.0},{"damage":8.0,"enemies":"Jaw Worm","floor":5.0,"turns":3.0},{"damage":36.0,"enemies":"3 Sentries","floor":7.0,"turns":6.0},{"damage":13.0,"enemies":"Exordium Wildlife","floor":8.0,"turns":4.0},{"damage":7.0,"enemies":"Blue Slaver","floor":10.0,"turns":3.0},{"damage":14.0,"enemies":"3 Louse","floor":12.0,"turns":2.0},{"damage":30.0,"enemies":"Hexaghost","floor":16.0,"turns":6.0},{"damage":28.0,"enemies":"2 Thieves","floor":18.0,"turns":4.0},{"damage":15.0,"enemies":"3 Byrds","floor":24.0,"turns":5.0},{"damage":9.0,"enemies":"3 Cultists","floor":27.0,"turns":4.0},{"damage":1.0,"enemies":"Chosen and Byrds","floor":28.0,"turns":4.0},{"damage":49.0,"enemies":"Gremlin Leader","floor":29.0,"turns":5.0},{"damage":9.0,"enemies":"Snake Plant","floor":31.0,"turns":3.0},{"damage":59.0,"enemies":"Automaton","floor":33.0,"turns":8.0},{"damage":14.0,"enemies":"3 Shapes","floor":35.0,"turns":4.0},{"damage":2,"enemies":"Orb Walker","floor":36,"turns":4},{"damage":10,"enemies":"Writhing Mass","floor":38,"turns":5},{"damage":15,"enemies":"Sphere and 2 Shapes","floor":39,"turns":5},{"damage":68,"enemies":"Nemesis","floor":41,"turns":10},{"damage":35,"enemies":"Giant Head","floor":45,"turns":9},{"damage":24,"enemies":"Donu and Deca","floor":50,"turns":7}],"seed_played":"8084727812588554498","potions_obtained":[{"floor":5.0,"key":"Fire Potion"},{"floor":8.0,"key":"Weak Potion"},{"floor":10.0,"key":"Strength Potion"},{"floor":17.0,"key":"EntropicBrew"},{"floor":28.0,"key":"Ancient Potion"},{"floor":33.0,"key":"Strength Potion"},{"floor":36,"key":"Strength Potion"},{"floor":38,"key":"DuplicationPotion"},{"floor":45,"key":"Ancient Potion"}],"is_trial":false,"path_per_floor":["M","M","?","$","M","R","E","M","T","M","R","M","R","?","R","B",null,"M","?","?","$","?","R","M","$","T","M","M","E","?","M","R","B",null,"M","M","$","M","M","R","E","R","T","R","E","$","R","?","R","B",null],"character_chosen":"BARTENDER","items_purchased":["Momentum","Protect_Vest","Rope_A_Dope","Strawberry","MealTicket","Membership Card"],"campfire_rested":5,"item_purchase_floors":[4,21,21,25,37,46],"current_hp_per_floor":[71,71,71,71,64,64,29,17,17,11,35,22,46,46,68,39,82,55,55,55,55,55,55,46,53,53,62,67,36,36,45,45,46,96,88,92,92,88,79,79,29,59,59,59,44,59,89,76,76,55],"gold":17,"neow_bonus":"TEN_PERCENT_HP_BONUS","is_daily":false,"chose_seed":false,"campfire_upgraded":6,"win_rate":0.0,"timestamp":1611528446,"path_taken":["M","?","?","$","M","R","E","M","T","?","R","M","R","?","R","BOSS","M","?","?","$","?","R","M","$","T","M","M","E","?","M","R","BOSS","M","M","$","M","M","R","E","R","T","R","E","$","R","?","R","BOSS"],"items_purchased_type":["Card","Relic","Card","Relic","Relic","Relic"],"build_version":"2020-12-22","purchased_purges":0,"victory":true,"max_hp_per_floor":[77,77,77,77,78,78,79,80,80,81,81,82,82,76,76,77,82,83,83,83,83,83,83,84,91,91,92,93,94,94,95,95,96,96,97,98,98,99,100,100,101,101,101,101,102,102,102,102,102,103],"card_choices":[{"not_picked":["Pony_Shot","Press_Forward","Well_Drinks"],"picked":"SKIP","floor":1.0},{"not_picked":["Free_Pour","Step_Of_The_Wind"],"picked":"Cross","floor":2.0},{"not_picked":["Free_Pour","Feint"],"picked":"Phantom_Blow","floor":5.0},{"not_picked":["On_The_Rocks","Press_Forward"],"picked":"Surge","floor":7.0},{"not_picked":["Greased_Lightning","Well_Drinks"],"picked":"Foot_Thrust","floor":8.0},{"not_picked":["Cross","Snap_Punch","Press_Forward"],"picked":"SKIP","floor":10.0},{"not_picked":["Dancing_Jab","Surge"],"picked":"Tornado_Kick","floor":12.0},{"not_picked":["High_Tide","Combo_Master"],"picked":"Form_Shift","floor":16.0},{"not_picked":["Greased_Lightning","On_The_Rocks"],"picked":"With_A_Twist","floor":17.0},{"not_picked":["Hook","Scowl"],"picked":"Dragonkick+1","floor":18.0},{"not_picked":["Ball_Of_Ice","Hook+1"],"picked":"Bitters","floor":24.0},{"not_picked":["Coeurl_Form","Training_Dummy"],"picked":"Elbow_Slash+1","floor":27.0},{"not_picked":["Dancing_Jab+1","ThreeSidedStar"],"picked":"Dolphin_Blow","floor":28.0},{"not_picked":["On_The_House+1","Bicycle_Kick"],"picked":"Power_Up_Punch+1","floor":29.0},{"not_picked":["Center_Self","On_The_Rocks"],"picked":"Dart+1","floor":31.0},{"not_picked":["Dolphin_Blow","Moonsault_Kick"],"picked":"Butterfly_Float","floor":33.0},{"not_picked":["On_The_Rocks","Insight_B"],"picked":"Free_Pour+1","floor":35},{"not_picked":["Free_Pour","Power_Up_Punch"],"picked":"Well_Drinks+1","floor":36},{"not_picked":["Mirage","Momentum"],"picked":"Ripple+1","floor":38},{"not_picked":["Foot_Thrust+1","Meteodrive"],"picked":"Sucker_Punch","floor":39},{"not_picked":["Ball_Of_Ice","Breathe_Deep"],"picked":"ThreeSidedStar","floor":41},{"not_picked":["Bouncer","Bloodbath_Bartender+1"],"picked":"Rising_Crane","floor":45}],"player_experience":163610,"relics_obtained":[{"floor":7.0,"key":"Orichalcum"},{"floor":9.0,"key":"Mercury Hourglass"},{"floor":26.0,"key":"Meat on the Bone"},{"floor":29.0,"key":"Matryoshka"},{"floor":41,"key":"Bag of Marbles"},{"floor":41,"key":"White Beast Statue"},{"floor":43,"key":"Blood Vial"},{"floor":43,"key":"Unceasing Top"},{"floor":45,"key":"Mummified Hand"},{"floor":45,"key":"Happy Flower"}],"event_choices":[{"damage_healed":0.0,"max_hp_gain":0.0,"max_hp_loss":0.0,"gold_gain":0.0,"event_name":"FaceTrader","player_choice":"Trade","floor":3.0,"gold_loss":0.0,"damage_taken":0.0,"relics_obtained":["FaceOfCleric"]},{"damage_healed":0.0,"max_hp_gain":0.0,"max_hp_loss":6.0,"gold_gain":0.0,"event_name":"Golden Idol","player_choice":"Lose Max HP","floor":14.0,"gold_loss":0.0,"damage_taken":0.0,"relics_obtained":["Golden Idol"]},{"damage_healed":0.0,"max_hp_gain":0.0,"max_hp_loss":0.0,"gold_gain":0.0,"event_name":"Drug Dealer","player_choice":"Inject Mutagens","floor":19.0,"gold_loss":0.0,"damage_taken":0.0,"relics_obtained":["MutagenicStrength"]},{"damage_healed":0.0,"max_hp_gain":0.0,"max_hp_loss":0.0,"gold_gain":0.0,"event_name":"Forgotten Altar","player_choice":"Gave Idol","floor":20.0,"relics_lost":["Golden Idol"],"gold_loss":0.0,"damage_taken":0.0,"relics_obtained":["Bloody Idol"]},{"damage_healed":0.0,"max_hp_gain":0.0,"max_hp_loss":0.0,"gold_gain":0.0,"event_name":"Vampires","player_choice":"Ignored","floor":22.0,"gold_loss":0.0,"damage_taken":0.0},{"damage_healed":0.0,"max_hp_gain":0.0,"max_hp_loss":0.0,"gold_gain":0.0,"event_name":"Back to Basics","player_choice":"Simplicity","floor":30.0,"gold_loss":0.0,"damage_taken":0.0,"cards_upgraded":["Strike_Bartender","Strike_Bartender","Strike_Bartender","Defend_Bartender","Defend_Bartender","Defend_Bartender","Defend_Bartender"]},{"damage_healed":0,"gold_gain":0,"player_choice":"Embrace Madness","damage_taken":13,"max_hp_gain":0,"max_hp_loss":0,"event_name":"Winding Halls","floor":48,"gold_loss":0,"cards_obtained":["Madness","Madness"]}],"is_beta":false,"boss_relics":[{"not_picked":["SlaversCollar","Sozu"],"picked":"Tiny House"},{"not_picked":["Philosopher\u0027s Stone","Runic Dome"],"picked":"Black Star"}],"items_purged_floors":[],"is_endless":false,"potions_floor_spawned":[5,8,10,28,33,36,38,45],"ascension_level":0}}