{"host":"Naix","time":1611500335,"event":{"mods":["Act Like it!","Aspiration","BaseMod","Downfall","Energized Spire","Friendly Minions","Gensokyo","HornydragonMod","Minty Spire (QoL Compilation)","Replay The Spire","StSLib","The Alterego","The Jungle","Waifu the Spire","Wide Potions","¡¾ÒÅÎï¿¨ÅÆ¡¿REMEMod"],"gold_per_floor":[100,112,45,45,30,30,30,30,30,30],"floor_reached":9,"language":"ZHS","playtime":697,"items_purged":[],"score":47,"play_id":"249b92b2-8776-4237-b2c8-471ce304db4a","local_time":"20210124225855","is_ascension_mode":false,"campfire_choices":[{"data":"alterego_mod:Mirror","floor":6,"key":"SMITH"}],"circlet_count":0,"master_deck":["alterego_mod:Strike","alterego_mod:Strike","alterego_mod:Strike","alterego_mod:Strike","alterego_mod:Defend","alterego_mod:Defend","alterego_mod:Defend","alterego_mod:Impale+1","alterego_mod:BigMeatyClaws","alterego_mod:BrynhildrsRune","alterego_mod:Cooking","alterego_mod:Rip","alterego_mod:DiscoLights","alterego_mod:Mirror+1"],"relics":["alterego_mod:MasochisticConstitution","REME_ComplimentaryCards","Golden Idol","Frozen Egg 2"],"acts_visited":["Exordium"],"potions_floor_usage":[3,5],"damage_taken":[{"damage":7,"enemies":"2 Louse","floor":2,"turns":2},{"damage":14,"enemies":"downfall:FleeingMerchant","floor":3,"turns":4},{"damage":13,"enemies":"downfall:FleeingMerchant","floor":5,"turns":4},{"damage":39,"enemies":"3 Sentries","floor":9,"turns":4}],"seed_played":"1889388715717243696","potions_obtained":[{"floor":0,"key":"SteroidPotion"},{"floor":0,"key":"Reflective Coating"},{"floor":0,"key":"champ:CounterPotion"}],"is_trial":false,"path_per_floor":["R","M","$","?","$","R","T","?","E"],"character_chosen":"The_Alterego","items_purchased":["alterego_mod:DiscoLights"],"campfire_rested":0,"item_purchase_floors":[3],"current_hp_per_floor":[70,64,54,36,27,27,27,27,0,0],"gold":30,"neow_bonus":"THREE_SMALL_POTIONS","is_daily":false,"chose_seed":false,"campfire_upgraded":1,"win_rate":0.0,"timestamp":1611500335,"path_taken":["R","M","$","?","$","R","T","?","E"],"items_purchased_type":["Card"],"build_version":"2020-12-18","purchased_purges":0,"victory":false,"max_hp_per_floor":[70,71,72,72,73,73,73,73,73,73],"card_choices":[{"not_picked":["alterego_mod:PresenceConcealment","alterego_mod:BusterCard"],"picked":"alterego_mod:Cooking","floor":2},{"not_picked":["alterego_mod:Birthday","alterego_mod:Rake"],"picked":"alterego_mod:Rip","floor":3},{"not_picked":["alterego_mod:Stockings","alterego_mod:Skirt"],"picked":"alterego_mod:Mirror","floor":5}],"player_experience":698089,"relics_obtained":[{"floor":7,"key":"Frozen Egg 2"}],"event_choices":[{"damage_healed":0,"gold_gain":0,"player_choice":"Grow","damage_taken":0,"max_hp_gain":0,"max_hp_loss":0,"event_name":"Living Wall","floor":1,"gold_loss":0,"cards_upgraded":["alterego_mod:Impale"]},{"damage_healed":0,"gold_gain":0,"player_choice":"Take Damage","damage_taken":18,"relics_obtained":["Golden Idol"],"max_hp_gain":0,"max_hp_loss":0,"event_name":"Golden Idol","floor":4,"gold_loss":0},{"cards_removed":["alterego_mod:Defend"],"damage_healed":0,"gold_gain":0,"player_choice":"Offered Basic","damage_taken":0,"max_hp_gain":0,"max_hp_loss":0,"event_name":"Bonfire Elementals","floor":8,"gold_loss":0}],"is_beta":true,"boss_relics":[],"items_purged_floors":[],"is_endless":false,"potions_floor_spawned":[2],"killed_by":"3 Sentries","ascension_level":0}}