{"host":"h3bgw7p7cb1roykn","time":1611508477,"event":{"mods":["AchievementEnabler","BaseMod","Colored Map","Minty Spire (QoL Compilation)","StSLib"],"gold_per_floor":[110,60,60,78,90,115,115,128,128,153,164,11,21,21,21,124,124,137,147,162,15,15,44,64,64,91,118,137,137,137,13,13,13,13],"floor_reached":33,"language":"ENG","playtime":1214,"items_purged":["Defend_B"],"score":312,"play_id":"27cbcdb2-11d3-42dc-8464-1a8644ab0884","local_time":"20210124181437","is_ascension_mode":true,"campfire_choices":[{"data":"Machine Learning","floor":7.0,"key":"SMITH"},{"floor":15.0,"key":"REST"},{"floor":25.0,"key":"REST"},{"floor":29,"key":"REST"},{"floor":32,"key":"DIG"}],"circlet_count":0,"master_deck":["Strike_B","Strike_B","Defend_B","Zap","Dualcast","Machine Learning+1","Conserve Battery+1","Conserve Battery","Leap+1","Ball Lightning","Sunder","Seek+1","Streamline+1","Melter+1","Redo+1","Leap+1","Sweeping Beam"],"relics":["Cracked Core","Question Card","StoneCalendar","Emotion Chip","Bag of Marbles","Astrolabe","Omamori","Art of War","Orichalcum","Nunchaku","Shovel","MutagenicStrength","War Paint"],"acts_visited":["Exordium","TheCity"],"potions_floor_usage":[27,33,33],"damage_taken":[{"damage":4.0,"enemies":"Small Slimes","floor":1.0,"turns":4.0},{"damage":1.0,"enemies":"Cultist","floor":4.0,"turns":3.0},{"damage":6.0,"enemies":"Jaw Worm","floor":5.0,"turns":4.0},{"damage":29.0,"enemies":"Lagavulin","floor":6.0,"turns":7.0},{"damage":0.0,"enemies":"Exordium Wildlife","floor":8.0,"turns":4.0},{"damage":13.0,"enemies":"3 Sentries","floor":10.0,"turns":7.0},{"damage":5.0,"enemies":"2 Fungi Beasts","floor":11.0,"turns":4.0},{"damage":1.0,"enemies":"Looter","floor":13.0,"turns":3.0},{"damage":11.0,"enemies":"The Guardian","floor":16.0,"turns":10.0},{"damage":0.0,"enemies":"3 Byrds","floor":18.0,"turns":4.0},{"damage":0.0,"enemies":"Chosen","floor":19.0,"turns":4.0},{"damage":4.0,"enemies":"Snake Plant","floor":20.0,"turns":3.0},{"damage":34.0,"enemies":"Book of Stabbing","floor":23.0,"turns":6.0},{"damage":0.0,"enemies":"Centurion and Healer","floor":24.0,"turns":7.0},{"damage":24,"enemies":"Gremlin Leader","floor":27,"turns":7},{"damage":5,"enemies":"Snecko","floor":28,"turns":3},{"damage":57,"enemies":"Collector","floor":33,"turns":6}],"seed_played":"-7197864542350692147","potions_obtained":[{"floor":6.0,"key":"Strength Potion"},{"floor":10.0,"key":"FearPotion"},{"floor":11.0,"key":"LiquidMemories"},{"floor":18.0,"key":"Explosive Potion"},{"floor":20.0,"key":"LiquidMemories"},{"floor":27,"key":"LiquidMemories"},{"floor":28,"key":"BlessingOfTheForge"}],"is_trial":false,"path_per_floor":["M","?","?","M","M","E","R","M","T","E","M","$","M","?","R","B",null,"M","M","M","$","?","E","M","R","T","E","M","R","?","$","R","B"],"character_chosen":"DEFECT","items_purchased":["Bag of Marbles","Omamori","FearPotion"],"campfire_rested":3,"item_purchase_floors":[12,21,31],"current_hp_per_floor":[71,71,71,70,64,35,35,35,35,22,17,17,16,16,38,27,75,75,75,71,71,71,37,37,59,59,35,30,52,52,52,52,0,0],"gold":13,"neow_bonus":"ONE_RANDOM_RARE_CARD","is_daily":false,"chose_seed":false,"campfire_upgraded":1,"win_rate":0.0,"timestamp":1611508477,"path_taken":["M","?","?","M","?","E","R","?","T","E","M","$","M","?","R","BOSS","M","M","M","$","?","E","M","R","T","E","M","R","?","$","R","BOSS"],"items_purchased_type":["Relic","Relic","Potion"],"build_version":"2020-12-22","purchased_purges":1,"victory":false,"max_hp_per_floor":[75,75,75,75,75,75,75,75,75,75,75,75,75,75,75,75,75,75,75,75,75,75,75,75,75,75,75,75,75,75,75,75,75,75],"card_choices":[{"not_picked":["Steam","Streamline"],"picked":"Conserve Battery","floor":1.0},{"not_picked":["Steam","Redo","Rebound"],"picked":"SKIP","floor":4.0},{"not_picked":["Static Discharge","Compile Driver"],"picked":"Conserve Battery","floor":5.0},{"not_picked":["Reinforced Body","Blizzard","Turbo"],"picked":"SKIP","floor":6.0},{"not_picked":["Redo","Streamline","FTL"],"picked":"Leap","floor":8.0},{"not_picked":["Lockon","Beam Cell","Redo"],"picked":"Ball Lightning","floor":10.0},{"not_picked":["Consume","Capacitor","Turbo"],"picked":"Sunder","floor":11.0},{"not_picked":["Rebound","Reboot","Chill","Reinforced Body"],"picked":"SKIP","floor":13.0},{"not_picked":["Machine Learning","Creative AI","Buffer"],"picked":"Seek","floor":16.0},{"not_picked":["Go for the Eyes","Conserve Battery+1","Cold Snap","Stack"],"picked":"SKIP","floor":18.0},{"not_picked":["Lockon","Steam","Ball Lightning"],"picked":"Leap+1","floor":19.0},{"not_picked":["Chill","Gash","BootSequence+1"],"picked":"Sweeping Beam","floor":20.0},{"not_picked":["Consume+1","Doom and Gloom","Storm","Amplify"],"picked":"SKIP","floor":23.0},{"not_picked":["Gash","Cold Snap+1","Hello World+1","Leap+1"],"picked":"SKIP","floor":24.0},{"not_picked":["Sunder","Stack+1","Consume+1","Streamline"],"picked":"SKIP","floor":27},{"not_picked":["Streamline+1","Coolheaded","Gash","Barrage"],"picked":"SKIP","floor":28}],"player_experience":232409,"relics_obtained":[{"floor":6.0,"key":"Question Card"},{"floor":9.0,"key":"StoneCalendar"},{"floor":10.0,"key":"Emotion Chip"},{"floor":23.0,"key":"Orichalcum"},{"floor":26.0,"key":"Nunchaku"},{"floor":27,"key":"Shovel"},{"floor":32,"key":"War Paint"}],"event_choices":[{"cards_removed":["Defend_B"],"damage_healed":0.0,"max_hp_gain":0.0,"max_hp_loss":0.0,"gold_gain":0.0,"event_name":"The Cleric","player_choice":"Card Removal","floor":2.0,"gold_loss":50.0,"damage_taken":0.0},{"damage_healed":0.0,"max_hp_gain":0.0,"max_hp_loss":0.0,"gold_gain":0.0,"event_name":"Accursed Blacksmith","player_choice":"Forge","floor":3.0,"gold_loss":0.0,"damage_taken":0.0,"cards_upgraded":["Conserve Battery"]},{"damage_healed":0.0,"max_hp_gain":0.0,"max_hp_loss":0.0,"gold_gain":0.0,"event_name":"Golden Idol","player_choice":"Ignored","floor":14.0,"gold_loss":0.0,"damage_taken":0.0},{"damage_healed":0.0,"max_hp_gain":0.0,"max_hp_loss":0.0,"gold_gain":0.0,"event_name":"Addict","player_choice":"Stole Relic","floor":22.0,"gold_loss":0.0,"damage_taken":0.0,"relics_obtained":["Art of War"],"cards_obtained":["Shame"]},{"damage_healed":0,"gold_gain":0,"player_choice":"Inject Mutagens","damage_taken":0,"relics_obtained":["MutagenicStrength"],"max_hp_gain":0,"max_hp_loss":0,"event_name":"Drug Dealer","floor":30,"gold_loss":0}],"is_beta":false,"boss_relics":[{"not_picked":["SlaversCollar","Philosopher\u0027s Stone"],"picked":"Astrolabe"}],"items_purged_floors":[31],"is_endless":false,"potions_floor_spawned":[6,10,11,18,20,27,28],"killed_by":"Collector","ascension_level":1}}