{"host":"mhmeo7g9gd98ttwb","time":1611449873,"event":{"mods":["AchievementEnabler","BaseMod","Card Forge","Colored Map","Minty Spire (QoL Compilation)","Relic Stats","StSLib"],"gold_per_floor":[117,131,150,225,225,225,254,254,254,289,300,315,326,355,355,451,451,469,215,215,233,233,250,275,190,190,202,214,240,265,312,324,435,447,474,486,513,542,572,613,625,670,682,721,784,810,822,884,896,908,920,932,288,316,316],"floor_reached":56,"language":"ENG","playtime":3214,"items_purged":[],"score":1762,"play_id":"cd6574cb-d7ad-4aee-9f55-781639a5d6a3","local_time":"20210124005753","is_ascension_mode":true,"campfire_choices":[{"floor":6.0,"key":"RECALL"},{"floor":8.0,"key":"REST"},{"floor":15.0,"key":"REST"},{"floor":28.0,"key":"REST"},{"floor":32.0,"key":"REST"},{"floor":49,"key":"REST"},{"floor":52,"key":"REST"}],"circlet_count":0,"master_deck":["Bash+1","Dropkick+1","Whirlwind+1","Dropkick+1","Feed+1"],"relics":["Burning Blood","Hammer of Thor","Seething Fire","Anvil of the Gods","Lantern","Calipers","Ornamental Fan","Shuriken","TungstenRod","Eternal Feather","Du-Vu Doll","Runic Pyramid","Matryoshka","Pantograph","InkBottle","MawBank","Torii","Black Star","Gremlin Horn","Toxic Egg 2","Self Forming Clay","Orichalcum","Paper Frog","CeramicFish","Red Skull","Toy Ornithopter","FossilizedHelix","Chemical X","Gremlin Horn","Mercury Hourglass","White Beast Statue","Letter Opener"],"acts_visited":["Exordium","TheCity","TheBeyond","TheEnding"],"potions_floor_usage":[55,55,55,55],"damage_taken":[{"damage":0.0,"enemies":"2 Louse","floor":1.0,"turns":1.0},{"damage":0.0,"enemies":"Jaw Worm","floor":2.0,"turns":1.0},{"damage":0.0,"enemies":"Cultist","floor":3.0,"turns":1.0},{"damage":0.0,"enemies":"Gremlin Nob","floor":7.0,"turns":2.0},{"damage":0.0,"enemies":"Lagavulin","floor":10.0,"turns":1.0},{"damage":4.0,"enemies":"2 Fungi Beasts","floor":11.0,"turns":2.0},{"damage":0.0,"enemies":"Looter","floor":12.0,"turns":1.0},{"damage":0.0,"enemies":"Blue Slaver","floor":13.0,"turns":1.0},{"damage":0.0,"enemies":"Gremlin Nob","floor":14.0,"turns":1.0},{"damage":0.0,"enemies":"Hexaghost","floor":16.0,"turns":2.0},{"damage":5.0,"enemies":"2 Thieves","floor":18.0,"turns":2.0},{"damage":0.0,"enemies":"3 Byrds","floor":21.0,"turns":3.0},{"damage":0.0,"enemies":"Cultist and Chosen","floor":23.0,"turns":2.0},{"damage":0.0,"enemies":"Book of Stabbing","floor":24.0,"turns":1.0},{"damage":0.0,"enemies":"Snake Plant","floor":29.0,"turns":1.0},{"damage":0.0,"enemies":"Shelled Parasite and Fungi","floor":30.0,"turns":2.0},{"damage":5.0,"enemies":"Slavers","floor":31.0,"turns":3.0},{"damage":0.0,"enemies":"Champ","floor":33.0,"turns":1.0},{"damage":0.0,"enemies":"Orb Walker","floor":35.0,"turns":1.0},{"damage":2.0,"enemies":"3 Shapes","floor":37.0,"turns":2.0},{"damage":0.0,"enemies":"Writhing Mass","floor":38.0,"turns":1.0},{"damage":32.0,"enemies":"Sphere and 2 Shapes","floor":39.0,"turns":5.0},{"damage":0.0,"enemies":"Reptomancer","floor":40.0,"turns":1.0},{"damage":0.0,"enemies":"Nemesis","floor":42.0,"turns":1.0},{"damage":0.0,"enemies":"Giant Head","floor":44.0,"turns":1.0},{"damage":0.0,"enemies":"3 Darklings","floor":46.0,"turns":2.0},{"damage":0.0,"enemies":"Mind Bloom Boss Battle","floor":48.0,"turns":1.0},{"damage":26,"enemies":"Donu and Deca","floor":50,"turns":5},{"damage":0,"enemies":"Shield and Spear","floor":54,"turns":3},{"damage":53,"enemies":"The Heart","floor":55,"turns":3}],"seed_played":"7683893594163689728","potions_obtained":[{"floor":10.0,"key":"EssenceOfSteel"},{"floor":12.0,"key":"SkillPotion"},{"floor":14.0,"key":"Energy Potion"},{"floor":16.0,"key":"Regen Potion"},{"floor":21.0,"key":"Block Potion"},{"floor":30.0,"key":"Strength Potion"},{"floor":37.0,"key":"Weak Potion"},{"floor":48.0,"key":"EntropicBrew"}],"is_trial":false,"path_per_floor":["M","M","M","?","?","R","E","R","T","E","M","M","M","E","R","B",null,"M","$","?","M","?","M","E","?","T","$","R","M","M","E","R","B",null,"M","$","M","M","M","E","?","E","T","E","T","M","$","?","R","B",null,"R","$","E","B",null],"character_chosen":"IRONCLAD","items_purchased":["Matryoshka","Chemical X","Gremlin Horn","Mercury Hourglass"],"campfire_rested":6,"item_purchase_floors":[19,53,53,53],"current_hp_per_floor":[88,88,88,88,88,88,88,88,88,88,88,88,88,88,88,88,88,88,88,88,88,88,88,88,88,88,88,88,88,92,96,96,100,100,104,104,108,112,90,100,100,110,110,116,116,122,122,128,128,108,128,128,128,132,104],"gold":316,"neow_bonus":"TEN_PERCENT_HP_BONUS","is_daily":false,"chose_seed":false,"campfire_upgraded":0,"win_rate":0.0,"timestamp":1611449873,"path_taken":["M","M","M","?","?","R","E","R","T","E","M","M","?","E","R","BOSS","M","$","?","M","?","M","E","?","T","?","R","M","M","E","R","BOSS","M","$","M","M","M","E","?","E","T","E","?","M","$","?","R","BOSS","R","$","E","BOSS"],"items_purchased_type":["Relic","Relic","Relic","Relic"],"build_version":"2020-12-22","purchased_purges":0,"victory":true,"max_hp_per_floor":[88,88,88,88,88,88,88,88,88,88,88,88,88,88,88,88,88,88,88,88,88,88,88,88,88,88,88,88,88,92,96,96,100,100,104,104,108,112,116,120,120,124,124,124,124,124,124,128,128,128,128,128,128,132,136],"relic_stats":{"Torii":6,"Gremlin Horn":[8,10],"counters":[30,54],"Self Forming Clay":[12],"CeramicFish":0,"Eternal Feather":0,"Letter Opener":[0],"Orichalcum":[12],"MawBank":324,"Burning Blood":58,"Mercury Hourglass":[18],"Ornamental Fan":[460],"Shuriken":[115],"Pantograph":2,"Black Star":4,"Chemical X":[2],"obtain_stats":[{"Lantern":0,"Calipers":0,"Torii":31,"Gremlin Horn":34,"CeramicFish":44,"Hammer of Thor":0,"Burning Blood":0,"Matryoshka":19,"Pantograph":24,"Chemical X":53,"Toxic Egg 2":40,"InkBottle":25,"Red Skull":44,"Runic Pyramid":17,"Paper Frog":43,"Self Forming Clay":42,"Eternal Feather":9,"Seething Fire":0,"Letter Opener":54,"Orichalcum":43,"MawBank":26,"White Beast Statue":54,"Mercury Hourglass":53,"Du-Vu Doll":10,"Anvil of the Gods":0,"Ornamental Fan":0,"Shuriken":0,"Black Star":34,"TungstenRod":7,"Toy Ornithopter":45,"FossilizedHelix":48},{"Lantern":0,"Calipers":0,"Torii":17,"Gremlin Horn":18,"CeramicFish":25,"Hammer of Thor":0,"Burning Blood":0,"Matryoshka":11,"Pantograph":14,"Chemical X":28,"Toxic Egg 2":23,"InkBottle":14,"Red Skull":25,"Runic Pyramid":10,"Paper Frog":24,"Self Forming Clay":24,"Eternal Feather":4,"Seething Fire":0,"Letter Opener":29,"Orichalcum":24,"MawBank":14,"White Beast Statue":29,"Mercury Hourglass":28,"Du-Vu Doll":5,"Anvil of the Gods":0,"Ornamental Fan":0,"Shuriken":0,"Black Star":18,"TungstenRod":4,"Toy Ornithopter":25,"FossilizedHelix":27},{"Lantern":0,"Calipers":0,"Torii":27,"Gremlin Horn":28,"CeramicFish":40,"Hammer of Thor":0,"Burning Blood":0,"Matryoshka":15,"Pantograph":21,"Chemical X":48,"Toxic Egg 2":38,"InkBottle":21,"Red Skull":40,"Runic Pyramid":13,"Paper Frog":39,"Self Forming Clay":39,"Eternal Feather":5,"Seething Fire":0,"Letter Opener":51,"Orichalcum":39,"MawBank":21,"White Beast Statue":51,"Mercury Hourglass":48,"Du-Vu Doll":6,"Anvil of the Gods":0,"Ornamental Fan":0,"Shuriken":0,"Black Star":28,"TungstenRod":5,"Toy Ornithopter":40,"FossilizedHelix":43}],"TungstenRod":19,"InkBottle":[0],"Toy Ornithopter":15},"card_choices":[{"not_picked":["Warcry","Clothesline","Body Slam"],"picked":"SKIP","floor":1.0},{"not_picked":["Havoc","Body Slam","Perfected Strike"],"picked":"SKIP","floor":2.0},{"not_picked":["Armaments","Twin Strike","True Grit"],"picked":"SKIP","floor":3.0},{"not_picked":["Flex","Wild Strike","Warcry"],"picked":"SKIP","floor":7.0},{"not_picked":["Evolve","Flex"],"picked":"Limit Break","floor":10.0},{"not_picked":["Whirlwind","Anger","Ghostly Armor"],"picked":"SKIP","floor":11.0},{"not_picked":["Clash","Twin Strike","Thunderclap"],"picked":"SKIP","floor":12.0},{"not_picked":["Ghostly Armor","Pommel Strike","Wild Strike"],"picked":"SKIP","floor":13.0},{"not_picked":["Perfected Strike","Thunderclap","Berserk"],"picked":"SKIP","floor":14.0},{"not_picked":["Fire Breathing","True Grit","Warcry+1"],"picked":"SKIP","floor":18.0},{"not_picked":["Havoc","Infernal Blade","Body Slam+1"],"picked":"SKIP","floor":21.0},{"not_picked":["Hemokinesis","Clothesline+1","Dropkick"],"picked":"SKIP","floor":23.0},{"not_picked":["True Grit","Shrug It Off+1","Flex"],"picked":"SKIP","floor":24.0},{"not_picked":["Sword Boomerang+1","Perfected Strike","Clothesline"],"picked":"SKIP","floor":29.0},{"not_picked":["Body Slam+1","Armaments","Bludgeon"],"picked":"SKIP","floor":30.0},{"not_picked":["Cleave","Rage","Ghostly Armor"],"picked":"SKIP","floor":31.0},{"not_picked":["Metallicize+1","Heavy Blade+1","Iron Wave"],"picked":"SKIP","floor":35.0},{"not_picked":["Flex+1","Shockwave","Whirlwind+1"],"picked":"SKIP","floor":37.0},{"not_picked":["Power Through+1","Flame Barrier+1","Flex+1"],"picked":"SKIP","floor":38.0},{"not_picked":["Heavy Blade","Power Through+1","Cleave"],"picked":"SKIP","floor":39.0},{"not_picked":["Heavy Blade","Pommel Strike+1","Evolve"],"picked":"SKIP","floor":40.0},{"not_picked":["True Grit+1","Juggernaut","Armaments+1"],"picked":"SKIP","floor":42.0},{"not_picked":["Intimidate+1","Uppercut+1","Havoc+1"],"picked":"SKIP","floor":44.0},{"not_picked":["Thunderclap+1","Pommel Strike","Twin Strike"],"picked":"SKIP","floor":46.0},{"not_picked":["Twin Strike+1","Iron Wave","Cleave+1"],"picked":"SKIP","floor":54}],"player_experience":196705,"relics_obtained":[{"floor":7.0,"key":"TungstenRod"},{"floor":9.0,"key":"Eternal Feather"},{"floor":10.0,"key":"Du-Vu Doll"},{"floor":24.0,"key":"Pantograph"},{"floor":26.0,"key":"MawBank"},{"floor":31.0,"key":"Torii"},{"floor":40.0,"key":"Toxic Egg 2"},{"floor":42.0,"key":"Self Forming Clay"},{"floor":43.0,"key":"Orichalcum"},{"floor":43.0,"key":"Paper Frog"},{"floor":44.0,"key":"CeramicFish"},{"floor":44.0,"key":"Red Skull"},{"floor":45.0,"key":"Toy Ornithopter"},{"floor":48.0,"key":"FossilizedHelix"},{"floor":54,"key":"White Beast Statue"},{"floor":54,"key":"Letter Opener"}],"event_choices":[{"damage_healed":0.0,"max_hp_gain":0.0,"max_hp_loss":0.0,"gold_gain":75.0,"event_name":"Golden Wing","player_choice":"Gained Gold","floor":4.0,"gold_loss":0.0,"damage_taken":0.0},{"damage_healed":0.0,"max_hp_gain":0.0,"max_hp_loss":0.0,"gold_gain":0.0,"event_name":"Upgrade Shrine","player_choice":"Ignored","floor":5.0,"gold_loss":0.0,"damage_taken":0.0},{"damage_healed":29.0,"max_hp_gain":0.0,"max_hp_loss":0.0,"gold_gain":0.0,"event_name":"The Library","player_choice":"Heal","floor":20.0,"gold_loss":0.0,"damage_taken":0.0},{"damage_healed":0.0,"max_hp_gain":0.0,"max_hp_loss":0.0,"gold_gain":0.0,"event_name":"Vampires","player_choice":"Ignored","floor":22.0,"gold_loss":0.0,"damage_taken":0.0},{"damage_healed":0.0,"max_hp_gain":0.0,"max_hp_loss":0.0,"gold_gain":0.0,"event_name":"Addict","player_choice":"Obtained Relic","floor":25.0,"gold_loss":85.0,"damage_taken":0.0,"relics_obtained":["InkBottle"]},{"damage_healed":0.0,"max_hp_gain":0.0,"max_hp_loss":0.0,"gold_gain":0.0,"event_name":"Tomb of Lord Red Mask","player_choice":"Ignored","floor":41.0,"gold_loss":0.0,"damage_taken":0.0},{"damage_healed":0.0,"max_hp_gain":0.0,"max_hp_loss":0.0,"gold_gain":0.0,"event_name":"MindBloom","player_choice":"Fight","floor":48.0,"gold_loss":0.0,"damage_taken":0.0}],"is_beta":false,"boss_relics":[{"not_picked":["Tiny House","Cursed Key"],"picked":"Runic Pyramid"},{"not_picked":["SacredBark","Mark of Pain"],"picked":"Black Star"}],"items_purged_floors":[],"is_endless":false,"potions_floor_spawned":[10,12,14,16,18,21,30,35,37,48],"ascension_level":1}}