{"host":"ucdtmwoyjdi175gg","time":1611448475,"event":{"mods":["2.2 Compatiblity","Act Like it!","Aspiration","BaseMod","Beaked The Cultist","Bestiary","Better Third Choice","CapriCore","Chen","Ekko","Filter the Spire","Friendly Minions","Gensokyo","Halation","Hermit","HololiveMod","KinomotoSakuraMod(????)","Koishi","Lobotomy","Luminous","Marisa????????","Marked Mod","Minty Spire (QoL Compilation)","Nova Terra(??·??)","Quick Restart","Relic Stats","Remilia??????","Replay The Spire","Somnambulant","StSLib","Td1madao Mod","The Administrix","The Bug Knight","The Fake Hero","The Hierophant","The Immortal","The Jungle","The Marked","The Servant 0.9.4","TheSwordswoman","Yuyuko","??????REMEMod"],"gold_per_floor":[117,117,134,152,8,8,24,24,24,24,36,66,66,79,79,175,175,189,189,204,404,424,424,441,472,498,56,72,86,86,117,117,212,212,242,264,306,89,200,200,21,87,87,125,180,242,271,314,314,338,338,338,27,91,121],"floor_reached":56,"language":"ENG","playtime":21164,"items_purged":["hierophant:Defend_Hierophant","Normality"],"score":1328,"play_id":"031c107f-e833-4e8a-8a03-4adae5dd4ce9","local_time":"20210123183435","is_ascension_mode":false,"campfire_choices":[{"data":"1","floor":6.0,"key":"LIFT"},{"data":"2","floor":8.0,"key":"LIFT"},{"data":"3","floor":13.0,"key":"LIFT"},{"floor":15.0,"key":"REST"},{"floor":23.0,"key":"RECALL"},{"floor":32.0,"key":"REST"},{"data":"MokouMod:Extinguish","floor":40,"key":"SMITH"},{"data":"MokouMod:EnchantingBambooForest","floor":52,"key":"SMITH"}],"circlet_count":0,"master_deck":["MokouMod:Strike","MokouMod:Strike","MokouMod:Strike+1","MokouMod:Strike","MokouMod:Strike","MokouMod:Defend+1","MokouMod:Defend","MokouMod:Defend+1","MokouMod:Defend+1","MokouMod:HeatSpark","luka_mod:AlmaElma","Fantasy Butterflies","MokouMod:ControlledCombustion+1","MokouMod:CrimsonArmoury","MokouMod:Afterburner","MokouMod:Singe","MokouMod:SearingShot","MokouMod:InfernalWave","MokouMod:TemporalFireSeal","MokouMod:EnchantingBambooForest+1","MokouMod:Refresh","Panacea","MokouMod:PhoenixForm","MokouMod:GuidingSmoke","MokouMod:BurningDraft","MokouMod:Scorch+1","MokouMod:PhoenixFeathers","MokouMod:RetainTemperature+1","MokouMod:SearingShot+1","MokouMod:Afterburner","MokouMod:IndiscriminateIgnition","MokouMod:InfernalWave","MokouMod:SearingShot","MokouMod:HeartofFire","MokouMod:IllusoryBattlefield+1","MokouMod:SubterraneanCore+1","MokouMod:CrimsonArmoury","MokouMod:Extinguish+1","Replay:Sluggish","Decay","MokouMod:ControlledCombustion+1","MokouMod:Cataclysm+1","MokouMod:Fireball","MokouMod:Cataclysm","MokouMod:IgnitionBlast","MokouMod:Cataclysm","MokouMod:FlareStarter+1","MokouMod:IgnitionBlast+1","MokouMod:Ember+1","MokouMod:HouraiForge","MokouMod:ControlledCombustion","Apotheosis","MokouMod:ProfanedFlare"],"relics":["MokouMod:PhoenixFeather","REME_ComplimentaryCards","Girya","Oddly Smooth Stone","War Paint","Replay:Baseball","aspiration:SecretTechniqueScroll","Matryoshka","Replay:Rubber Ducky","BargainBundle","Blue Candle","Gremlin Food","Replay:Ancient Bell","Replay:Bandana","Shuriken","Dead Branch","halation:BottledHappiness","Ancient Tea Set","aspiration:Lifesprig","Replay:Kaleidoscope","CatCart","Bottled Flame","aspiration:FrozenJewel"],"acts_visited":["Exordium","TheCity","TheBeyond","TheEnding"],"potions_floor_usage":[46,48,50,50,55,55,55,55,55],"damage_taken":[{"damage":0.0,"enemies":"Jaw Worm","floor":1.0,"turns":5.0},{"damage":1.0,"enemies":"Cultist","floor":3.0,"turns":3.0},{"damage":10.0,"enemies":"Small Slimes","floor":4.0,"turns":5.0},{"damage":36.0,"enemies":"Gremlin Gang","floor":7.0,"turns":4.0},{"damage":0.0,"enemies":"Exordium Wildlife","floor":11.0,"turns":3.0},{"damage":16.0,"enemies":"Gremlin Nob","floor":12.0,"turns":4.0},{"damage":7.0,"enemies":"Lots of Slimes","floor":14.0,"turns":5.0},{"damage":21.0,"enemies":"Slime Boss","floor":16.0,"turns":10.0},{"damage":25.0,"enemies":"Shell Parasite","floor":18.0,"turns":5.0},{"damage":16.0,"enemies":"2 Thieves","floor":20.0,"turns":4.0},{"damage":15.0,"enemies":"Snecko","floor":22.0,"turns":5.0},{"damage":21.0,"enemies":"Cultist and Chosen","floor":24.0,"turns":6.0},{"damage":37.0,"enemies":"Slavers","floor":25.0,"turns":6.0},{"damage":20.0,"enemies":"Centurion and Healer","floor":28.0,"turns":5.0},{"damage":4.0,"enemies":"Chosen and Byrds","floor":29.0,"turns":3.0},{"damage":42.0,"enemies":"Book of Stabbing","floor":31.0,"turns":5.0},{"damage":34.0,"enemies":"Collector","floor":33.0,"turns":7.0},{"damage":3.0,"enemies":"3 Shapes","floor":35.0,"turns":2.0},{"damage":10.0,"enemies":"3 Darklings","floor":36.0,"turns":5.0},{"damage":3.0,"enemies":"Sphere and 2 Shapes","floor":37.0,"turns":4.0},{"damage":0.0,"enemies":"Transient","floor":39.0,"turns":2.0},{"damage":9,"enemies":"Nemesis","floor":42,"turns":3},{"damage":6,"enemies":"3 Darklings","floor":44,"turns":2},{"damage":1,"enemies":"Maw","floor":45,"turns":4},{"damage":50,"enemies":"Orin","floor":46,"turns":7},{"damage":6,"enemies":"Writhing Mass","floor":47,"turns":4},{"damage":0,"enemies":"Reptomancer","floor":48,"turns":4},{"damage":46,"enemies":"Awakened One","floor":50,"turns":10},{"damage":0,"enemies":"Shield and Spear","floor":54,"turns":3},{"damage":60,"enemies":"The Heart","floor":55,"turns":7}],"seed_played":"4333425314002928221","potions_obtained":[{"floor":4.0,"key":"SkillPotion"},{"floor":7.0,"key":"Block Potion"},{"floor":11.0,"key":"Toxic Potion"},{"floor":22.0,"key":"FearPotion"},{"floor":24.0,"key":"SpeedPotion"},{"floor":25.0,"key":"REME_GoldPotion"},{"floor":33.0,"key":"LifebloodPotion"},{"floor":37.0,"key":"PowerPotion"},{"floor":39.0,"key":"Flashbang"},{"floor":47,"key":"Fire Potion"},{"floor":48,"key":"SpeedPotion"}],"is_trial":false,"path_per_floor":["M","?","M","M","$","R","M","R","T","?","M","E","R","M","R","B",null,"M","?","M","?","M","R","M","E","T","$","M","M","$","E","R","B",null,"M","M","M","$","M","R","$","E","T","M","M","?","M","E","R","B",null,"R","$","E","B",null],"character_chosen":"MKU","items_purchased":["Oddly Smooth Stone","BargainBundle","EntropicBrew","MokouMod:Afterburner","MokouMod:IndiscriminateIgnition","MokouMod:InfernalWave","MokouMod:SearingShot","BlessingOfTheForge","MokouMod:HeartofFire","Blue Candle","halation:BottledHappiness","MokouMod:Cataclysm","MokouMod:IgnitionBlast","Apotheosis","Doom Potion","Elixir"],"campfire_rested":2,"item_purchase_floors":[5,27,27,27,27,27,27,27,27,27,38,38,41,53,53,53],"current_hp_per_floor":[75,68,67,57,57,57,57,57,57,42,42,26,26,19,41,20,75,75,75,65,65,60,60,75,69,69,69,75,71,71,29,51,75,75,72,75,72,72,75,75,75,66,66,60,59,9,3,75,75,75,75,75,75,75,70],"gold":121,"neow_bonus":"ONE_RARE_RELIC","is_daily":false,"chose_seed":false,"campfire_upgraded":2,"win_rate":0.0,"timestamp":1611448475,"path_taken":["M","?","M","M","?","R","M","R","T","?","M","E","R","M","R","BOSS","M","?","?","?","?","R","M","E","T","$","M","M","?","E","R","BOSS","M","M","M","$","M","R","$","E","T","M","M","?","M","E","R","BOSS","R","$","E","BOSS"],"items_purchased_type":["Relic","Relic","Potion","Card","Card","Card","Card","Potion","Card","Relic","Relic","Card","Card","Card","Potion","Potion"],"build_version":"2020-12-22","purchased_purges":2,"victory":true,"max_hp_per_floor":[75,75,75,75,75,75,75,75,75,75,75,75,75,75,75,75,75,75,75,75,75,75,75,75,75,75,75,75,75,75,75,75,75,75,75,75,75,75,75,75,75,75,75,75,75,75,75,75,75,75,75,75,75,75,75],"relic_stats":{"counters":[30,142],"Shuriken":[40],"Blue Candle":[2],"Dead Branch":[508],"War Paint":["MokouMod:ControlledCombustion","MokouMod:Defend"],"obtain_stats":[{"Gremlin Food":31,"Girya":0,"BargainBundle":27,"aspiration:Lifesprig":43,"Blue Candle":27,"Dead Branch":34,"Oddly Smooth Stone":5,"halation:BottledHappiness":38,"Replay:Ancient Bell":34,"aspiration:SecretTechniqueScroll":17,"Replay:Kaleidoscope":43,"War Paint":9,"Ancient Tea Set":42,"aspiration:FrozenJewel":54,"Replay:Rubber Ducky":26,"Replay:Baseball":12,"Replay:Bandana":34,"Bottled Flame":48,"Matryoshka":25,"Shuriken":34,"MokouMod:PhoenixFeather":0,"CatCart":46,"REME_ComplimentaryCards":0},{"Gremlin Food":16,"Girya":0,"BargainBundle":13,"aspiration:Lifesprig":22,"Blue Candle":13,"Dead Branch":17,"Oddly Smooth Stone":3,"halation:BottledHappiness":20,"Replay:Ancient Bell":17,"aspiration:SecretTechniqueScroll":8,"Replay:Kaleidoscope":22,"War Paint":4,"Ancient Tea Set":22,"aspiration:FrozenJewel":29,"Replay:Rubber Ducky":13,"Replay:Baseball":6,"Replay:Bandana":17,"Bottled Flame":27,"Matryoshka":13,"Shuriken":17,"MokouMod:PhoenixFeather":0,"CatCart":25,"REME_ComplimentaryCards":0},{"Gremlin Food":78,"Girya":0,"BargainBundle":65,"aspiration:Lifesprig":101,"Blue Candle":65,"Dead Branch":85,"Oddly Smooth Stone":13,"halation:BottledHappiness":96,"Replay:Ancient Bell":85,"aspiration:SecretTechniqueScroll":39,"Replay:Kaleidoscope":101,"War Paint":17,"Ancient Tea Set":101,"aspiration:FrozenJewel":135,"Replay:Rubber Ducky":65,"Replay:Baseball":24,"Replay:Bandana":85,"Bottled Flame":122,"Matryoshka":65,"Shuriken":85,"MokouMod:PhoenixFeather":0,"CatCart":114,"REME_ComplimentaryCards":0}]},"card_choices":[{"not_picked":["MokouMod:ShiftIgnition","MokouMod:Combust"],"picked":"MokouMod:ControlledCombustion","floor":1.0},{"not_picked":["MokouMod:Ember","MokouMod:FlickeringFlame"],"picked":"MokouMod:CrimsonArmoury","floor":3.0},{"not_picked":["MokouMod:BurningDraft","MokouMod:TemporalFireSeal"],"picked":"MokouMod:Afterburner","floor":4.0},{"not_picked":["MokouMod:Firecracker","MokouMod:Overheat"],"picked":"MokouMod:Singe","floor":7.0},{"not_picked":["MokouMod:BurningDraft","MokouMod:Refresh"],"picked":"MokouMod:SearingShot","floor":11.0},{"not_picked":["MokouMod:Stoke","MokouMod:TemporalFireSeal"],"picked":"MokouMod:InfernalWave","floor":12.0},{"not_picked":["MokouMod:RoaringFlare","MokouMod:Ember"],"picked":"MokouMod:TemporalFireSeal","floor":14.0},{"not_picked":["MokouMod:HouraiForge","MokouMod:Rekindle"],"picked":"MokouMod:EnchantingBambooForest","floor":16.0},{"not_picked":["MokouMod:FusionFlare","MokouMod:InfernalWave"],"picked":"MokouMod:Refresh","floor":18.0},{"not_picked":["MokouMod:IcarusDive","MokouMod:BlazingComet"],"picked":"MokouMod:Scorch+1","floor":20.0},{"not_picked":["MokouMod:RoaringFlare","MokouMod:ThermalPressure+1"],"picked":"MokouMod:PhoenixFeathers","floor":22.0},{"not_picked":["MokouMod:EternalBurstReactor","MokouMod:UncontrollableSolarReaction"],"picked":"MokouMod:RetainTemperature+1","floor":24.0},{"not_picked":["MokouMod:Firecracker","MokouMod:ShiftIgnition"],"picked":"MokouMod:SearingShot+1","floor":25.0},{"not_picked":["MokouMod:Firecracker","MokouMod:SubterraneanCore"],"picked":"MokouMod:IllusoryBattlefield+1","floor":28.0},{"not_picked":["MokouMod:ControlledCombustion","MokouMod:ResoluteFlare"],"picked":"MokouMod:SubterraneanCore+1","floor":29.0},{"not_picked":["MokouMod:Geothermal","MokouMod:BurningDraft"],"picked":"MokouMod:CrimsonArmoury","floor":31.0},{"not_picked":["MokouMod:ProfanedFlare","MokouMod:RadiantBlade"],"picked":"MokouMod:Extinguish","floor":33.0},{"not_picked":["Doubt","luka_mod:Surrender"],"picked":"Replay:Sluggish","floor":34.0},{"not_picked":["AbeCurse","Wraith"],"picked":"Decay","floor":34.0},{"not_picked":["ReplayTheSpireMod:Splinters","ReplayTheSpireMod:Restless Dread"],"picked":"Normality","floor":34.0},{"not_picked":["MokouMod:SearingShot","MokouMod:Firecracker+1"],"picked":"MokouMod:ControlledCombustion+1","floor":35.0},{"not_picked":["MokouMod:Stoke","MokouMod:RoaringFlare"],"picked":"MokouMod:Cataclysm+1","floor":36.0},{"not_picked":["MokouMod:EternalBurstReactor","MokouMod:InfernalWave+1"],"picked":"MokouMod:Fireball","floor":37.0},{"not_picked":["MokouMod:Ember","MokouMod:ImperishableFlame+1","MokouMod:ShiftIgnition+1"],"picked":"SKIP","floor":39.0},{"not_picked":["MokouMod:SearingBlow","MokouMod:IgnitionBarrier"],"picked":"MokouMod:Cataclysm","floor":42},{"not_picked":["MokouMod:EternalBurstReactor+1","MokouMod:AdaptivePyromancy+1"],"picked":"MokouMod:FlareStarter+1","floor":44},{"not_picked":["MokouMod:AdaptivePyromancy+1","MokouMod:FujiyamaVolcano"],"picked":"MokouMod:IgnitionBlast+1","floor":45},{"not_picked":["MokouMod:ResoluteFlare+1","MokouMod:FlickeringFlame"],"picked":"MokouMod:Ember+1","floor":46},{"not_picked":["MokouMod:FujiyamaVolcano","MokouMod:Ember+1"],"picked":"MokouMod:HouraiForge","floor":47},{"not_picked":["MokouMod:IndiscriminateIgnition","MokouMod:FujiyamaVolcano"],"picked":"MokouMod:ControlledCombustion","floor":48},{"not_picked":["MokouMod:RoaringFlare+1","MokouMod:UncontrollableSolarReaction"],"picked":"MokouMod:ProfanedFlare","floor":54}],"player_experience":1673626,"relics_obtained":[{"floor":9.0,"key":"War Paint"},{"floor":12.0,"key":"Replay:Baseball"},{"floor":25.0,"key":"Matryoshka"},{"floor":26.0,"key":"Replay:Rubber Ducky"},{"floor":31.0,"key":"Gremlin Food"},{"floor":42,"key":"Ancient Tea Set"},{"floor":43,"key":"aspiration:Lifesprig"},{"floor":43,"key":"Replay:Kaleidoscope"},{"floor":46,"key":"CatCart"},{"floor":48,"key":"Bottled Flame"},{"floor":54,"key":"aspiration:FrozenJewel"}],"event_choices":[{"damage_healed":0.0,"max_hp_gain":0.0,"max_hp_loss":0.0,"gold_gain":0.0,"event_name":"Wheel of Change","player_choice":"Damaged","floor":2.0,"gold_loss":0.0,"damage_taken":7.0},{"damage_healed":57.0,"max_hp_gain":0.0,"max_hp_loss":75.0,"gold_gain":0.0,"event_name":"betterThird:BetterShining","player_choice":"Upgrade","floor":10.0,"gold_loss":0.0,"damage_taken":15.0,"cards_upgraded":["MokouMod:Defend","MokouMod:Strike"]},{"damage_healed":0.0,"max_hp_gain":0.0,"max_hp_loss":0.0,"gold_gain":0.0,"event_name":"Match and Keep!","player_choice":"4 cards matched","floor":19.0,"gold_loss":0.0,"damage_taken":0.0,"cards_obtained":["Panacea","MokouMod:PhoenixForm","MokouMod:GuidingSmoke","MokouMod:BurningDraft"]},{"damage_healed":0.0,"max_hp_gain":0.0,"max_hp_loss":0.0,"gold_gain":200.0,"event_name":"Wheel of Change","player_choice":"Gold","floor":21.0,"gold_loss":0.0,"damage_taken":0.0},{"damage_healed":0,"gold_gain":0,"player_choice":"Fight","damage_taken":0,"max_hp_gain":0,"max_hp_loss":0,"event_name":"OrinTheCat","floor":46,"gold_loss":0}],"is_beta":false,"boss_relics":[{"not_picked":["Tiny House","Runic Dome"],"picked":"aspiration:SecretTechniqueScroll"},{"not_picked":["aspiration:RunicSpoon","Replay:Wanted Poster"],"picked":"Replay:Ancient Bell"},{"not_picked":["ReplayFunnel","Lantern"],"picked":"Replay:Bandana"},{"not_picked":["aspiration:FetidBarrel","beaked:ShinyBauble"],"picked":"Shuriken"},{"not_picked":["Torii","TungstenRod"],"picked":"Dead Branch"}],"items_purged_floors":[27,41],"is_endless":false,"potions_floor_spawned":[4,7,11,22,24,25,33,37,39,44,47,48],"ascension_level":0}}