{"host":"nu52txkaz0lj0p7m","time":1611479945,"event":{"mods":["2.2 Compatiblity","AchievementEnabler","Arknights The Spire","BaseMod","Beaked The Cultist","BetterRewards","Colored Map","Colored Powertips","Conjunction","Custom Start","Duelist Mod","Evolution","GifTheSpireLib","GungeonMod","Infinite Spire","Lobotomy","LobotomyExtend","Minty Spire (QoL Compilation)","Permanent Neow","Relic Filter","SIMod","Shade Mod","Small Relic Pack","StSLib","SuperFastMode","The Fake Hero"],"gold_per_floor":[114,114,39,59,69,69,88,88,88,102,119,119,136,168,168,266,266,283,283,283,40,56,56,70,88,88,88,103,103,124,141,141,239,239,287,94,110,130,146,180,180,215,215,215,381,398,410,429,429,529,529,529,22,53,161],"floor_reached":56,"language":"ENG","playtime":4658,"items_purged":["DemoMod:Strike_Huntress","DemoMod:Strike_Huntress","DemoMod:RustySidearm","DemoMod:CrossBow"],"score":1392,"play_id":"5adbf021-c282-41ff-aff4-d59d59365713","local_time":"20210124171905","is_ascension_mode":false,"campfire_choices":[{"data":"DemoMod:PotionOfGunFriendShip","floor":6,"key":"SMITH"},{"data":"DemoMod:ManualReload","floor":8,"key":"SMITH"},{"data":"DemoMod:Roll","floor":12,"key":"SMITH"},{"data":"DemoMod:GunShield","floor":15,"key":"SMITH"},{"data":"DemoMod:ShadowBullets","floor":23,"key":"SMITH"},{"data":"Panacea","floor":29,"key":"SMITH"},{"data":"DemoMod:HardPowerCard","floor":32,"key":"SMITH"},{"data":"DemoMod:Eureka","floor":41,"key":"SMITH"},{"floor":49,"key":"REST"},{"data":"DemoMod:FullFirepower","floor":52,"key":"SMITH"}],"circlet_count":0,"master_deck":["DemoMod:Defend_Huntress","DemoMod:Defend_Huntress","DemoMod:Defend_Huntress","DemoMod:Defend_Huntress","DemoMod:Roll+1","DemoMod:ManualReload+1","Panacea+1","DemoMod:AbyssalTentacle","DemoMod:PotionOfGunFriendShip+1","DemoMod:HuntsMan","DemoMod:Elimentaler","DemoMod:ShadowBullets+1","DemoMod:GunShield+1","DemoMod:FightSabre","DemoMod:RadGun+1","DemoMod:Evolver+","DemoMod:LifeOrb","DemoMod:ChanceBullets+1","DemoMod:HardPowerCard+1","DemoMod:Eureka+1","DemoMod:BlackHoleGun","DemoMod:MachoBrace+1","DemoMod:Unmoved+1","DemoMod:Eureka","DemoMod:ConditionalReflex+1","infinitespire:Collect","DemoMod:FullFirepower+1"],"relics":["DemoMod:Dog","EVO:Axolotl","relicPack:DSword","Tiny Chest","DemoMod:Test1","DemoMod:ClearGuonStone","DemoMod:Wolf","Matryoshka","Frozen Egg 2","Smiling Mask","Pen Nib","DemoMod:RiddleOfLead","Art of War","Gambling Chip","infinitespire:Midas Blood","MealTicket","Ornamental Fan","DemoMod:CrisisStone","DemoMod:HipHolster","SlaversCollar","DemoMod:Relodestone","Strange Spoon","Lantern","DemoMod:GlassGuonStoneRelic","Boot"],"acts_visited":["Exordium","TheCity","TheBeyond","TheEnding"],"potions_floor_usage":[24,25,28,30,30,45,45,50,54,55],"damage_taken":[{"damage":0,"enemies":"2 Louse","floor":1,"turns":3},{"damage":0,"enemies":"Jaw Worm","floor":4,"turns":3},{"damage":0,"enemies":"Cultist","floor":5,"turns":3},{"damage":0,"enemies":"2 Fungi Beasts","floor":7,"turns":4},{"damage":4,"enemies":"Blue Slaver","floor":10,"turns":2},{"damage":0,"enemies":"Exordium Wildlife","floor":11,"turns":3},{"damage":0,"enemies":"Looter","floor":13,"turns":3},{"damage":7,"enemies":"3 Sentries","floor":14,"turns":6},{"damage":12,"enemies":"Hexaghost","floor":16,"turns":6},{"damage":0,"enemies":"Chosen","floor":18,"turns":5},{"damage":0,"enemies":"3 Byrds","floor":22,"turns":4},{"damage":0,"enemies":"Cultist and Chosen","floor":24,"turns":4},{"damage":0,"enemies":"Centurion and Healer","floor":25,"turns":6},{"damage":0,"enemies":"Sentry and Sphere","floor":28,"turns":5},{"damage":0,"enemies":"Cultist and Chosen","floor":30,"turns":6},{"damage":0,"enemies":"Snake Plant","floor":31,"turns":3},{"damage":0,"enemies":"Automaton","floor":33,"turns":5},{"damage":0,"enemies":"3 Darklings","floor":35,"turns":3},{"damage":5,"enemies":"3 Shapes","floor":37,"turns":3},{"damage":0,"enemies":"Maw","floor":38,"turns":6},{"damage":0,"enemies":"Spire Growth","floor":39,"turns":2},{"damage":0,"enemies":"Nemesis","floor":40,"turns":5},{"damage":0,"enemies":"Giant Head","floor":42,"turns":5},{"damage":8,"enemies":"infinitespire:Three Voidlings","floor":45,"turns":3},{"damage":49,"enemies":"Nightmare_Alpha","floor":45,"turns":9},{"damage":0,"enemies":"Jaw Worm Horde","floor":46,"turns":4},{"damage":0,"enemies":"3 Darklings","floor":47,"turns":4},{"damage":0,"enemies":"Spire Growth","floor":48,"turns":3},{"damage":0,"enemies":"Time Eater","floor":50,"turns":5},{"damage":0,"enemies":"Shield and Spear","floor":54,"turns":4},{"damage":13,"enemies":"The Heart","floor":55,"turns":7}],"seed_played":"6370335269342914966","potions_obtained":[{"floor":1,"key":"LiquidMemories"},{"floor":5,"key":"infinitespire:BlackPotion"},{"floor":7,"key":"Dexterity Potion"},{"floor":13,"key":"DemoMod:BlankPotion"},{"floor":24,"key":"SkillPotion"},{"floor":25,"key":"AttackPotion"},{"floor":35,"key":"GamblersBrew"},{"floor":37,"key":"SkillPotion"},{"floor":45,"key":"CultistPotion"},{"floor":46,"key":"Swift Potion"},{"floor":48,"key":"ColorlessPotion"},{"floor":50,"key":"PowerPotion"},{"floor":54,"key":"Explosive Potion"},{"floor":55,"key":"BlessingOfTheForge"}],"is_trial":false,"path_per_floor":["M","?","$","M","M","R","M","R","T","M","M","R","M","E","R","B",null,"M","AVR","?","$","M","R","M","M","T","?","M","R","M","M","R","B",null,"M","$","M","M","M","E","R","E","T","T","?","M","M","M","R","B",null,"R","$","E","B",null],"character_chosen":"HUNTRESS","items_purchased":["Frozen Egg 2","Art of War","DemoMod:Relodestone","Strange Spoon"],"campfire_rested":1,"item_purchase_floors":[21,36,53,53],"current_hp_per_floor":[70,35,35,35,35,35,35,35,35,31,31,31,31,24,24,12,70,70,70,70,70,70,70,70,70,70,70,70,70,70,70,70,70,80,80,80,75,75,75,75,75,75,75,75,26,26,26,26,50,50,80,80,80,80,67],"gold":161,"neow_bonus":"RANDOM_COLORLESS","is_daily":false,"chose_seed":false,"campfire_upgraded":9,"win_rate":0.0,"timestamp":1611479945,"path_taken":["M","?","$","M","M","R","M","R","T","M","M","R","M","E","R","BOSS","M","AVR","?","$","M","R","M","M","T","?","?","R","M","M","R","BOSS","M","$","M","M","M","E","R","E","T","?","?","M","M","M","R","BOSS","R","$","E","BOSS"],"items_purchased_type":["Relic","Relic","Relic","Relic"],"build_version":"2020-12-22","purchased_purges":4,"victory":true,"max_hp_per_floor":[70,70,70,70,70,70,70,70,70,70,70,70,70,70,70,70,70,70,70,70,70,70,70,70,70,70,70,70,70,70,70,70,70,80,80,80,80,80,80,80,80,80,80,80,80,80,80,80,80,80,80,80,80,80,80],"card_choices":[{"not_picked":["Forethought","Blind"],"picked":"Panacea","floor":0},{"not_picked":["DemoMod:CursedBullets","DemoMod:HuntsMan"],"picked":"DemoMod:AbyssalTentacle","floor":1},{"not_picked":["DemoMod:StickyCrossBow","DemoMod:FastSwitch"],"picked":"DemoMod:DirectionalPad","floor":4},{"not_picked":["DemoMod:SAA","DemoMod:ConditionalReflex"],"picked":"DemoMod:PotionOfGunFriendShip","floor":5},{"not_picked":["DemoMod:SAA","DemoMod:PotionOfGunFriendShip"],"picked":"DemoMod:HuntsMan","floor":7},{"not_picked":["DemoMod:TripleGun","DemoMod:HuntsMan"],"picked":"DemoMod:Elimentaler","floor":10},{"not_picked":["DemoMod:SkilledReload","DemoMod:PotionOfGunFriendShip","DemoMod:BattleInHaste"],"picked":"SKIP","floor":11},{"not_picked":["DemoMod:CursedBullets","DemoMod:JK47"],"picked":"DemoMod:ShadowBullets","floor":13},{"not_picked":["DemoMod:BlankBullets","DemoMod:Purify"],"picked":"DemoMod:GunShield","floor":14},{"not_picked":["DemoMod:DoubleVision","DemoMod:BlackHoleGun"],"picked":"DemoMod:FightSabre","floor":16},{"not_picked":["DemoMod:BattleInHaste","DemoMod:MegaHand"],"picked":"DemoMod:RadGun+1","floor":18},{"not_picked":["DemoMod:ConditionalReflex","DemoMod:Unmoved"],"picked":"DemoMod:Evolver","floor":22},{"not_picked":["DemoMod:BlankBullets+1","DemoMod:TeaPot+1"],"picked":"DemoMod:LifeOrb","floor":24},{"not_picked":["DemoMod:StickyCrossBow+1","DemoMod:BoxingGlove","DemoMod:GunstockTap+1"],"picked":"SKIP","floor":25},{"not_picked":["DemoMod:DoubleVision","DemoMod:ChanceBullets+1","DemoMod:FastSwitch"],"picked":"SKIP","floor":28},{"not_picked":["DemoMod:CombinedRifle","DemoMod:GunstockTap+1"],"picked":"DemoMod:HardPowerCard","floor":30},{"not_picked":["DemoMod:AC15+1","DemoMod:Camera+1","DemoMod:Unmoved"],"picked":"SKIP","floor":31},{"not_picked":["DemoMod:DoubleVision","DemoMod:Gungine"],"picked":"DemoMod:Eureka","floor":33},{"not_picked":["DemoMod:FinishedGun","DemoMod:BSG"],"picked":"DemoMod:BlackHoleGun","floor":33},{"not_picked":["DemoMod:Unmoved","DemoMod:FortunesFavor","DemoMod:FeignSurrender"],"picked":"SKIP","floor":35},{"not_picked":["DemoMod:JK47","DemoMod:ConditionalReflex"],"picked":"DemoMod:MachoBrace+1","floor":37},{"not_picked":["DemoMod:Ejector","DemoMod:TeaPot+1"],"picked":"DemoMod:Unmoved+1","floor":38},{"not_picked":["DemoMod:ConditionalReflex","DemoMod:DirectionalPad","DemoMod:FeignSurrender+1"],"picked":"SKIP","floor":39},{"not_picked":["DemoMod:Unmoved","DemoMod:SAA+1"],"picked":"DemoMod:Eureka","floor":40},{"not_picked":["DemoMod:LifeOrb","DemoMod:GunstockTap"],"picked":"DemoMod:ConditionalReflex+1","floor":42},{"not_picked":["infinitespire:FinalStrike","infinitespire:Gouge"],"picked":"infinitespire:Collect","floor":45},{"not_picked":["DemoMod:GunstockTap","DemoMod:PotionOfGunFriendShip","DemoMod:Ejector+1"],"picked":"SKIP","floor":46},{"not_picked":["DemoMod:StickyCrossBow+1","DemoMod:TeaPot+1","DemoMod:RadGun+1"],"picked":"SKIP","floor":47},{"not_picked":["DemoMod:BulletBore","DemoMod:StickyCrossBow+1","DemoMod:FastSwitch"],"picked":"SKIP","floor":48},{"not_picked":["DemoMod:FightSabre","DemoMod:ThirdPartyController"],"picked":"DemoMod:FullFirepower","floor":50},{"not_picked":["DemoMod:PotionOfGunFriendShip+1","DemoMod:BattleInHaste","DemoMod:ZorGun+1"],"picked":"SKIP","floor":54}],"player_experience":314926,"relics_obtained":[{"floor":14,"key":"Tiny Chest"},{"floor":26,"key":"Smiling Mask"},{"floor":26,"key":"Pen Nib"},{"floor":40,"key":"Gambling Chip"},{"floor":42,"key":"infinitespire:Midas Blood"},{"floor":43,"key":"MealTicket"},{"floor":43,"key":"Ornamental Fan"},{"floor":44,"key":"DemoMod:CrisisStone"},{"floor":45,"key":"DemoMod:HipHolster"},{"floor":54,"key":"Lantern"},{"floor":55,"key":"Boot"}],"event_choices":[{"damage_healed":0,"gold_gain":0,"player_choice":"Opened","damage_taken":0,"relics_obtained":["Matryoshka"],"max_hp_gain":0,"max_hp_loss":0,"event_name":"The Mausoleum","floor":20,"gold_loss":0},{"damage_healed":0,"gold_gain":0,"cards_transformed":["DemoMod:Strike_Huntress"],"player_choice":"Transformed","damage_taken":0,"max_hp_gain":0,"max_hp_loss":0,"event_name":"Transmorgrifier","floor":27,"gold_loss":0,"cards_obtained":["DemoMod:ChanceBullets"]}],"is_beta":false,"boss_relics":[{"not_picked":["beaked:SacredDeck","Ectoplasm"],"picked":"DemoMod:Test1"},{"not_picked":["relicPack:ShieldShield","Snecko Eye"],"picked":"DemoMod:RiddleOfLead"},{"not_picked":["Runic Dome","Fusion Hammer"],"picked":"SlaversCollar"}],"items_purged_floors":[3,19,36,53],"is_endless":true,"potions_floor_spawned":[1,5,7,11,13,14,22,24,25,35,37,45,46,48,50,54,55],"ascension_level":0}}