{"host":"a5523bqxi3k68xf3","time":1611494473,"event":{"mods":["BaseMod","BetterRewards","Hermit","Koishi","Marisa????????","Minty Spire (QoL Compilation)","Quick Restart","Random Character Button","Relic Stats","Shop Mod","StSLib","The Animator","The Cursed","The Necromancer","The Servant 0.9.4"],"gold_per_floor":[111,124,143,159,159,159,194,267,313,4,21,21,51,78,78,183,183,199,199,51,141,161,161,161],"floor_reached":23,"language":"ENG","playtime":674,"items_purged":["hermit:Defend_Hermit"],"score":219,"play_id":"8e723faa-93bd-4855-b56b-23596b7c650f","local_time":"20210124142113","is_ascension_mode":true,"campfire_choices":[{"data":"hermit:Headshot","floor":6,"key":"SMITH"},{"floor":12,"key":"REST"},{"floor":15,"key":"REST"}],"circlet_count":0,"master_deck":["hermit:Strike_Hermit","hermit:Strike_Hermit","hermit:Strike_Hermit","hermit:Defend_Hermit","hermit:Defend_Hermit","hermit:Defend_Hermit","hermit:Snapshot","hermit:Covet","hermit:Headshot+1","hermit:TrackingShot","hermit:Ricochet","hermit:Combo","hermit:BigShot+1"],"relics":["hermit:ClaspedLocket","NeowsBlessing","Singing Bowl","Orichalcum","Toy Ornithopter","ClockworkSouvenir","Darkstone Periapt","Membership Card"],"acts_visited":["Exordium","TheCity"],"potions_floor_usage":[23,23],"damage_taken":[{"damage":0,"enemies":"Cultist","floor":1,"turns":1},{"damage":0,"enemies":"Small Slimes","floor":2,"turns":1},{"damage":0,"enemies":"Jaw Worm","floor":3,"turns":1},{"damage":8,"enemies":"Blue Slaver","floor":4,"turns":2},{"damage":30,"enemies":"Lagavulin","floor":7,"turns":5},{"damage":6,"enemies":"2 Fungi Beasts","floor":11,"turns":4},{"damage":9,"enemies":"3 Sentries","floor":14,"turns":6},{"damage":61,"enemies":"The Guardian","floor":16,"turns":8},{"damage":16,"enemies":"3 Byrds","floor":18,"turns":7},{"damage":21,"enemies":"2 Thieves","floor":22,"turns":3},{"damage":48,"enemies":"Slavers","floor":23,"turns":3}],"seed_played":"-572993127705518577","potions_obtained":[{"floor":4,"key":"EssenceOfSteel"},{"floor":7,"key":"Dexterity Potion"},{"floor":14,"key":"Strength Potion"}],"is_trial":false,"path_per_floor":["M","M","M","M","?","R","E","?","T","$","M","R","?","E","R","B",null,"M","?","$","?","M","E"],"character_chosen":"HERMIT","items_purchased":["hermit:Combo","ClockworkSouvenir","Membership Card"],"campfire_rested":2,"item_purchase_floors":[10,10,20],"current_hp_per_floor":[75,75,75,67,55,55,27,27,27,27,23,46,46,39,63,4,83,67,67,67,55,36,0,0],"gold":161,"neow_bonus":"THREE_ENEMY_KILL","is_daily":false,"chose_seed":false,"campfire_upgraded":1,"win_rate":0.0,"timestamp":1611494473,"path_taken":["M","?","M","M","?","R","E","?","T","?","M","R","?","E","R","BOSS","M","?","$","?","M","E"],"items_purchased_type":["Card","Relic","Relic"],"build_version":"2020-12-22","purchased_purges":1,"victory":false,"max_hp_per_floor":[75,75,75,75,75,75,77,77,77,77,79,79,79,81,81,83,83,83,83,83,83,85,85,85],"relic_stats":{"Darkstone Periapt":0,"Singing Bowl":10,"counters":[110,419],"Orichalcum":[120],"obtain_stats":[{"Ice Cream":9,"hermit:ClaspedLocket":17,"Calipers":41,"Gremlin Horn":0,"Nilry\u0027s Codex":30,"CeramicFish":41,"Vajra":37,"Whetstone":24,"Sling":0,"Blood Vial":43,"hermit:RyeStalk":10,"Centennial Puzzle":47,"HornCleat":12,"Strawberry":6,"Prayer Wheel":7,"Kunai":26,"Toxic Egg 2":40,"hermit:Spyglass":0,"Pear":43,"Happy Flower":0,"Blue Candle":24,"Astrolabe":34,"Pen Nib":0,"War Paint":28,"Question Card":48,"Runic Dome":34,"hermit:PetGhost":20,"Shuriken":0,"Pandora\u0027s Box":17,"Black Star":34,"hermit:Momento":0,"Unceasing Top":29,"Meat on the Bone":29,"Pocketwatch":8,"Darkstone Periapt":13,"Regal Pillow":8,"Singing Bowl":26,"Mango":44,"Juzu Bracelet":6,"Smiling Mask":26,"ClockworkSouvenir":10,"Nunchaku":24,"Matryoshka":9,"Mummified Hand":9,"WingedGreaves":25,"Red Mask":19,"InkBottle":6,"Potion Belt":43,"NeowsBlessing":0,"Golden Idol":14,"Thread and Needle":41,"PreservedInsect":26,"Orichalcum":36,"Frozen Egg 2":40,"White Beast Statue":0,"Mercury Hourglass":8,"Anchor":40,"Busted Crown":34,"Ornamental Fan":14,"hermit:CharredGlove":41,"Bag of Marbles":0,"Art of War":26,"Membership Card":41,"Bottled Lightning":42,"TungstenRod":38,"FossilizedHelix":41,"Toy Ornithopter":9},{"Ice Cream":74,"hermit:ClaspedLocket":107,"Calipers":88,"Gremlin Horn":91,"Nilry\u0027s Codex":83,"CeramicFish":42,"Vajra":42,"Whetstone":81,"Sling":46,"Blood Vial":43,"hermit:RyeStalk":32,"Centennial Puzzle":45,"HornCleat":8,"Strawberry":30,"Prayer Wheel":73,"Kunai":14,"Toxic Egg 2":66,"hermit:Spyglass":91,"Pear":88,"Happy Flower":0,"Blue Candle":58,"Astrolabe":62,"Pen Nib":46,"War Paint":60,"Question Card":69,"Runic Dome":85,"hermit:PetGhost":57,"Shuriken":25,"Pandora\u0027s Box":78,"Black Star":18,"hermit:Momento":0,"Unceasing Top":16,"Meat on the Bone":16,"Pocketwatch":98,"Darkstone Periapt":54,"Regal Pillow":31,"Singing Bowl":38,"Mango":67,"Juzu Bracelet":5,"Smiling Mask":59,"ClockworkSouvenir":104,"Nunchaku":13,"Matryoshka":52,"Mummified Hand":6,"WingedGreaves":59,"Red Mask":37,"InkBottle":50,"Potion Belt":22,"NeowsBlessing":99,"Golden Idol":34,"Thread and Needle":42,"PreservedInsect":59,"Orichalcum":19,"Frozen Egg 2":21,"White Beast Statue":70,"Mercury Hourglass":52,"Anchor":21,"Busted Crown":41,"Ornamental Fan":9,"hermit:CharredGlove":66,"Bag of Marbles":46,"Art of War":81,"Membership Card":42,"Bottled Lightning":43,"TungstenRod":65,"FossilizedHelix":66,"Toy Ornithopter":104},{"Ice Cream":279,"hermit:ClaspedLocket":406,"Calipers":335,"Gremlin Horn":349,"Nilry\u0027s Codex":312,"CeramicFish":167,"Vajra":167,"Whetstone":306,"Sling":185,"Blood Vial":171,"hermit:RyeStalk":132,"Centennial Puzzle":178,"HornCleat":26,"Strawberry":124,"Prayer Wheel":277,"Kunai":56,"Toxic Egg 2":253,"hermit:Spyglass":349,"Pear":335,"Happy Flower":0,"Blue Candle":226,"Astrolabe":241,"Pen Nib":185,"War Paint":232,"Question Card":263,"Runic Dome":324,"hermit:PetGhost":225,"Shuriken":113,"Pandora\u0027s Box":296,"Black Star":78,"hermit:Momento":0,"Unceasing Top":66,"Meat on the Bone":66,"Pocketwatch":377,"Darkstone Periapt":215,"Regal Pillow":129,"Singing Bowl":152,"Mango":256,"Juzu Bracelet":15,"Smiling Mask":229,"ClockworkSouvenir":388,"Nunchaku":52,"Matryoshka":209,"Mummified Hand":18,"WingedGreaves":229,"Red Mask":149,"InkBottle":198,"Potion Belt":99,"NeowsBlessing":378,"Golden Idol":138,"Thread and Needle":167,"PreservedInsect":229,"Orichalcum":81,"Frozen Egg 2":94,"White Beast Statue":269,"Mercury Hourglass":209,"Anchor":94,"Busted Crown":164,"Ornamental Fan":30,"hermit:CharredGlove":253,"Bag of Marbles":185,"Art of War":306,"Membership Card":167,"Bottled Lightning":171,"TungstenRod":249,"FossilizedHelix":253,"Toy Ornithopter":388}],"Toy Ornithopter":10},"card_choices":[{"not_picked":["hermit:Coalescence","hermit:Vantage"],"picked":"hermit:Headshot","floor":1},{"not_picked":["hermit:Snipe","hermit:Brawl"],"picked":"hermit:TrackingShot","floor":2},{"not_picked":["hermit:SprayPray","hermit:FullyLoaded"],"picked":"hermit:Ricochet","floor":3},{"not_picked":["hermit:Dive","hermit:HighCaliber","hermit:Vantage"],"picked":"SKIP","floor":4},{"not_picked":["hermit:Ricochet","hermit:FlashPowder","hermit:Malice"],"picked":"Singing Bowl","floor":7},{"not_picked":["hermit:HighNoon","hermit:PistolWhip","hermit:NoHoldsBarred"],"picked":"Singing Bowl","floor":11},{"not_picked":["hermit:Feint","hermit:Snipe","hermit:PistolWhip"],"picked":"Singing Bowl","floor":14},{"not_picked":["hermit:Purgatory","hermit:Dissolve","hermit:Gambit"],"picked":"Singing Bowl","floor":16},{"not_picked":["hermit:CalledShot+1","hermit:Snipe+1"],"picked":"hermit:BigShot+1","floor":18},{"not_picked":["hermit:Misfire","hermit:GhostlyPresence","hermit:Dive"],"picked":"Singing Bowl","floor":22}],"player_experience":1707697,"relics_obtained":[{"floor":7,"key":"Orichalcum"},{"floor":9,"key":"Toy Ornithopter"},{"floor":14,"key":"Darkstone Periapt"}],"event_choices":[{"damage_healed":0,"gold_gain":0,"player_choice":"Success","damage_taken":12,"relics_obtained":["Singing Bowl"],"max_hp_gain":0,"max_hp_loss":0,"event_name":"Scrap Ooze","floor":5,"gold_loss":0},{"damage_healed":0,"gold_gain":73,"player_choice":"Gained Gold","damage_taken":0,"max_hp_gain":0,"max_hp_loss":0,"event_name":"Golden Wing","floor":8,"gold_loss":0},{"damage_healed":0,"gold_gain":30,"player_choice":"Searched \u00271\u0027 times","damage_taken":0,"max_hp_gain":0,"max_hp_loss":0,"event_name":"Dead Adventurer","floor":13,"gold_loss":0},{"cards_removed":["hermit:Strike_Hermit"],"damage_healed":0,"gold_gain":0,"player_choice":"Elegance","damage_taken":0,"max_hp_gain":0,"max_hp_loss":0,"event_name":"Back to Basics","floor":19,"gold_loss":0},{"damage_healed":0,"gold_gain":90,"player_choice":"GOLD ","damage_taken":12,"max_hp_gain":0,"max_hp_loss":0,"event_name":"Knowing Skull","floor":21,"potions_obtained":[],"gold_loss":0,"cards_obtained":[]}],"is_beta":false,"boss_relics":[{"not_picked":["Tiny House","Philosopher\u0027s Stone"],"picked":"hermit:ClaspedLocket"}],"items_purged_floors":[10],"is_endless":false,"potions_floor_spawned":[4,7,14,16],"killed_by":"Slavers","ascension_level":2}}