{"host":"cgy","time":1611487968,"event":{"mods":["BaseMod","Downfall","Minty Spire (QoL Compilation)","StSLib","The Bug Knight","Warlord Emblem"],"gold_per_floor":[99,111,211,223,234,269,296,296,196,31,75,97,97,91,117,223,223,123,146,146,163,188,188,212,293,105,146,166,66,75,190,216,327,327,327,15,37,58,76,104,180,180,204,204,239,264,264,298,315,315,315,351,40,40,40,40,40],"floor_reached":55,"language":"ZHS","playtime":3378,"items_purged":["Guardian:Strike_Guardian","Guardian:Defend_Guardian","Guardian:Strike_Guardian"],"score":809,"play_id":"39cc1fb8-d559-44ba-8dc0-89bc056a422b","local_time":"20210124193248","is_ascension_mode":false,"campfire_choices":[{"data":"Guardian:TwinSlam","floor":1,"key":"SMITH"},{"floor":9,"key":"RECALL"},{"data":"Guardian:RefractedBeam","floor":13,"key":"SMITH"},{"data":"Guardian:RefractedBeam+1","floor":18,"key":"SMITH"},{"data":"Guardian:RefractedBeam+2","floor":23,"key":"SMITH"},{"floor":29,"key":"REST"},{"data":"expansioncontent:DashGenerateEvil","floor":35,"key":"SMITH"},{"data":"Guardian:RefractedBeam+3","floor":42,"key":"SMITH"},{"data":"Guardian:RefractedBeam+4","floor":47,"key":"SMITH"},{"data":"expansioncontent:QuickStudy","floor":54,"key":"SMITH"}],"circlet_count":0,"master_deck":["Guardian:Strike_Guardian","Guardian:Strike_Guardian","Guardian:Defend_Guardian","Guardian:Defend_Guardian","Guardian:CurlUp+1","Guardian:TwinSlam+1","Guardian:RollAttack","Guardian:SpikerProtocol","Guardian:PrimingBeam","Guardian:ExploitGems","Guardian:PiercingHide","Guardian:RefractedBeam+3","Guardian:Planning","Guardian:SphericShield+1","Guardian:ChargeCore","Guardian:Emergency+1","expansioncontent:DashGenerateEvil+1","Guardian:RefractedBeam+5","Guardian:Suspension","Guardian:FastForward","expansioncontent:DashGenerateEvil+1","Guardian:Planning","Parasite","Guardian:Reroute+1","Guardian:PrismaticBarrier+1","Guardian:BodySlam+1","expansioncontent:QuickStudy+1","expansioncontent:InvincibleStrength"],"relics":["Guardian:ModeShifterPlus","CeramicFish","Akabeko","downfall:HeartBlessingGreen","Du-Vu Doll","SlaversCollar","downfall:HeartBlessingRed","Shuriken","War Paint","downfall:HeartBlessingBlue","Orichalcum","Bottled Tornado","Gremlin Horn","Vajra"],"acts_visited":["Exordium","TheCity","TheBeyond","TheEnding"],"potions_floor_usage":[11,16,16,16,26,28,38,38,40,50,50,55,55,55],"damage_taken":[{"damage":3,"enemies":"Jaw Worm","floor":2,"turns":4},{"damage":0,"enemies":"Small Slimes","floor":4,"turns":3},{"damage":0,"enemies":"2 Louse","floor":5,"turns":1},{"damage":37,"enemies":"Gremlin Nob","floor":6,"turns":6},{"damage":0,"enemies":"downfall:FleeingMerchant","floor":10,"turns":4},{"damage":9,"enemies":"3 Sentries","floor":11,"turns":4},{"damage":0,"enemies":"Exordium Wildlife","floor":12,"turns":3},{"damage":0,"enemies":"downfall:FleeingMerchant","floor":14,"turns":4},{"damage":2,"enemies":"Large Slime","floor":15,"turns":5},{"damage":12,"enemies":"SI_SHIV_ARCHETYPE","floor":16,"turns":7},{"damage":2,"enemies":"Shell Parasite","floor":19,"turns":4},{"damage":10,"enemies":"3 Byrds","floor":21,"turns":5},{"damage":14,"enemies":"Centurion and Healer","floor":22,"turns":7},{"damage":0,"enemies":"downfall:FleeingMerchant","floor":26,"turns":4},{"damage":21,"enemies":"Gremlin Leader","floor":27,"turns":2},{"damage":6,"enemies":"3 Cultists","floor":28,"turns":4},{"damage":0,"enemies":"downfall:FleeingMerchant","floor":31,"turns":2},{"damage":0,"enemies":"Snake Plant","floor":32,"turns":2},{"damage":41,"enemies":"WA_ARCHETYPE_CALM","floor":33,"turns":10},{"damage":0,"enemies":"Orb Walker","floor":37,"turns":3},{"damage":0,"enemies":"3 Darklings","floor":38,"turns":4},{"damage":0,"enemies":"Sphere and 2 Shapes","floor":39,"turns":3},{"damage":0,"enemies":"Reptomancer","floor":40,"turns":6},{"damage":0,"enemies":"Transient","floor":43,"turns":5},{"damage":0,"enemies":"Writhing Mass","floor":45,"turns":3},{"damage":6,"enemies":"3 Darklings","floor":46,"turns":2},{"damage":0,"enemies":"Giant Head","floor":48,"turns":5},{"damage":0,"enemies":"Maw","floor":49,"turns":5},{"damage":8,"enemies":"DF_ARCHETYPE_ORBS","floor":50,"turns":5},{"damage":34,"enemies":"downfall:CharBossMerchant","floor":52,"turns":8},{"damage":72,"enemies":"downfall:NeowBoss","floor":55,"turns":17}],"seed_played":"6845446753760991728","potions_obtained":[{"floor":2,"key":"DuplicationPotion"},{"floor":5,"key":"ColorlessPotion"},{"floor":11,"key":"DistilledChaos"},{"floor":12,"key":"Explosive Potion"},{"floor":21,"key":"ColorlessPotion"},{"floor":27,"key":"Explosive Potion"},{"floor":32,"key":"Explosive Potion"},{"floor":33,"key":"LiquidBronze"},{"floor":37,"key":"Dexterity Potion"},{"floor":38,"key":"Fire Potion"},{"floor":45,"key":"PowerPotion"},{"floor":46,"key":"PowerPotion"},{"floor":52,"key":"Fire Potion"}],"is_trial":false,"path_per_floor":["R","M","?","M","M","E","T","?","R","$","E","M","R","$","M","B",null,"R","M","?","M","M","R","T","T","$","E","M","R","?","$","M","B",null,"R","$","M","M","M","E","T","R","M","?","M","M","R","E","M","B",null,"E","$","R","B"],"character_chosen":"GUARDIAN","items_purchased":["Guardian:Gem_Red","Guardian:PiercingHide","expansioncontent:DashGenerateEvil","Guardian:Gem_Orange","expansioncontent:DashGenerateEvil+1","expansioncontent:QuickStudy","expansioncontent:InvincibleStrength","Fire Potion"],"campfire_rested":1,"item_purchase_floors":[10,10,26,31,36,53,53,53],"current_hp_per_floor":[88,85,85,85,85,48,48,48,48,48,39,39,39,39,37,25,88,88,86,69,59,45,45,45,45,45,24,18,58,58,58,58,17,103,103,103,103,103,103,103,103,103,103,103,103,97,97,97,97,89,103,69,69,69,0,0,0],"gold":40,"neow_bonus":"TEN_PERCENT_HP_BONUS","is_daily":false,"chose_seed":false,"campfire_upgraded":8,"win_rate":0.0,"timestamp":1611487968,"path_taken":["R","M","?","M","M","E","T","?","R","$","E","M","R","$","M","BOSS","R","M","?","M","M","R","T","?","$","E","M","R","?","$","M","BOSS","R","$","M","M","M","E","T","R","?","?","M","M","R","E","M","BOSS","E","$","R","BOSS"],"items_purchased_type":["Card","Card","Card","Card","Card","Card","Card","Potion"],"build_version":"2020-12-18","purchased_purges":3,"victory":false,"max_hp_per_floor":[88,88,88,88,88,88,88,88,88,88,88,88,88,88,88,88,88,88,88,93,93,93,93,93,93,93,93,93,103,103,103,103,103,103,103,103,103,103,103,103,103,103,103,103,103,103,103,103,103,103,103,103,103,103,103,103,103],"card_choices":[{"not_picked":["Guardian:BronzeOrb","Guardian:Clone"],"picked":"Guardian:Gem_Purple","floor":2},{"not_picked":["Guardian:TemporalStrike","Guardian:ShieldSpikes"],"picked":"Guardian:RollAttack","floor":4},{"not_picked":["Guardian:RollAttack","Guardian:VentSteam"],"picked":"Guardian:SpikerProtocol","floor":5},{"not_picked":["Guardian:RefractedBeam","Guardian:TemporalStrike"],"picked":"Guardian:PrimingBeam","floor":6},{"not_picked":["Guardian:Clone","Guardian:RollAttack"],"picked":"Guardian:ExploitGems","floor":10},{"not_picked":["Guardian:HyperBeam_Guardian","Guardian:PrismaticBarrier"],"picked":"Guardian:RefractedBeam","floor":11},{"not_picked":["Guardian:Gem_Cyan","Guardian:Gem_Red"],"picked":"Guardian:Gem_Lightblue","floor":12},{"not_picked":["Guardian:Preprogram","Guardian:Repulse"],"picked":"Guardian:Gem_Yellow","floor":14},{"not_picked":["Guardian:Harden","Guardian:EvasiveProtocol"],"picked":"Guardian:Planning","floor":15},{"not_picked":["Guardian:Gem_Synthetic","Guardian:ExploitGems"],"picked":"Guardian:SphericShield","floor":16},{"not_picked":["Guardian:WalkerClaw","Guardian:PiercingHide"],"picked":"Guardian:Gem_Red","floor":19},{"not_picked":["Guardian:Incinerate","Guardian:Harden","Guardian:FloatingOrbs"],"picked":"SKIP","floor":21},{"not_picked":["Guardian:Gem_Green","Guardian:VentSteam+1"],"picked":"Guardian:ChargeCore","floor":22},{"not_picked":["Guardian:Repulse","Guardian:Gem_Red"],"picked":"Guardian:Emergency+1","floor":26},{"not_picked":["Guardian:Repulse+1","Guardian:PrimingBeam+1"],"picked":"Guardian:Gem_Green","floor":27},{"not_picked":["Guardian:TemporalStrike","Guardian:ArmoredProtocol+1","Guardian:DecasProtection"],"picked":"SKIP","floor":28},{"not_picked":["Guardian:BronzeArmor","Guardian:Recover"],"picked":"Guardian:Suspension","floor":31},{"not_picked":["Guardian:RollAttack","Guardian:Gem_Green"],"picked":"Guardian:Gem_Purple","floor":32},{"not_picked":["Guardian:AncientConstruct","Guardian:BaubleBeam"],"picked":"Guardian:FastForward","floor":33},{"not_picked":["Guardian:Recover+1","Guardian:TemporalStrike+1"],"picked":"Guardian:Gem_Red","floor":37},{"not_picked":["Guardian:Recover","Guardian:Gem_Purple"],"picked":"Guardian:Gem_Fragmented","floor":38},{"not_picked":["Guardian:PrimingBeam+1","Guardian:TemporalShield","Guardian:RollAttack+1"],"picked":"SKIP","floor":39},{"not_picked":["Guardian:BaubleBeam","Guardian:BronzeArmor","Guardian:Reroute"],"picked":"SKIP","floor":40},{"not_picked":["Guardian:TemporalShield","Guardian:PrimingBeam"],"picked":"Guardian:Planning","floor":43},{"not_picked":["Guardian:PrismaticBeam","Guardian:Planning"],"picked":"Guardian:Reroute+1","floor":45},{"not_picked":["Guardian:FastForward","Guardian:Suspension+1"],"picked":"Guardian:PrismaticBarrier+1","floor":46},{"not_picked":["Guardian:Incinerate","Guardian:DonusPower+1"],"picked":"Guardian:BodySlam+1","floor":48},{"not_picked":["Guardian:RollAttack+1","Guardian:WalkerClaw","Guardian:VentSteam+1"],"picked":"SKIP","floor":49},{"not_picked":["Guardian:BronzeOrb+1","Guardian:Suspension"],"picked":"Guardian:Gem_Cyan","floor":52}],"player_experience":134277,"relics_obtained":[{"floor":6,"key":"CeramicFish"},{"floor":7,"key":"Akabeko"},{"floor":11,"key":"Du-Vu Doll"},{"floor":25,"key":"Shuriken"},{"floor":27,"key":"War Paint"},{"floor":40,"key":"Orichalcum"},{"floor":41,"key":"Bottled Tornado"},{"floor":48,"key":"Gremlin Horn"},{"floor":52,"key":"Vajra"}],"event_choices":[{"cards_removed":["Guardian:Defend_Guardian"],"damage_healed":0,"gold_gain":0,"player_choice":"Removed Skill","damage_taken":0,"max_hp_gain":0,"max_hp_loss":0,"event_name":"Falling","floor":44,"gold_loss":0}],"is_beta":true,"boss_relics":[{"not_picked":["Runic Dome","bronze:MakeshiftBattery"],"picked":"SlaversCollar"},{"not_picked":["Guardian:StasisSlotReductionRelic","Runic Pyramid"],"picked":"Guardian:ModeShifterPlus"}],"items_purged_floors":[10,31,36],"is_endless":false,"potions_floor_spawned":[2,5,11,12,15,21,27,32,33,37,38,45,46,49,52],"killed_by":"downfall:NeowBoss","ascension_level":0}}