{"host":"zk6vb2npgw3pu6j2","time":1611452784,"event":{"mods":["Act Like it!","Aspiration","Bard","BaseMod","Beaked The Cultist","Bestiary","Better Note","Better Sensory Stone","CapriCore","Conspire","Downfall","Friendly Minions","Gensokyo","GifTheSpireLib","Hallownest","Hermit","Hubris","Koishi","Marisa????????","Marked Mod","Minty Spire (QoL Compilation)","Quarter Circle Forward PUNCH!","Reimu??????","Replay The Spire","Retaliation","StSLib","The Administrix","The Alterego","The Blue Laboratory","The Bug Knight","The Construct","The Exalted","The Hierophant","The Immortal","The Marked","The Runesmith","The Senshi","The Servant 0.9.4","The Wild Card","TheVacant","Wandering Minibosses","yUi"],"gold_per_floor":[99,99,99,99,117,17,17,17,48,73,93,93,93,108,118,118,118,118],"floor_reached":16,"language":"ENG","playtime":991,"items_purged":[],"score":98,"play_id":"b7f42e1a-3a0e-40ef-963f-62bfee9d7a4b","local_time":"20210123204624","is_ascension_mode":false,"campfire_choices":[{"floor":1,"key":"RECALL"},{"data":"hexamod:InspiringFlames","floor":6,"key":"SMITH"},{"floor":12,"key":"REST"}],"circlet_count":0,"master_deck":["hexamod:Strike","hexamod:Strike","hexamod:Strike","hexamod:Strike","hexamod:Defend","hexamod:Defend","hexamod:Defend","hexamod:Defend","hexamod:Sear","hexamod:Float","hexamod:InspiringFlames+1","hexamod:GhostflameBarrier","hexamod:HeatMetal","hexamod:FourthSeal","Pot Of Greed","Pot Of Greed","theWildCard:Arsene","hexamod:DynamicBlow","hexamod:GhostOfSpirePast","hexamod:FlamesFromBeyond","hexamod:HexaLevel","hexamod:AdvancingGuard"],"relics":["hexamod:SpiritBrand","downfall:HeartsMalice","downfall:HeartBlessingRed","Grinning Jar","Replay:Kaleidoscope","Odd Mushroom"],"acts_visited":["Exordium"],"potions_floor_usage":[16,16,16],"damage_taken":[{"damage":0,"enemies":"2 Louse","floor":2,"turns":1},{"damage":0,"enemies":"Small Slimes","floor":3,"turns":1},{"damage":0,"enemies":"Cultist","floor":4,"turns":1},{"damage":8,"enemies":"Gremlin Gang","floor":5,"turns":6},{"damage":22,"enemies":"3 Sentries","floor":9,"turns":12},{"damage":33,"enemies":"The Mushroom Lair","floor":10,"turns":5},{"damage":5,"enemies":"Exordium Wildlife","floor":11,"turns":5},{"damage":1,"enemies":"Large Slime","floor":14,"turns":3},{"damage":0,"enemies":"Gremlin Gang","floor":15,"turns":4},{"damage":31,"enemies":"IC_STATUS_ARCHETYPE","floor":16,"turns":8}],"seed_played":"-2957749353487185282","potions_obtained":[{"floor":9,"key":"blueLaboratory:FrostheartPotion"},{"floor":10,"key":"GrandPatriotsElixir:ReiMu"},{"floor":10,"key":"AttackPotion"},{"floor":11,"key":"blueLaboratory:BubblePotion"},{"floor":15,"key":"blueLaboratory:FruitPunch"}],"is_trial":false,"path_per_floor":["R","M","M","M","M","R","T","?","E","?","M","R","?","M","M","B"],"character_chosen":"THE_SPIRIT","items_purchased":[],"campfire_rested":1,"item_purchase_floors":[],"current_hp_per_floor":[70,70,70,70,62,62,62,62,40,7,2,23,23,22,22,0,0,0],"gold":118,"neow_bonus":"THREE_ENEMY_KILL","is_daily":false,"chose_seed":false,"campfire_upgraded":1,"win_rate":0.0,"timestamp":1611452784,"path_taken":["R","M","M","M","M","R","T","?","E","?","M","R","?","?","M","BOSS"],"items_purchased_type":[],"build_version":"2020-12-22","purchased_purges":0,"victory":false,"max_hp_per_floor":[70,70,70,70,70,70,70,70,70,70,70,70,70,70,70,72,72,72],"card_choices":[{"not_picked":["hexamod:FastForward","hexamod:AdvancingGuard"],"picked":"hexamod:InspiringFlames","floor":2},{"not_picked":["hexamod:NightmareStrike","hexamod:GhostLash"],"picked":"hexamod:GhostflameBarrier","floor":3},{"not_picked":["hexamod:NightmareGuise","hexamod:RecurringNightmare"],"picked":"hexamod:HeatMetal","floor":4},{"not_picked":["hexamod:HeatShield","hexamod:GhostShield"],"picked":"hexamod:FourthSeal","floor":5},{"not_picked":["hexamod:HeatMetal","hexamod:InspiringFlames"],"picked":"hexamod:DynamicBlow","floor":9},{"not_picked":["hexamod:GhostShield","hexamod:PhantomCloak"],"picked":"hexamod:GhostOfSpirePast","floor":10},{"not_picked":["hexamod:NightmareGuise","hexamod:SwordOfDarkness"],"picked":"hexamod:FlamesFromBeyond","floor":11},{"not_picked":["hexamod:EmpoweredFlame","hexamod:NecessarySacrifice"],"picked":"hexamod:HexaLevel","floor":14},{"not_picked":["hexamod:FastForward","hexamod:Hexaguard"],"picked":"hexamod:AdvancingGuard","floor":15}],"player_experience":270758,"relics_obtained":[{"floor":7,"key":"Grinning Jar"},{"floor":9,"key":"Replay:Kaleidoscope"},{"floor":10,"key":"Odd Mushroom"}],"event_choices":[{"damage_healed":0,"gold_gain":0,"player_choice":"Fought Mushrooms","damage_taken":0,"max_hp_gain":0,"max_hp_loss":0,"event_name":"Mushrooms","floor":10,"gold_loss":0}],"is_beta":false,"boss_relics":[],"items_purged_floors":[],"is_endless":false,"potions_floor_spawned":[10,11,15],"killed_by":"IC_STATUS_ARCHETYPE","ascension_level":0}}