{"host":"cnufes2jhq74024v","time":1611517996,"event":{"mods":["BaseMod","Minty Spire (QoL Compilation)"],"gold_per_floor":[114,133,24,39,49,76,95,95,150,184,199,218,250,250,250,352,352,369,369,80,100,19,19,19,46,46,57,76,76,105,105,105],"floor_reached":31,"language":"ENG","playtime":1753,"items_purged":["Strike_G"],"score":352,"play_id":"9db212b0-997c-42d4-9712-6c48df0baef7","local_time":"20210124205316","is_ascension_mode":true,"campfire_choices":[{"data":"Blade Dance","floor":8,"key":"SMITH"},{"floor":15,"key":"REST"},{"floor":23,"key":"REST"}],"circlet_count":0,"master_deck":["Strike_G","Strike_G","Strike_G","Strike_G","Defend_G","Defend_G","Defend_G","Defend_G","Defend_G","Survivor","Neutralize","Sucker Punch","Backflip","Noxious Fumes","Bane","Caltrops","Blade Dance+1","Finisher","Slice","A Thousand Cuts","Crippling Poison","A Thousand Cuts","Outmaneuver","Envenom","Accuracy","Flechettes","Deflect+1","Dagger Spray","Writhe","PiercingWail+1"],"relics":["Ring of the Snake","Centennial Puzzle","Happy Flower","Bottled Flame","Oddly Smooth Stone","Runic Pyramid","TwistedFunnel","Pantograph","Kunai","Mummified Hand","Toxic Egg 2"],"acts_visited":["Exordium","TheCity"],"potions_floor_usage":[7,13],"damage_taken":[{"damage":5,"enemies":"Cultist","floor":1,"turns":5},{"damage":0,"enemies":"Small Slimes","floor":2,"turns":3},{"damage":0,"enemies":"Jaw Worm","floor":4,"turns":4},{"damage":1,"enemies":"2 Fungi Beasts","floor":5,"turns":4},{"damage":21,"enemies":"Gremlin Nob","floor":6,"turns":6},{"damage":6,"enemies":"3 Louse","floor":7,"turns":3},{"damage":19,"enemies":"3 Sentries","floor":10,"turns":8},{"damage":5,"enemies":"Gremlin Gang","floor":11,"turns":5},{"damage":0,"enemies":"Blue Slaver","floor":12,"turns":4},{"damage":6,"enemies":"Gremlin Nob","floor":13,"turns":3},{"damage":11,"enemies":"The Guardian","floor":16,"turns":11},{"damage":22,"enemies":"Shell Parasite","floor":18,"turns":6},{"damage":23,"enemies":"Spheric Guardian","floor":21,"turns":5},{"damage":38,"enemies":"Gremlin Leader","floor":25,"turns":6},{"damage":0,"enemies":"Snecko","floor":27,"turns":3},{"damage":31,"enemies":"Shelled Parasite and Fungi","floor":28,"turns":5},{"damage":9,"enemies":"Book of Stabbing","floor":30,"turns":5},{"damage":13,"enemies":"3 Cultists","floor":31,"turns":3}],"seed_played":"2774588326108595690","potions_obtained":[{"floor":1,"key":"Energy Potion"},{"floor":7,"key":"BlessingOfTheForge"},{"floor":11,"key":"DistilledChaos"},{"floor":13,"key":"CultistPotion"},{"floor":16,"key":"Swift Potion"}],"is_trial":false,"path_per_floor":["M","M","$","M","M","E","M","R","T","E","M","M","E","?","R","B",null,"M","?","$","M","$","R","?","E","T","M","M","?","E","M"],"character_chosen":"THE_SILENT","items_purchased":["Noxious Fumes","Envenom","TwistedFunnel","Accuracy"],"campfire_rested":2,"item_purchase_floors":[3,20,20,22],"current_hp_per_floor":[65,65,65,65,64,43,37,37,37,18,13,13,7,12,34,23,75,53,39,39,16,16,40,90,52,52,52,21,21,12,0,0],"gold":105,"neow_bonus":"ONE_RANDOM_RARE_CARD","is_daily":false,"chose_seed":false,"campfire_upgraded":1,"win_rate":0.0,"timestamp":1611517996,"path_taken":["M","M","$","M","M","E","M","R","T","E","?","M","E","?","R","BOSS","M","?","$","M","$","R","?","E","T","?","M","?","E","M"],"items_purchased_type":["Card","Card","Relic","Card"],"build_version":"2020-12-22","purchased_purges":1,"victory":false,"max_hp_per_floor":[70,70,70,70,70,70,70,70,70,70,70,70,70,75,75,75,75,75,80,80,80,80,80,90,90,90,90,90,90,90,90,90],"card_choices":[{"not_picked":["Slice","Acrobatics"],"picked":"Sucker Punch","floor":1},{"not_picked":["Deadly Poison","Acrobatics"],"picked":"Backflip","floor":2},{"not_picked":["Choke","PiercingWail"],"picked":"Bane","floor":4},{"not_picked":["Underhanded Strike","PiercingWail"],"picked":"Caltrops","floor":5},{"not_picked":["Dagger Throw","Skewer"],"picked":"Blade Dance","floor":6},{"not_picked":["Setup","Expertise"],"picked":"Finisher","floor":7},{"not_picked":["Eviscerate","Deadly Poison","Deflect"],"picked":"SKIP","floor":10},{"not_picked":["Quick Slash","Outmaneuver"],"picked":"Slice","floor":11},{"not_picked":["Quick Slash","Dagger Spray"],"picked":"A Thousand Cuts","floor":12},{"not_picked":["Deadly Poison","Outmaneuver"],"picked":"Crippling Poison","floor":13},{"not_picked":["Die Die Die","Bullet Time"],"picked":"A Thousand Cuts","floor":16},{"not_picked":["Prepared+1","Acrobatics"],"picked":"Outmaneuver","floor":18},{"not_picked":["Tactician+1","Slice","Quick Slash"],"picked":"SKIP","floor":21},{"not_picked":["Dodge and Roll","Dagger Throw"],"picked":"Flechettes","floor":25},{"not_picked":["Predator+1","Well Laid Plans"],"picked":"Deflect+1","floor":27},{"not_picked":["Sucker Punch+1","Quick Slash"],"picked":"Dagger Spray","floor":28},{"not_picked":["Quick Slash","Escape Plan+1"],"picked":"PiercingWail+1","floor":30}],"player_experience":292737,"relics_obtained":[{"floor":6,"key":"Centennial Puzzle"},{"floor":9,"key":"Happy Flower"},{"floor":10,"key":"Bottled Flame"},{"floor":13,"key":"Oddly Smooth Stone"},{"floor":25,"key":"Pantograph"},{"floor":26,"key":"Kunai"},{"floor":30,"key":"Toxic Egg 2"}],"event_choices":[{"damage_healed":0,"gold_gain":0,"player_choice":"Donut","damage_taken":0,"max_hp_gain":5,"max_hp_loss":0,"event_name":"Big Fish","floor":14,"gold_loss":0},{"damage_healed":0,"gold_gain":0,"player_choice":"Shed Blood","damage_taken":19,"max_hp_gain":5,"max_hp_loss":0,"event_name":"Forgotten Altar","floor":19,"gold_loss":0},{"cards_removed":["Malaise"],"damage_healed":40,"gold_gain":0,"player_choice":"Offered Rare","damage_taken":0,"max_hp_gain":10,"max_hp_loss":0,"event_name":"Bonfire Elementals","floor":24,"gold_loss":0},{"damage_healed":0,"gold_gain":0,"player_choice":"Opened","damage_taken":0,"relics_obtained":["Mummified Hand"],"max_hp_gain":0,"max_hp_loss":0,"event_name":"The Mausoleum","floor":29,"gold_loss":0,"cards_obtained":["Writhe"]}],"is_beta":false,"boss_relics":[{"not_picked":["Empty Cage","SlaversCollar"],"picked":"Runic Pyramid"}],"items_purged_floors":[3],"is_endless":false,"potions_floor_spawned":[1,7,11,13,16,21,25],"killed_by":"3 Cultists","ascension_level":2}}