{"host":"lnnm69al9x392px5","time":1611469557,"event":{"mods":["BaseMod","Downfall","Minty Spire (QoL Compilation)","Replay The Spire","StSLib"],"gold_per_floor":[99,112,131,142,242,242,242,242,255,275,290,70,84,84,99,99,99,99],"floor_reached":16,"language":"ENG","playtime":908,"items_purged":[],"score":101,"play_id":"76e86201-4502-4ebf-b804-17998264642f","local_time":"20210123222557","is_ascension_mode":true,"campfire_choices":[{"data":"hexamod:Float","floor":1,"key":"SMITH"},{"data":"hexamod:RetreatToShadows","floor":6,"key":"SMITH"}],"circlet_count":0,"master_deck":["hexamod:Strike","hexamod:Strike","hexamod:Strike","hexamod:Strike","hexamod:Defend","hexamod:Defend","hexamod:Defend","hexamod:Defend","hexamod:Sear","hexamod:Float+1","hexamod:RetreatToShadows+1","hexamod:PowerFromBeyond","hexamod:EmpoweredFlame","hexamod:ChargedBarrage","hexamod:SkipABeat","hexamod:ThermalTransfer","hexamod:Toasty","hexamod:FirstSeal","Sadistic Nature","Poisoned Strike","The Bomb","hexamod:GhostOfSpirePresent","hexamod:FlamesFromBeyond"],"relics":["hexamod:SpiritBrand","Happy Flower","Question Card","Potion Belt","ReplayTheSpireMod:ShopPack"],"acts_visited":["Exordium"],"potions_floor_usage":[13,16,16],"damage_taken":[{"damage":0,"enemies":"Cultist","floor":2,"turns":3},{"damage":1,"enemies":"Jaw Worm","floor":3,"turns":4},{"damage":1,"enemies":"Small Slimes","floor":4,"turns":3},{"damage":2,"enemies":"Blue Slaver","floor":9,"turns":4},{"damage":4,"enemies":"3 Louse","floor":10,"turns":4},{"damage":6,"enemies":"Lots of Slimes","floor":11,"turns":5},{"damage":3,"enemies":"downfall:FleeingMerchant","floor":12,"turns":4},{"damage":42,"enemies":"Gremlin Gang","floor":13,"turns":5},{"damage":0,"enemies":"Large Slime","floor":15,"turns":5},{"damage":31,"enemies":"WA_ARCHETYPE_RETAIN","floor":16,"turns":4}],"seed_played":"7184101508379735593","potions_obtained":[{"floor":2,"key":"sneckomod:MuddlingPotion"},{"floor":4,"key":"EssenceOfSteel"},{"floor":13,"key":"Doom Potion"},{"floor":15,"key":"Fire Potion"}],"is_trial":false,"path_per_floor":["R","M","M","M","?","R","T","T","M","M","M","$","M","?","M","B"],"character_chosen":"THE_SPIRIT","items_purchased":["ReplayTheSpireMod:ShopPack","hexamod:FirstSeal"],"campfire_rested":0,"item_purchase_floors":[12,12],"current_hp_per_floor":[70,70,69,68,68,68,68,68,66,62,56,53,18,18,25,0,0,0],"gold":99,"neow_bonus":"RANDOM_COMMON_RELIC","is_daily":false,"chose_seed":false,"campfire_upgraded":2,"win_rate":0.0,"timestamp":1611469557,"path_taken":["R","M","M","M","?","R","T","?","M","M","M","$","?","?","M","BOSS"],"items_purchased_type":["Relic","Card"],"build_version":"2020-12-22","purchased_purges":0,"victory":false,"max_hp_per_floor":[70,70,70,70,70,70,70,70,70,70,70,70,70,70,70,70,70,70],"card_choices":[{"not_picked":["hexamod:GhostOfSpirePast","hexamod:GhostShield"],"picked":"hexamod:RetreatToShadows","floor":2},{"not_picked":["hexamod:SpectersWail","hexamod:CatchUp"],"picked":"hexamod:PowerFromBeyond","floor":3},{"not_picked":["hexamod:FastForward","hexamod:SpectralSpark"],"picked":"hexamod:EmpoweredFlame","floor":4},{"not_picked":["hexamod:InspiringFlames","hexamod:SuperheatedStrike","hexamod:NightmareStrike"],"picked":"hexamod:ChargedBarrage","floor":9},{"not_picked":["hexamod:InspiringFlames","hexamod:ThermalTransfer","hexamod:FastForward"],"picked":"hexamod:SkipABeat","floor":10},{"not_picked":["hexamod:NightmareGuise","hexamod:RecurringNightmare","hexamod:HeatMetal"],"picked":"hexamod:ThermalTransfer","floor":11},{"not_picked":["hexamod:AdvancingGuard","hexamod:HauntingEcho","hexamod:BurningTouch"],"picked":"hexamod:Toasty","floor":12},{"not_picked":["Secret Weapon","Thinking Ahead","ReplayUltimateDefense"],"picked":"Sadistic Nature","floor":12},{"not_picked":["Dark Shackles","Mind Blast","Forethought"],"picked":"Poisoned Strike","floor":12},{"not_picked":["Discovery","Transmutation","Thinking Ahead"],"picked":"The Bomb","floor":12},{"not_picked":["hexamod:ShieldOfDarkness","hexamod:NightmareStrike","hexamod:HeatMetal"],"picked":"hexamod:GhostOfSpirePresent","floor":13},{"not_picked":["hexamod:BurningTouch","hexamod:PhantomFireball","hexamod:Again"],"picked":"hexamod:FlamesFromBeyond","floor":15}],"player_experience":251428,"relics_obtained":[{"floor":7,"key":"Question Card"},{"floor":8,"key":"Potion Belt"}],"event_choices":[],"is_beta":false,"boss_relics":[],"items_purged_floors":[],"is_endless":false,"potions_floor_spawned":[2,4,13,15],"killed_by":"WA_ARCHETYPE_RETAIN","ascension_level":1}}