{"host":"mg4fxhvjr7cx7h2u","time":1611490910,"event":{"mods":["BaseMod","Downfall","Minty Spire (QoL Compilation)","StSLib"],"gold_per_floor":[99,112,112,124,137,169,169,204,220,238,238,238,249,259,276,276,276,276],"floor_reached":16,"language":"ZHS","playtime":1630,"items_purged":[],"score":116,"play_id":"cd91cf4c-609a-4ea6-8417-78949a07de7d","local_time":"20210124202150","is_ascension_mode":false,"campfire_choices":[{"data":"Slimebound:Split","floor":1,"key":"SMITH"},{"floor":12,"key":"REST"}],"circlet_count":0,"master_deck":["Slimebound:Strike_Slimebound","Slimebound:Strike_Slimebound","Slimebound:Strike_Slimebound","Slimebound:Tackle","Slimebound:Defend_Slimebound","Slimebound:Defend_Slimebound","Slimebound:Split+1","Slimebound:CorrosiveSpit","Slimebound:LivingWall","Slimebound:RollThrough","Slimebound:FinishingTackle","Slimebound:SlimeBarrage","Slimebound:OozeBath","Slimebound:SlimeTap","Slimebound:LeechingTouch","Slimebound:Prepare","Slimebound:GrowthPunch","Slimebound:DisruptingSlam"],"relics":["Slimebound:AbsorbEndCombat","Incense Burner","Kunai","Bottled Lightning"],"acts_visited":["Exordium"],"potions_floor_usage":[],"damage_taken":[{"damage":14,"enemies":"2 Louse","floor":2,"turns":3},{"damage":0,"enemies":"Cultist","floor":4,"turns":4},{"damage":2,"enemies":"Jaw Worm","floor":5,"turns":4},{"damage":26,"enemies":"Gremlin Nob","floor":6,"turns":5},{"damage":34,"enemies":"3 Sentries","floor":8,"turns":7},{"damage":13,"enemies":"Red Slaver","floor":9,"turns":3},{"damage":4,"enemies":"3 Louse","floor":10,"turns":3},{"damage":3,"enemies":"Large Slime","floor":13,"turns":4},{"damage":7,"enemies":"Exordium Thugs","floor":14,"turns":3},{"damage":0,"enemies":"3 Louse","floor":15,"turns":3},{"damage":47,"enemies":"IC_STATUS_ARCHETYPE","floor":16,"turns":8}],"seed_played":"-6628183290531341864","potions_obtained":[{"floor":2,"key":"Slimebound:ThreeZeroPotion"},{"floor":8,"key":"Energy Potion"},{"floor":9,"key":"champ:CounterPotion"}],"is_trial":false,"path_per_floor":["R","M","?","M","M","E","T","E","M","M","?","R","M","M","M","B"],"character_chosen":"SLIMEBOUND","items_purchased":[],"campfire_rested":1,"item_purchase_floors":[],"current_hp_per_floor":[71,59,59,61,65,45,45,15,6,8,8,29,32,31,37,0,0,0],"gold":276,"neow_bonus":"TEN_PERCENT_HP_BONUS","is_daily":false,"chose_seed":false,"campfire_upgraded":1,"win_rate":0.0,"timestamp":1611490910,"path_taken":["R","M","?","M","?","E","T","E","M","M","?","R","?","M","M","BOSS"],"items_purchased_type":[],"build_version":"2020-12-22","purchased_purges":0,"victory":false,"max_hp_per_floor":[71,71,71,71,71,71,71,71,71,71,71,71,71,71,71,71,71,71],"card_choices":[{"not_picked":["Slimebound:RejuvenatingLick","Slimebound:SplitBruiser"],"picked":"Slimebound:LivingWall","floor":2},{"not_picked":["Slimebound:Grow","Slimebound:BestDefense"],"picked":"Slimebound:RollThrough","floor":4},{"not_picked":["Slimebound:SplitLeeching","Slimebound:LeechEnergy"],"picked":"Slimebound:FinishingTackle","floor":5},{"not_picked":["Slimebound:LeechEnergy","Slimebound:Nibble"],"picked":"Slimebound:SlimeBarrage","floor":6},{"not_picked":["Slimebound:SplitLeeching","Slimebound:ItLooksTasty"],"picked":"Slimebound:OozeBath","floor":8},{"not_picked":["Slimebound:PressTheAttack","Slimebound:SplitMire"],"picked":"Slimebound:SlimeTap","floor":9},{"not_picked":["Slimebound:ProtectTheBoss","Slimebound:FinishingTackle"],"picked":"Slimebound:LeechingTouch","floor":10},{"not_picked":["Slimebound:SpikyOuterGoop","Slimebound:TongueLash"],"picked":"Slimebound:Prepare","floor":13},{"not_picked":["Slimebound:ProtectTheBoss","Slimebound:SamplingLick"],"picked":"Slimebound:GrowthPunch","floor":14},{"not_picked":["Slimebound:HauntingLick","Slimebound:LeechingTouch"],"picked":"Slimebound:DisruptingSlam","floor":15}],"player_experience":479787,"relics_obtained":[{"floor":6,"key":"Incense Burner"},{"floor":7,"key":"Kunai"},{"floor":8,"key":"Bottled Lightning"}],"event_choices":[{"cards_removed":["Slimebound:Defend_Slimebound"],"damage_healed":0,"gold_gain":0,"player_choice":"Offered Basic","damage_taken":0,"max_hp_gain":0,"max_hp_loss":0,"event_name":"Bonfire Elementals","floor":3,"gold_loss":0}],"is_beta":false,"boss_relics":[],"items_purged_floors":[],"is_endless":false,"potions_floor_spawned":[2,8,9,15],"killed_by":"IC_STATUS_ARCHETYPE","ascension_level":0}}