{"host":"uv5ws9rdk87e8i5k","time":1611518861,"event":{"mods":["AchievementEnabler","BaseMod","Colored Map","Minty Spire (QoL Compilation)","StSLib","SuperFastMode"],"gold_per_floor":[117,132,132,186,202,235,235,12,12,22,38,69,87,105,105,206,256,268,278,278,278,278],"floor_reached":21,"language":"ENG","playtime":488,"items_purged":["Strike_R"],"score":295,"play_id":"2f12f5da-4f66-4d00-a78d-79ad00d9c23e","local_time":"20210124140741","is_ascension_mode":true,"campfire_choices":[{"data":"Spot Weakness","floor":7.0,"key":"SMITH"},{"data":"Inflame","floor":15.0,"key":"SMITH"}],"circlet_count":0,"master_deck":["Strike_R","Strike_R","Strike_R","Strike_R","Defend_R+1","Defend_R+1","Defend_R","Defend_R","Bash+1","Wild Strike","Spot Weakness+1","Twin Strike","Heavy Blade","Shrug It Off","Inflame+1","Limit Break","Inflame","Heavy Blade+1","Pommel Strike"],"relics":["Burning Blood","White Beast Statue","War Paint","Letter Opener","Blue Candle","Tiny House"],"acts_visited":["Exordium","TheCity"],"potions_floor_usage":[21,21],"damage_taken":[{"damage":9.0,"enemies":"Jaw Worm","floor":1.0,"turns":4.0},{"damage":3.0,"enemies":"2 Louse","floor":2.0,"turns":3.0},{"damage":12.0,"enemies":"Small Slimes","floor":5.0,"turns":3.0},{"damage":20.0,"enemies":"Gremlin Nob","floor":6.0,"turns":4.0},{"damage":8.0,"enemies":"Blue Slaver","floor":10.0,"turns":4.0},{"damage":4.0,"enemies":"Red Slaver","floor":11.0,"turns":3.0},{"damage":11.0,"enemies":"Lagavulin","floor":12.0,"turns":6.0},{"damage":18.0,"enemies":"Lots of Slimes","floor":13.0,"turns":4.0},{"damage":11.0,"enemies":"Looter","floor":14.0,"turns":2.0},{"damage":24.0,"enemies":"The Guardian","floor":16.0,"turns":6.0},{"damage":27.0,"enemies":"Spheric Guardian","floor":18.0,"turns":4.0},{"damage":8.0,"enemies":"Chosen","floor":19.0,"turns":4.0}],"seed_played":"-8592895630926712517","potions_obtained":[{"floor":1.0,"key":"SpeedPotion"},{"floor":10.0,"key":"Strength Potion"},{"floor":11.0,"key":"LiquidBronze"},{"floor":12.0,"key":"Strength Potion"},{"floor":13.0,"key":"BlessingOfTheForge"},{"floor":14.0,"key":"Energy Potion"},{"floor":16.0,"key":"DuplicationPotion"},{"floor":17.0,"key":"HeartOfIron"},{"floor":18.0,"key":"AttackPotion"}],"is_trial":false,"path_per_floor":["M","M","?","?","M","E","R","$","T","M","M","E","M","M","R","B",null,"M","M","?","M"],"character_chosen":"IRONCLAD","items_purchased":["War Paint"],"campfire_rested":0,"item_purchase_floors":[8],"current_hp_per_floor":[77,80,80,80,74,60,60,60,60,58,60,55,43,38,38,20,76,55,53,35,9,9],"gold":278,"neow_bonus":"TEN_PERCENT_HP_BONUS","is_daily":false,"chose_seed":false,"campfire_upgraded":2,"win_rate":0.0,"timestamp":1611518861,"path_taken":["M","M","?","?","M","E","R","$","T","M","M","E","M","M","R","BOSS","M","M","?","M"],"items_purchased_type":["Relic"],"build_version":"2020-12-22","purchased_purges":1,"victory":false,"max_hp_per_floor":[88,88,88,88,88,88,88,88,88,88,88,88,88,88,88,88,93,93,93,98,98,98],"card_choices":[{"not_picked":["Infernal Blade","Sword Boomerang"],"picked":"Wild Strike","floor":1.0},{"not_picked":["Shockwave","Iron Wave"],"picked":"Spot Weakness","floor":2.0},{"not_picked":["Fire Breathing","Dropkick"],"picked":"Twin Strike","floor":5.0},{"not_picked":["Power Through","Flex"],"picked":"Heavy Blade","floor":6.0},{"not_picked":["Rampage","Sword Boomerang","Dual Wield"],"picked":"SKIP","floor":10.0},{"not_picked":["Infernal Blade","Armaments"],"picked":"Shrug It Off","floor":11.0},{"not_picked":["Evolve","Intimidate","Sword Boomerang"],"picked":"SKIP","floor":12.0},{"not_picked":["Exhume","Bloodletting","Rampage"],"picked":"SKIP","floor":13.0},{"not_picked":["Clash","Headbutt"],"picked":"Inflame","floor":14.0},{"not_picked":["Impervious","Fiend Fire"],"picked":"Limit Break","floor":16.0},{"not_picked":["Reckless Charge","Flex"],"picked":"Inflame","floor":17.0},{"not_picked":["Shrug It Off","Whirlwind"],"picked":"Heavy Blade+1","floor":18.0},{"not_picked":["Hemokinesis","Wild Strike"],"picked":"Pommel Strike","floor":19.0}],"player_experience":234112,"relics_obtained":[{"floor":6.0,"key":"White Beast Statue"},{"floor":9.0,"key":"Letter Opener"},{"floor":12.0,"key":"Blue Candle"}],"event_choices":[{"damage_healed":0.0,"max_hp_gain":0.0,"max_hp_loss":0.0,"gold_gain":0.0,"event_name":"Liars Game","player_choice":"Ignored","floor":3.0,"gold_loss":0.0,"damage_taken":0.0},{"damage_healed":0.0,"max_hp_gain":0.0,"max_hp_loss":0.0,"gold_gain":54.0,"event_name":"Golden Wing","player_choice":"Gained Gold","floor":4.0,"gold_loss":0.0,"damage_taken":0.0},{"damage_healed":0.0,"max_hp_gain":5.0,"max_hp_loss":0.0,"gold_gain":0.0,"event_name":"Forgotten Altar","player_choice":"Shed Blood","floor":20.0,"gold_loss":0.0,"damage_taken":23.0}],"is_beta":false,"boss_relics":[{"not_picked":["Pandora\u0027s Box","Ectoplasm"],"picked":"Tiny House"}],"items_purged_floors":[8],"is_endless":false,"potions_floor_spawned":[1,10,11,12,13,14,16,18,19],"killed_by":"3 Cultists","ascension_level":8}}