{"host":"yqveedbda5h7irme","time":1611488178,"event":{"mods":["AchievementEnabler","Aspiration","BaseMod","BetterRewards","Colored Powertips","Conspire","Downfall","GifTheSpireLib","Hermit","Hubris","Infinite Spire","Marked Mod","Minty Spire (QoL Compilation)","Replay The Spire","StSLib","Stuff the Spire","The Jungle","The Necromancer","The Servant 0.9.4"],"gold_per_floor":[99,99,99,99,99,124,150,185,260,360,360,373,273,283,293,391,391,291,32,52,52,52,78,105,134,154,168,202,215,115,115,133,230,230,230,243,258,285,285,297,297,317,333,352,352,367,367,367,382,382,382,382,382,382],"floor_reached":52,"language":"ENG","playtime":3337,"items_purged":["Slimebound:Strike_Slimebound"],"score":811,"play_id":"42b1cf84-0148-44e2-8add-3667e96fb82e","local_time":"20210124123618","is_ascension_mode":true,"campfire_choices":[{"floor":11,"key":"REST"},{"floor":13,"key":"RECALL"},{"data":"Slimebound:CorrosiveSpit","floor":18,"key":"SMITH"},{"floor":30,"key":"REST"},{"data":"Slimebound:GoopSpray","floor":35,"key":"SMITH"},{"data":"Slimebound:Overexert","floor":45,"key":"SMITH"}],"circlet_count":0,"master_deck":["Slimebound:Strike_Slimebound+1","Slimebound:Tackle","Slimebound:Defend_Slimebound","Slimebound:Defend_Slimebound","Slimebound:Split","Slimebound:CorrosiveSpit+1","Slimebound:FinishingTackle","Slimebound:RollThrough","Slimebound:ComboTackle","Slimebound:SplitBruiser","Slimebound:RollThrough","Slimebound:LeadByExample","Slimebound:GrowthPunch","Slimebound:MassFeed","Slimebound:LeechLife","Slimebound:FlameTackle","Slimebound:SplitLeeching+1","Slimebound:SplitMire","hubris:Wrath","infinitespire:Starlight+1","Slimebound:LivingWall+1","Slimebound:GoopSpray+1","Slimebound:RejuvenatingLick","Slimebound:Schlurp+1","Doubt","Slimebound:Prepare+1","Slimebound:Overexert+1","Bloodletting","Slimebound:Schlurp+1","Slimebound:HauntingLick","infinitespire:FutureSight","Slimebound:ItLooksTasty+1","Parasite","Inflame+1","Slimebound:SamplingLick","StuffTheSpire:BrainWave","Slimebound:SpikyOuterGoop"],"relics":["Slimebound:AbsorbEndCombat","downfall:HeartsMalice","Smiling Mask","Strawberry","Darkstone Periapt","downfall:HeartBlessingGreen","StuffTheSpire:Kangaroo","downfall:HeartBlessingRed","Gremlin Food","infinitespire:Lucky Rock","aspiration:HummingbirdHeart","Iron Hammer","downfall:HeartBlessingBlue","aspiration:IroncladSkillbook","conspire:DeflatedDodgeball","SlaversCollar","hubris:BottledRain"],"acts_visited":["Exordium","TheCity","TheBeyond","TheEnding"],"potions_floor_usage":[25,25,33,33,36,43,44,50],"damage_taken":[{"damage":0,"enemies":"Cultist","floor":2,"turns":1},{"damage":0,"enemies":"2 Louse","floor":5,"turns":1},{"damage":0,"enemies":"Lagavulin","floor":6,"turns":1},{"damage":40,"enemies":"Gremlin Nob","floor":8,"turns":4},{"damage":11,"enemies":"Small Slimes","floor":12,"turns":3},{"damage":8,"enemies":"Blue Slaver","floor":14,"turns":3},{"damage":5,"enemies":"Gremlin Gang","floor":15,"turns":4},{"damage":41,"enemies":"SI_SHIV_ARCHETYPE","floor":16,"turns":9},{"damage":0,"enemies":"downfall:FleeingMerchant","floor":19,"turns":4},{"damage":17,"enemies":"Spheric Guardian","floor":20,"turns":4},{"damage":58,"enemies":"Gremlin Leader","floor":25,"turns":7},{"damage":28,"enemies":"3 Cultists","floor":26,"turns":5},{"damage":19,"enemies":"Snecko","floor":27,"turns":5},{"damage":66,"enemies":"Book of Stabbing","floor":28,"turns":8},{"damage":17,"enemies":"Snake Plant","floor":29,"turns":3},{"damage":10,"enemies":"Cultist and Chosen","floor":32,"turns":4},{"damage":99,"enemies":"IC_MUSHROOM_ARCHETYPE","floor":33,"turns":10},{"damage":0,"enemies":"Orb Walker","floor":36,"turns":3},{"damage":13,"enemies":"3 Shapes","floor":37,"turns":5},{"damage":26,"enemies":"conspire:MimicChest","floor":38,"turns":6},{"damage":37,"enemies":"Maw","floor":40,"turns":6},{"damage":22,"enemies":"Sphere and 2 Shapes","floor":42,"turns":6},{"damage":0,"enemies":"3 Darklings","floor":43,"turns":3},{"damage":19,"enemies":"Writhing Mass","floor":44,"turns":5},{"damage":27,"enemies":"Maw","floor":46,"turns":6},{"damage":8,"enemies":"Spire Growth","floor":49,"turns":3},{"damage":137,"enemies":"WA_ARCHETYPE_DIVINITY","floor":50,"turns":9},{"damage":174,"enemies":"downfall:CharBossMerchant","floor":52,"turns":8}],"seed_played":"-7511047270247299962","potions_obtained":[{"floor":6,"key":"hexamod:SoulburnPotion"},{"floor":14,"key":"Elixir"},{"floor":15,"key":"sneckomod:MuddlingPotion"},{"floor":20,"key":"Fire Potion"},{"floor":27,"key":"BlessingOfTheForge"},{"floor":29,"key":"EssenceOfSteel"},{"floor":33,"key":"SkillPotion"},{"floor":36,"key":"Explosive Potion"},{"floor":37,"key":"Energy Potion"},{"floor":38,"key":"PowerPotion"},{"floor":46,"key":"Elixir"}],"is_trial":false,"path_per_floor":["R","M","?","?","M","E","T","E","?","?","R","M","R","M","M","B",null,"R","$","M","?","?","T","T","E","M","M","E","M","R","?","M","B",null,"R","M","M","?","AVR","M","T","M","M","M","R","M","?","?","M","B",null,"E"],"character_chosen":"SLIMEBOUND","items_purchased":["Gremlin Food","Slimebound:SplitLeeching+1"],"campfire_rested":2,"item_purchase_floors":[19,19],"current_hp_per_floor":[65,65,65,65,65,65,72,36,36,36,57,48,48,40,37,7,75,75,75,61,73,73,73,73,40,35,63,50,38,78,84,85,13,112,112,112,105,111,111,86,86,87,99,98,98,110,107,107,107,21,107,0,0,0],"gold":382,"neow_bonus":"THREE_ENEMY_KILL","is_daily":false,"chose_seed":false,"campfire_upgraded":3,"win_rate":0.0,"timestamp":1611488178,"path_taken":["R","M","?","?","M","E","T","E","?","?","R","M","R","M","M","BOSS","R","$","?","?","?","?","T","E","M","M","E","?","R","?","M","BOSS","R","M","?","?","AVR","M","T","?","M","M","R","M","?","?","M","BOSS","E"],"items_purchased_type":["Relic","Card"],"build_version":"2020-12-22","purchased_purges":1,"victory":false,"max_hp_per_floor":[65,65,65,65,65,65,72,72,72,72,72,72,72,72,72,75,75,75,75,78,90,90,90,90,90,90,90,90,93,103,109,112,112,112,112,112,112,112,112,112,112,112,112,118,118,118,107,107,107,107,107,107,107,107],"card_choices":[{"not_picked":["Slimebound:ItLooksTasty","Slimebound:SplitMire"],"picked":"Slimebound:RollThrough","floor":2},{"not_picked":["Slimebound:FinishingTackle","Slimebound:Equalize"],"picked":"Slimebound:ComboTackle","floor":5},{"not_picked":["Slimebound:SplitLeeching","Slimebound:FormOfPuddle"],"picked":"Slimebound:SplitBruiser","floor":6},{"not_picked":["Slimebound:PressTheAttack","Slimebound:ComboTackle"],"picked":"Slimebound:RollThrough","floor":8},{"not_picked":["Slimebound:Dissolve","Slimebound:ItLooksTasty"],"picked":"Slimebound:LeadByExample","floor":12},{"not_picked":["Slimebound:SlimeBrawl","Slimebound:FormOfPuddle"],"picked":"Slimebound:GrowthPunch","floor":14},{"not_picked":["Slimebound:LeadByExample","Slimebound:PressTheAttack"],"picked":"Slimebound:MassFeed","floor":15},{"not_picked":["Slimebound:MassFeed","Slimebound:RallyTheTroops"],"picked":"Slimebound:LeechLife","floor":16},{"not_picked":["Slimebound:FinishingTackle","Slimebound:SlimeBarrage"],"picked":"Slimebound:FlameTackle","floor":19},{"not_picked":["Slimebound:TongueLash","Slimebound:Grow"],"picked":"Slimebound:SplitMire","floor":20},{"not_picked":["infinitespire:DeathsTouch","infinitespire:NeuralNetwork"],"picked":"infinitespire:Starlight","floor":21},{"not_picked":["Slimebound:RollThrough","Slimebound:SlimeSpikes"],"picked":"Slimebound:LivingWall+1","floor":25},{"not_picked":["Slimebound:MinionMaster","Slimebound:PressTheAttack+1"],"picked":"Slimebound:GoopSpray","floor":26},{"not_picked":["Slimebound:SlimeTap","Slimebound:LeechEnergy"],"picked":"Slimebound:RejuvenatingLick","floor":27},{"not_picked":["Slimebound:ComboTackle","Slimebound:FinishingTackle+1"],"picked":"Slimebound:Schlurp","floor":28},{"not_picked":["Slimebound:ServeAndProtect","Slimebound:SlimeBarrage","Slimebound:RollThrough"],"picked":"SKIP","floor":29},{"not_picked":["Slimebound:LivingWall+1","Slimebound:SelfFormingGoo"],"picked":"Slimebound:Prepare+1","floor":32},{"not_picked":["Slimebound:RallyTheTroops","Slimebound:DouseInSlime"],"picked":"Slimebound:Overexert","floor":33},{"not_picked":["Clash","Disarm","Slimebound:ComboTackle+1"],"picked":"Bloodletting","floor":36},{"not_picked":["Slimebound:LeechEnergy+1","Dual Wield","Armaments+1"],"picked":"Slimebound:Schlurp+1","floor":37},{"not_picked":["hubris:ReadiedAction","StuffTheSpire:Incineration","Slimebound:DivideAndConquer"],"picked":"Slimebound:HauntingLick","floor":38},{"not_picked":["StuffTheSpire:Incineration+1","Slimebound:CheckThePlaybook","StuffTheSpire:Slingshot+1","Battle Trance+1"],"picked":"SKIP","floor":40},{"not_picked":["Perfected Strike","Slimebound:LeechingTouch","ReplayTheSpireMod:Strike From Hell+1","Slimebound:DisruptingSlam"],"picked":"SKIP","floor":42},{"not_picked":["Twin Strike","Body Slam","Cleave"],"picked":"Slimebound:ItLooksTasty+1","floor":43},{"not_picked":["hubris:SharpeningStone","Havoc+1","Slimebound:DouseInSlime"],"picked":"Inflame+1","floor":44},{"not_picked":["Havoc","Metallicize","ReplayTheSpireMod:Strike From Hell"],"picked":"Slimebound:SamplingLick","floor":46},{"not_picked":["Perfected Strike","Slimebound:Prepare+1","Sever Soul"],"picked":"Slimebound:SpikyOuterGoop","floor":49}],"player_experience":147533,"relics_obtained":[{"floor":6,"key":"Smiling Mask"},{"floor":7,"key":"Strawberry"},{"floor":8,"key":"Darkstone Periapt"},{"floor":24,"key":"infinitespire:Lucky Rock"},{"floor":25,"key":"aspiration:HummingbirdHeart"},{"floor":28,"key":"Iron Hammer"},{"floor":38,"key":"conspire:DeflatedDodgeball"},{"floor":41,"key":"hubris:BottledRain"}],"event_choices":[{"damage_healed":0,"gold_gain":0,"player_choice":"Leave","damage_taken":0,"max_hp_gain":0,"max_hp_loss":0,"event_name":"conspire:Investor","floor":4,"gold_loss":0},{"damage_healed":0,"gold_gain":100,"player_choice":"Gold","damage_taken":0,"max_hp_gain":0,"max_hp_loss":0,"event_name":"Wheel of Change","floor":10,"gold_loss":0}],"is_beta":false,"boss_relics":[{"not_picked":["aspiration:SilentSkillbook","Snecko Heart"],"picked":"StuffTheSpire:Kangaroo"},{"not_picked":["Ring of Chaos","conspire:RunicOctahedron"],"picked":"aspiration:IroncladSkillbook"}],"items_purged_floors":[19],"is_endless":false,"potions_floor_spawned":[6,14,15,20,27,29,32,33,36,37,38,46],"killed_by":"downfall:CharBossMerchant","ascension_level":1}}