{"host":"nwd160me4iqdtr8u","time":1611470402,"event":{"mods":["AchievementEnabler","Act Like it!","BaseMod","Colored Map","DeckTracker","Minty Spire (QoL Compilation)","Quick Restart","Rare Cards Sparkle","StSLib","SuperFastMode","The IronCluck","everything is the same but u backflip on backflip"],"gold_per_floor":[17,37,137,148,162,162,187,187,187,187,187,206,206,216,216,321,321,331,331,29,48,66,66,86,99,99,114,39,39,39,50,50,50,50],"floor_reached":33,"language":"KOR","playtime":2657,"items_purged":[],"score":266,"play_id":"59734ff8-63a3-482a-8d42-a943a6904e03","local_time":"20210124154002","is_ascension_mode":true,"campfire_choices":[{"data":"Seeing Red","floor":6.0,"key":"SMITH"},{"data":"Intimidate","floor":8.0,"key":"SMITH"},{"data":"Feel No Pain","floor":10.0,"key":"SMITH"},{"data":"Dark Embrace","floor":15.0,"key":"SMITH"},{"data":"Warcry","floor":23,"key":"SMITH"},{"floor":30,"key":"REST"},{"data":"Armaments","floor":32,"key":"SMITH"}],"circlet_count":0,"master_deck":["Strike_R","Strike_R","Defend_R","Defend_R","Defend_R","Defend_R","Bash","Headbutt","Seeing Red+1","Anger","Feel No Pain+1","Intimidate+1","Cleave","Dark Embrace+1","Battle Trance","Fiend Fire","Reckless Charge","Warcry+1","Dual Wield+1","Shrug It Off","Ghostly Armor+1","Corruption","Armaments+1"],"relics":["Burning Blood","Bag of Marbles","Self Forming Clay","Snecko Eye","CultistMask","Mummified Hand","Tiny Chest"],"acts_visited":["Exordium","TheCity"],"potions_floor_usage":[27,33,33],"damage_taken":[{"damage":5.0,"enemies":"2 Louse","floor":1.0,"turns":3.0},{"damage":1.0,"enemies":"Cultist","floor":2.0,"turns":4.0},{"damage":8.0,"enemies":"Jaw Worm","floor":4.0,"turns":3.0},{"damage":0.0,"enemies":"Large Slime","floor":5.0,"turns":5.0},{"damage":40.0,"enemies":"Lagavulin","floor":7.0,"turns":7.0},{"damage":22.0,"enemies":"Gremlin Gang","floor":12.0,"turns":6.0},{"damage":0.0,"enemies":"Looter","floor":13.0,"turns":1.0},{"damage":7.0,"enemies":"Exordium Thugs","floor":14.0,"turns":5.0},{"damage":67.0,"enemies":"The Guardian","floor":16.0,"turns":14.0},{"damage":12.0,"enemies":"Spheric Guardian","floor":18.0,"turns":5.0},{"damage":18,"enemies":"3 Byrds","floor":21,"turns":7},{"damage":17,"enemies":"Snecko","floor":22,"turns":5},{"damage":23,"enemies":"Centurion and Healer","floor":24,"turns":7},{"damage":14,"enemies":"3 Cultists","floor":25,"turns":6},{"damage":10,"enemies":"Shelled Parasite and Fungi","floor":27,"turns":5},{"damage":12,"enemies":"Chosen and Byrds","floor":31,"turns":5},{"damage":87,"enemies":"Automaton","floor":33,"turns":10}],"seed_played":"8480719134409713209","potions_obtained":[{"floor":2.0,"key":"SmokeBomb"},{"floor":5.0,"key":"Regen Potion"},{"floor":12.0,"key":"BloodPotion"},{"floor":24,"key":"Strength Potion"},{"floor":25,"key":"ColorlessPotion"},{"floor":29,"key":"FairyPotion"},{"floor":29,"key":"GamblersBrew"},{"floor":31,"key":"SneckoOil"}],"is_trial":false,"path_per_floor":["M","M","?","M","M","R","E","R","T","R","?","M","M","M","R","B",null,"M","?","$","M","M","R","M","M","T","M","?","?","R","M","R","B"],"character_chosen":"IRONCLAD","items_purchased":["Warcry","Mummified Hand"],"campfire_rested":1,"item_purchase_floors":[20,20],"current_hp_per_floor":[80,80,80,78,80,80,46,46,46,46,51,35,41,40,40,11,85,79,79,79,67,56,56,39,31,31,27,27,27,52,46,46,0,0],"gold":50,"neow_bonus":"TRANSFORM_TWO_CARDS","is_daily":false,"chose_seed":false,"campfire_upgraded":6,"win_rate":0.0,"timestamp":1611470402,"path_taken":["M","M","?","?","M","R","E","R","T","R","?","M","M","M","R","BOSS","M","?","$","?","M","R","M","M","T","M","?","?","R","M","R","BOSS"],"items_purchased_type":["Card","Relic"],"build_version":"2020-12-22","purchased_purges":0,"victory":false,"max_hp_per_floor":[80,80,80,80,80,80,80,80,80,80,85,85,85,85,85,85,85,85,85,85,85,85,85,85,85,85,85,85,85,85,85,85,85,85],"card_choices":[{"not_picked":["Clash","Sever Soul"],"picked":"Anger","floor":1.0},{"not_picked":["Second Wind","Wild Strike"],"picked":"Feel No Pain","floor":2.0},{"not_picked":["Thunderclap","Flame Barrier"],"picked":"Intimidate","floor":4.0},{"not_picked":["Flex","Body Slam"],"picked":"Cleave","floor":5.0},{"not_picked":["Havoc","Anger","Blood for Blood"],"picked":"SKIP","floor":7.0},{"not_picked":["Cleave","Perfected Strike"],"picked":"Dark Embrace","floor":12.0},{"not_picked":["Entrench","Cleave"],"picked":"Battle Trance","floor":14.0},{"not_picked":["Reaper","Juggernaut"],"picked":"Fiend Fire","floor":16.0},{"not_picked":["Havoc","Combust"],"picked":"Reckless Charge","floor":18.0},{"not_picked":["Headbutt","Evolve+1"],"picked":"Dual Wield+1","floor":21},{"not_picked":["Inflame","Pommel Strike+1"],"picked":"Shrug It Off","floor":22},{"not_picked":["Evolve","Warcry+1"],"picked":"Ghostly Armor+1","floor":24},{"not_picked":["Clothesline","Dropkick+1"],"picked":"Corruption","floor":25},{"not_picked":["Warcry+1","Intimidate"],"picked":"Armaments","floor":27},{"not_picked":["Intimidate+1","Anger","Rampage"],"picked":"SKIP","floor":31}],"player_experience":236017,"relics_obtained":[{"floor":7.0,"key":"Bag of Marbles"},{"floor":9.0,"key":"Self Forming Clay"},{"floor":26,"key":"Tiny Chest"}],"event_choices":[{"damage_healed":0.0,"max_hp_gain":0.0,"max_hp_loss":0.0,"gold_gain":100.0,"event_name":"Golden Shrine","player_choice":"Pray","floor":3.0,"gold_loss":0.0,"damage_taken":0.0},{"damage_healed":0.0,"max_hp_gain":5.0,"max_hp_loss":0.0,"gold_gain":0.0,"event_name":"Big Fish","player_choice":"Donut","floor":11.0,"gold_loss":0.0,"damage_taken":0.0},{"damage_healed":0.0,"max_hp_gain":0.0,"max_hp_loss":0.0,"gold_gain":0.0,"event_name":"FaceTrader","player_choice":"Trade","floor":19.0,"gold_loss":0.0,"damage_taken":0.0,"relics_obtained":["CultistMask"]},{"cards_removed":["Strike_R"],"damage_healed":0,"gold_gain":0,"player_choice":"Gave Gold","damage_taken":0,"max_hp_gain":0,"max_hp_loss":0,"event_name":"Beggar","floor":28,"gold_loss":75},{"damage_healed":0,"gold_gain":0,"player_choice":"Got Potions","damage_taken":0,"max_hp_gain":0,"max_hp_loss":0,"event_name":"Lab","floor":29,"gold_loss":0}],"is_beta":false,"boss_relics":[{"not_picked":["Black Star","Empty Cage"],"picked":"Snecko Eye"}],"items_purged_floors":[],"is_endless":false,"potions_floor_spawned":[2,5,12,13,24,25,31],"killed_by":"Automaton","ascension_level":1}}