{"host":"mn5kbj4x7gv3jr0o","time":1611457182,"event":{"mods":["2.2 Compatiblity","A Magickal Journey","AchievementEnabler","Ascension Reborn","Ascension Unlocker","Aspiration","BaseMod","Bestiary","Better Altar","Better Note","Better Sensory Stone","Better Silent Start","Better Skull","Better Third Choice","Better Vampires","Better-Laid Plans","BetterRewards","Block Reminder","CCEM","Colored Powertips","Colorless Booster Pack","Conjunction","Conspire","Curses Come First","Dota2Spire","Downfall","Emptier Cage","Energized Spire","Fox Events","GifTheSpireLib","Halation","HololiveMod","Hubris","Infinite Spire","Ironclad Rager","Jess\u0027s Bottle","Keyboard Shortcuts","Minty Spire (QoL Compilation)","Mirrors Mod","Poem Panic","Potion Indicator Mod","Potionbrewer","Puzzle Mod","Quarter Circle Forward PUNCH!","Quick Restart","Random Character Button","RatMod","Relic Sorter","Retaliation","Reworked Bosses","SCP261 Mod","SacredBarkPlus","Shop Mod","Small Relic Pack","Spicy Shops","Spikes Relics","StS++","StSLib","Stuff the Spire","The Blue Laboratory","Thieving Mod","Trackpad","Uncapped","UnlockEverythingMod","Useless Jewels Mod","Virulent Crown"],"gold_per_floor":[112,122,137,100,120,120,151,151,200,216,216,226,226,226,226,326,326,346,326,122,136,136,136,151,161,161,179,157,157,0,18,18,117,117,177,177,177,177,195,195,230,230,230,265,265,188,188,252,252,252,252],"floor_reached":50,"language":"ENG","playtime":3185,"items_purged":[],"score":520,"play_id":"ac9c6b15-3b68-4a80-8718-0f796eb079e0","local_time":"20210123215942","is_ascension_mode":true,"campfire_choices":[{"data":"StSpp:TargetLocked","floor":6,"key":"SMITH"},{"floor":13,"key":"REST"},{"data":"StuffTheSpire:ShieldGenerator","floor":15,"key":"SMITH"},{"data":"StuffTheSpire:ShieldGenerator+1","floor":23,"key":"SMITH"},{"floor":32,"key":"REST"},{"floor":40,"key":"REST"},{"floor":42,"key":"REST"},{"floor":45,"key":"REST"},{"floor":49,"key":"REST"}],"circlet_count":0,"master_deck":["Strike_B","Strike_B","Strike_B","Strike_B","Defend_B","Defend_B","Defend_B","Defend_B","Zap","Dualcast","StuffTheSpire:ShieldGenerator+2","Reinforced Body","RefreshScreen","StSpp:TargetLocked+1","Rainbow","White Noise","StuffTheSpire:Plugnplay","Recycle","Amplify","Static Discharge","Storm","Reboot+1","Self Repair","conspire:SharedLibrary+1","StuffTheSpire:Synthwave+1","hubris:InfiniteBlow+8","Steam+1","Biased Cognition","Storm","hubris:PowerSurge"],"relics":["qcfpunch:Crimson_Sash","Dota2Spire:UrnOfShadows","infinitespire:Cubic Diamond","Prayer Wheel","hubris:Icosahedron","infinitespire:PuzzleCube","uselessJewelsMod:UselessJewelsRelic","halation:Trompette","Emotion Chip","hubris:AstralHammer","relicPack:KazumaCape","StSpp:SailingBoat","WizardHat","qcfpunch:Red_Headband","conspire:InfiniteJournal"],"acts_visited":["Exordium","TheCity","TheBeyond"],"potions_floor_usage":[7,16,16,27,28,28,33,33,44,48,50,50],"damage_taken":[{"damage":0.0,"enemies":"Cultist","floor":1.0,"turns":3.0},{"damage":0.0,"enemies":"Jaw Worm","floor":2.0,"turns":3.0},{"damage":0.0,"enemies":"2 Louse","floor":3.0,"turns":2.0},{"damage":6.0,"enemies":"2 Fungi Beasts","floor":5.0,"turns":4.0},{"damage":25,"enemies":"Lagavulin","floor":7,"turns":9},{"damage":0,"enemies":"Blue Slaver","floor":10,"turns":4},{"damage":14,"enemies":"Exordium Wildlife","floor":12,"turns":5},{"damage":2,"enemies":"The Guardian","floor":16,"turns":10},{"damage":1,"enemies":"Chosen","floor":18,"turns":4},{"damage":8,"enemies":"Spheric Guardian","floor":21,"turns":4},{"damage":15,"enemies":"Snake Plant","floor":24,"turns":3},{"damage":14,"enemies":"Cultist and Chosen","floor":25,"turns":5},{"damage":2,"enemies":"Snecko","floor":27,"turns":5},{"damage":18,"enemies":"Gremlin Leader","floor":28,"turns":6},{"damage":1,"enemies":"Shelled Parasite and Fungi","floor":31,"turns":5},{"damage":34,"enemies":"conspire:MysteriousRune","floor":33,"turns":8},{"damage":35,"enemies":"3 Darklings","floor":35,"turns":4},{"damage":4,"enemies":"Orb Walker","floor":39,"turns":3},{"damage":19,"enemies":"Giant Head","floor":41,"turns":6},{"damage":26,"enemies":"Reptomancer","floor":44,"turns":3},{"damage":10,"enemies":"Writhing Mass","floor":48,"turns":3},{"damage":43,"enemies":"bossMod:newShapes","floor":50,"turns":3}],"seed_played":"-8581454445733077562","potions_obtained":[{"floor":1.0,"key":"blueLaboratory:HorrorPotion"},{"floor":5.0,"key":"Block Potion"},{"floor":7,"key":"EssenceOfSteel"},{"floor":10,"key":"blueLaboratory:Moonshine"},{"floor":19,"key":"SCP261:ClockworkPotion"},{"floor":21,"key":"blueLaboratory:Moonshine"},{"floor":25,"key":"Explosive Potion"},{"floor":27,"key":"Explosive Potion"},{"floor":31,"key":"potionbrewer:AcidPotion"},{"floor":41,"key":"Conjunction:LightningMarble"},{"floor":44,"key":"Weak Potion"}],"is_trial":false,"path_per_floor":["M","M","M","$","M","R","E","?","T","M","?","M","R","?","R","B",null,"M","?","$","M","?","R","M","M","T","M","E","AVR","?","M","R","B",null,"M","?","?","?","M","R","E","R","T","E","R","$","?","M","R","B"],"character_chosen":"DEFECT","items_purchased":["RefreshScreen","Storm","uselessJewelsMod:UselessJewelsRelic","qcfpunch:Red_Headband"],"campfire_rested":6,"item_purchase_floors":[4,20,20,46],"current_hp_per_floor":[75,75,75,75,69,69,44,44,44,44,44,30,41,41,41,75,75,74,74,74,66,66,66,51,41,41,43,29,29,29,32,43,13,51,20,20,25,25,25,38,23,36,36,14,27,27,27,25,38,0,0],"gold":252,"neow_bonus":"BOSS_RELIC","is_daily":false,"chose_seed":false,"campfire_upgraded":3,"win_rate":0.0,"timestamp":1611457182,"path_taken":["M","?","M","$","?","R","E","?","T","M","?","M","R","?","R","BOSS","M","?","$","M","?","R","M","M","T","M","E","AVR","?","M","R","BOSS","M","?","?","?","?","R","E","R","T","E","R","?","?","M","R","BOSS"],"items_purchased_type":["Card","Card","Relic","Relic"],"build_version":"2020-12-22","purchased_purges":0,"victory":false,"max_hp_per_floor":[75,75,75,75,75,75,75,75,75,75,75,75,75,75,75,75,75,75,75,75,75,75,75,75,75,75,75,75,75,75,75,75,75,75,75,75,85,85,85,85,85,85,85,85,85,85,85,85,85,85,85],"card_choices":[{"not_picked":["Blizzard","Sweeping Beam"],"picked":"StuffTheSpire:ShieldGenerator","floor":1.0},{"not_picked":["StuffTheSpire:SnapShoot","Streamline","Compile Driver"],"picked":"SKIP","floor":2.0},{"not_picked":["Barrage","Chaos"],"picked":"Reinforced Body","floor":3.0},{"not_picked":["Sweeping Beam","Ball Lightning"],"picked":"StSpp:TargetLocked","floor":5.0},{"not_picked":["Redo","Barrage"],"picked":"Rainbow","floor":7},{"not_picked":["Steam","aspiration:Polymerization"],"picked":"White Noise","floor":10},{"not_picked":["Coolheaded","Undo"],"picked":"StuffTheSpire:Plugnplay","floor":10},{"not_picked":["Rebound","Cold Snap"],"picked":"Recycle","floor":12},{"not_picked":["Sweeping Beam","StuffTheSpire:SnapShoot","Glacier"],"picked":"SKIP","floor":12},{"not_picked":["Fission","StSpp:MemoryLeak"],"picked":"Amplify","floor":16},{"not_picked":["Force Field","Skim"],"picked":"Static Discharge","floor":18},{"not_picked":["Leap","Genetic Algorithm","Rebound"],"picked":"SKIP","floor":18},{"not_picked":["Leap","Consume","Compile Driver"],"picked":"SKIP","floor":21},{"not_picked":["Hello World+1","Lockon","Stack"],"picked":"SKIP","floor":21},{"not_picked":["Ball Lightning+1","Go for the Eyes"],"picked":"Self Repair","floor":24},{"not_picked":["Coolheaded","StuffTheSpire:LoadUp","Reprogram"],"picked":"SKIP","floor":24},{"not_picked":["Barrage+1","Streamline+1"],"picked":"conspire:SharedLibrary+1","floor":25},{"not_picked":["Reprogram","Go for the Eyes","Sweeping Beam"],"picked":"SKIP","floor":25},{"not_picked":["DiskWipe+1","Ball Lightning+1"],"picked":"StuffTheSpire:Synthwave+1","floor":27},{"not_picked":["Beam Cell","Coolheaded","Go for the Eyes+1"],"picked":"SKIP","floor":27},{"not_picked":["hubris:DoWhile","Coolheaded","Redo"],"picked":"SKIP","floor":28},{"not_picked":["Barrage","Turbo+1"],"picked":"Steam+1","floor":31},{"not_picked":["StuffTheSpire:Plugnplay+1","StuffTheSpire:LoadUp","Leap"],"picked":"SKIP","floor":31},{"not_picked":["Machine Learning","hubris:SpecializedCircuitry"],"picked":"Biased Cognition","floor":33},{"not_picked":["BootSequence+1","Heatsinks"],"picked":"Storm","floor":35},{"not_picked":["Coolheaded+1","conspire:SharedLibrary","Turbo+1"],"picked":"SKIP","floor":35},{"not_picked":["Darkness","Sweeping Beam+1","Rebound"],"picked":"SKIP","floor":39},{"not_picked":["Turbo+1","Sweeping Beam+1","Leap"],"picked":"SKIP","floor":39},{"not_picked":["conspire:Rain+1","StuffTheSpire:LoadUp+1","Leap"],"picked":"SKIP","floor":41},{"not_picked":["Coolheaded","Leap+1"],"picked":"hubris:PowerSurge","floor":44},{"not_picked":["Steam Power+1","Rip and Tear","StuffTheSpire:LoadUp+1"],"picked":"SKIP","floor":48},{"not_picked":["hubris:Prefetch","Sweeping Beam","Hologram"],"picked":"SKIP","floor":48}],"player_experience":144273,"relics_obtained":[{"floor":7,"key":"Prayer Wheel"},{"floor":9,"key":"infinitespire:PuzzleCube"},{"floor":26,"key":"halation:Trompette"},{"floor":28,"key":"Emotion Chip"},{"floor":41,"key":"StSpp:SailingBoat"},{"floor":43,"key":"WizardHat"},{"floor":44,"key":"Dota2Spire:UrnOfShadows"}],"event_choices":[{"damage_healed":0,"gold_gain":0,"player_choice":"Bought 1 Potion","damage_taken":0,"max_hp_gain":0,"max_hp_loss":0,"event_name":"The Woman in Blue","floor":19,"gold_loss":0},{"cards_removed":["StuffTheSpire:ShieldGenerator"],"damage_healed":0,"gold_gain":0,"player_choice":"Take \u0026 Give","damage_taken":0,"max_hp_gain":0,"max_hp_loss":0,"event_name":"betterNote:BetterNote","floor":22,"gold_loss":0,"cards_obtained":["Reboot"]},{"damage_healed":0,"gold_gain":0,"player_choice":"Paid Fearfully","damage_taken":0,"max_hp_gain":0,"max_hp_loss":0,"event_name":"Masked Bandits","floor":30,"gold_loss":157},{"damage_healed":0,"gold_gain":0,"player_choice":"0 cards matched","damage_taken":0,"max_hp_gain":0,"max_hp_loss":0,"event_name":"Match and Keep!","floor":38,"gold_loss":0,"cards_obtained":[]}],"is_beta":false,"boss_relics":[{"not_picked":["halation:MonkeysPaw","hubris:BlackHole"],"picked":"Runic Pyramid"},{"not_picked":["aspiration:SecretTechniqueScroll","Empty Cage"],"picked":"relicPack:KazumaCape"}],"items_purged_floors":[],"is_endless":false,"potions_floor_spawned":[1,5,7,10,12,21,25,27,31,41,44],"killed_by":"bossMod:newShapes","ascension_level":0}}