{"host":"ji1fk25fd1ga4ji1","time":1611484886,"event":{"mods":["2.2 Compatiblity","BaseMod","Colored Map","DeckTracker","Minty Spire (QoL Compilation)","Permanent Neow","Quick Restart","StSLib","SuperFastMode"],"gold_per_floor":[117,136,61,11,31,66,66,85,85,100,100,100,129,129,129,230,230,246,264,281,294,309,309,234,234,234,8,43,63,63,75,75,180,180,191,191,14,14,14,14,43,61,61,61,91,104,104,116,116,116],"floor_reached":51,"language":"KOR","playtime":1312,"items_purged":["Strike_R","Strike_R"],"score":821,"play_id":"9baca206-5e1e-4f02-a197-6153aa67ef8f","local_time":"20210124194126","is_ascension_mode":true,"campfire_choices":[{"data":"Feed","floor":7.0,"key":"SMITH"},{"data":"Double Tap","floor":12.0,"key":"SMITH"},{"floor":15.0,"key":"REST"},{"floor":23.0,"key":"RECALL"},{"data":"Evolve","floor":30,"key":"SMITH"},{"data":"Power Through","floor":32,"key":"SMITH"},{"data":"Fire Breathing","floor":40,"key":"SMITH"},{"data":"Dual Wield","floor":44,"key":"SMITH"},{"data":"Power Through","floor":49,"key":"SMITH"}],"circlet_count":0,"master_deck":["Strike_R","Strike_R","Defend_R","Defend_R","Defend_R","Feed+1","Fire Breathing+1","Hemokinesis+1","Double Tap+1","Cleave","Power Through+1","Exhume","Wild Strike","Shrug It Off+1","Power Through+1","Evolve+1","Secret Technique","Fire Breathing+1","Madness","Madness","Dual Wield+1","Disarm"],"relics":["Burning Blood","Eternal Feather","Matryoshka","Akabeko","Cursed Key","Lee\u0027s Waffle","CaptainsWheel","Runic Cube","Pear","MealTicket"],"acts_visited":["Exordium","TheCity","TheBeyond"],"potions_floor_usage":[33,41,50,50],"damage_taken":[{"damage":17.0,"enemies":"Jaw Worm","floor":1.0,"turns":5.0},{"damage":0.0,"enemies":"Small Slimes","floor":2.0,"turns":4.0},{"damage":0.0,"enemies":"2 Louse","floor":5.0,"turns":4.0},{"damage":30.0,"enemies":"Gremlin Nob","floor":6.0,"turns":4.0},{"damage":12.0,"enemies":"Looter","floor":8.0,"turns":4.0},{"damage":8.0,"enemies":"Exordium Thugs","floor":10.0,"turns":4.0},{"damage":37.0,"enemies":"3 Sentries","floor":13.0,"turns":5.0},{"damage":29.0,"enemies":"The Guardian","floor":16.0,"turns":9.0},{"damage":32.0,"enemies":"3 Byrds","floor":18.0,"turns":7.0},{"damage":23.0,"enemies":"2 Thieves","floor":19.0,"turns":4.0},{"damage":35.0,"enemies":"Shelled Parasite and Fungi","floor":20.0,"turns":4.0},{"damage":35.0,"enemies":"3 Cultists","floor":21.0,"turns":5.0},{"damage":13.0,"enemies":"Sentry and Sphere","floor":22.0,"turns":5.0},{"damage":31,"enemies":"Slavers","floor":28,"turns":6},{"damage":17,"enemies":"Snake Plant","floor":29,"turns":6},{"damage":25,"enemies":"Centurion and Healer","floor":31,"turns":5},{"damage":77,"enemies":"Collector","floor":33,"turns":8},{"damage":9,"enemies":"3 Darklings","floor":35,"turns":3},{"damage":37,"enemies":"Giant Head","floor":41,"turns":8},{"damage":6,"enemies":"3 Shapes","floor":42,"turns":4},{"damage":17,"enemies":"Reptomancer","floor":45,"turns":5},{"damage":28,"enemies":"Jaw Worm Horde","floor":46,"turns":4},{"damage":14,"enemies":"3 Darklings","floor":48,"turns":5},{"damage":106,"enemies":"Awakened One","floor":50,"turns":10}],"seed_played":"9066492732617207078","potions_obtained":[{"floor":2.0,"key":"CultistPotion"},{"floor":6.0,"key":"CultistPotion"},{"floor":8.0,"key":"Energy Potion"},{"floor":16.0,"key":"BloodPotion"},{"floor":19.0,"key":"FairyPotion"},{"floor":20.0,"key":"Fruit Juice"},{"floor":21.0,"key":"AttackPotion"},{"floor":22.0,"key":"Strength Potion"},{"floor":33,"key":"Regen Potion"},{"floor":41,"key":"SneckoOil"},{"floor":45,"key":"LiquidMemories"}],"is_trial":false,"path_per_floor":["M","M","$","?","M","E","R","M","T","M","?","R","E","?","R","B",null,"M","M","M","M","M","R","?","?","T","$","E","M","R","M","R","B",null,"M","?","$","?","?","R","E","M","T","R","E","M","?","M","R","B",null],"character_chosen":"IRONCLAD","items_purchased":["Evolve","Lee\u0027s Waffle","Fire Breathing"],"campfire_rested":1,"item_purchase_floors":[27,27,37],"current_hp_per_floor":[48,57,57,57,66,45,51,49,49,47,52,58,31,10,47,24,105,79,91,67,42,39,48,48,48,48,133,108,97,106,95,104,33,141,138,138,138,120,120,132,120,120,120,132,121,99,99,91,103,51],"gold":116,"neow_bonus":"THREE_RARE_CARDS","is_daily":false,"chose_seed":false,"campfire_upgraded":7,"win_rate":0.0,"timestamp":1611484886,"path_taken":["M","M","$","?","M","E","R","M","T","M","?","R","E","?","R","BOSS","M","M","M","M","M","R","?","?","T","$","E","?","R","M","R","BOSS","M","?","$","?","?","R","E","M","T","R","E","M","?","?","R","BOSS"],"items_purchased_type":["Card","Relic","Card"],"build_version":"2020-12-22","purchased_purges":2,"victory":true,"max_hp_per_floor":[83,86,86,86,89,92,92,96,96,96,101,101,105,105,105,105,105,105,113,118,122,126,126,126,126,126,133,133,133,133,141,141,141,141,141,141,141,141,141,141,151,151,151,151,151,151,151,151,151,151],"card_choices":[{"not_picked":["Limit Break","Berserk"],"picked":"Feed","floor":0.0},{"not_picked":["Headbutt","Pommel Strike","Warcry"],"picked":"SKIP","floor":1.0},{"not_picked":["Sentinel","Feel No Pain"],"picked":"Fire Breathing","floor":2.0},{"not_picked":["Headbutt","Anger"],"picked":"Hemokinesis","floor":5.0},{"not_picked":["Anger","Headbutt","Havoc"],"picked":"SKIP","floor":6.0},{"not_picked":["Second Wind","Blood for Blood"],"picked":"Double Tap","floor":8.0},{"not_picked":["Havoc","Armaments"],"picked":"Cleave","floor":10.0},{"not_picked":["Dark Embrace","Blood for Blood"],"picked":"Power Through","floor":13.0},{"not_picked":["Barricade","Impervious"],"picked":"Exhume","floor":16.0},{"not_picked":["Shockwave+1","Clash","Cleave"],"picked":"SKIP","floor":18.0},{"not_picked":["Pummel+1","Cleave"],"picked":"Wild Strike","floor":19.0},{"not_picked":["Pommel Strike+1","Sever Soul"],"picked":"Shrug It Off+1","floor":20.0},{"not_picked":["Intimidate","Pommel Strike","Thunderclap"],"picked":"SKIP","floor":21.0},{"not_picked":["Flex+1","Pummel","Heavy Blade"],"picked":"SKIP","floor":22.0},{"not_picked":["Carnage","Corruption","Dark Embrace"],"picked":"SKIP","floor":28},{"not_picked":["Shockwave","Inflame","Twin Strike"],"picked":"SKIP","floor":29},{"not_picked":["Flex","Warcry","Havoc"],"picked":"SKIP","floor":31},{"not_picked":["Entrench+1","Shrug It Off","Perfected Strike+1"],"picked":"SKIP","floor":35},{"not_picked":["Deep Breath","Impatience"],"picked":"Secret Technique","floor":36},{"not_picked":["Immolate","Wild Strike"],"picked":"Dual Wield","floor":41},{"not_picked":["Perfected Strike+1","Flame Barrier+1","Metallicize+1"],"picked":"SKIP","floor":42},{"not_picked":["Double Tap","Headbutt","Inflame"],"picked":"SKIP","floor":45},{"not_picked":["Double Tap","Headbutt","Inflame"],"picked":"SKIP","floor":45},{"not_picked":["Rampage+1","Perfected Strike"],"picked":"Disarm","floor":46},{"not_picked":["Perfected Strike","Feel No Pain+1","Bloodletting"],"picked":"SKIP","floor":48}],"player_experience":475327,"relics_obtained":[{"floor":6.0,"key":"Eternal Feather"},{"floor":9.0,"key":"Matryoshka"},{"floor":13.0,"key":"Akabeko"},{"floor":28,"key":"CaptainsWheel"},{"floor":41,"key":"Pear"},{"floor":45,"key":"MealTicket"}],"event_choices":[{"cards_removed":["Defend_R"],"damage_healed":0.0,"max_hp_gain":0.0,"max_hp_loss":0.0,"gold_gain":0.0,"event_name":"The Cleric","player_choice":"Card Removal","floor":4.0,"gold_loss":50.0,"damage_taken":0.0},{"damage_healed":0.0,"max_hp_gain":5.0,"max_hp_loss":0.0,"gold_gain":0.0,"event_name":"Big Fish","player_choice":"Donut","floor":11.0,"gold_loss":0.0,"damage_taken":0.0},{"damage_healed":0.0,"max_hp_gain":0.0,"max_hp_loss":0.0,"gold_gain":0.0,"event_name":"Shining Light","player_choice":"Entered Light","floor":14.0,"gold_loss":0.0,"damage_taken":21.0,"cards_upgraded":["Hemokinesis","Fire Breathing"]},{"cards_removed":["Strike_R"],"damage_healed":0.0,"max_hp_gain":0.0,"max_hp_loss":0.0,"gold_gain":0.0,"event_name":"Beggar","player_choice":"Gave Gold","floor":24.0,"gold_loss":75.0,"damage_taken":0.0},{"damage_healed":0.0,"max_hp_gain":0.0,"max_hp_loss":0.0,"gold_gain":0.0,"event_name":"Duplicator","player_choice":"Copied","floor":25.0,"gold_loss":0.0,"damage_taken":0.0,"cards_obtained":["Power Through"]},{"damage_healed":0,"gold_gain":0,"player_choice":"Memory 1","damage_taken":0,"max_hp_gain":0,"max_hp_loss":0,"event_name":"SensoryStone","floor":36,"gold_loss":0},{"damage_healed":0,"gold_gain":0,"player_choice":"Embrace Madness","damage_taken":18,"max_hp_gain":0,"max_hp_loss":0,"event_name":"Winding Halls","floor":38,"gold_loss":0,"cards_obtained":["Madness","Madness"]},{"cards_removed":["Bash"],"damage_healed":0,"gold_gain":0,"player_choice":"Removed Attack","damage_taken":0,"max_hp_gain":0,"max_hp_loss":0,"event_name":"Falling","floor":39,"gold_loss":0},{"damage_healed":0,"gold_gain":0,"player_choice":"Ignored","damage_taken":0,"max_hp_gain":0,"max_hp_loss":0,"event_name":"Tomb of Lord Red Mask","floor":47,"gold_loss":0}],"is_beta":false,"boss_relics":[{"not_picked":["Fusion Hammer","SacredBark"],"picked":"Cursed Key"},{"not_picked":["Pandora\u0027s Box","Runic Pyramid"],"picked":"Runic Cube"}],"items_purged_floors":[3,37],"is_endless":false,"potions_floor_spawned":[2,6,8,16,19,20,21,22,33,41,45,46],"ascension_level":1}}