{"host":"t1l53be86n2m86kq","time":1611512369,"event":{"mods":["AchievementEnabler","Ascension Reborn","Aspiration","BaseMod","Beaked The Cultist","Challenge The Spire","Colored Map","Colored Powertips","Conspire","Current Relic Mod","Downfall","Energized Spire","Friendly Minions","Halation","Highlight Path","Hubris","Infinite Spire","Jedi Mod","Lobotomy","LobotomyExtend","Minty Spire (QoL Compilation)","Random Character Button","Rare Cards Sparkle","Relic Sorter","Replay The Spire","Shop Mod","StSLib","The Gatherer","Trackpad","vexMod"],"gold_per_floor":[17,17,17,0,11,42,60,87,87,87,87],"floor_reached":10,"language":"ENG","playtime":710,"items_purged":[],"score":80,"play_id":"e971eb9b-bf61-41e7-8586-a11c02b9f22d","local_time":"20210124121929","is_ascension_mode":true,"campfire_choices":[],"circlet_count":0,"master_deck":["Strike_R","Strike_R","Strike_R","Strike_R","Strike_R","Defend_R","Defend_R","Defend_R","Defend_R","Bash","Chrysalis","Run Through","ReplayTheSpireMod:Strike From Hell","Warcry","Pot Of Greed","Pot Of Greed","Sever Soul"],"relics":["Burning Blood","LetterFromLob","Blue Candle","Ancient Tea Set","CaptainsWheel","Grinning Jar","Matryoshka"],"acts_visited":["Exordium"],"potions_floor_usage":[8],"damage_taken":[{"damage":11,"enemies":"Small Slimes","floor":1,"turns":5},{"damage":10,"enemies":"2 Louse","floor":5,"turns":3},{"damage":26,"enemies":"Replay:BlueRogue","floor":6,"turns":7},{"damage":13,"enemies":"Jaw Worm","floor":7,"turns":4},{"damage":49,"enemies":"Gremlin Nob","floor":8,"turns":6},{"damage":18,"enemies":"Lagavulin","floor":10,"turns":2}],"seed_played":"-788633659459361109","potions_obtained":[{"floor":1,"key":"jedi:hoardpotion"},{"floor":7,"key":"Regen Potion"},{"floor":8,"key":"SteroidPotion"}],"is_trial":false,"path_per_floor":["M","?","?","?","M","E","M","E","T","E"],"character_chosen":"IRONCLAD","items_purchased":[],"campfire_rested":0,"item_purchase_floors":[],"current_hp_per_floor":[75,70,80,80,76,56,49,15,15,0,0],"gold":87,"neow_bonus":"RANDOM_COLORLESS_2","is_daily":false,"chose_seed":false,"campfire_upgraded":0,"win_rate":0.0,"timestamp":1611512369,"path_taken":["M","?","?","?","M","E","M","E","T","E"],"items_purchased_type":[],"build_version":"2020-12-22","purchased_purges":0,"victory":false,"max_hp_per_floor":[80,80,80,80,80,80,80,80,80,80,80],"card_choices":[{"not_picked":["ReplayUltimateDefense","vexMod:StairwayStrike"],"picked":"Chrysalis","floor":0},{"not_picked":["Rupture","jedi:controlledanger"],"picked":"jedi:fear","floor":1},{"not_picked":["hubris:ReadiedAction","jedi:hate"],"picked":"Run Through","floor":5},{"not_picked":["Seeing Red","Shrug It Off"],"picked":"ReplayTheSpireMod:Strike From Hell","floor":6},{"not_picked":["Clothesline","Combust"],"picked":"Warcry","floor":7},{"not_picked":["Uppercut","Headbutt"],"picked":"Sever Soul","floor":8}],"player_experience":105403,"relics_obtained":[{"floor":1,"key":"LetterFromLob"},{"floor":6,"key":"CaptainsWheel"},{"floor":8,"key":"Grinning Jar"},{"floor":9,"key":"Matryoshka"}],"event_choices":[],"is_beta":false,"boss_relics":[],"items_purged_floors":[],"is_endless":false,"potions_floor_spawned":[1,7,8],"killed_by":"Lagavulin","ascension_level":1}}