{"host":"3oowddqpmj34xmzc","time":1611500795,"event":{"mods":["2.2 Compatiblity","Act Like it!","Arknights The Spire","Aspiration","BaseMod","CapriCore","Gensokyo","Gold Saver","Minty Spire (QoL Compilation)","Pale of the Ancients","Reimu£®≤©¿ˆ¡È√Œ£©","Relic Stats","Remilia£®¿Ÿ√◊¿Ú—«£©","Replay The Spire","Robot Space Explorer","Spicy Shops","StSLib","The Gatherer","The Servant 0.9.4","Uncapped","[GremlinLeader]The Maniac"],"gold_per_floor":[954,353,368,388,207,237,251,284,338,338,371,371,371,400,400,502,502,513,529,529,69,81,113,132,161,187,187,213,224,253,269,269,374,374,387,398,398,410,410,410,441,144,168,168,168,186,200,225,225,225,225,225,78,111,111],"floor_reached":56,"language":"ZHS","playtime":3949,"items_purged":["ats:Strike V"],"score":1357,"play_id":"792e45b1-6eac-4b6b-9e2d-3596737c9052","local_time":"20210124230635","is_ascension_mode":true,"campfire_choices":[{"floor":12,"key":"RECALL"},{"data":"ats:Flexible Camouflage","floor":15,"key":"SMITH"},{"data":"ats:Revitalization","floor":27,"key":"SMITH"},{"floor":32,"key":"REST"},{"data":"ats:Revitalization","floor":40,"key":"SMITH"},{"data":"Pot Of Greed","floor":44,"key":"SMITH"},{"data":"Pot Of Greed","floor":49,"key":"SMITH"},{"floor":52,"key":"REST"}],"circlet_count":0,"master_deck":["ats:Strike C","ats:Strike G","ats:Strike S","ats:Armor Crushing Shot","ats:Defend","ats:Defend","ats:Defend","ats:Defend","ats:Emotion Absorption","ats:Blood Oath","ats:Shell Defense","ats:Flexible Camouflage+1","ats:Red Shift","ats:Poison Spread","ats:Revitalization+1","ats:Magnetic Hammer","ats:Closed Bolt Burst Fire","ats:Collapsing Strike","ats:Disruption Kick","ats:Directed Diagnosis","ats:Composite Medical Shells","ats:Charging Defense","ats:Revitalization+1","ats:Serious Mode+1","ats:Curse Doll+1","ats:Charging Defense","ats:Apocalypse+1","ats:Roar Of Ursus","ats:Cat Scratch+1","ats:Overload+1","ats:Hook Shot+1","ats:Spore Proliferation+1","Pot Of Greed+1","Pot Of Greed+1","Pot Of Greed","ats:Blood Oath+1","ats:Overload+1","Pot Of Greed","ats:Healing Strengthening+1"],"relics":["ats:Sanity Plus","Centennial Puzzle","Gremlin Horn","ats:Originium","Replay:Accelerometer","ReplayTheSpireMod:TigerMarble","Replay:Baseball","Unceasing Top","Ice Cream","Vajra","Gambling Chip","Molten Egg 2","Bag of Preparation","Pantograph","Nunchaku","ats:Tactical Delivery","Gensokyo:EmptyGrave","Grinning Jar","Incense Burner","aspiration:ChemicalBlood","Replay:Rubber Ducky","aspiration:Lifesprig","Kunai"],"acts_visited":["Gensokyo:Gensokyo","Gensokyo:Gensokyoer","Gensokyo:Gensokyoest","TheEnding"],"potions_floor_usage":[11,11,22,23,24,28,36,41,46,46,47,48,48,48,50,50,54,54,54,55,55,55,55,55,55,55,55,55,55,55],"damage_taken":[{"damage":1,"enemies":"Gensokyo:3_Fairies","floor":1,"turns":5},{"damage":0,"enemies":"Gensokyo:Python","floor":3,"turns":3},{"damage":1,"enemies":"Gensokyo:2_Kodama","floor":4,"turns":3},{"damage":19,"enemies":"Gensokyo:Mamizou","floor":6,"turns":3},{"damage":5,"enemies":"Gensokyo:2_Rabbits","floor":7,"turns":6},{"damage":23,"enemies":"Gensokyo:Aya","floor":8,"turns":8},{"damage":0,"enemies":"Gensokyo:Cirno","floor":11,"turns":5},{"damage":13,"enemies":"Gensokyo:Mamizou","floor":14,"turns":8},{"damage":28,"enemies":"Gensokyo:Kokoro","floor":16,"turns":11},{"damage":9,"enemies":"Gensokyo:2_Gloops","floor":18,"turns":3},{"damage":25,"enemies":"Gensokyo:AngelMirror","floor":19,"turns":7},{"damage":25,"enemies":"Gensokyo:Slime_Group","floor":22,"turns":4},{"damage":13,"enemies":"Gensokyo:Reisen","floor":23,"turns":6},{"damage":0,"enemies":"Gensokyo:Swordslinger","floor":24,"turns":4},{"damage":39,"enemies":"Gensokyo:Koishi","floor":25,"turns":7},{"damage":24,"enemies":"Gensokyo:Tenshi","floor":28,"turns":3},{"damage":7,"enemies":"Gensokyo:Chomper_and_Gloop","floor":29,"turns":4},{"damage":48,"enemies":"Gensokyo:Koishi","floor":30,"turns":6},{"damage":30,"enemies":"Gensokyo:Wraith","floor":31,"turns":7},{"damage":137,"enemies":"Gensokyo:Kaguya","floor":33,"turns":10},{"damage":0,"enemies":"Gensokyo:3_Bats","floor":35,"turns":3},{"damage":35,"enemies":"Gensokyo:3_Boulders","floor":36,"turns":7},{"damage":23,"enemies":"Gensokyo:AtlasGolem","floor":38,"turns":6},{"damage":38,"enemies":"Gensokyo:Kasen","floor":41,"turns":9},{"damage":40,"enemies":"Gensokyo:Rafflesia","floor":46,"turns":8},{"damage":24,"enemies":"Gensokyo:3_Boulders","floor":47,"turns":5},{"damage":32,"enemies":"Gensokyo:Doremy","floor":48,"turns":7},{"damage":61,"enemies":"Gensokyo:Scarlet_Devils","floor":50,"turns":8},{"damage":36,"enemies":"Shield and Spear","floor":54,"turns":8},{"damage":138,"enemies":"The Heart","floor":55,"turns":10}],"seed_played":"-6315682537346538630","potions_obtained":[{"floor":6,"key":"DistilledChaos"},{"floor":7,"key":"Explosive Potion"},{"floor":8,"key":"Explosive Potion"},{"floor":16,"key":"Energy Potion"},{"floor":18,"key":"FearPotion"},{"floor":22,"key":"ats:Emergency Sanity Potion"},{"floor":24,"key":"Cursed Concoction"},{"floor":28,"key":"Regen Potion"},{"floor":30,"key":"Venom Potion"},{"floor":36,"key":"Dexterity Potion"},{"floor":41,"key":"Fire Potion"},{"floor":46,"key":"Energy Potion"},{"floor":47,"key":"ats:Emergency Sanity Potion"},{"floor":48,"key":"BlessingOfTheForge"},{"floor":48,"key":"Weak Potion"},{"floor":48,"key":"Explosive Potion"},{"floor":50,"key":"PowerPotion"},{"floor":50,"key":"Weak Potion"},{"floor":54,"key":"Dexterity Potion"}],"is_trial":false,"path_per_floor":["M","$","M","M","COS","E","M","E","T","?","E","R","?","E","R","B",null,"M","M","?","$","M","E","M","E","T","R","E","M","E","M","R","B",null,"M","M","?","M","?","R","E","$","T","R","?","M","M","E","R","B",null,"R","$","E","B",null],"character_chosen":"DOCTOR_CLASS","items_purchased":["Gremlin Horn","ats:Shell Defense","ats:Flexible Camouflage","ats:Red Shift","Ice Cream","Vajra","Incense Burner","aspiration:Lifesprig"],"campfire_rested":2,"item_purchase_floors":[2,2,2,2,21,21,42,53],"current_hp_per_floor":[71,71,72,72,72,58,68,71,71,71,72,72,79,77,77,79,79,72,79,79,79,61,62,75,52,52,52,45,56,29,49,72,65,79,79,73,73,73,73,73,73,73,73,73,73,73,68,72,72,24,73,73,73,73,52],"gold":111,"neow_bonus":"RANDOM_COMMON_RELIC","is_daily":false,"chose_seed":false,"campfire_upgraded":5,"win_rate":0.0,"timestamp":1611500795,"path_taken":["M","$","M","M","COS","E","M","E","T","?","E","R","?","E","R","BOSS","M","M","?","$","M","E","M","E","T","R","E","M","E","M","R","BOSS","M","M","?","M","?","R","E","$","T","R","?","M","M","E","R","BOSS","R","$","E","BOSS"],"items_purchased_type":["Relic","Card","Card","Card","Relic","Relic","Relic","Relic"],"build_version":"2020-12-22","purchased_purges":1,"victory":true,"max_hp_per_floor":[72,72,72,72,72,72,72,72,72,72,72,72,79,79,79,79,79,79,79,79,79,79,79,79,79,79,79,79,79,79,79,79,79,79,79,79,79,79,73,73,73,73,73,73,73,73,73,73,73,73,73,73,73,73,73],"relic_stats":{"Centennial Puzzle":[77],"Nunchaku":[17],"Gremlin Horn":[43,43],"counters":[30,184],"Gambling Chip":[45],"Pantograph":8,"Bag of Preparation":[30],"Kunai":[3],"obtain_stats":[{"Ice Cream":21,"Replay:Accelerometer":6,"aspiration:Lifesprig":53,"Gremlin Horn":2,"Vajra":21,"Bag of Preparation":26,"Incense Burner":42,"Replay:Rubber Ducky":48,"Frozen Eye":25,"Centennial Puzzle":0,"Nunchaku":30,"Gambling Chip":23,"Pantograph":28,"ats:Sanity":0,"Kunai":54,"aspiration:ChemicalBlood":43,"ats:Sanity Plus":17,"Gensokyo:EmptyGrave":39,"Replay:Baseball":11,"ats:Originium":6,"Molten Egg 2":25,"ats:Tactical Delivery":34,"ReplayTheSpireMod:TigerMarble":8,"Grinning Jar":41,"Unceasing Top":14},{"Ice Cream":11,"Replay:Accelerometer":4,"aspiration:Lifesprig":28,"Gremlin Horn":1,"Vajra":11,"Bag of Preparation":15,"Incense Burner":24,"Replay:Rubber Ducky":27,"Frozen Eye":14,"Centennial Puzzle":0,"Nunchaku":18,"Gambling Chip":13,"Pantograph":16,"ats:Sanity":0,"Kunai":29,"aspiration:ChemicalBlood":24,"ats:Sanity Plus":9,"Gensokyo:EmptyGrave":23,"Replay:Baseball":7,"ats:Originium":4,"Molten Egg 2":15,"ats:Tactical Delivery":20,"ReplayTheSpireMod:TigerMarble":6,"Grinning Jar":24,"Unceasing Top":8},{"Ice Cream":62,"Replay:Accelerometer":14,"aspiration:Lifesprig":166,"Gremlin Horn":5,"Vajra":62,"Bag of Preparation":83,"Incense Burner":138,"Replay:Rubber Ducky":158,"Frozen Eye":76,"Centennial Puzzle":0,"Nunchaku":96,"Gambling Chip":72,"Pantograph":86,"ats:Sanity":0,"Kunai":174,"aspiration:ChemicalBlood":138,"ats:Sanity Plus":52,"Gensokyo:EmptyGrave":129,"Replay:Baseball":33,"ats:Originium":14,"Molten Egg 2":83,"ats:Tactical Delivery":113,"ReplayTheSpireMod:TigerMarble":28,"Grinning Jar":138,"Unceasing Top":41}],"Unceasing Top":[34]},"card_choices":[{"not_picked":["ats:Chain Hook","ats:Rapid Magazine"],"picked":"ats:Blood Oath","floor":1},{"not_picked":["ats:Hammer On","ats:Leaping Hammer"],"picked":"ats:Poison Spread","floor":3},{"not_picked":["ats:Serious Mode","ats:Chain Hook"],"picked":"ats:Revitalization","floor":4},{"not_picked":["ats:Shadow Raid","ats:Blood Oath"],"picked":"ats:Magnetic Hammer","floor":6},{"not_picked":["ats:Assault Order","ats:Leaping Hammer","ats:True Silver Slash"],"picked":"SKIP","floor":7},{"not_picked":["ats:Ambush","ats:Phantom"],"picked":"ats:Closed Bolt Burst Fire","floor":8},{"not_picked":["ats:Cat Scratch","ats:Guard Mode","ats:Explosion Area Strengthen"],"picked":"SKIP","floor":11},{"not_picked":["ats:Cat Scratch","ats:Beaten Up"],"picked":"ats:Collapsing Strike","floor":14},{"not_picked":["ats:Dogmatic Field","ats:Shadow Assault"],"picked":"ats:Disruption Kick","floor":16},{"not_picked":["ats:Sword Rain","ats:Closed Bolt Burst Fire","ats:Powerful Strike"],"picked":"SKIP","floor":18},{"not_picked":["ats:Healing Drone","ats:Explosion Area Strengthen"],"picked":"ats:Directed Diagnosis","floor":19},{"not_picked":["ats:Poison Spread","ats:Curse Doll"],"picked":"ats:Composite Medical Shells","floor":22},{"not_picked":["ats:Shell Defense","ats:Counter Healing Mode"],"picked":"ats:Charging Defense","floor":23},{"not_picked":["ats:Assault Order","ats:Soul Absorption+1"],"picked":"ats:Revitalization","floor":24},{"not_picked":["ats:Curse Doll+1","ats:Guard Mode"],"picked":"ats:Serious Mode+1","floor":25},{"not_picked":["ats:Automatic Cover","ats:Wolf Pack+1"],"picked":"ats:Dogmatic Field","floor":28},{"not_picked":["ats:Counter Healing Mode","ats:Hammer On+1"],"picked":"ats:Curse Doll+1","floor":29},{"not_picked":["ats:Hammer On+1","ats:Red Shift+1"],"picked":"ats:Charging Defense","floor":30},{"not_picked":["ats:Song Of Battle","ats:Ignite+1"],"picked":"ats:Apocalypse+1","floor":31},{"not_picked":["ats:Dogmatic Field","ats:Durian"],"picked":"ats:Roar Of Ursus","floor":33},{"not_picked":["ats:Defend Order","ats:Consecutive Shot Auto+1"],"picked":"ats:Cat Scratch+1","floor":35},{"not_picked":["ats:Flexible Camouflage+1","ats:Guard Mode+1"],"picked":"ats:Overload+1","floor":36},{"not_picked":["ats:Flexible Camouflage","ats:Apocalypse+1"],"picked":"ats:Hook Shot+1","floor":38},{"not_picked":["ats:Closed Bolt Burst Fire+1","ats:Assault Order"],"picked":"ats:Spore Proliferation+1","floor":41},{"not_picked":["ats:Consecutive Shot Auto+1","ats:Flexible Camouflage+1","ats:Durian"],"picked":"SKIP","floor":46},{"not_picked":["ats:Absolute Focus","ats:Explosion Area Strengthen+1"],"picked":"ats:Blood Oath+1","floor":47},{"not_picked":["ats:Literary Storm","ats:Shell Defense"],"picked":"ats:Overload+1","floor":48},{"not_picked":["ats:Consecutive Shot Auto+1","ats:Sword Rain+1"],"picked":"ats:Healing Strengthening+1","floor":54}],"player_experience":134505,"relics_obtained":[{"floor":6,"key":"ats:Originium"},{"floor":6,"key":"Replay:Accelerometer"},{"floor":8,"key":"ats:Originium"},{"floor":8,"key":"ReplayTheSpireMod:TigerMarble"},{"floor":11,"key":"ats:Originium"},{"floor":11,"key":"Replay:Baseball"},{"floor":14,"key":"ats:Originium"},{"floor":14,"key":"Unceasing Top"},{"floor":23,"key":"ats:Originium"},{"floor":23,"key":"Gambling Chip"},{"floor":25,"key":"Molten Egg 2"},{"floor":26,"key":"Bag of Preparation"},{"floor":28,"key":"Pantograph"},{"floor":30,"key":"Nunchaku"},{"floor":41,"key":"Grinning Jar"},{"floor":43,"key":"aspiration:ChemicalBlood"},{"floor":48,"key":"Replay:Rubber Ducky"},{"floor":54,"key":"Kunai"}],"event_choices":[],"is_beta":false,"boss_relics":[{"not_picked":["Runic Dome","ats:Omniscience"],"picked":"ats:Sanity Plus"},{"not_picked":["aspiration:ServantSkillbook","Calling Bell"],"picked":"ats:Tactical Delivery"}],"items_purged_floors":[2],"is_endless":false,"potions_floor_spawned":[6,7,8,16,18,22,24,28,30,36,41,48,54],"ascension_level":1}}