{"host":"7sqhl7p0q0irnjd4","time":1611532229,"event":{"mods":["AchievementEnabler","BaseMod","Bestiary","Colored Map","Colored Powertips","Filter the Spire","Minty Spire (QoL Compilation)","Relic Stats","everything is the same but u backflip on backflip","ojb\u0027s Info Mod"],"gold_per_floor":[114,124,124,199,199,211,211],"floor_reached":6,"language":"ENG","playtime":270,"items_purged":[],"score":44,"play_id":"6da05304-f463-408c-a863-b9e8972adebc","local_time":"20210124185029","is_ascension_mode":true,"campfire_choices":[],"circlet_count":0,"master_deck":["Strike_R","Strike_R","Strike_R","Strike_R","Strike_R","Defend_R","Defend_R","Defend_R","Defend_R","Bash","True Grit","Dropkick"],"relics":["Mark of Pain","MawBank"],"acts_visited":["Exordium"],"potions_floor_usage":[],"damage_taken":[{"damage":8,"enemies":"Jaw Worm","floor":1,"turns":5},{"damage":0,"enemies":"Small Slimes","floor":2,"turns":3},{"damage":41,"enemies":"3 Sentries","floor":6,"turns":9}],"seed_played":"5087164668575585782","potions_obtained":[{"floor":2,"key":"DuplicationPotion"}],"is_trial":false,"path_per_floor":["M","M","?","?","?","E"],"character_chosen":"IRONCLAD","items_purchased":[],"campfire_rested":0,"item_purchase_floors":[],"current_hp_per_floor":[64,64,64,53,41,0,0],"gold":211,"neow_bonus":"BOSS_RELIC","is_daily":false,"chose_seed":false,"campfire_upgraded":0,"win_rate":0.0,"timestamp":1611532229,"path_taken":["M","M","?","?","?","E"],"items_purchased_type":[],"build_version":"2020-12-22","purchased_purges":0,"victory":false,"max_hp_per_floor":[80,80,80,80,80,80,80],"relic_stats":{"counters":[3,17],"MawBank":12,"obtain_stats":[{"Mark of Pain":0,"MawBank":5,"Burning Blood":0},{"Mark of Pain":0,"MawBank":2,"Burning Blood":0},{"Mark of Pain":0,"MawBank":8,"Burning Blood":0}]},"card_choices":[{"not_picked":["Clash","Thunderclap"],"picked":"True Grit","floor":1},{"not_picked":["Second Wind","Warcry"],"picked":"Dropkick","floor":2}],"player_experience":338417,"relics_obtained":[],"event_choices":[{"damage_healed":0,"gold_gain":0,"player_choice":"Ignored","damage_taken":0,"max_hp_gain":0,"max_hp_loss":0,"event_name":"Liars Game","floor":3,"gold_loss":0},{"damage_healed":0,"gold_gain":75,"player_choice":"Gather Gold","damage_taken":11,"max_hp_gain":0,"max_hp_loss":0,"event_name":"World of Goop","floor":4,"gold_loss":0},{"damage_healed":0,"gold_gain":0,"player_choice":"Success","damage_taken":12,"relics_obtained":["MawBank"],"max_hp_gain":0,"max_hp_loss":0,"event_name":"Scrap Ooze","floor":5,"gold_loss":0}],"is_beta":false,"boss_relics":[],"items_purged_floors":[],"is_endless":false,"potions_floor_spawned":[2],"killed_by":"3 Sentries","ascension_level":6}}