{"host":"bplbr8uekuotory4","time":1611483174,"event":{"mods":["Act Like it!","BaseMod","Custom Start","Gensokyo","GungeonMod","Hermit","KinomotoSakuraMod(木之本樱)","Marisa（F雨　魔理沙）","Minty Spire (QoL Compilation)","Prisma Mod","Quick Restart","Reimu（博丽灵梦）","Replay The Spire","SOS（斯巴达之子）","Spicy Shops","StSLib","TestMod","The Blackbeard","The Cursed","The Mystic","The Poker Player","The Runesmith","The Saiyan","The Senshi","The Servant 0.9.4","Yuri Mod","[IsaacMod]以撒尖塔"],"gold_per_floor":[118,293,14,31,31,62,81,118,144,177,177,177,209,209,209,320,320,344,344,344,244,271,309,395,310,384,384,407,426,426,426,426,536,536,558,585,585,585,585,625,500,523,523,545,606,39,39,80,80,148,148,148,27,73,108],"floor_reached":56,"language":"ZHS","playtime":1240,"items_purged":["Doubt","Poor:ReiMu","Strike_R","Strike_R","Defend_R","Defend_R","Strike_R"],"score":2328,"play_id":"ee1774e4-23e3-44e7-b0ce-c228c146deee","local_time":"20210124181254","is_ascension_mode":true,"campfire_choices":[{"data":"Eclipse","floor":15,"key":"SMITH"},{"data":"Heavy Blade","floor":27,"key":"SMITH"},{"data":"Flex","floor":32,"key":"SMITH"},{"data":"Shockwave","floor":47,"key":"SMITH"},{"floor":49,"key":"RECALL"},{"data":"Juggernaut","floor":52,"key":"SMITH"}],"circlet_count":0,"master_deck":["AscendersBane","Defend_R","Bash","Dark Embrace","Eclipse+1","ReplayTheSpireMod:Muscle Training","Flex+1","Shockwave+1","Heavy Blade+1","Juggernaut+1","Whirlwind","Corruption","Inflame","Magnetism","Feel No Pain"],"relics":["Burning Blood","testmod-TestBox","HushsDoor","PillsDrop","testmod-DeterminationOfClimber","NeowsBlessing","Pear","DemoMod:GlassGuonStoneRelic","PreservedInsect","Replay:Baseball","YidongShenshe:ReiMu","Dream Catcher","Lantern","RedLine:ReiMu","GuppysTail","GuppysCollar","Centennial Puzzle","ReplayTheSpireMod:Spearhead","BookOfRevelations","testmod-ArcanaOfDestiny","Replay:Kaleidoscope","Black Star","Akabeko","Potion Belt","StoneCalendar","TungstenRod","Replay:Bandana","Du-Vu Doll","Bag of Marbles","Bronze Scales","DemoMod:ClearGuonStone","Dead Branch"],"acts_visited":["Exordium","TheCity","TheBeyond","TheEnding"],"potions_floor_usage":[55,55],"damage_taken":[{"damage":0,"enemies":"Small Slimes","floor":1,"turns":1},{"damage":0,"enemies":"Jaw Worm","floor":4,"turns":1},{"damage":0,"enemies":"Replay:BlueRogue","floor":6,"turns":1},{"damage":1,"enemies":"2 Louse","floor":7,"turns":2},{"damage":0,"enemies":"Lagavulin","floor":8,"turns":2},{"damage":0,"enemies":"3 Sentries","floor":10,"turns":1},{"damage":0,"enemies":"Lagavulin","floor":13,"turns":2},{"damage":0,"enemies":"The Guardian","floor":16,"turns":2},{"damage":0,"enemies":"2 Thieves","floor":18,"turns":1},{"damage":0,"enemies":"3 Byrds","floor":22,"turns":2},{"damage":1,"enemies":"Slavers","floor":23,"turns":1},{"damage":1,"enemies":"Sentry and Sphere","floor":28,"turns":1},{"damage":1,"enemies":"Snake Plant","floor":29,"turns":1},{"damage":2,"enemies":"Champ","floor":33,"turns":2},{"damage":0,"enemies":"Orb Walker","floor":35,"turns":1},{"damage":1,"enemies":"3 Darklings","floor":36,"turns":1},{"damage":1,"enemies":"Giant Head","floor":40,"turns":1},{"damage":8,"enemies":"4 Shapes","floor":42,"turns":1},{"damage":1,"enemies":"Spire Growth","floor":44,"turns":1},{"damage":1,"enemies":"2 Orb Walkers","floor":45,"turns":1},{"damage":0,"enemies":"R_Hoarder","floor":48,"turns":1},{"damage":0,"enemies":"Replay:Hell Engine","floor":50,"turns":1},{"damage":0,"enemies":"Shield and Spear","floor":54,"turns":1},{"damage":0,"enemies":"The Heart","floor":55,"turns":2}],"seed_played":"-5170956429328492988","potions_obtained":[{"floor":4,"key":"Swift Potion"},{"floor":7,"key":"ColorlessPotion"},{"floor":36,"key":"DemoMod:BlankPotion"},{"floor":40,"key":"ZuzhouPotion:ReiMu"}],"is_trial":false,"path_per_floor":["M","?","$","M","$","E","M","E","T","E","?","?","E","?","R","B",null,"M","?","?","$","M","E","?","?","T","R","M","M","?","T","R","B",null,"M","M","?","?","?","E","$","M","T","M","?","$","R","E","R","B",null,"R","$","E","B",null],"character_chosen":"IRONCLAD","items_purchased":["Eclipse","GuppysTail","GuppysCollar","Replay:Bandana","Du-Vu Doll","Feel No Pain","Elixir"],"campfire_rested":0,"item_purchase_floors":[3,17,17,46,46,53,53],"current_hp_per_floor":[78,78,78,80,80,90,90,90,90,90,90,75,88,88,88,90,62,62,124,124,124,124,130,115,115,115,115,126,130,130,130,130,130,123,123,123,123,123,123,123,123,121,121,123,123,123,123,123,123,123,123,123,123,123,123],"gold":108,"neow_bonus":"THREE_ENEMY_KILL","is_daily":false,"chose_seed":false,"campfire_upgraded":5,"win_rate":0.0,"timestamp":1611483174,"path_taken":["M","?","$","M","$","E","M","E","T","E","?","?","E","?","R","BOSS","M","?","?","$","M","E","?","?","T","R","?","M","?","?","R","BOSS","M","M","?","?","?","E","$","M","T","?","?","$","R","E","R","BOSS","R","$","E","BOSS"],"items_purchased_type":["Card","Relic","Relic","Relic","Relic","Card","Potion"],"build_version":"2020-12-22","purchased_purges":7,"victory":true,"max_hp_per_floor":[80,80,80,80,80,90,90,90,90,90,90,90,90,90,90,90,62,62,124,124,124,124,130,130,130,130,130,130,130,130,130,130,130,123,123,123,123,123,123,123,123,123,123,123,123,123,123,123,123,123,123,123,123,123,123],"card_choices":[{"not_picked":["True Grit","Iron Wave"],"picked":"Dark Embrace","floor":1},{"not_picked":["Heavy Blade","Feed"],"picked":"ReplayTheSpireMod:Muscle Training","floor":4},{"not_picked":["Body Slam","Thunderclap"],"picked":"Flex","floor":6},{"not_picked":["Warcry","Sever Soul"],"picked":"Shockwave","floor":7},{"not_picked":["True Grit","Second Wind"],"picked":"Bomb","floor":8},{"not_picked":["ReplayTheSpireMod:Strike From Hell","Warcry","Evolve"],"picked":"SKIP","floor":10},{"not_picked":["Disarm","Bomb"],"picked":"Heavy Blade","floor":13},{"not_picked":["Demon Form","Offering"],"picked":"Juggernaut","floor":16},{"not_picked":["Twin Strike","Life Link","True Grit"],"picked":"SKIP","floor":18},{"not_picked":["Iron Wave","Clothesline","Clash+1"],"picked":"SKIP","floor":22},{"not_picked":["Exhume","Abandon"],"picked":"Whirlwind","floor":23},{"not_picked":["Clash+1","Pommel Strike","ReplayTheSpireMod:Limb From Limb"],"picked":"SKIP","floor":28},{"not_picked":["True Grit+1","ReplayTheSpireMod:Stacked","Headbutt+1"],"picked":"SKIP","floor":29},{"not_picked":["Feed","Eclipse"],"picked":"Corruption","floor":33},{"not_picked":["Dual Wield+1","Evolve+1","Iron Wave"],"picked":"SKIP","floor":35},{"not_picked":["Evolve","Warcry","Dropkick+1"],"picked":"SKIP","floor":36},{"not_picked":["Specialist","Good Instincts"],"picked":"Magnetism","floor":39},{"not_picked":["Body Slam","Replay:Undeath\u0027s Touch","Armaments+1"],"picked":"SKIP","floor":40},{"not_picked":["Limit Break","Wild Strike","DemoMod:BlackBlade"],"picked":"SKIP","floor":42},{"not_picked":["Twin Strike+1","Spot Weakness","Body Slam+1"],"picked":"SKIP","floor":44},{"not_picked":["Shockwave+1","Inflame+1","Fiend Fire"],"picked":"SKIP","floor":48},{"not_picked":["DemoMod:WhiteBlade","Hemokinesis","Perfected Strike+1"],"picked":"SKIP","floor":54}],"player_experience":1192759,"relics_obtained":[{"floor":6,"key":"Pear"},{"floor":8,"key":"PreservedInsect"},{"floor":10,"key":"Replay:Baseball"},{"floor":13,"key":"Lantern"},{"floor":23,"key":"ReplayTheSpireMod:Spearhead"},{"floor":26,"key":"testmod-ArcanaOfDestiny"},{"floor":31,"key":"Replay:Kaleidoscope"},{"floor":40,"key":"Akabeko"},{"floor":40,"key":"Potion Belt"},{"floor":43,"key":"StoneCalendar"},{"floor":45,"key":"TungstenRod"},{"floor":48,"key":"Bag of Marbles"},{"floor":48,"key":"Bronze Scales"},{"floor":54,"key":"DemoMod:ClearGuonStone"},{"floor":54,"key":"Dead Branch"}],"event_choices":[{"damage_healed":0,"gold_gain":175,"player_choice":"AGREE","damage_taken":0,"max_hp_gain":0,"max_hp_loss":0,"event_name":"Liars Game","floor":2,"gold_loss":0,"cards_obtained":["Doubt"]},{"damage_healed":0,"gold_gain":0,"player_choice":"带走神社","damage_taken":0,"relics_obtained":["YidongShenshe:ReiMu"],"max_hp_gain":0,"max_hp_loss":0,"event_name":"yidonshenshe","floor":11,"gold_loss":0,"cards_obtained":["Poor:ReiMu"]},{"damage_healed":0,"gold_gain":0,"player_choice":"Bought 0 Potions","damage_taken":0,"max_hp_gain":0,"max_hp_loss":0,"event_name":"The Woman in Blue","floor":14,"gold_loss":0},{"damage_healed":0,"gold_gain":0,"player_choice":"Swap Relic","damage_taken":0,"relics_obtained":["testmod-HarvestTotem"],"max_hp_gain":0,"max_hp_loss":0,"event_name":"给自己的盒子","floor":19,"relics_lost":["testmod-HarvestTotem"],"gold_loss":0},{"damage_healed":0,"gold_gain":0,"player_choice":"Opened","damage_taken":0,"relics_obtained":["Centennial Puzzle"],"max_hp_gain":0,"max_hp_loss":0,"event_name":"The Mausoleum","floor":20,"gold_loss":0},{"damage_healed":0,"gold_gain":0,"player_choice":"Obtained Relic","damage_taken":0,"relics_obtained":["BookOfRevelations"],"max_hp_gain":0,"max_hp_loss":0,"event_name":"Addict","floor":25,"gold_loss":85},{"cards_removed":["Defend_R"],"damage_healed":0,"gold_gain":0,"player_choice":"Purged","damage_taken":0,"max_hp_gain":0,"max_hp_loss":0,"event_name":"Purifier","floor":30,"gold_loss":0},{"damage_healed":0,"gold_gain":0,"cards_transformed":["Strike_R"],"player_choice":"Transformed","damage_taken":0,"max_hp_gain":0,"max_hp_loss":0,"event_name":"Transmorgrifier","floor":37,"gold_loss":0,"cards_obtained":["Inflame"]},{"cards_removed":["Strike_R"],"damage_healed":0,"gold_gain":0,"player_choice":"Removed Attack","damage_taken":0,"max_hp_gain":0,"max_hp_loss":0,"event_name":"Falling","floor":38,"gold_loss":0},{"damage_healed":0,"gold_gain":0,"player_choice":"Memory 1","damage_taken":0,"max_hp_gain":0,"max_hp_loss":0,"event_name":"SensoryStone","floor":39,"gold_loss":0},{"damage_healed":0,"gold_gain":0,"player_choice":"Fight","damage_taken":0,"max_hp_gain":0,"max_hp_loss":0,"event_name":"Mysterious Sphere","floor":45,"gold_loss":0}],"is_beta":false,"boss_relics":[{"not_picked":["Runic Pyramid","testmod-BloodSacrificeSpiritualization"],"picked":"RedLine:ReiMu"},{"not_picked":[]},{"not_picked":["Calling Bell","Ring of Chaos"],"picked":"Black Star"},{"not_picked":[]}],"items_purged_floors":[3,17,21,34,41,46,46],"is_endless":false,"potions_floor_spawned":[4,7,10,33,36,40,48],"ascension_level":11}}