{"host":"rjbqai8ni6dsiu37","time":1611520338,"event":{"mods":["100% Spire Juice","BaseMod","CapriCore","GungeonMod","Lobotomy","Marisa£¨Ùöéë¡¡Øª×âÞÞ£©","Minty Spire (QoL Compilation)","Shop Mod","StSLib","Td1madao Mod","The Cursed","The Poker Player","WarShipGirlsR/??á´Ò³R mod"],"gold_per_floor":[118,135,135,135,20,20,45,58,136,136,155,187,217,242,242,346,346,358,51,0,0,16,47,47,47,47,47,64,82,100,114,127,127,127,227,227,237,287,287,212,0,34,34,89,89,105,105,119,129,161,161,161,161,161,13,39,39],"floor_reached":58,"language":"KOR","playtime":2007,"items_purged":["rmod:strick"],"score":1742,"play_id":"e44e0326-3f0d-4d19-9d5a-799b89bf19cd","local_time":"20210125053218","is_ascension_mode":true,"campfire_choices":[{"data":"rmod:basicallowance","floor":6.0,"key":"SMITH"},{"floor":10.0,"key":"REST"},{"data":"rmod:aluminumsupply","floor":15.0,"key":"SMITH"},{"data":"rmod:ridicule","floor":27.0,"key":"SMITH"},{"data":"rmod:robin","floor":33.0,"key":"SMITH"},{"floor":43,"key":"RECALL"},{"data":"rmod:ridicule","floor":47,"key":"SMITH"},{"data":"rmod:acesubmarine","floor":51,"key":"SMITH"},{"data":"rmod:victimresponsibility","floor":54,"key":"SMITH"}],"circlet_count":0,"master_deck":["AscendersBane","rmod:strick","rmod:strick","rmod:strick","rmod:defend","rmod:defend","rmod:defend","rmod:defend","rmod:basicallowance+1","rmod:maingunfire+1","rmod:robin+1","rmod:aluminumsupply+1","rmod:ridicule+1","rmod:maintain+1","rmod:ridicule+1","rmod:victimresponsibility+1","rmod:acesubmarine+1","rmod:advancebysurprise+1","rmod:unsinkable+1","rmod:circuitoustactics+1","rmod:aviationdawn+1","rmod:mineteam+1"],"relics":["rmod:firstchargereward","Juzu Bracelet","DemoMod:BlueGuonStone","Mercury Hourglass","Bag of Marbles","TungstenRod","Sozu","PreservedInsect","DollysMirror","Mango","DemoMod:RatBoots","DemoMod:ResourcefulSack","DemoMod:PartiallyEatenCheese","Busted Crown","DemoMod:GundromedaStrain","DemoMod:GlassGuonStoneRelic","Red Mask","Orichalcum","CatCart","Pantograph","DemoMod:ClearGuonStone","DemoMod:RingOfEthereal"],"acts_visited":["Exordium","TheCity","TheCity","TheBeyond","TheEnding"],"potions_floor_usage":[],"damage_taken":[{"damage":3.0,"enemies":"2 Louse","floor":1.0,"turns":3.0},{"damage":6.0,"enemies":"Small Slimes","floor":2.0,"turns":3.0},{"damage":37.0,"enemies":"Lagavulin","floor":7.0,"turns":8.0},{"damage":4.0,"enemies":"Jaw Worm","floor":8.0,"turns":2.0},{"damage":3.0,"enemies":"Large Slime","floor":11.0,"turns":5.0},{"damage":9.0,"enemies":"Gremlin Nob","floor":12.0,"turns":4.0},{"damage":2.0,"enemies":"3 Sentries","floor":14.0,"turns":6.0},{"damage":4.0,"enemies":"The Guardian","floor":16.0,"turns":7.0},{"damage":8.0,"enemies":"Chosen","floor":18.0,"turns":3.0},{"damage":0.0,"enemies":"3 Byrds","floor":22.0,"turns":4.0},{"damage":30.0,"enemies":"Book of Stabbing","floor":23.0,"turns":4.0},{"damage":0.0,"enemies":"DemoMod:4_Bullet_Kins","floor":28.0,"turns":2.0},{"damage":0.0,"enemies":"DemoMod:4_Bullet_Kins_with_one_veteran","floor":29.0,"turns":2.0},{"damage":0.0,"enemies":"DemoMod:Veteran_shot_gun_kin_and_blue_shotgun_kin","floor":30.0,"turns":2.0},{"damage":0.0,"enemies":"DemoMod:Veteran_shot_gun_kin_and_red_shotgun_kin_with_gunsinger","floor":31.0,"turns":2.0},{"damage":5.0,"enemies":"DemoMod:Red_and_blue_shotgun_kin_with_gunsinger","floor":32.0,"turns":1.0},{"damage":24,"enemies":"DemoMod:ResourcefulRat","floor":35,"turns":9},{"damage":0,"enemies":"3 Shapes","floor":37,"turns":2},{"damage":3,"enemies":"Mind Bloom Boss Battle","floor":38,"turns":4},{"damage":0,"enemies":"Reptomancer","floor":42,"turns":1},{"damage":0,"enemies":"Orin","floor":44,"turns":4},{"damage":0,"enemies":"Orb Walker","floor":46,"turns":1},{"damage":0,"enemies":"Sphere and 2 Shapes","floor":48,"turns":1},{"damage":0,"enemies":"Writhing Mass","floor":49,"turns":2},{"damage":0,"enemies":"Nemesis","floor":50,"turns":2},{"damage":0,"enemies":"Time Eater","floor":52,"turns":3},{"damage":0,"enemies":"Shield and Spear","floor":56,"turns":1},{"damage":0,"enemies":"The Heart","floor":57,"turns":4}],"seed_played":"-3984347681147130412","potions_obtained":[{"floor":7.0,"key":"Dexterity Potion"},{"floor":12.0,"key":"AttackPotion"},{"floor":14.0,"key":"Strength Potion"},{"floor":16.0,"key":"ColorlessPotion"}],"is_trial":false,"path_per_floor":["M","M","?","?","$","R","E","M","T","R","M","E","?","E","R","B",null,"M","$","?","?","M","E","$","?","T","R","M","M","M","M","M","R","B","B",null,"M","?","?","$","?","E","R","?","T","M","R","M","M","E","R","B",null,"R","$","E","B",null],"character_chosen":"PRAEFECT","items_purchased":["DemoMod:GnawedKey","PreservedInsect","DollysMirror","DemoMod:WeirdEgg"],"campfire_rested":1,"item_purchase_floors":[5,19,19,55],"current_hp_per_floor":[65,59,64,64,64,64,27,23,23,47,44,35,35,33,33,29,67,59,59,59,59,59,43,43,43,81,81,81,81,81,81,76,76,48,24,77,77,74,74,74,74,74,74,74,74,74,74,74,74,74,74,89,89,89,89,89,89],"gold":39,"neow_bonus":"RANDOM_COMMON_RELIC","is_daily":false,"chose_seed":false,"campfire_upgraded":7,"win_rate":0.0,"timestamp":1611520338,"path_taken":["M","M","?","?","$","R","E","M","T","R","M","E","?","E","R","BOSS","M","$","?","?","M","E","$","?","T","R","M","M","M","M","M","R","BOSS","BOSS","M","?","?","$","?","E","R","?","T","M","R","M","M","E","R","BOSS","R","$","E","BOSS"],"items_purchased_type":["Relic","Relic","Relic","Relic"],"build_version":"2020-12-22","purchased_purges":1,"victory":true,"max_hp_per_floor":[75,75,80,80,80,80,80,80,80,80,80,80,80,80,80,80,80,80,80,80,80,80,94,94,94,94,94,94,94,94,94,94,94,94,94,94,94,94,89,89,89,89,89,89,89,89,89,89,89,89,89,89,89,89,89,89,89],"card_choices":[{"not_picked":["rmod:overbreakdown","rmod:aluminumsupply","rmod:victimresponsibility"],"picked":"SKIP","floor":1.0},{"not_picked":["rmod:ammunitionsupply","rmod:overbreakdown","rmod:luckystar"],"picked":"SKIP","floor":2.0},{"not_picked":["rmod:selfconfidence","rmod:aluminumsupply"],"picked":"rmod:robin","floor":7.0},{"not_picked":["rmod:supportescort","rmod:goodfighter"],"picked":"rmod:aluminumsupply","floor":8.0},{"not_picked":["rmod:fletcherpendant","rmod:diamondstrike","rmod:highspeedshooting"],"picked":"SKIP","floor":11.0},{"not_picked":["rmod:generalist","rmod:firesupport","rmod:wolves"],"picked":"SKIP","floor":12.0},{"not_picked":["rmod:aluminumsupply","rmod:aviationdawn"],"picked":"rmod:ridicule","floor":14.0},{"not_picked":["rmod:gendarmerie","rmod:fletcherpendant"],"picked":"rmod:maintain+1","floor":18.0},{"not_picked":["rmod:diaomin+1","rmod:highspeedshooting"],"picked":"rmod:victimresponsibility","floor":22.0},{"not_picked":["rmod:combined+1","rmod:gendarmerie"],"picked":"rmod:acesubmarine","floor":23.0},{"not_picked":["rmod:overbreakdown","rmod:launchingtorpedo"],"picked":"rmod:advancebysurprise+1","floor":28.0},{"not_picked":["rmod:tearstotiara","rmod:fuelsupply","rmod:combined"],"picked":"SKIP","floor":29.0},{"not_picked":["rmod:fuelsupply+1","rmod:firesupport"],"picked":"rmod:unsinkable+1","floor":30.0},{"not_picked":["rmod:combined+1","rmod:desperatesituation"],"picked":"rmod:circuitoustactics+1","floor":31.0},{"not_picked":["rmod:supportescort","rmod:heivgo"],"picked":"rmod:aviationdawn+1","floor":32.0},{"not_picked":["rmod:highspeedshooting+1"],"picked":"SKIP","floor":37},{"not_picked":[],"picked":"rmod:mineteam+1","floor":38},{"not_picked":["rmod:steelsupply+1"],"picked":"SKIP","floor":42},{"not_picked":["rmod:salvage+1"],"picked":"SKIP","floor":46},{"not_picked":["rmod:selfconfidence"],"picked":"SKIP","floor":48},{"not_picked":["rmod:shuttlebombing"],"picked":"SKIP","floor":49},{"not_picked":["rmod:tearstotiara+1"],"picked":"SKIP","floor":50},{"not_picked":["rmod:heivgo"],"picked":"SKIP","floor":56}],"player_experience":222210,"relics_obtained":[{"floor":7.0,"key":"DemoMod:BlueGuonStone"},{"floor":9.0,"key":"Mercury Hourglass"},{"floor":12.0,"key":"Bag of Marbles"},{"floor":14.0,"key":"TungstenRod"},{"floor":23.0,"key":"Mango"},{"floor":36,"key":"DemoMod:RatBoots"},{"floor":36,"key":"DemoMod:ResourcefulSack"},{"floor":36,"key":"DemoMod:PartiallyEatenCheese"},{"floor":36,"key":"Busted Crown"},{"floor":38,"key":"DemoMod:GundromedaStrain"},{"floor":42,"key":"Orichalcum"},{"floor":44,"key":"CatCart"},{"floor":50,"key":"Pantograph"},{"floor":56,"key":"DemoMod:RingOfEthereal"}],"event_choices":[{"damage_healed":0.0,"max_hp_gain":5.0,"max_hp_loss":0.0,"gold_gain":0.0,"event_name":"Big Fish","player_choice":"Donut","floor":3.0,"gold_loss":0.0,"damage_taken":0.0},{"damage_healed":0.0,"max_hp_gain":0.0,"max_hp_loss":0.0,"gold_gain":0.0,"event_name":"Living Wall","player_choice":"Grow","floor":4.0,"gold_loss":0.0,"damage_taken":0.0,"cards_upgraded":["rmod:maingunfire"]},{"damage_healed":0.0,"max_hp_gain":0.0,"max_hp_loss":0.0,"gold_gain":30.0,"event_name":"Dead Adventurer","player_choice":"Searched \u00272\u0027 times","floor":13.0,"gold_loss":0.0,"damage_taken":0.0},{"damage_healed":0.0,"max_hp_gain":0.0,"max_hp_loss":0.0,"gold_gain":0.0,"event_name":"Masked Bandits","player_choice":"Paid Fearfully","floor":20.0,"gold_loss":51.0,"damage_taken":0.0},{"damage_healed":0.0,"max_hp_gain":0.0,"max_hp_loss":0.0,"gold_gain":0.0,"event_name":"Cursed Tome","player_choice":"Ignored","floor":21.0,"gold_loss":0.0,"damage_taken":0.0},{"damage_healed":0.0,"max_hp_gain":0.0,"max_hp_loss":0.0,"gold_gain":0.0,"event_name":"Ghosts","player_choice":"Ignored","floor":25.0,"gold_loss":0.0,"damage_taken":0.0},{"damage_healed":0,"gold_gain":0,"player_choice":"Fight","damage_taken":0,"max_hp_gain":0,"max_hp_loss":0,"event_name":"MindBloom","floor":38,"gold_loss":0},{"damage_healed":0,"gold_gain":0,"player_choice":"Max HP","damage_taken":0,"max_hp_gain":0,"max_hp_loss":5,"event_name":"Winding Halls","floor":39,"gold_loss":0},{"damage_healed":0,"gold_gain":0,"player_choice":"Paid","damage_taken":0,"relics_obtained":["Red Mask"],"max_hp_gain":0,"max_hp_loss":0,"event_name":"Tomb of Lord Red Mask","floor":41,"gold_loss":212},{"damage_healed":0,"gold_gain":0,"player_choice":"Fight","damage_taken":0,"max_hp_gain":0,"max_hp_loss":0,"event_name":"OrinTheCat","floor":44,"gold_loss":0}],"is_beta":false,"boss_relics":[{"not_picked":["Philosopher\u0027s Stone","Ectoplasm"],"picked":"Sozu"},{"not_picked":[]}],"items_purged_floors":[40],"is_endless":false,"potions_floor_spawned":[7,12,14,16,18,28,30,31,32,38,46,48,49,50,56],"ascension_level":11}}