{"host":"d7fiu2yjkssjxoz6","time":1611520140,"event":{"mods":["AchievementEnabler","BaseMod","Duelist Mod","Minty Spire (QoL Compilation)","StSLib"],"gold_per_floor":[136,136,136,147,164,164,164],"floor_reached":6,"language":"ENG","playtime":267,"items_purged":[],"score":54,"play_id":"d60de80a-228e-40fa-ac2a-090697f0d11f","local_time":"20210124122900","is_ascension_mode":true,"campfire_choices":[],"circlet_count":0,"master_deck":["AscendersBane","theDuelist:CastleWalls","theDuelist:CastleWalls","theDuelist:ColossalFighter","theDuelist:CommandKnight","theDuelist:FeedbackWarrior","theDuelist:FeedbackWarrior","theDuelist:MightyWarrior","theDuelist:Sparks","theDuelist:StormSparks","theDuelist:SuperheavySoulbuster","theDuelist:MagnumShield","Regret","theDuelist:CelticGuardian","theDuelist:DestroyerGolem"],"relics":["theDuelist:MillenniumPuzzle","theDuelist:CardPoolRelic","theDuelist:CardPoolBasicRelic","theDuelist:BoosterPackPoolRelic","theDuelist:CardPoolAddRelic","theDuelist:CardPoolMinusRelic","theDuelist:CardPoolSaveRelic","theDuelist:CardPoolOptionsRelic","theDuelist:DuelistTeaSet","Toxic Egg 2","Torii"],"acts_visited":["Exordium"],"potions_floor_usage":[],"damage_taken":[{"damage":0.0,"enemies":"2 Louse","floor":1.0,"turns":3.0},{"damage":2.0,"enemies":"Jaw Worm","floor":4.0,"turns":3.0},{"damage":2,"enemies":"Cultist","floor":5,"turns":4},{"damage":83,"enemies":"Gremlin Nob","floor":6,"turns":5}],"seed_played":"5910447754070918545","potions_obtained":[],"is_trial":false,"path_per_floor":["M","?","T","M","M","E"],"character_chosen":"THE_DUELIST","items_purchased":[],"campfire_rested":0,"item_purchase_floors":[],"current_hp_per_floor":[72,72,72,70,68,0,0],"gold":164,"neow_bonus":"RANDOM_COMMON_RELIC","is_daily":false,"chose_seed":false,"campfire_upgraded":0,"win_rate":0.0,"timestamp":1611520140,"path_taken":["M","?","?","M","M","E"],"items_purchased_type":[],"build_version":"2020-12-22","purchased_purges":0,"victory":false,"max_hp_per_floor":[80,80,80,80,80,80,80],"card_choices":[{"not_picked":["theDuelist:AssaultArmor","theDuelist:ElectromagneticShield","theDuelist:Flint","theDuelist:CrossAttack"],"picked":"theDuelist:MagnumShield","floor":1.0},{"not_picked":["theDuelist:DarkBurningAttack+1","theDuelist:GaiaFierce","theDuelist:AgainstTheWind+1","theDuelist:CrossAttack"],"picked":"theDuelist:CelticGuardian","floor":4},{"not_picked":["theDuelist:AttackTheMoon","theDuelist:Mudora","theDuelist:BigFire","theDuelist:RainbowOverdragon"],"picked":"theDuelist:DestroyerGolem","floor":5}],"player_experience":270587,"relics_obtained":[{"floor":3.0,"key":"Torii"}],"event_choices":[{"damage_healed":0.0,"max_hp_gain":0.0,"max_hp_loss":0.0,"gold_gain":0.0,"event_name":"Big Fish","player_choice":"Box","floor":2.0,"gold_loss":0.0,"damage_taken":0.0,"relics_obtained":["Toxic Egg 2"],"cards_obtained":["Regret"]}],"is_beta":false,"boss_relics":[],"items_purged_floors":[],"is_endless":false,"potions_floor_spawned":[],"killed_by":"Gremlin Nob","ascension_level":10}}