{"host":"7k2a2omxz3voj5ax","time":1611480554,"event":{"mods":["BaseMod","Marisa£¨ìFÓê¡¡Ä§ÀíÉ³£©","Minty Spire (QoL Compilation)","Quick Restart","Spicy Shops","StSLib","Starting Relic: Pandora\u0027s Box","¡¾ÒÅÎï¿¨ÅÆ¡¿REMEMod","óô»ðÖ¸ÄÏ"],"gold_per_floor":[116,3670,3680,3694,3694,3714,2888,2917,2506,2518,2559,2571,2597,2534,2546,2578,2607,2135,2226,2238,2261,1559,1570,1570,1624,1651,1651,1676,1436,1483,1483,1517,1534,1312,1341,1341,1354,1365,1384,1214,1291,1291,1304,1320,894,971,987,708,740,762,762,712,731,663,692,706,724,724,724,724,724,146,146,180,180],"floor_reached":66,"language":"ZHS","playtime":2068,"items_purged":["DragonMeteor","UnstableBomb","PropBag+1","UpSweep","GalacticHalo+1","ChargingUp+1","BlazingStar+1","Doubt","Acceleration","PowerUp"],"score":3935,"play_id":"709eebc0-d15e-45b7-9721-127702000315","local_time":"20210124182914","is_ascension_mode":true,"campfire_choices":[{"floor":58.0,"key":"RECALL"}],"circlet_count":1,"master_deck":["AscendersBane","TreasureHunter+1","Singularity","UltimateShortwave+1","6A+1","CollectingQuirk+1","PowerUp+1"],"relics":["MiniHakkero","REME_ComplimentaryCards","Mummified Hand","War Paint","Sundial","MealTicket","Pantograph","Centennial Puzzle","Membership Card","MawBank","Ginger","AmplifyWand","Whetstone","Ornamental Fan","Tiny Chest","Medical Kit","Bottled Lightning","Molten Egg 2","FossilizedHelix","Coffee Dripper","SimpleLauncher","Singing Bowl","Akabeko","CeramicFish","Orrery","Pen Nib","Smiling Mask","Toxic Egg 2","Bag of Preparation","Strange Spoon","ClockworkSouvenir","Happy Flower","Frozen Egg 2","Anchor","MagicBroom","Art of War","Matryoshka","Omamori","Regal Pillow","Du-Vu Doll","Runic Dome","Blood Vial","Meat on the Bone","Eternal Feather","OrangePellets","Gremlin Horn","Question Card","Lantern","Orichalcum","TheAbacus","Potion Belt","PreservedInsect","Turnip","Nunchaku","Mercury Hourglass","Blue Candle","Mango","REME_IWantAll","SproutingBranch","Unceasing Top","Calipers","Bird Faced Urn","Thread and Needle","Circlet"],"acts_visited":["Exordium","TheCity","TheBeyond","TheEnding"],"potions_floor_usage":[65,65],"damage_taken":[{"damage":0.0,"enemies":"2 Louse","floor":1.0,"turns":2.0},{"damage":10.0,"enemies":"Small Slimes","floor":3.0,"turns":2.0},{"damage":0.0,"enemies":"Jaw Worm","floor":4.0,"turns":2.0},{"damage":6.0,"enemies":"Large Slime","floor":6.0,"turns":2.0},{"damage":2.0,"enemies":"Lagavulin","floor":8.0,"turns":4.0},{"damage":1.0,"enemies":"Gremlin Nob","floor":11.0,"turns":3.0},{"damage":2.0,"enemies":"Lots of Slimes","floor":13.0,"turns":3.0},{"damage":1.0,"enemies":"Gremlin Gang","floor":16.0,"turns":3.0},{"damage":0.0,"enemies":"3 Louse","floor":17.0,"turns":2.0},{"damage":16.0,"enemies":"Hexaghost","floor":19.0,"turns":3.0},{"damage":0.0,"enemies":"Spheric Guardian","floor":21.0,"turns":2.0},{"damage":0.0,"enemies":"2 Thieves","floor":23.0,"turns":1.0},{"damage":0.0,"enemies":"Book of Stabbing","floor":26.0,"turns":1.0},{"damage":0.0,"enemies":"Slavers","floor":28.0,"turns":1.0},{"damage":0.0,"enemies":"Book of Stabbing","floor":32.0,"turns":1.0},{"damage":0.0,"enemies":"3 Cultists","floor":33.0,"turns":2.0},{"damage":0.0,"enemies":"Gremlin Leader","floor":35.0,"turns":5.0},{"damage":0.0,"enemies":"Snecko","floor":37.0,"turns":1.0},{"damage":0.0,"enemies":"Centurion and Healer","floor":38.0,"turns":2.0},{"damage":0.0,"enemies":"Snake Plant","floor":39.0,"turns":1.0},{"damage":0.0,"enemies":"Champ","floor":41.0,"turns":3.0},{"damage":0.0,"enemies":"3 Darklings","floor":43.0,"turns":1.0},{"damage":0.0,"enemies":"3 Shapes","floor":44.0,"turns":1.0},{"damage":0.0,"enemies":"Sphere and 2 Shapes","floor":47.0,"turns":1.0},{"damage":0.0,"enemies":"Nemesis","floor":49.0,"turns":3.0},{"damage":0.0,"enemies":"Maw","floor":50.0,"turns":1.0},{"damage":0.0,"enemies":"Spire Growth","floor":53.0,"turns":1.0},{"damage":0.0,"enemies":"Giant Head","floor":55.0,"turns":2.0},{"damage":0.0,"enemies":"3 Darklings","floor":56.0,"turns":1.0},{"damage":0.0,"enemies":"Writhing Mass","floor":57.0,"turns":1.0},{"damage":0.0,"enemies":"Time Eater","floor":59.0,"turns":1.0},{"damage":0.0,"enemies":"Donu and Deca","floor":60.0,"turns":1.0},{"damage":0.0,"enemies":"Shield and Spear","floor":64.0,"turns":1.0},{"damage":7,"enemies":"The Heart","floor":65,"turns":4}],"seed_played":"3565425534817150498","potions_obtained":[{"floor":1.0,"key":"REME_GoldPotion"},{"floor":3.0,"key":"DuplicationPotion"},{"floor":13.0,"key":"FearPotion"},{"floor":17.0,"key":"Fruit Juice"},{"floor":19.0,"key":"Regen Potion"},{"floor":35.0,"key":"SkillPotion"},{"floor":56.0,"key":"AttackPotion"},{"floor":64.0,"key":"FairyPotion"}],"is_trial":false,"path_per_floor":["M","$","M","M","?","M","R","E","R","T","E","?","M","?","?","M","M","R","B",null,"M","$","M","?","T","E","?","E","R","T","T","E","M","R","E","?","M","M","M","R","B",null,"M","M","$","T","M","R","E","M","T","R","M","R","E","M","M","R","B","B",null,"R","$","E","B",null],"character_chosen":"MARISA","items_purchased":["Mummified Hand","War Paint","Singularity","Sundial","MealTicket","Membership Card","MawBank","Ginger","Medical Kit","Bottled Lightning","Molten Egg 2","6A+1","SimpleLauncher","Singing Bowl","Akabeko","CeramicFish","Orrery","Bag of Preparation","Strange Spoon","ClockworkSouvenir","MagicBroom","Omamori","Regal Pillow","Blood Vial","Meat on the Bone","Eternal Feather","OrangePellets","Lantern","Orichalcum","TheAbacus","Potion Belt","Blue Candle","Mango","Unceasing Top","Calipers","Bird Faced Urn","Thread and Needle"],"campfire_rested":0,"item_purchase_floors":[2,2,7,7,7,9,9,9,18,18,18,18,22,22,22,22,22,29,29,29,34,40,40,45,45,45,45,48,48,48,48,54,54,62,62,62,62],"current_hp_per_floor":[63,63,53,53,53,47,47,45,45,45,44,33,31,31,12,11,11,11,25,57,57,76,78,78,78,80,57,59,59,59,59,61,63,63,74,74,76,78,80,80,101,101,103,105,105,105,107,107,109,109,109,109,111,125,127,129,131,131,131,131,131,131,131,133,128],"gold":180,"neow_bonus":"TRANSFORM_TWO_CARDS","is_daily":false,"chose_seed":false,"campfire_upgraded":0,"win_rate":0.0,"timestamp":1611480554,"path_taken":["M","$","M","M","?","M","R","E","R","T","E","?","M","?","?","M","M","R","BOSS","M","$","M","?","?","E","?","E","R","T","T","E","M","R","E","?","M","?","M","R","BOSS","M","M","$","?","M","R","E","?","T","R","M","R","E","M","M","R","BOSS","BOSS","R","$","E","BOSS"],"items_purchased_type":["Relic","Relic","Card","Relic","Relic","Relic","Relic","Relic","Relic","Relic","Relic","Card","Relic","Relic","Relic","Relic","Relic","Relic","Relic","Relic","Relic","Relic","Relic","Relic","Relic","Relic","Relic","Relic","Relic","Relic","Relic","Relic","Relic","Relic","Relic","Relic","Relic"],"build_version":"2020-12-22","purchased_purges":10,"victory":true,"max_hp_per_floor":[63,63,63,63,63,63,63,63,63,63,63,63,63,63,63,63,63,63,68,68,68,76,78,78,78,80,85,87,87,87,87,89,91,91,93,93,95,97,99,99,101,101,103,105,105,105,107,107,109,109,109,109,111,125,127,129,131,131,131,131,131,131,131,133,133],"card_choices":[{"not_picked":["PropBag","SporeBomb"],"picked":"Acceleration","floor":1.0},{"not_picked":["LuminesStrike","UnstableBomb","NonDirectionalLaser"],"picked":"SKIP","floor":3.0},{"not_picked":["UnstableBomb","Acceleration","DarkSpark"],"picked":"SKIP","floor":4.0},{"not_picked":["Acceleration","UnstableBomb","NonDirectionalLaser"],"picked":"SKIP","floor":6.0},{"not_picked":["EnergyRecoil","LuminesStrike"],"picked":"UltimateShortwave","floor":8.0},{"not_picked":["ChargeUpSpray","DarkSpark","GalacticHalo"],"picked":"SKIP","floor":11.0},{"not_picked":["WitchLeyline","NonDirectionalLaser"],"picked":"PowerUp","floor":13.0},{"not_picked":["PropBag","LuminesStrike","MilkyWay"],"picked":"SKIP","floor":16.0},{"not_picked":["MysteriousBeam","FairyDestructionRay","LuminesStrike"],"picked":"SKIP","floor":17.0},{"not_picked":["NonDirectionalLaser+1","SporeBomb","MachineGunSpark+1"],"picked":"SKIP","floor":21.0},{"not_picked":["GalacticHalo","MilkyWay"],"picked":"CollectingQuirk+1","floor":22.0},{"not_picked":["WitchOfGreed","Acceleration","Occultation"],"picked":"Singing Bowl","floor":22.0},{"not_picked":["CollectingQuirk+1","MysteriousBeam+1","EarthLightRay"],"picked":"Singing Bowl","floor":22.0},{"not_picked":["OrrerysSun","Robbery+1","EventHorizon"],"picked":"Singing Bowl","floor":22.0},{"not_picked":["WitchOfGreed","IllusionStar","GravityBeat+1"],"picked":"Singing Bowl","floor":22.0},{"not_picked":["ChargeUpSpray+1","MagicChant","ShootTheMoon+1"],"picked":"Singing Bowl","floor":23.0},{"not_picked":["GravityBeat+1","StarlightTyphoon","ManaConvection+1"],"picked":"Singing Bowl","floor":26.0},{"not_picked":["Acceleration+1","EnergyFlow","DoubleSpark+1"],"picked":"Singing Bowl","floor":28.0},{"not_picked":["FinalSpark+1","MachineGunSpark+1","ChargeUpSpray+1"],"picked":"Singing Bowl","floor":32.0},{"not_picked":["MagicChant+1","DC+1","DarkSpark+1"],"picked":"Singing Bowl","floor":33.0},{"not_picked":["DC+1","MachineGunSpark+1","SuperPerseids+1"],"picked":"Singing Bowl","floor":35.0},{"not_picked":["MagicAbsorber+1","DoubleSpark+1","ShootingEcho+1"],"picked":"Singing Bowl","floor":37.0},{"not_picked":["PropBag+1","MachineGunSpark+1","UnstableBomb+1"],"picked":"Singing Bowl","floor":38.0},{"not_picked":["SprinkleStarSeal+1","AlicesGift+1","WitchOfGreed+1"],"picked":"Singing Bowl","floor":39.0},{"not_picked":["ManaRampage+1","StarDustReverie+1","BigCrunch+1"],"picked":"Singing Bowl","floor":41.0},{"not_picked":["UnstableBomb+1","LuminesStrike+1","GravityBeat+1"],"picked":"Singing Bowl","floor":43.0},{"not_picked":["DarkMatter+1","WitchOfGreed+1","SporeBomb+1"],"picked":"Singing Bowl","floor":44.0},{"not_picked":["SporeBomb+1","WitchLeyline+1","SprinkleStarSeal+1","DC+1"],"picked":"Singing Bowl","floor":47.0},{"not_picked":["TreasureHunter+1","NonDirectionalLaser+1","EarthLightRay+1","SuperPerseids+1"],"picked":"Singing Bowl","floor":49.0},{"not_picked":["EventHorizon+1","ShootingEcho+1","Acceleration+1"],"picked":"PowerUp+1","floor":50.0},{"not_picked":["MysteriousBeam+1","GalacticHalo+1","SporeBomb+1","LuminesStrike+1"],"picked":"Singing Bowl","floor":53.0},{"not_picked":["AsteroidBelt+1","SprinkleStarSeal+1","LuminesStrike+1","UnstableBomb+1"],"picked":"Singing Bowl","floor":55.0},{"not_picked":["6A+1","IllusionStar+1","PowerUp+1","GravityBeat+1"],"picked":"Singing Bowl","floor":56.0},{"not_picked":["ShootingEcho+1","LuminesStrike+1","NonDirectionalLaser+1","6A+1"],"picked":"Singing Bowl","floor":57.0},{"not_picked":["UnstableBomb+1","PulseMagic+1","MilkyWay+1","CollectingQuirk+1"],"picked":"Singing Bowl","floor":64.0}],"player_experience":493691,"relics_obtained":[{"floor":8.0,"key":"Pantograph"},{"floor":8.0,"key":"Centennial Puzzle"},{"floor":10.0,"key":"AmplifyWand"},{"floor":11.0,"key":"Whetstone"},{"floor":11.0,"key":"Ornamental Fan"},{"floor":19.0,"key":"FossilizedHelix"},{"floor":26.0,"key":"Pen Nib"},{"floor":26.0,"key":"Smiling Mask"},{"floor":28.0,"key":"Toxic Egg 2"},{"floor":30.0,"key":"Happy Flower"},{"floor":31.0,"key":"Frozen Egg 2"},{"floor":32.0,"key":"Anchor"},{"floor":35.0,"key":"Art of War"},{"floor":35.0,"key":"Matryoshka"},{"floor":41.0,"key":"Du-Vu Doll"},{"floor":46.0,"key":"Gremlin Horn"},{"floor":46.0,"key":"Question Card"},{"floor":49.0,"key":"PreservedInsect"},{"floor":49.0,"key":"Turnip"},{"floor":51.0,"key":"Nunchaku"},{"floor":51.0,"key":"Mercury Hourglass"},{"floor":55.0,"key":"REME_IWantAll"},{"floor":55.0,"key":"SproutingBranch"},{"floor":64.0,"key":"Circlet"}],"event_choices":[{"cards_removed":["LuminesStrike"],"damage_healed":0.0,"max_hp_gain":0.0,"max_hp_loss":0.0,"gold_gain":0.0,"event_name":"Living Wall","player_choice":"Forget","floor":5.0,"gold_loss":0.0,"damage_taken":0.0},{"damage_healed":0.0,"max_hp_gain":0.0,"max_hp_loss":0.0,"gold_gain":0.0,"event_name":"Scrap Ooze","player_choice":"Success","floor":12.0,"gold_loss":0.0,"damage_taken":11.0,"relics_obtained":["Tiny Chest"]},{"cards_removed":["IllusionStar"],"damage_healed":0.0,"max_hp_gain":0.0,"max_hp_loss":0.0,"gold_gain":0.0,"event_name":"The Cleric","player_choice":"Card Removal","floor":14.0,"gold_loss":75.0,"damage_taken":0.0},{"damage_healed":0.0,"max_hp_gain":0.0,"max_hp_loss":0.0,"gold_gain":0.0,"event_name":"Shining Light","player_choice":"Entered Light","floor":15.0,"gold_loss":0.0,"damage_taken":19.0,"cards_upgraded":["GalacticHalo","UltimateShortwave"]},{"cards_removed":["WitchLeyline"],"damage_healed":0.0,"max_hp_gain":0.0,"max_hp_loss":0.0,"gold_gain":0.0,"event_name":"Back to Basics","player_choice":"Elegance","floor":24.0,"gold_loss":0.0,"damage_taken":0.0},{"damage_healed":0.0,"max_hp_gain":5.0,"max_hp_loss":0.0,"gold_gain":0.0,"event_name":"Forgotten Altar","player_choice":"Shed Blood","floor":27.0,"gold_loss":0.0,"damage_taken":28.0},{"damage_healed":0.0,"max_hp_gain":0.0,"max_hp_loss":0.0,"gold_gain":0.0,"event_name":"Vampires","player_choice":"Ignored","floor":36.0,"gold_loss":0.0,"damage_taken":0.0}],"is_beta":false,"boss_relics":[{"not_picked":["Ectoplasm","Snecko Eye"],"picked":"Coffee Dripper"},{"not_picked":["Pandora\u0027s Box","Philosopher\u0027s Stone"],"picked":"Runic Dome"}],"items_purged_floors":[2,7,7,9,18,22,22,29,34,52],"is_endless":false,"potions_floor_spawned":[1,3,13,17,19,21,26,35,37,39,43,44,56,57,64],"ascension_level":20}}