{"host":"guv5thfpx4d8ikzb","time":1611485001,"event":{"mods":["2.2 Compatiblity","AchievementEnabler","BaseMod","Block Reminder","Colored Map","Colored Powertips","Downfall","Minty Spire (QoL Compilation)","Permanent Neow","Quick Restart","Relic Stats","Replay The Spire","StSLib"],"gold_per_floor":[99,112,112,131,147,163,189,207,232,249,269,289,314,314,330,450,450,350,368,468,491,616,616,643,656,456,480,81,81,116,6,20,146,146,146,192,192,205,205,249,249,249,249,96,121,165,165,205,224,224,224,265,22,22,22,22],"floor_reached":57,"language":"ENG","playtime":5125,"items_purged":["bronze:Defend"],"score":1968,"play_id":"c1bbb902-7f18-4b9d-aedf-3c7272a04bd0","local_time":"20210124054321","is_ascension_mode":true,"campfire_choices":[{"floor":1.0,"key":"RECALL"},{"data":"bronze:NullPointer","floor":18.0,"key":"SMITH"},{"data":"bronze:ClassDefault","floor":26.0,"key":"SMITH"},{"data":"bronze:OilSpill","floor":35.0,"key":"SMITH"},{"data":"Replay:SS_forest_2","floor":43.0,"key":"SMITH"},{"data":"Replay:SS_hec_1","floor":47.0,"key":"SMITH"},{"data":"bronze:ItsAFeature","floor":54,"key":"SMITH"}],"circlet_count":0,"master_deck":["bronze:Defend","bronze:Replicate","bronze:Goto","bronze:Shield+1","bronze:InfiniteBeams+1","bronze:TinkerersToolbox+1","bronze:NullPointer+1","bronze:CutThrough","bronze:Frontload+1","bronze:CloningBeam","bronze:Constructor+1","bronze:BuggyMess+1","bronze:ForLoop+1","bronze:Deprecate+1","bronze:FineTuning+1","bronze:RecursiveStrike+1","bronze:OilSpill+1","bronze:Repair+1","bronze:FunctionCard","bronze:Mutator+1","bronze:DecaBeam+1","bronze:ClassDefault+1","bronze:Invalidate+1","bronze:Allocate+1","bronze:MaxOutput+1","bronze:Shell+1","bronze:TinkerersToolbox+1","bronze:MaxOutput+1","bronze:Return+1","bronze:Repulsor+1","bronze:FindAndReplace+1","bronze:BurnOut+1","expansioncontent:YouAreMine+1","Replay:SS_forest_2+1","Replay:SS_hec_1+1","bronze:Library+1","ReplayUltimateDefense+1","bronze:Shell+1","bronze:ItsAFeature+1","bronze:Repulsor+1","bronze:ItsAFeature+1","bronze:Turbo+1"],"relics":["Astrolabe","Toxic Egg 2","Centennial Puzzle","Art of War","Golden Egg","Bag of Marbles","Golden Idol","Replay:Ancient Bell","hexamod:BolsterEngine","bronze:CableSpool","Counterbalance","Omamori","downfall:HeartBlessingRed","PreservedInsect","downfall:HeartBlessingGreen","downfall:HeartBlessingBlue","Mummified Hand","champ:DuelingGlove","Chemical X","sneckomod:BabySnecko","Regal Pillow","Membership Card","CaptainsWheel","Sozu","ReplayFunnel","StrikeDummy","Pet Ghost","Replay:Accelerometer","Durian","InkBottle","Lantern","Replay:Wax Seal","Pondfish Scales","ClockworkSouvenir"],"acts_visited":["Exordium","TheCity","TheBeyond","TheEnding"],"potions_floor_usage":[],"damage_taken":[{"damage":0.0,"enemies":"Small Slimes","floor":2.0,"turns":3.0},{"damage":0.0,"enemies":"Cultist","floor":4.0,"turns":3.0},{"damage":0.0,"enemies":"Jaw Worm","floor":5.0,"turns":2.0},{"damage":0.0,"enemies":"3 Louse","floor":6.0,"turns":3.0},{"damage":0.0,"enemies":"Blue Slaver","floor":8.0,"turns":6.0},{"damage":6.0,"enemies":"Lagavulin","floor":9.0,"turns":6.0},{"damage":0.0,"enemies":"Large Slime","floor":10.0,"turns":4.0},{"damage":0.0,"enemies":"Exordium Thugs","floor":11.0,"turns":3.0},{"damage":0.0,"enemies":"Gremlin Gang","floor":12.0,"turns":5.0},{"damage":0.0,"enemies":"Replay:BlueRogue","floor":13.0,"turns":5.0},{"damage":0.0,"enemies":"3 Louse","floor":15.0,"turns":3.0},{"damage":21.0,"enemies":"IC_STATUS_ARCHETYPE","floor":16.0,"turns":5.0},{"damage":9.0,"enemies":"Spheric Guardian","floor":19.0,"turns":4.0},{"damage":1.0,"enemies":"Shelled Parasite and Fungi","floor":21.0,"turns":5.0},{"damage":12.0,"enemies":"Shelled Parasite and Fungi","floor":22.0,"turns":4.0},{"damage":0.0,"enemies":"Centurion and Healer","floor":25.0,"turns":5.0},{"damage":0.0,"enemies":"Snecko","floor":27.0,"turns":3.0},{"damage":2.0,"enemies":"downfall:FleeingMerchant","floor":28.0,"turns":4.0},{"damage":0.0,"enemies":"Slavers","floor":30.0,"turns":4.0},{"damage":0.0,"enemies":"downfall:FleeingMerchant","floor":31.0,"turns":1.0},{"damage":0.0,"enemies":"Cultist and Chosen","floor":32.0,"turns":6.0},{"damage":0.0,"enemies":"DF_ARCHETYPE_CLAW","floor":33.0,"turns":6.0},{"damage":0.0,"enemies":"Orb Walker","floor":38.0,"turns":3.0},{"damage":13.0,"enemies":"Giant Head","floor":40.0,"turns":4.0},{"damage":0.0,"enemies":"3 Shapes","floor":45.0,"turns":7.0},{"damage":13.0,"enemies":"Reptomancer","floor":46.0,"turns":4.0},{"damage":0.0,"enemies":"Giant Head","floor":48.0,"turns":2.0},{"damage":0.0,"enemies":"Spire Growth","floor":49.0,"turns":6.0},{"damage":0.0,"enemies":"SI_POISON_ARCHETYPE","floor":50.0,"turns":7.0},{"damage":0.0,"enemies":"downfall:CharBossMerchant","floor":52.0,"turns":9.0},{"damage":0,"enemies":"downfall:NeowBoss","floor":55,"turns":3},{"damage":0,"enemies":"downfall:NeowBossFinal","floor":56,"turns":2}],"seed_played":"-2631448639937059204","potions_obtained":[{"floor":6.0,"key":"Strength Potion"},{"floor":8.0,"key":"BlessingOfTheForge"},{"floor":10.0,"key":"bronze:FreeFunctionsPotion"},{"floor":19.0,"key":"EssenceOfSteel"},{"floor":23.0,"key":"CultistPotion"},{"floor":32.0,"key":"Adrenaline Potion"}],"is_trial":false,"path_per_floor":["R","M","?","M","M","M","T","M","E","M","M","M","E","?","M","B",null,"R","M","?","M","?","?","T","M","R","M","$","?","E","$","M","B",null,"R","?","?","M","T","E","T","?","R","$","M","E","R","E","M","B",null,"E","$","R","B","B",null],"character_chosen":"THE_AUTOMATON","items_purchased":["champ:DuelingGlove","Chemical X","bronze:Shell+1","bronze:TinkerersToolbox+1","bronze:MaxOutput","Membership Card","bronze:Repulsor","bronze:FindAndReplace+1","CaptainsWheel","Durian","ReplayUltimateDefense","bronze:Shell+1","bronze:Turbo+1","Pondfish Scales","ClockworkSouvenir"],"campfire_rested":0,"item_purchase_floors":[28,28,28,28,28,31,31,31,31,44,44,44,53,53,53],"current_hp_per_floor":[70,70,70,70,70,70,70,70,64,64,64,64,64,64,64,43,63,63,64,64,69,67,67,67,67,77,80,78,78,80,80,80,80,80,80,80,70,70,70,68,68,68,68,73,73,70,70,70,80,85,85,85,85,85,85,85],"gold":22,"neow_bonus":"BOSS_RELIC","is_daily":false,"chose_seed":false,"campfire_upgraded":6,"win_rate":0.0,"timestamp":1611485001,"path_taken":["R","M","?","M","M","?","T","M","E","M","?","M","E","?","M","BOSS","R","M","?","M","?","?","T","M","R","M","$","?","E","$","M","BOSS","R","?","?","M","?","E","T","?","R","$","M","E","R","E","M","BOSS","E","$","R","BOSS","BOSS"],"items_purchased_type":["Relic","Relic","Card","Card","Card","Relic","Card","Card","Relic","Relic","Card","Card","Card","Relic","Relic"],"build_version":"2020-12-22","purchased_purges":1,"victory":true,"max_hp_per_floor":[70,70,70,70,70,70,70,70,70,70,70,70,70,70,70,70,70,70,70,70,70,70,70,70,70,80,80,80,80,80,80,80,80,80,80,80,80,80,80,80,80,80,80,85,85,85,85,85,85,85,85,85,85,85,85,85],"relic_stats":{"Sozu":2,"Centennial Puzzle":[24],"Regal Pillow":0,"counters":[32,137],"Golden Idol":225,"Mummified Hand":[106],"Astrolabe":["bronze:Shield","bronze:InfiniteBeams","bronze:TinkerersToolbox"],"PreservedInsect":545,"Art of War":[21],"Chemical X":[15],"obtain_stats":[{"ReplayFunnel":36,"Golden Egg":12,"champ:DuelingGlove":28,"Replay:Accelerometer":41,"Regal Pillow":30,"Lantern":48,"bronze:BronzeCore":0,"downfall:HeartBlessingGreen":26,"Pet Ghost":40,"bronze:CableSpool":17,"ClockworkSouvenir":53,"Sozu":34,"Centennial Puzzle":7,"downfall:HeartBlessingBlue":26,"Mummified Hand":27,"Chemical X":28,"Toxic Egg 2":0,"Replay:Wax Seal":52,"InkBottle":46,"downfall:HeartBlessingRed":18,"Golden Idol":14,"Astrolabe":0,"Counterbalance":17,"PreservedInsect":24,"Omamori":3,"Replay:Ancient Bell":17,"sneckomod:BabySnecko":29,"CaptainsWheel":31,"Pondfish Scales":53,"Art of War":9,"Bag of Marbles":13,"Durian":44,"Membership Card":31,"hexamod:BolsterEngine":17,"StrikeDummy":39},{"ReplayFunnel":22,"Golden Egg":9,"champ:DuelingGlove":18,"Replay:Accelerometer":24,"Regal Pillow":19,"Lantern":27,"bronze:BronzeCore":0,"downfall:HeartBlessingGreen":16,"Pet Ghost":24,"bronze:CableSpool":12,"ClockworkSouvenir":30,"Sozu":22,"Centennial Puzzle":4,"downfall:HeartBlessingBlue":16,"Mummified Hand":17,"Chemical X":18,"Toxic Egg 2":0,"Replay:Wax Seal":30,"InkBottle":26,"downfall:HeartBlessingRed":12,"Golden Idol":10,"Astrolabe":0,"Counterbalance":12,"PreservedInsect":15,"Omamori":1,"Replay:Ancient Bell":12,"sneckomod:BabySnecko":18,"CaptainsWheel":20,"Pondfish Scales":30,"Art of War":6,"Bag of Marbles":10,"Durian":24,"Membership Card":20,"hexamod:BolsterEngine":12,"StrikeDummy":23},{"ReplayFunnel":90,"Golden Egg":35,"champ:DuelingGlove":73,"Replay:Accelerometer":97,"Regal Pillow":77,"Lantern":110,"bronze:BronzeCore":0,"downfall:HeartBlessingGreen":66,"Pet Ghost":97,"bronze:CableSpool":48,"ClockworkSouvenir":132,"Sozu":90,"Centennial Puzzle":11,"downfall:HeartBlessingBlue":66,"Mummified Hand":69,"Chemical X":73,"Toxic Egg 2":0,"Replay:Wax Seal":132,"InkBottle":108,"downfall:HeartBlessingRed":48,"Golden Idol":40,"Astrolabe":0,"Counterbalance":48,"PreservedInsect":61,"Omamori":3,"Replay:Ancient Bell":48,"sneckomod:BabySnecko":73,"CaptainsWheel":78,"Pondfish Scales":132,"Art of War":23,"Bag of Marbles":40,"Durian":97,"Membership Card":78,"hexamod:BolsterEngine":48,"StrikeDummy":93}],"InkBottle":[16]},"card_choices":[{"not_picked":["bronze:BugBarrage","bronze:CutThrough","bronze:Backtrace"],"picked":"SKIP","floor":2.0},{"not_picked":["bronze:CutThrough","bronze:Turbo+1"],"picked":"bronze:CloningBeam","floor":4.0},{"not_picked":["bronze:Turbo+1","bronze:Fortify"],"picked":"bronze:Constructor+1","floor":5.0},{"not_picked":["bronze:Overheat","bronze:WhirlingStrike"],"picked":"bronze:BuggyMess+1","floor":6.0},{"not_picked":["bronze:MaxOutput","bronze:Turbo+1"],"picked":"bronze:ForLoop+1","floor":8.0},{"not_picked":["bronze:WhirlingStrike","bronze:WildBeam","bronze:Shield+1"],"picked":"SKIP","floor":9.0},{"not_picked":["bronze:BugBarrage","bronze:Fortify"],"picked":"bronze:Deprecate+1","floor":10.0},{"not_picked":["bronze:Optimize","bronze:CloningBeam"],"picked":"bronze:FineTuning+1","floor":11.0},{"not_picked":["bronze:Frontload+1","bronze:WildBeam"],"picked":"bronze:RecursiveStrike","floor":12.0},{"not_picked":["bronze:Branch","bronze:DelayedSlice"],"picked":"bronze:OilSpill","floor":13.0},{"not_picked":["bronze:Fortify","bronze:Branch"],"picked":"bronze:Repair+1","floor":15.0},{"not_picked":["bronze:Break","bronze:Virus"],"picked":"bronze:Hardcode","floor":16.0},{"not_picked":["ReplayTheSpireMod:Restless Dread","ReplayTheSpireMod:Faulty Equipment"],"picked":"Normality","floor":17.0},{"not_picked":["ReplayTheSpireMod:Restless Dread","Languid"],"picked":"Clumsy","floor":17.0},{"not_picked":["ReplayTheSpireMod:Doomed","Overencumbered"],"picked":"Spreading Infection","floor":17.0},{"not_picked":["bronze:Allocate+1","bronze:Shield+1"],"picked":"bronze:Mutator","floor":19.0},{"not_picked":["bronze:Fortify","bronze:Flail","bronze:Frontload+1"],"picked":"SKIP","floor":21.0},{"not_picked":[],"picked":"bronze:DecaBeam+1","floor":22.0},{"not_picked":["bronze:FineTuning+1","bronze:BronzeArmor+1"],"picked":"bronze:ClassDefault","floor":25.0},{"not_picked":["bronze:Shield+1","bronze:WhirlingStrike"],"picked":"bronze:Invalidate+1","floor":27.0},{"not_picked":["bronze:InfiniteLoop","bronze:WildBeam+1"],"picked":"bronze:Allocate+1","floor":28.0},{"not_picked":["bronze:OilSpill","bronze:DelayedSlice"],"picked":"bronze:Return+1","floor":30.0},{"not_picked":["bronze:ChildClass+1","bronze:BugBarrage","bronze:Optimize"],"picked":"SKIP","floor":31.0},{"not_picked":["bronze:BronzeOrb","bronze:BuggyMess+1","bronze:BronzeArmor+1"],"picked":"SKIP","floor":32.0},{"not_picked":["bronze:AlphaBuild","bronze:Virus"],"picked":"bronze:BurnOut","floor":33.0},{"not_picked":["expansioncontent:AwakenDeath","expansioncontent:PolyBeam"],"picked":"expansioncontent:YouAreMine+1","floor":37.0},{"not_picked":["expansioncontent:AwakenDeath","expansioncontent:YouAreMine+1"],"picked":"Replay:SS_forest_2","floor":37.0},{"not_picked":["expansioncontent:YouAreMine+1","Replay:SS_fish_1+1"],"picked":"Replay:SS_hec_1","floor":37.0},{"not_picked":["bronze:CutThrough","bronze:BuggyMess+1","bronze:Terminator+1"],"picked":"SKIP","floor":38.0},{"not_picked":["bronze:GetLatest+1","bronze:OilSpill"],"picked":"bronze:Library","floor":40.0},{"not_picked":["bronze:InfiniteBeams+1","bronze:Deprecate+1"],"picked":"bronze:ItsAFeature+1","floor":45.0},{"not_picked":["bronze:Invalidate+1","bronze:NullPointer","bronze:Backtrace+1"],"picked":"SKIP","floor":46.0},{"not_picked":["bronze:BugBarrage+1","bronze:BuggyMess+1"],"picked":"bronze:Repulsor+1","floor":48.0},{"not_picked":["bronze:OilSpill","bronze:MaxOutput"],"picked":"bronze:ItsAFeature","floor":49.0},{"not_picked":["bronze:Safeguard+1","bronze:CloningBeam+1","bronze:WildBeam"],"picked":"SKIP","floor":52.0}],"player_experience":1093367,"relics_obtained":[{"floor":7.0,"key":"Centennial Puzzle"},{"floor":9.0,"key":"Art of War"},{"floor":13.0,"key":"Bag of Marbles"},{"floor":24.0,"key":"PreservedInsect"},{"floor":30.0,"key":"Regal Pillow"},{"floor":36.0,"key":"ReplayFunnel"},{"floor":39.0,"key":"StrikeDummy"},{"floor":40.0,"key":"Pet Ghost"},{"floor":41.0,"key":"Replay:Accelerometer"},{"floor":46.0,"key":"InkBottle"},{"floor":48.0,"key":"Lantern"},{"floor":52.0,"key":"Replay:Wax Seal"}],"event_choices":[],"is_beta":false,"boss_relics":[{"not_picked":["ReplayTheSpireMod:DimensionalGlitch","Ring of Chaos"],"picked":"Replay:Ancient Bell"},{"not_picked":["Bronze Scales","Replay:Rubber Ducky"],"picked":"hexamod:BolsterEngine"},{"not_picked":["White Beast Statue","Darkstone Periapt"],"picked":"bronze:CableSpool"},{"not_picked":["Replay:Multitool","Pocketwatch"],"picked":"Counterbalance"},{"not_picked":["Replay:Drink Me","Calling Bell"],"picked":"Sozu"}],"items_purged_floors":[44],"is_endless":false,"potions_floor_spawned":[6,8,10,13,15,16,19,21,32,33,38,45,48],"ascension_level":5}}