{"host":"9v3x998ddbx8o276","time":1611469250,"event":{"mods":["AchievementEnabler","BaseMod","Colored Map","Colored Powertips","Highlight Path","Minty Spire (QoL Compilation)","Quick Restart","Rare Cards Sparkle"],"gold_per_floor":[110,125,75,19,33,33,64,64,64,74,74,74,139,165,165,243,243,263,277,277,277,43,43,43,43,43,43,43,56,56,69,69,69,69],"floor_reached":33,"language":"ENG","playtime":1054,"items_purged":[],"score":556,"play_id":"70e68939-32aa-4e6e-9ac9-159ff2d877d1","local_time":"20210124165050","is_ascension_mode":true,"campfire_choices":[{"data":"Dash","floor":6.0,"key":"SMITH"},{"data":"Setup","floor":8.0,"key":"SMITH"},{"floor":12.0,"key":"REST"},{"data":"Envenom","floor":15.0,"key":"SMITH"},{"floor":23.0,"key":"REST"},{"floor":25.0,"key":"REST"},{"floor":27.0,"key":"REST"},{"floor":32.0,"key":"REST"}],"circlet_count":0,"master_deck":["AscendersBane","Strike_G+1","Strike_G+1","Strike_G+1","Strike_G+1","Strike_G+1","Defend_G+1","Defend_G+1","Defend_G+1","Defend_G+1","Defend_G+1","Survivor","Neutralize","Blade Dance","Riddle With Holes","Dash+1","Setup+1","Dagger Spray","Envenom+1","Adrenaline","CurseOfTheBell","Blade Dance","Cloak And Dagger","Accuracy","Shame","Die Die Die","Bouncing Flask+1"],"relics":["Ring of the Snake","NeowsBlessing","PreservedInsect","Blue Candle","White Beast Statue","Blood Vial","Calling Bell","Tiny Chest","InkBottle","Girya","Sling","Kunai","Akabeko","Bag of Marbles"],"acts_visited":["Exordium","TheCity"],"potions_floor_usage":[33,33],"damage_taken":[{"damage":0.0,"enemies":"Jaw Worm","floor":1.0,"turns":1.0},{"damage":0.0,"enemies":"Cultist","floor":2.0,"turns":1.0},{"damage":0.0,"enemies":"2 Louse","floor":5.0,"turns":1.0},{"damage":26.0,"enemies":"Lagavulin","floor":7.0,"turns":6.0},{"damage":1.0,"enemies":"Large Slime","floor":10.0,"turns":5.0},{"damage":0.0,"enemies":"Gremlin Nob","floor":14.0,"turns":3.0},{"damage":64.0,"enemies":"Slime Boss","floor":16.0,"turns":13.0},{"damage":29.0,"enemies":"2 Thieves","floor":18.0,"turns":5.0},{"damage":13.0,"enemies":"Shell Parasite","floor":19.0,"turns":3.0},{"damage":25.0,"enemies":"Sentry and Sphere","floor":24.0,"turns":7.0},{"damage":28.0,"enemies":"Cultist and Chosen","floor":29.0,"turns":6.0},{"damage":31.0,"enemies":"Shelled Parasite and Fungi","floor":31.0,"turns":5.0},{"damage":31,"enemies":"Collector","floor":33,"turns":3}],"seed_played":"4670517979157603194","potions_obtained":[{"floor":1.0,"key":"EssenceOfSteel"},{"floor":2.0,"key":"Fruit Juice"},{"floor":7.0,"key":"Regen Potion"},{"floor":14.0,"key":"Poison Potion"},{"floor":16.0,"key":"Strength Potion"},{"floor":19.0,"key":"SmokeBomb"},{"floor":29.0,"key":"SpeedPotion"},{"floor":31.0,"key":"DuplicationPotion"}],"is_trial":false,"path_per_floor":["M","M","?","$","M","R","E","R","T","M","$","R","?","E","R","B",null,"M","M","?","?","$","R","M","R","T","R","?","M","T","M","R","B"],"character_chosen":"THE_SILENT","items_purchased":["Fire Potion","Sling","Accuracy"],"campfire_rested":5,"item_purchase_floors":[4,22,22],"current_hp_per_floor":[59,59,59,64,64,64,38,38,38,37,37,58,58,67,67,5,55,28,17,17,17,17,38,15,36,36,57,57,31,31,2,23,0,0],"gold":69,"neow_bonus":"THREE_ENEMY_KILL","is_daily":false,"chose_seed":false,"campfire_upgraded":3,"win_rate":0.0,"timestamp":1611469250,"path_taken":["M","M","?","?","?","R","E","R","T","M","$","R","?","E","R","BOSS","M","M","?","?","$","R","M","R","T","R","?","M","?","?","R","BOSS"],"items_purchased_type":["Potion","Relic","Card"],"build_version":"2020-12-22","purchased_purges":0,"victory":false,"max_hp_per_floor":[66,66,66,71,71,71,71,71,71,71,71,71,71,71,71,71,71,71,71,71,71,71,71,71,71,71,71,71,71,71,71,71,71,71],"card_choices":[{"not_picked":["Masterful Stab","PiercingWail"],"picked":"Blade Dance","floor":1.0},{"not_picked":["Bane","Deflect"],"picked":"Riddle With Holes","floor":2.0},{"not_picked":["Quick Slash","Choke"],"picked":"Dash","floor":5.0},{"not_picked":["Backflip","Outmaneuver"],"picked":"Setup","floor":7.0},{"not_picked":["All Out Attack","Backflip"],"picked":"Dagger Spray","floor":10.0},{"not_picked":["Prepared","Expertise"],"picked":"Envenom","floor":14.0},{"not_picked":["Die Die Die","Storm of Steel"],"picked":"Adrenaline","floor":16.0},{"not_picked":["Flying Knee","PiercingWail"],"picked":"Blade Dance","floor":18.0},{"not_picked":["Sucker Punch","Underhanded Strike"],"picked":"Cloak And Dagger","floor":19.0},{"not_picked":["Backflip","Dagger Spray"],"picked":"Die Die Die","floor":29.0},{"not_picked":["Choke+1","Concentrate"],"picked":"Bouncing Flask+1","floor":31.0}],"player_experience":1692267,"relics_obtained":[{"floor":7.0,"key":"Blue Candle"},{"floor":9.0,"key":"White Beast Statue"},{"floor":14.0,"key":"Blood Vial"},{"floor":17.0,"key":"Tiny Chest"},{"floor":17.0,"key":"InkBottle"},{"floor":17.0,"key":"Girya"},{"floor":26.0,"key":"Kunai"},{"floor":30.0,"key":"Bag of Marbles"}],"event_choices":[{"damage_healed":0.0,"max_hp_gain":0.0,"max_hp_loss":0.0,"gold_gain":0.0,"event_name":"WeMeetAgain","player_choice":"Paid Gold","floor":3.0,"gold_loss":50.0,"damage_taken":0.0,"relics_obtained":["PreservedInsect"]},{"damage_healed":0.0,"max_hp_gain":0.0,"max_hp_loss":0.0,"gold_gain":65.0,"event_name":"Golden Wing","player_choice":"Gained Gold","floor":13.0,"gold_loss":0.0,"damage_taken":0.0},{"damage_healed":0.0,"max_hp_gain":0.0,"max_hp_loss":0.0,"gold_gain":0.0,"event_name":"Ghosts","player_choice":"Ignored","floor":20.0,"gold_loss":0.0,"damage_taken":0.0},{"damage_healed":0.0,"max_hp_gain":0.0,"max_hp_loss":0.0,"gold_gain":0.0,"event_name":"Back to Basics","player_choice":"Simplicity","floor":21.0,"gold_loss":0.0,"damage_taken":0.0,"cards_upgraded":["Strike_G","Strike_G","Strike_G","Strike_G","Strike_G","Defend_G","Defend_G","Defend_G","Defend_G","Defend_G"]},{"damage_healed":0.0,"max_hp_gain":0.0,"max_hp_loss":0.0,"gold_gain":0.0,"event_name":"Addict","player_choice":"Stole Relic","floor":28.0,"gold_loss":0.0,"damage_taken":0.0,"relics_obtained":["Akabeko"],"cards_obtained":["Shame"]}],"is_beta":false,"boss_relics":[{"not_picked":["HoveringKite","Philosopher\u0027s Stone"],"picked":"Calling Bell"}],"items_purged_floors":[],"is_endless":false,"potions_floor_spawned":[1,2,7,10,14,16,18,19,24,29,31],"killed_by":"Collector","ascension_level":20}}