{"host":"dvpvhz1t6etneyb3","time":1611513993,"event":{"mods":["AchievementEnabler","BaseMod","Colored Map","Highlight Path","Minty Spire (QoL Compilation)","Permanent Neow","Quick Restart"],"gold_per_floor":[218,218,34,48,58,58,88,88,111,146,175,212,238,72,72,152,152,179,206,206,206,40,40,77,77,128,164,164,196,211,211,211,211,211],"floor_reached":33,"language":"ENG","playtime":1372,"items_purged":["Strike_G"],"score":642,"play_id":"d473b3fa-09a5-4e00-8a9b-3cbe5e845fda","local_time":"20210124134633","is_ascension_mode":true,"campfire_choices":[{"data":"Poisoned Stab","floor":6.0,"key":"SMITH"},{"floor":8.0,"key":"REST"},{"data":"Noxious Fumes","floor":15.0,"key":"SMITH"},{"floor":28.0,"key":"REST"},{"floor":32.0,"key":"REST"}],"circlet_count":0,"master_deck":["AscendersBane","Strike_G+1","Strike_G+1","Strike_G+1","Strike_G+1","Defend_G+1","Defend_G+1","Defend_G+1","Defend_G+1","Defend_G+1","Survivor","Neutralize","Die Die Die","Dagger Spray","Quick Slash","Poisoned Stab+1","Cloak And Dagger","Deadly Poison","Noxious Fumes+1","PiercingWail","Adrenaline","Dash+1","Backstab","Leg Sweep","Bullet Time"],"relics":["Ring of the Snake","CeramicFish","Ancient Tea Set","Lantern","StrikeDummy","Bronze Scales","SlaversCollar","MutagenicStrength","Oddly Smooth Stone","Bottled Flame","Vajra","Happy Flower","Bag of Marbles"],"acts_visited":["Exordium","TheCity"],"potions_floor_usage":[33,33],"damage_taken":[{"damage":8.0,"enemies":"Small Slimes","floor":1.0,"turns":6.0},{"damage":0.0,"enemies":"Cultist","floor":4.0,"turns":3.0},{"damage":0.0,"enemies":"2 Louse","floor":5.0,"turns":1.0},{"damage":24.0,"enemies":"Gremlin Nob","floor":7.0,"turns":4.0},{"damage":20.0,"enemies":"3 Sentries","floor":10.0,"turns":8.0},{"damage":4.0,"enemies":"Blue Slaver","floor":11.0,"turns":3.0},{"damage":5.0,"enemies":"Gremlin Nob","floor":12.0,"turns":3.0},{"damage":0.0,"enemies":"2 Fungi Beasts","floor":13.0,"turns":2.0},{"damage":11.0,"enemies":"The Guardian","floor":16.0,"turns":9.0},{"damage":0.0,"enemies":"3 Byrds","floor":18.0,"turns":3.0},{"damage":9.0,"enemies":"Shell Parasite","floor":19.0,"turns":6.0},{"damage":21.0,"enemies":"Gremlin Leader","floor":24.0,"turns":5.0},{"damage":19.0,"enemies":"Slavers","floor":27.0,"turns":5.0},{"damage":14.0,"enemies":"Book of Stabbing","floor":29.0,"turns":3.0},{"damage":0.0,"enemies":"Snecko","floor":30.0,"turns":1.0},{"damage":34,"enemies":"Collector","floor":33,"turns":8}],"seed_played":"7934008678634140681","potions_obtained":[{"floor":4.0,"key":"Explosive Potion"},{"floor":10.0,"key":"Fire Potion"},{"floor":11.0,"key":"SteroidPotion"},{"floor":13.0,"key":"GhostInAJar"},{"floor":18.0,"key":"DistilledChaos"},{"floor":27.0,"key":"FearPotion"},{"floor":30.0,"key":"Dexterity Potion"}],"is_trial":false,"path_per_floor":["M","?","$","M","M","R","E","R","T","E","M","E","M","$","R","B",null,"M","M","?","?","$","?","E","?","T","E","R","E","M","?","R","B"],"character_chosen":"THE_SILENT","items_purchased":["Dagger Spray","Quick Slash","Bronze Scales","Oddly Smooth Stone"],"campfire_rested":3,"item_purchase_floors":[3,3,14,22],"current_hp_per_floor":[51,51,51,51,51,51,27,46,46,26,22,17,17,17,17,6,51,51,42,42,42,42,55,34,28,28,9,28,14,14,14,33,0,0],"gold":211,"neow_bonus":"HUNDRED_GOLD","is_daily":false,"chose_seed":false,"campfire_upgraded":2,"win_rate":0.0,"timestamp":1611513993,"path_taken":["M","?","$","M","M","R","E","R","T","E","M","E","M","?","R","BOSS","M","M","?","?","$","?","E","?","T","E","R","E","?","?","R","BOSS"],"items_purchased_type":["Card","Card","Relic","Relic"],"build_version":"2020-12-22","purchased_purges":1,"victory":false,"max_hp_per_floor":[66,66,66,66,66,66,66,66,66,66,66,66,66,66,66,66,66,66,66,66,66,66,66,66,66,66,66,66,66,66,66,66,66,66],"card_choices":[{"not_picked":["Dodge and Roll","Deflect","Expertise"],"picked":"SKIP","floor":1.0},{"not_picked":["Dagger Spray","Outmaneuver"],"picked":"Poisoned Stab","floor":4.0},{"not_picked":["Unload","Underhanded Strike","Flying Knee"],"picked":"SKIP","floor":5.0},{"not_picked":["Slice","Acrobatics","Underhanded Strike"],"picked":"SKIP","floor":7.0},{"not_picked":["Outmaneuver","Finisher"],"picked":"Cloak And Dagger","floor":10.0},{"not_picked":["Reflex","Flying Knee"],"picked":"Deadly Poison","floor":11.0},{"not_picked":["Bane","Bouncing Flask"],"picked":"Noxious Fumes","floor":12.0},{"not_picked":["Cloak And Dagger","Slice"],"picked":"PiercingWail","floor":13.0},{"not_picked":["Unload","Storm of Steel"],"picked":"Adrenaline","floor":16.0},{"not_picked":["Bane+1","Dodge and Roll"],"picked":"Dash+1","floor":18.0},{"not_picked":["Dagger Spray","Blade Dance"],"picked":"Backstab","floor":19.0},{"not_picked":["Flechettes","Blur"],"picked":"Leg Sweep","floor":24.0},{"not_picked":["Blur","Prepared"],"picked":"Bullet Time","floor":27.0},{"not_picked":["Tactician","Bane","Sucker Punch"],"picked":"SKIP","floor":29.0},{"not_picked":["Expertise","Slice+1","Dodge and Roll"],"picked":"SKIP","floor":30.0}],"player_experience":2061739,"relics_obtained":[{"floor":7.0,"key":"CeramicFish"},{"floor":9.0,"key":"Ancient Tea Set"},{"floor":10.0,"key":"Lantern"},{"floor":12.0,"key":"StrikeDummy"},{"floor":24.0,"key":"Bottled Flame"},{"floor":26.0,"key":"Vajra"},{"floor":27.0,"key":"Happy Flower"},{"floor":29.0,"key":"Bag of Marbles"}],"event_choices":[{"damage_healed":0.0,"max_hp_gain":0.0,"max_hp_loss":0.0,"gold_gain":0.0,"event_name":"Match and Keep!","player_choice":"1 cards matched","floor":2.0,"gold_loss":0.0,"damage_taken":0.0,"cards_obtained":["Die Die Die"]},{"damage_healed":0.0,"max_hp_gain":0.0,"max_hp_loss":0.0,"gold_gain":0.0,"event_name":"Vampires","player_choice":"Ignored","floor":20.0,"gold_loss":0.0,"damage_taken":0.0},{"damage_healed":0.0,"max_hp_gain":0.0,"max_hp_loss":0.0,"gold_gain":0.0,"event_name":"Drug Dealer","player_choice":"Inject Mutagens","floor":21.0,"gold_loss":0.0,"damage_taken":0.0,"relics_obtained":["MutagenicStrength"]},{"damage_healed":13.0,"max_hp_gain":0.0,"max_hp_loss":0.0,"gold_gain":0.0,"event_name":"The Library","player_choice":"Heal","floor":23.0,"gold_loss":0.0,"damage_taken":0.0},{"damage_healed":0.0,"max_hp_gain":0.0,"max_hp_loss":0.0,"gold_gain":0.0,"event_name":"Knowing Skull","player_choice":"","floor":25.0,"potions_obtained":[],"gold_loss":0.0,"damage_taken":6.0,"cards_obtained":[]},{"damage_healed":0.0,"max_hp_gain":0.0,"max_hp_loss":0.0,"gold_gain":0.0,"event_name":"Back to Basics","player_choice":"Simplicity","floor":31.0,"gold_loss":0.0,"damage_taken":0.0,"cards_upgraded":["Strike_G","Strike_G","Strike_G","Strike_G","Defend_G","Defend_G","Defend_G","Defend_G","Defend_G"]}],"is_beta":false,"boss_relics":[{"not_picked":["Astrolabe","Pandora\u0027s Box"],"picked":"SlaversCollar"}],"items_purged_floors":[3],"is_endless":false,"potions_floor_spawned":[4,10,11,13,16,18,27,30],"killed_by":"Collector","ascension_level":20}}