{"host":"8p5c6x4qt9411139","time":1611512011,"event":{"mods":["BaseMod","Infinite Spire","Minty Spire (QoL Compilation)","Replay The Spire","Shop Mod","StSLib","The Animator"],"gold_per_floor":[18,35,54,68,82,117,117,67,67,94,112,144,161,161,174,174,275,275,287,287,287,306,57,57,57,77,101,101,101,101,101,126,126],"floor_reached":32,"language":"ENG","playtime":975,"items_purged":[],"score":302,"play_id":"ed4af026-162d-405d-93d7-ef8af7f12a4d","local_time":"20210124101331","is_ascension_mode":false,"campfire_choices":[{"data":"Feed","floor":7,"key":"SMITH"},{"data":"Carnage","floor":9,"key":"SMITH"},{"data":"Run Through","floor":14,"key":"SMITH"},{"floor":16,"key":"DIG"},{"data":"Metallicize","floor":24,"key":"SMITH"},{"data":"Whirlwind","floor":28,"key":"SMITH"}],"circlet_count":0,"master_deck":["Defend_R","Defend_R","Defend_R","Bash","Feed+1","Run Through+1","Carnage+1","Pommel Strike","Rage","Headbutt","Immolate+1","Juggernaut","CurseOfTheBell","Bite","Bite","Bite","Bite","Bite","ReplayTheSpireMod:Limb From Limb+1","Whirlwind+1","HandOfGreed+1","Metallicize","Metallicize+1","Spot Weakness+1","infinitespire:FutureSight+1"],"relics":["Burning Blood","infinitespire:Joker Card","Whetstone","Strawberry","Blue Doll","Calling Bell","Juzu Bracelet","Toxic Egg 2","Another Sword","Membership Card","infinitespire:PuzzleCube","Enchiridion"],"acts_visited":["Exordium","TheCity"],"potions_floor_usage":[4,6,17,22],"damage_taken":[{"damage":8,"enemies":"Jaw Worm","floor":1,"turns":3},{"damage":10,"enemies":"Small Slimes","floor":2,"turns":4},{"damage":15,"enemies":"Cultist","floor":3,"turns":4},{"damage":6,"enemies":"Lots of Slimes","floor":4,"turns":4},{"damage":20,"enemies":"Exordium Wildlife","floor":5,"turns":4},{"damage":23,"enemies":"Gremlin Nob","floor":6,"turns":4},{"damage":6,"enemies":"3 Louse","floor":11,"turns":3},{"damage":0,"enemies":"Replay:BlueRogue","floor":12,"turns":3},{"damage":12,"enemies":"Blue Slaver","floor":13,"turns":3},{"damage":0,"enemies":"2 Fungi Beasts","floor":15,"turns":3},{"damage":8,"enemies":"Slime Boss","floor":17,"turns":6},{"damage":10,"enemies":"Spheric Guardian","floor":19,"turns":3},{"damage":32,"enemies":"3 Byrds","floor":22,"turns":4},{"damage":32,"enemies":"Cultist and Chosen","floor":26,"turns":6},{"damage":25,"enemies":"Centurion and Healer","floor":32,"turns":2}],"seed_played":"33438","potions_obtained":[{"floor":1,"key":"Energy Potion"},{"floor":4,"key":"Languid Potion"},{"floor":6,"key":"SkillPotion"},{"floor":11,"key":"LiquidBronze"},{"floor":12,"key":"EntropicBrew"},{"floor":17,"key":"Energy Potion"},{"floor":22,"key":"Dexterity Potion"}],"is_trial":false,"path_per_floor":["M","M","M","M","M","E","R","?","R","T","M","E","M","R","M","R","B",null,"M","?","?","M","$","R","?","M","T","R","?","AVR","?","M"],"character_chosen":"IRONCLAD","items_purchased":["Membership Card","Whirlwind","HandOfGreed+1","Metallicize"],"campfire_rested":0,"item_purchase_floors":[23,23,23,23],"current_hp_per_floor":[81,80,74,77,66,49,49,49,49,49,53,66,64,64,74,74,72,114,110,79,79,57,57,57,57,35,35,35,35,35,19,0,0],"gold":126,"neow_bonus":"THREE_RARE_CARDS","is_daily":false,"chose_seed":true,"campfire_upgraded":5,"win_rate":0.0,"timestamp":1611512011,"path_taken":["M","M","M","M","M","E","R","?","R","T","M","E","M","R","M","R","BOSS","M","?","?","M","$","R","?","M","T","R","?","AVR","?","M"],"items_purchased_type":["Relic","Card","Card","Card"],"build_version":"2020-12-22","purchased_purges":0,"victory":false,"max_hp_per_floor":[83,86,89,92,95,95,95,95,95,95,99,106,110,110,114,114,114,114,114,79,79,79,79,79,79,83,83,83,83,83,83,83,83],"card_choices":[{"not_picked":["Barricade","Limit Break"],"picked":"Feed","floor":0},{"not_picked":["Armaments","Flex"],"picked":"Run Through","floor":1},{"not_picked":["Run Through","Sword Boomerang","ReplayReversal"],"picked":"SKIP","floor":2},{"not_picked":["Spot Weakness","Warcry"],"picked":"Carnage","floor":3},{"not_picked":["Searing Blow","Twin Strike"],"picked":"Pommel Strike","floor":4},{"not_picked":["Body Slam","Seeing Red"],"picked":"Rage","floor":5},{"not_picked":["Burning Pact","Pommel Strike","Seeing Red"],"picked":"SKIP","floor":6},{"not_picked":["Anger","Second Wind","ReplayTheSpireMod:Strike From Hell"],"picked":"SKIP","floor":11},{"not_picked":["Thunderclap","ReplayTheSpireMod:Corrosion Curse","ReplayTheSpireMod:Strike From Hell"],"picked":"SKIP","floor":12},{"not_picked":["Abandon","Entrench"],"picked":"Headbutt","floor":13},{"not_picked":["Wild Strike","Warcry"],"picked":"Immolate","floor":15},{"not_picked":["Brutality","Hemogenesis"],"picked":"Juggernaut","floor":17},{"not_picked":["Heavy Blade+1","Pommel Strike","Anger"],"picked":"SKIP","floor":19},{"not_picked":["Shockwave+1","Perfected Strike"],"picked":"ReplayTheSpireMod:Limb From Limb+1","floor":22},{"not_picked":["Defy Death+1","Sword Boomerang"],"picked":"Spot Weakness+1","floor":26}],"player_experience":385650,"relics_obtained":[{"floor":6,"key":"infinitespire:Joker Card"},{"floor":10,"key":"Whetstone"},{"floor":12,"key":"Strawberry"},{"floor":16,"key":"Blue Doll"},{"floor":18,"key":"Juzu Bracelet"},{"floor":18,"key":"Toxic Egg 2"},{"floor":18,"key":"Another Sword"},{"floor":27,"key":"infinitespire:PuzzleCube"},{"floor":31,"key":"Enchiridion"}],"event_choices":[{"cards_removed":["Strike_R"],"damage_healed":0,"gold_gain":0,"player_choice":"Card Removal","damage_taken":0,"max_hp_gain":0,"max_hp_loss":0,"event_name":"The Cleric","floor":8,"gold_loss":50},{"damage_healed":0,"gold_gain":0,"player_choice":"Became a vampire","damage_taken":0,"max_hp_gain":0,"max_hp_loss":35,"event_name":"Vampires","floor":20,"gold_loss":0,"cards_obtained":["Bite","Bite","Bite","Bite","Bite"]},{"cards_removed":["Defend_R"],"damage_healed":0,"gold_gain":0,"player_choice":"Purged","damage_taken":0,"max_hp_gain":0,"max_hp_loss":0,"event_name":"Purifier","floor":21,"gold_loss":0},{"damage_healed":0,"gold_gain":0,"player_choice":"Forge","damage_taken":0,"max_hp_gain":0,"max_hp_loss":0,"event_name":"Accursed Blacksmith","floor":25,"gold_loss":0,"cards_upgraded":["Immolate"]},{"damage_healed":0,"gold_gain":0,"player_choice":"Ignored","damage_taken":0,"max_hp_gain":0,"max_hp_loss":0,"event_name":"Ghosts","floor":29,"gold_loss":0},{"damage_healed":0,"gold_gain":0,"player_choice":"Obtained Book","damage_taken":16,"max_hp_gain":0,"max_hp_loss":0,"event_name":"Cursed Tome","floor":31,"gold_loss":0}],"is_beta":false,"boss_relics":[{"not_picked":["Snecko Eye","Tiny House"],"picked":"Calling Bell"}],"items_purged_floors":[],"is_endless":false,"potions_floor_spawned":[1,4,6,11,12,17,22,26],"killed_by":"Centurion and Healer","ascension_level":0}}