{"host":"92108ef2q9tm8rod","time":1611510775,"event":{"mods":["BaseMod","Defuse TimeMaze Blight","Minty Spire (QoL Compilation)","StSLib","The Jungle"],"gold_per_floor":[114,131,80,91,110,110,140,173,218,218,229,244,259,259,259,358,408,423,423,230,230,240,240,240,260,260,260,279,279,312,115,115,212,212,229,229,243,261,276,303,336,336,415,446,446,383,383,401,401,401],"floor_reached":51,"language":"ENG","playtime":2676,"items_purged":["Thunderclap+1","Pummel","Deadly Poison"],"score":842,"play_id":"8c94692b-5bde-4d67-a56b-889965e1992b","local_time":"20210124175255","daily_mods":["SealedDeck","Red Cards","Heirloom","Flight"],"is_ascension_mode":false,"campfire_choices":[{"data":"Armaments","floor":6.0,"key":"SMITH"},{"data":"Caltrops","floor":10.0,"key":"SMITH"},{"data":"Caltrops","floor":15.0,"key":"SMITH"},{"data":"Body Slam","floor":23.0,"key":"SMITH"},{"data":"Feel No Pain","floor":24.0,"key":"SMITH"},{"data":"Juggernaut","floor":27.0,"key":"SMITH"},{"data":"Fire Breathing","floor":29.0,"key":"SMITH"},{"data":"Deflect","floor":32.0,"key":"SMITH"},{"floor":42,"key":"REST"},{"floor":45,"key":"REST"},{"floor":47,"key":"REST"},{"data":"Deflect","floor":49,"key":"SMITH"}],"circlet_count":0,"master_deck":["Shrug It Off","Bane+1","Deflect+1","Caltrops+1","Backflip","Deflect+1","Pummel","Intimidate","Flame Barrier+1","Feel No Pain+1","Armaments+1","Caltrops+1","Fire Breathing+1","Body Slam+1","Juggernaut+1"],"relics":["Ring of the Snake","Bird Faced Urn","Torii","StrikeDummy","Whetstone","Tiny House","Pocketwatch","Membership Card","Darkstone Periapt","PreservedInsect","Oddly Smooth Stone","Lee\u0027s Waffle","HoveringKite","Prayer Wheel","Ancient Tea Set","Bottled Lightning","HornCleat"],"acts_visited":["Exordium","Exordium","TheBeyond"],"potions_floor_usage":[41,50],"damage_taken":[{"damage":0.0,"enemies":"Small Slimes","floor":1.0,"turns":3.0},{"damage":0.0,"enemies":"Cultist","floor":2.0,"turns":3.0},{"damage":0.0,"enemies":"2 Louse","floor":4.0,"turns":3.0},{"damage":9.0,"enemies":"Large Slime","floor":5.0,"turns":7.0},{"damage":0.0,"enemies":"3 Sentries","floor":7.0,"turns":8.0},{"damage":2.0,"enemies":"Gremlin Nob","floor":8.0,"turns":4.0},{"damage":0.0,"enemies":"Exordium Thugs","floor":11.0,"turns":6.0},{"damage":0.0,"enemies":"Looter","floor":12.0,"turns":3.0},{"damage":0.0,"enemies":"Gremlin Gang","floor":13.0,"turns":2.0},{"damage":0.0,"enemies":"The Guardian","floor":16.0,"turns":10.0},{"damage":1.0,"enemies":"Shell Parasite","floor":18.0,"turns":5.0},{"damage":17.0,"enemies":"theJungle:Flameango_and_Byrd","floor":22.0,"turns":5.0},{"damage":0.0,"enemies":"theJungle:JungleHuntersEncounter","floor":25.0,"turns":6.0},{"damage":10.0,"enemies":"theJungle:2_Snecko_Cultists","floor":28.0,"turns":4.0},{"damage":1.0,"enemies":"theJungle:Cassacara","floor":30.0,"turns":7.0},{"damage":26.0,"enemies":"theJungle:TotemBoss","floor":33.0,"turns":8.0},{"damage":0,"enemies":"3 Shapes","floor":35,"turns":3},{"damage":19,"enemies":"Orb Walker","floor":37,"turns":4},{"damage":1,"enemies":"Sphere and 2 Shapes","floor":38,"turns":6},{"damage":0,"enemies":"Maw","floor":39,"turns":8},{"damage":60,"enemies":"Reptomancer","floor":40,"turns":5},{"damage":17,"enemies":"Giant Head","floor":41,"turns":7},{"damage":20,"enemies":"Reptomancer","floor":44,"turns":5},{"damage":0,"enemies":"3 Darklings","floor":48,"turns":5},{"damage":1,"enemies":"Time Eater","floor":50,"turns":8}],"seed_played":"-6930586505741749518","potions_obtained":[{"floor":2.0,"key":"DuplicationPotion"},{"floor":4.0,"key":"BlessingOfTheForge"},{"floor":12.0,"key":"ColorlessPotion"},{"floor":13.0,"key":"Energy Potion"},{"floor":16.0,"key":"AttackPotion"},{"floor":17.0,"key":"CultistPotion"},{"floor":35,"key":"SpeedPotion"},{"floor":40,"key":"CultistPotion"},{"floor":41,"key":"Ancient Potion"},{"floor":48,"key":"Energy Potion"}],"is_trial":true,"path_per_floor":["M","M","$","M","M","R","E","E","T","R","M","M","M","?","R","B",null,"M","T","$","$","M","R","R","M","T","R","M","R","E","$","R","B",null,"M","?","M","M","M","E","E","R","T","E","R","$","R","M","R","B",null],"character_chosen":"THE_SILENT","items_purchased":["Deadly Poison","Membership Card","Oddly Smooth Stone","Lee\u0027s Waffle"],"campfire_rested":3,"item_purchase_floors":[3,20,31,31],"current_hp_per_floor":[70,70,70,70,63,63,65,67,67,67,70,70,70,70,70,70,75,74,74,74,74,60,60,60,68,68,68,66,66,74,82,82,60,82,82,82,63,70,80,26,19,43,43,31,55,55,79,82,82,81],"gold":401,"neow_bonus":"","is_daily":false,"chose_seed":false,"campfire_upgraded":9,"win_rate":0.0,"timestamp":1611510775,"path_taken":["M","M","$","M","M","R","E","E","T","R","M","M","M","?","R","BOSS","M","?","$","$","M","R","R","M","T","R","M","R","E","$","R","BOSS","M","?","M","M","M","E","E","R","T","E","R","$","R","M","R","BOSS"],"items_purchased_type":["Card","Relic","Relic","Relic"],"build_version":"2020-12-22","purchased_purges":3,"victory":true,"max_hp_per_floor":[70,70,70,70,70,70,70,70,70,70,70,70,70,70,70,70,75,75,75,75,75,75,75,75,75,75,75,75,75,75,82,82,82,82,82,82,82,82,82,82,82,82,82,82,82,82,82,82,82,82],"card_choices":[{"not_picked":["Iron Wave","Flex"],"picked":"Intimidate","floor":1.0},{"not_picked":["Poisoned Stab","Carnage"],"picked":"Flame Barrier","floor":2.0},{"not_picked":["Acrobatics","Thunderclap"],"picked":"Feel No Pain","floor":4.0},{"not_picked":["True Grit","Acrobatics"],"picked":"Armaments","floor":5.0},{"not_picked":["Thunderclap","Masterful Stab","Intimidate"],"picked":"SKIP","floor":7.0},{"not_picked":["Concentrate","Seeing Red","Clash"],"picked":"SKIP","floor":8.0},{"not_picked":["Leg Sweep","Berserk"],"picked":"Caltrops","floor":11.0},{"not_picked":["Perfected Strike","Clothesline","Dagger Spray"],"picked":"SKIP","floor":12.0},{"not_picked":["Dodge and Roll","Havoc"],"picked":"Fire Breathing","floor":13.0},{"not_picked":["Calculated Gamble","Skewer"],"picked":"Body Slam","floor":17.0},{"not_picked":["Outmaneuver","Perfected Strike+1","Poisoned Stab"],"picked":"SKIP","floor":18.0},{"not_picked":["Quick Slash","Sever Soul","Bloodletting"],"picked":"SKIP","floor":22.0},{"not_picked":["Wild Strike","Seeing Red"],"picked":"Juggernaut","floor":25.0},{"not_picked":["Dagger Throw","Power Through","Spot Weakness"],"picked":"SKIP","floor":28.0},{"not_picked":["Headbutt","Predator","Tactician"],"picked":"SKIP","floor":30.0},{"not_picked":["Underhanded Strike+1","Sword Boomerang+1","Anger"],"picked":"SKIP","floor":35},{"not_picked":["Metallicize","Entrench","Cleave+1"],"picked":"SKIP","floor":37},{"not_picked":["Carnage","Shrug It Off+1","Searing Blow+1"],"picked":"SKIP","floor":38},{"not_picked":["True Grit+1","Bane+1","Terror+1"],"picked":"SKIP","floor":39},{"not_picked":["Outmaneuver","Thunderclap+1","Pummel+1"],"picked":"SKIP","floor":40},{"not_picked":["Underhanded Strike+1","Sword Boomerang","Phantasmal Killer"],"picked":"SKIP","floor":41},{"not_picked":["Armaments+1","Dodge and Roll+1","Clash"],"picked":"SKIP","floor":44},{"not_picked":["Flex","Cleave","Dagger Spray+1"],"picked":"SKIP","floor":48},{"not_picked":["Slice+1","Pommel Strike+1","Flying Knee"],"picked":"SKIP","floor":48}],"player_experience":3333683,"relics_obtained":[{"floor":7.0,"key":"Torii"},{"floor":8.0,"key":"StrikeDummy"},{"floor":9.0,"key":"Whetstone"},{"floor":19.0,"key":"Pocketwatch"},{"floor":26.0,"key":"Darkstone Periapt"},{"floor":30.0,"key":"PreservedInsect"},{"floor":40,"key":"Prayer Wheel"},{"floor":41,"key":"Ancient Tea Set"},{"floor":43,"key":"Bottled Lightning"},{"floor":44,"key":"HornCleat"}],"event_choices":[{"cards_removed":["Poisoned Stab"],"damage_healed":0.0,"max_hp_gain":0.0,"max_hp_loss":0.0,"gold_gain":0.0,"event_name":"Purifier","player_choice":"Purged","floor":14.0,"gold_loss":0.0,"damage_taken":0.0},{"damage_healed":0,"gold_gain":0,"player_choice":"Memory 1","damage_taken":0,"max_hp_gain":0,"max_hp_loss":0,"event_name":"SensoryStone","floor":36,"gold_loss":0}],"is_beta":false,"boss_relics":[{"not_picked":["Sozu","Velvet Choker"],"picked":"Tiny House"},{"not_picked":["Philosopher\u0027s Stone","Calling Bell"],"picked":"HoveringKite"}],"items_purged_floors":[20,31,46],"is_endless":false,"potions_floor_spawned":[2,4,12,13,16,28,35,40,41,48],"ascension_level":0}}