{"host":"minbhrtlkaoly5f0","time":1611507523,"event":{"mods":["Act Like it!","BaseMod","Colored Map","Lobotomy","LobotomyExtend","Minty Spire (QoL Compilation)","Quick Restart","StSLib"],"gold_per_floor":[116,132,145,155,155,155,155,155,155,155,155,10,24,57,57,177,177,192,192,192,192,192],"floor_reached":19,"language":"ZHS","playtime":556,"items_purged":["SpecialBullet"],"score":192,"play_id":"19e5001e-b06b-49f1-8c26-5ec4fb286224","local_time":"20210125005843","is_ascension_mode":false,"campfire_choices":[],"circlet_count":0,"master_deck":["SpecialBullet","SpecialBullet","SpecialBullet","SpecialBullet","SpecialBullet","InformationCode","SecurityCode","DisciplinaryCode","SpiderBud","Lantern","CrumblingArmor","Horn","Gaze","Scorched","CentralCode","WelfareCode","FeatherOfHonor","WallGazer","FourthMatchFlame","Mercenary","RapturousDream","Twilight","DespairKnight","ExtractionCode","HappyTeddy"],"relics":["CogitoBucket","LetterFromLob","Golden Idol","Pear","Lantern","Coffee Dripper","ResearcherNote"],"acts_visited":[],"potions_floor_usage":[14,19],"damage_taken":[{"damage":6.0,"enemies":"Cultist","floor":1.0,"turns":3.0},{"damage":0.0,"enemies":"Small Slimes","floor":2.0,"turns":3.0},{"damage":6.0,"enemies":"2 Louse","floor":3.0,"turns":2.0},{"damage":25.0,"enemies":"Red Slaver","floor":4.0,"turns":2.0},{"damage":0,"enemies":"2 Fungi Beasts","floor":13,"turns":2},{"damage":2,"enemies":"Lagavulin","floor":14,"turns":5},{"damage":18,"enemies":"Slime Boss","floor":16,"turns":6},{"damage":13,"enemies":"Shell Parasite","floor":18,"turns":1},{"damage":20,"enemies":"2 Thieves","floor":19,"turns":2},{"damage":75,"enemies":"2 Thieves","floor":19,"turns":2}],"seed_played":"3646797212227824155","potions_obtained":[{"floor":3.0,"key":"ColorlessPotion"},{"floor":14,"key":"AttackPotion"}],"is_trial":false,"path_per_floor":["M","M","M","M","?","R","?","R","T","?","R","$","M","E","R","B",null,"M","M"],"character_chosen":"Angela","items_purchased":["FeatherOfHonor"],"campfire_rested":0,"item_purchase_floors":[12],"current_hp_per_floor":[70,70,70,53,46,46,29,29,29,14,14,14,22,28,28,18,80,75,55,55,0,0],"gold":192,"neow_bonus":"REMOVE_CARD","is_daily":false,"chose_seed":false,"campfire_upgraded":0,"win_rate":0.0,"timestamp":1611507523,"path_taken":["M","M","M","M","?","R","?","R","T","?","R","$","M","E","R","BOSS","M","M"],"items_purchased_type":["Card"],"build_version":"2020-12-22","purchased_purges":1,"victory":false,"max_hp_per_floor":[70,70,70,70,70,70,70,70,70,80,80,80,80,80,80,80,80,80,80,80,80,80],"card_choices":[{"not_picked":["MeatLantern","Scorched"],"picked":"SpiderBud","floor":1.0},{"not_picked":["Galaxy"],"picked":"Lantern","floor":1.0},{"not_picked":["PunishingBird","CherryBlossoms"],"picked":"CrumblingArmor","floor":2.0},{"not_picked":["WristCuter"],"picked":"Horn","floor":2.0},{"not_picked":["WristCuter"],"picked":"Gaze","floor":3.0},{"not_picked":["PunishingBird","Wellcheers"],"picked":"Scorched","floor":4.0},{"not_picked":["FourthMatchFlame","Horn"],"picked":"SKIP","floor":4.0},{"not_picked":["FieryBird","BeautyBeast"],"picked":"WallGazer","floor":13},{"not_picked":["FeatherOfHonor"],"picked":"FourthMatchFlame","floor":13},{"not_picked":["LittlePrince","Wellcheers"],"picked":"Mercenary","floor":14},{"not_picked":["SoundOfStar"],"picked":"RapturousDream","floor":14},{"not_picked":["CENSORED_ego"],"picked":"Twilight","floor":16},{"not_picked":["Murderer","BeautyBeast"],"picked":"DespairKnight","floor":16},{"not_picked":["BigBird","GalaxyChild"],"picked":"HappyTeddy","floor":18},{"not_picked":["Regret_ego+1","RedEyes"],"picked":"SKIP","floor":18}],"player_experience":46385,"relics_obtained":[{"floor":1.0,"key":"LetterFromLob"},{"floor":14,"key":"Lantern"}],"event_choices":[{"cards_removed":["SpecialBullet"],"damage_healed":0.0,"max_hp_gain":0.0,"max_hp_loss":0.0,"gold_gain":0.0,"event_name":"Golden Wing","player_choice":"Card Removal","floor":5.0,"gold_loss":0.0,"damage_taken":7.0},{"damage_healed":0.0,"max_hp_gain":0.0,"max_hp_loss":0.0,"gold_gain":0.0,"event_name":"Golden Idol","player_choice":"Take Damage","floor":7.0,"gold_loss":0.0,"damage_taken":17.0,"relics_obtained":["Golden Idol"]},{"damage_healed":0.0,"max_hp_gain":0.0,"max_hp_loss":0.0,"gold_gain":0.0,"event_name":"Scrap Ooze","player_choice":"Success","floor":10.0,"gold_loss":0.0,"damage_taken":25.0,"relics_obtained":["Pear"]}],"is_beta":false,"boss_relics":[{"not_picked":["Tiny House","Black Star"],"picked":"Coffee Dripper"}],"items_purged_floors":[12],"is_endless":false,"potions_floor_spawned":[3,14],"killed_by":"2 Thieves","ascension_level":0}}