{"host":"ws4mzzemcqsz5e2k","time":1611476866,"event":{"mods":["Act Like it!","BaseMod","Colored Powertips","Downfall","Minty Spire (QoL Compilation)","Quick Restart","StSLib","没有小屋子和绿帽子啦"],"gold_per_floor":[99,117,135,155,167,177,177,177,177,195,195,195,195],"floor_reached":11,"language":"ZHS","playtime":332,"items_purged":[],"score":134,"play_id":"8fccd26d-1803-4e63-abd2-1780d521ef15","local_time":"20210124162746","daily_mods":["Heirloom","downfall:Lament","Elite Swarm","Uncertain Future"],"is_ascension_mode":true,"campfire_choices":[{"data":"bronze:Goto","floor":1,"key":"SMITH"},{"data":"bronze:Replicate","floor":8,"key":"SMITH"}],"circlet_count":0,"master_deck":["AscendersBane","bronze:Strike","bronze:Strike","bronze:Strike","bronze:Strike","bronze:Defend","bronze:Defend","bronze:Defend","bronze:Defend","bronze:Replicate+1","bronze:Goto+1","bronze:ChosenStrike","bronze:ClassDefault"],"relics":["bronze:BronzeCore","NeowsBlessing","Turnip","Meat on the Bone"],"acts_visited":["Exordium"],"potions_floor_usage":[],"damage_taken":[{"damage":0,"enemies":"Cultist","floor":2,"turns":1},{"damage":0,"enemies":"Jaw Worm","floor":3,"turns":1},{"damage":0,"enemies":"2 Louse","floor":4,"turns":1},{"damage":26,"enemies":"3 Louse","floor":5,"turns":3},{"damage":13,"enemies":"Large Slime","floor":6,"turns":8},{"damage":13,"enemies":"Blue Slaver","floor":10,"turns":4},{"damage":40,"enemies":"Lagavulin","floor":11,"turns":4}],"seed_played":"-6127817240156543837","potions_obtained":[{"floor":2,"key":"champ:CounterPotion"},{"floor":3,"key":"SpeedPotion"}],"is_trial":true,"path_per_floor":["R","M","M","M","M","M","T","R","?","M","E"],"character_chosen":"THE_AUTOMATON","items_purchased":[],"campfire_rested":0,"item_purchase_floors":[],"current_hp_per_floor":[57,57,57,57,31,18,18,18,39,38,0,0,0],"gold":195,"neow_bonus":"","is_daily":false,"chose_seed":false,"campfire_upgraded":2,"win_rate":0.0,"timestamp":1611476866,"path_taken":["R","M","M","?","M","?","T","R","?","M","E"],"items_purchased_type":[],"build_version":"2020-12-22","purchased_purges":0,"victory":false,"max_hp_per_floor":[63,63,63,63,63,63,63,63,63,63,63,63,63],"card_choices":[{"not_picked":["bronze:CutThrough","bronze:DelayedGuard"],"picked":"bronze:ChosenStrike","floor":2},{"not_picked":["bronze:ChildClass","bronze:Optimize"],"picked":"bronze:ClassDefault","floor":3},{"not_picked":["bronze:WhirlingStrike","bronze:Flail","bronze:Invalidate"],"picked":"SKIP","floor":4},{"not_picked":["bronze:DelayedSlice","bronze:Repulsor","bronze:CutThrough"],"picked":"SKIP","floor":5},{"not_picked":["bronze:ItsAFeature","bronze:DelayedGuard","bronze:WhirlingStrike"],"picked":"SKIP","floor":6},{"not_picked":["bronze:OilSpill","bronze:DelayedSlice","bronze:NullPointer"],"picked":"SKIP","floor":10}],"player_experience":1667345,"relics_obtained":[{"floor":7,"key":"Meat on the Bone"}],"event_choices":[{"damage_healed":21,"gold_gain":0,"player_choice":"Banana","damage_taken":0,"max_hp_gain":0,"max_hp_loss":0,"event_name":"Big Fish","floor":9,"gold_loss":0}],"is_beta":false,"boss_relics":[],"items_purged_floors":[],"is_endless":true,"potions_floor_spawned":[2,3,5],"killed_by":"Lagavulin","ascension_level":20}}