{"host":"j4g6ia6asvpyu2b0","time":1611528328,"event":{"mods":["BaseMod","Colored Map","Minty Spire (QoL Compilation)","Permanent Neow","Quick Restart","Relic Stats","StSLib","Unceasing Turn Reminder"],"gold_per_floor":[111,111,126,137,137,167,167,167,167],"floor_reached":8,"language":"ENG","playtime":235,"items_purged":[],"score":109,"play_id":"3d3ca11a-5926-4896-b1bf-76e647d46bea","local_time":"20210124154528","is_ascension_mode":true,"campfire_choices":[{"data":"Bash","floor":7,"key":"SMITH"}],"circlet_count":0,"master_deck":["AscendersBane","Strike_R","Strike_R","Strike_R","Strike_R","Strike_R","Defend_R","Defend_R","Defend_R","Defend_R","Bash+1","Perfected Strike","Shrug It Off","Decay","Thunderclap"],"relics":["Burning Blood","Blood Vial","Bag of Marbles"],"acts_visited":["Exordium"],"potions_floor_usage":[6],"damage_taken":[{"damage":3,"enemies":"Small Slimes","floor":1,"turns":4},{"damage":12,"enemies":"Cultist","floor":3,"turns":4},{"damage":3,"enemies":"2 Louse","floor":4,"turns":3},{"damage":56,"enemies":"3 Sentries","floor":6,"turns":13},{"damage":32,"enemies":"Gremlin Nob","floor":8,"turns":3}],"seed_played":"4577976230324189149","potions_obtained":[{"floor":0,"key":"CultistPotion"},{"floor":0,"key":"SkillPotion"},{"floor":4,"key":"Block Potion"},{"floor":6,"key":"Swift Potion"}],"is_trial":false,"path_per_floor":["M","?","M","M","?","E","R","E"],"character_chosen":"IRONCLAD","items_purchased":[],"campfire_rested":0,"item_purchase_floors":[],"current_hp_per_floor":[71,71,67,72,72,24,24,0,0],"gold":167,"neow_bonus":"THREE_SMALL_POTIONS","is_daily":false,"chose_seed":false,"campfire_upgraded":1,"win_rate":0.0,"timestamp":1611528328,"path_taken":["M","?","M","?","?","E","R","E"],"items_purchased_type":[],"build_version":"2020-12-22","purchased_purges":0,"victory":false,"max_hp_per_floor":[75,75,75,75,75,75,75,75,75],"relic_stats":{"Blood Vial":8,"counters":[5,27],"obtain_stats":[{"Blood Vial":2,"Bag of Marbles":6,"Burning Blood":0},{"Blood Vial":1,"Bag of Marbles":4,"Burning Blood":0},{"Blood Vial":4,"Bag of Marbles":24,"Burning Blood":0}],"Burning Blood":24},"card_choices":[{"not_picked":["Power Through","Sentinel","Heavy Blade"],"picked":"SKIP","floor":1},{"not_picked":["Wild Strike","Warcry"],"picked":"Perfected Strike","floor":3},{"not_picked":["Sword Boomerang","Flex"],"picked":"Shrug It Off","floor":4},{"not_picked":["Reckless Charge","True Grit"],"picked":"Thunderclap","floor":6}],"player_experience":995908,"relics_obtained":[{"floor":6,"key":"Bag of Marbles"}],"event_choices":[{"damage_healed":0,"gold_gain":0,"player_choice":"Gave Potion","damage_taken":0,"relics_obtained":["Blood Vial"],"max_hp_gain":0,"max_hp_loss":0,"event_name":"WeMeetAgain","floor":2,"gold_loss":0},{"damage_healed":0,"gold_gain":0,"player_choice":"Cursed","damage_taken":0,"max_hp_gain":0,"max_hp_loss":0,"event_name":"Wheel of Change","floor":5,"gold_loss":0,"cards_obtained":["Decay"]}],"is_beta":false,"boss_relics":[],"items_purged_floors":[],"is_endless":false,"potions_floor_spawned":[4,6],"killed_by":"Gremlin Nob","ascension_level":19}}