{"host":"ktoxvvst1mwxww91","time":1611500844,"event":{"mods":["BaseMod","Downfall","Hermit","Minty Spire (QoL Compilation)","StSLib","The Blackbeard","The Hierophant","The Mystic","The Necromancer"],"gold_per_floor":[99,109,109,19,36,21,44,77,77,77,108,108,128,141,154,258,258,158,174,174,174,194,194,194,12,12,0,29,129,129,129,143,246,246,246,258,56,75,88,120,120,120,120,120,120],"floor_reached":43,"language":"ENG","playtime":1713,"items_purged":["Regret","bronze:Strike","Doubt"],"score":652,"play_id":"1158411e-43de-47ca-96ac-c39fa962bf84","local_time":"20210124160724","is_ascension_mode":true,"campfire_choices":[{"floor":1,"key":"RECALL"},{"floor":9,"key":"REST"},{"floor":18,"key":"REST"},{"floor":26,"key":"REST"},{"floor":30,"key":"REST"},{"floor":35,"key":"REST"}],"circlet_count":0,"master_deck":["bronze:Strike","bronze:Strike","bronze:Defend+1","bronze:Defend","bronze:Defend+1","bronze:Defend","bronze:Replicate+1","bronze:Goto","bronze:Overheat","bronze:Format","bronze:InfiniteBeams","bronze:DelayedSlice","bronze:BugBarrage","bronze:WhirlingStrike","bronze:BronzeArmor","bronze:WhirlingStrike","bronze:Fortify+1","bronze:Verify","bronze:Deprecate+1","Clumsy","bronze:ForceShield","bronze:Shield","bronze:Repulsor","bronze:BurnOut","bronze:Repair+1","Parasite","bronze:Break","bronze:Philosophize+1","bronze:BurnOut","bronze:DigitalCarnage+1","bronze:Constructor","bronze:Safeguard","bronze:BugBarrage+1","bronze:Shell+1","Doubt","Regret","Injury","downfall:Icky"],"relics":["Fusion Hammer","bronze:Timepiece","Regal Pillow","Akabeko","Mummified Hand","Spirit Poop","bronze:ElectromagneticCoil","downfall:HeartBlessingRed","Anchor","Shuriken","Nunchaku","downfall:ExtraCursedKey","Busted Crown","HandDrill","Bottled Lightning","Toxic Egg 2","CaptainsWheel"],"acts_visited":["Exordium","TheCity","TheBeyond"],"potions_floor_usage":[16,16,28,28,32,33,40,40],"damage_taken":[{"damage":0,"enemies":"Cultist","floor":2,"turns":3},{"damage":13,"enemies":"downfall:FleeingMerchant","floor":4,"turns":4},{"damage":2,"enemies":"Jaw Worm","floor":5,"turns":3},{"damage":0,"enemies":"downfall:FleeingMerchant","floor":6,"turns":4},{"damage":13,"enemies":"3 Sentries","floor":8,"turns":7},{"damage":5,"enemies":"Lagavulin","floor":11,"turns":5},{"damage":0,"enemies":"Small Slimes","floor":13,"turns":2},{"damage":2,"enemies":"Exordium Thugs","floor":14,"turns":3},{"damage":0,"enemies":"Blue Slaver","floor":15,"turns":2},{"damage":17,"enemies":"DF_ARCHETYPE_STREAMLINE","floor":16,"turns":9},{"damage":6,"enemies":"3 Byrds","floor":19,"turns":4},{"damage":33,"enemies":"Snake Plant","floor":22,"turns":5},{"damage":12,"enemies":"downfall:FleeingMerchant","floor":25,"turns":4},{"damage":0,"enemies":"downfall:FleeingMerchant","floor":27,"turns":4},{"damage":12,"enemies":"Gremlin Leader","floor":28,"turns":5},{"damage":20,"enemies":"Cultist and Chosen","floor":32,"turns":6},{"damage":8,"enemies":"IC_MUSHROOM_ARCHETYPE","floor":33,"turns":7},{"damage":11,"enemies":"3 Shapes","floor":36,"turns":4},{"damage":0,"enemies":"downfall:FleeingMerchant","floor":37,"turns":3},{"damage":0,"enemies":"Orb Walker","floor":38,"turns":3},{"damage":8,"enemies":"Jaw Worm Horde","floor":39,"turns":3},{"damage":12,"enemies":"Reptomancer","floor":40,"turns":4},{"damage":50,"enemies":"Transient","floor":43,"turns":4}],"seed_played":"1952523101834570804","potions_obtained":[{"floor":2,"key":"BlessingOfTheForge"},{"floor":11,"key":"champ:CounterPotion"},{"floor":14,"key":"Ancient Potion"},{"floor":15,"key":"FearPotion"},{"floor":19,"key":"Guardian:BlockOnCardUsePotion"},{"floor":23,"key":"CultistPotion"},{"floor":28,"key":"SkillPotion"},{"floor":32,"key":"ColorlessPotion"},{"floor":33,"key":"SkillPotion"},{"floor":38,"key":"Strength Potion"}],"is_trial":false,"path_per_floor":["R","M","?","$","M","$","T","E","R","?","E","?","M","M","M","B",null,"R","M","?","?","M","?","T","$","R","$","E","?","R","?","M","B",null,"R","M","$","M","M","E","T","T","M"],"character_chosen":"THE_AUTOMATON","items_purchased":["bronze:Repulsor","HandDrill","Bottled Lightning","bronze:Constructor"],"campfire_rested":5,"item_purchase_floors":[25,37,37,37],"current_hp_per_floor":[70,70,70,57,55,55,55,42,70,70,65,65,65,63,63,46,70,70,64,57,57,24,24,24,12,48,48,36,41,75,75,55,57,75,75,64,64,64,56,44,44,44,0,0,0],"gold":120,"neow_bonus":"BOSS_RELIC","is_daily":false,"chose_seed":false,"campfire_upgraded":0,"win_rate":0.0,"timestamp":1611500844,"path_taken":["R","M","?","?","M","$","T","E","R","?","E","?","?","M","M","BOSS","R","M","?","?","?","?","T","$","R","$","E","?","R","?","M","BOSS","R","M","$","M","?","E","T","?","M"],"items_purchased_type":["Card","Relic","Relic","Card"],"build_version":"2020-12-22","purchased_purges":3,"victory":false,"max_hp_per_floor":[70,70,70,70,70,70,70,70,70,70,70,70,70,70,70,70,70,70,70,70,70,70,70,70,70,70,70,70,75,75,75,75,75,75,75,75,75,75,75,75,75,75,75,75,75],"card_choices":[{"not_picked":["bronze:FollowUp","bronze:BitShift"],"picked":"bronze:Overheat","floor":2},{"not_picked":["bronze:DelayedGuard","bronze:Frontload"],"picked":"bronze:Format","floor":4},{"not_picked":["bronze:DelayedSlice","bronze:Deprecate"],"picked":"bronze:InfiniteBeams","floor":5},{"not_picked":["bronze:Overheat","bronze:Frontload"],"picked":"bronze:DelayedSlice","floor":6},{"not_picked":["bronze:BitShift","bronze:BuggyMess"],"picked":"bronze:BugBarrage","floor":8},{"not_picked":["bronze:DelayedGuard","bronze:Allocate"],"picked":"bronze:WhirlingStrike","floor":11},{"not_picked":["bronze:OilSpill","bronze:Turbo"],"picked":"bronze:BronzeArmor","floor":13},{"not_picked":["bronze:OilSpill","bronze:Allocate"],"picked":"bronze:WhirlingStrike","floor":14},{"not_picked":["bronze:HyperBeam","bronze:Shell"],"picked":"bronze:Fortify","floor":15},{"not_picked":["bronze:FindAndReplace","bronze:RecursiveStrike"],"picked":"bronze:Verify","floor":16},{"not_picked":["bronze:GetLatest+1","bronze:Frontload"],"picked":"bronze:Deprecate","floor":19},{"not_picked":["bronze:DarkDash+1","bronze:Deprecate"],"picked":"bronze:ForceShield","floor":22},{"not_picked":["bronze:Frontload+1","bronze:Separator"],"picked":"bronze:Shield","floor":25},{"not_picked":["bronze:WildBeam","bronze:DelayedSlice"],"picked":"bronze:BurnOut","floor":27},{"not_picked":["bronze:BronzeOrb+1","bronze:Separator"],"picked":"bronze:Repair+1","floor":28},{"not_picked":["bronze:Deprecate+1","bronze:Turbo+1"],"picked":"bronze:Philosophize+1","floor":32},{"not_picked":["bronze:Verify","bronze:AlphaBuild"],"picked":"bronze:BurnOut","floor":33},{"not_picked":[],"picked":"bronze:DigitalCarnage+1","floor":36},{"not_picked":["bronze:BuggyMess+1"],"picked":"SKIP","floor":37},{"not_picked":[],"picked":"bronze:Safeguard","floor":38},{"not_picked":[],"picked":"bronze:BugBarrage+1","floor":39},{"not_picked":[],"picked":"bronze:Shell+1","floor":40}],"player_experience":1162287,"relics_obtained":[{"floor":7,"key":"Regal Pillow"},{"floor":8,"key":"Akabeko"},{"floor":11,"key":"Mummified Hand"},{"floor":24,"key":"Shuriken"},{"floor":28,"key":"Nunchaku"},{"floor":40,"key":"Toxic Egg 2"},{"floor":41,"key":"CaptainsWheel"}],"event_choices":[{"damage_healed":0,"gold_gain":0,"player_choice":"Box","damage_taken":0,"relics_obtained":["bronze:Timepiece"],"max_hp_gain":0,"max_hp_loss":0,"event_name":"Big Fish","floor":3,"gold_loss":0,"cards_obtained":["Regret"]},{"cards_removed":["downfall:Malfunctioning"],"damage_healed":0,"gold_gain":0,"player_choice":"Offered Curse","damage_taken":0,"relics_obtained":["Spirit Poop"],"max_hp_gain":0,"max_hp_loss":0,"event_name":"Bonfire Elementals","floor":12,"gold_loss":0},{"damage_healed":0,"gold_gain":0,"player_choice":"Anchor","damage_taken":0,"relics_obtained":["Anchor"],"max_hp_gain":0,"max_hp_loss":0,"event_name":"blackbeard:ShipwreckEvent","floor":20,"gold_loss":0}],"is_beta":false,"boss_relics":[{"not_picked":["SacredBark","Coffee Dripper"],"picked":"bronze:ElectromagneticCoil"},{"not_picked":["Black Star","Empty Cage"],"picked":"Busted Crown"}],"items_purged_floors":[4,25,37],"is_endless":false,"potions_floor_spawned":[2,11,14,15,19,28,32,33,38,39],"killed_by":"Transient","ascension_level":2}}