{"host":"oehe2dxjvdgux73m","time":1611479129,"event":{"mods":["AchievementEnabler","BaseMod","Colored Map","Colored Powertips","DeckTracker","Keyboard Shortcuts","Minty Spire (QoL Compilation)","Permanent Neow","Quick Restart","StSLib","SuperFastMode"],"gold_per_floor":[119,119,119,139,159,159,198,198,198,198,198],"floor_reached":10,"language":"KOR","playtime":224,"items_purged":[],"score":119,"play_id":"8c5bccfc-71e5-49e6-9656-cf6ddd90124f","local_time":"20210124180529","is_ascension_mode":true,"campfire_choices":[{"data":"Wild Strike","floor":6,"key":"SMITH"},{"data":"Shrug It Off","floor":8,"key":"SMITH"}],"circlet_count":0,"master_deck":["AscendersBane","Strike_R","Strike_R","Strike_R","Strike_R","Strike_R","Defend_R","Defend_R","Defend_R","Defend_R","Bash","Shrug It Off+1","Wild Strike+1","Impervious"],"relics":["Burning Blood","Ice Cream","Golden Idol","Calipers","WingedGreaves"],"acts_visited":["Exordium"],"potions_floor_usage":[],"damage_taken":[{"damage":10,"enemies":"Cultist","floor":1,"turns":4},{"damage":3,"enemies":"2 Louse","floor":4,"turns":3},{"damage":7,"enemies":"Small Slimes","floor":5,"turns":4},{"damage":32,"enemies":"Lagavulin","floor":7,"turns":6},{"damage":40,"enemies":"3 Sentries","floor":10,"turns":8}],"seed_played":"6207940987690245831","potions_obtained":[{"floor":1,"key":"SpeedPotion"}],"is_trial":false,"path_per_floor":["M","?","?","M","M","R","E","R","T","E"],"character_chosen":"IRONCLAD","items_purchased":[],"campfire_rested":0,"item_purchase_floors":[],"current_hp_per_floor":[64,62,62,62,61,61,35,35,35,0,0],"gold":198,"neow_bonus":"ONE_RARE_RELIC","is_daily":false,"chose_seed":false,"campfire_upgraded":2,"win_rate":0.0,"timestamp":1611479129,"path_taken":["M","?","?","M","M","R","E","R","T","E"],"items_purchased_type":[],"build_version":"2020-12-22","purchased_purges":0,"victory":false,"max_hp_per_floor":[68,62,62,62,62,62,62,62,62,62,62],"card_choices":[{"not_picked":["Sword Boomerang","Iron Wave"],"picked":"Shrug It Off","floor":1},{"not_picked":["Metallicize","Sword Boomerang"],"picked":"Wild Strike","floor":4},{"not_picked":["Bloodletting","Clash","Evolve"],"picked":"SKIP","floor":5},{"not_picked":["Sword Boomerang","Warcry"],"picked":"Impervious","floor":7}],"player_experience":313294,"relics_obtained":[{"floor":7,"key":"Calipers"},{"floor":9,"key":"WingedGreaves"}],"event_choices":[{"damage_healed":0,"gold_gain":0,"player_choice":"Lose Max HP","damage_taken":0,"relics_obtained":["Golden Idol"],"max_hp_gain":0,"max_hp_loss":6,"event_name":"Golden Idol","floor":2,"gold_loss":0},{"damage_healed":0,"gold_gain":0,"player_choice":"Ignored","damage_taken":0,"max_hp_gain":0,"max_hp_loss":0,"event_name":"Liars Game","floor":3,"gold_loss":0}],"is_beta":false,"boss_relics":[],"items_purged_floors":[],"is_endless":false,"potions_floor_spawned":[1],"killed_by":"3 Sentries","ascension_level":16}}