{"host":"qextccxvj4ykcxai","time":1611468900,"event":{"mods":["2.2 Compatiblity","A Magickal Journey","AchievementEnabler","Aspiration","BaseMod","Better Third Choice","CatGirl Mod","Colored Map","Colored Powertips","DeckTracker","Dio Mod","Duelist Mod","Energized Spire","GifTheSpireLib","Googly Eyes","Halation","Hubris","Infinite Spire","Melee Mod","Mimic Mod","Minty Spire (QoL Compilation)","Random Character Button","Rare Cards Sparkle","Relic Stats","Remilia??????","Replay The Spire","StSLib","Stuff the Spire","The Animator","The Cursed","The Exalted","The Forsaken","The Necromancer","The Poker Player","The Senshi","everything is the same but u backflip on backflip"],"gold_per_floor":[113,113,113,113,140,140,154,154,154,154,168,248,116,181,181,296,296,308,308,328,328,343,343,373,373,373,392,392,418,418,49,49,154,154,184,184,216,32,32,59,59,85,85,102,121,121,141,151,151,151,151,151,471,521,576,576,426,426,426,426],"floor_reached":59,"language":"ENG","playtime":8648,"items_purged":["hubris:Lust","ReplayTheSpireMod:Splinters","Amnesia"],"score":945,"play_id":"c9302a7c-5808-4f0d-bf9c-b28efb4b230f","local_time":"20210124061500","is_ascension_mode":true,"campfire_choices":[{"floor":6.0,"key":"REST"},{"floor":8.0,"key":"RECALL"},{"floor":10.0,"key":"REST"},{"data":"animator:ElricEdward","floor":15.0,"key":"SMITH"},{"data":"StuffTheSpire:CopiaOfFamine","floor":23.0,"key":"SMITH"},{"data":"animator:YuiTsuruno","floor":28.0,"key":"SMITH"},{"floor":32.0,"key":"REST"},{"floor":41.0,"key":"REST"},{"floor":46.0,"key":"REST"},{"data":"animator:MadokaKaname","floor":49.0,"key":"SMITH"},{"data":"animator:HinaKagiyama","floor":49.0,"key":"SMITH"},{"data":"animator:MisakiNakahara","floor":52.0,"key":"SMITH"},{"data":"TheCursedMod:CursedRelics","floor":52.0,"key":"SMITH"},{"floor":58,"key":"REST"}],"circlet_count":0,"master_deck":["animator:Strike_FullmetalAlchemist","animator:Defend_FullmetalAlchemist","animator:Strike","animator:Strike","animator:Strike","animator:Defend","animator:Defend+1","animator:Defend","animator:ElricEdward+1","animator:ElricAlphonse","animator:Ainz","animator:OrikoMikuni","animator:HigakiRinne","animator:Archer+1","animator:KyokoSakura+1","animator:YachiyoNanami","animator:Archer","animator:Archer","animator:Souei","animator:Envy","animator:RinTohsaka","animator:HigakiRinne","animator:IrohaTamaki","animator:Boros","animator:YuiTsuruno","animator:ElricEdward","animator:Priestess","Insight","animator:HououinKyouma","animator:MisakiNakahara","animator:Berserker","animator:MamiTomoe","animator:LizardPriest","animator:LizardPriest","animator:Witch","animator:Kaijin","animator:HomuraAkemi","Clumsy","Doubt","animator:Assassin","animator:HinaKagiyama+1","animator:Curse_Dizziness","animator:KyokoSakura","animator:MisaKurobane","animator:TanyaDegurechaff+1","animator:Shimakaze","animator:Urushihara+1","animator:SayakaMiki","Pot Of Greed","Pot Of Greed","Pot Of Greed","Pot Of Greed","Pot Of Greed","animator:MadokaKaname+1","animator:IrohaTamaki","TheCursedMod:CursedRelics","Parasite","animator:SayakaMiki","animator:IrohaTamaki","animator:SayakaMiki","animator:Sonic+1","animator:Saber+1"],"relics":["animator:TheEruzaStone","animator:AncientMedallion"],"acts_visited":["Exordium","TheCity","TheBeyond","TheEnding","EYB:TheUnnamedReign"],"potions_floor_usage":[59],"damage_taken":[{"damage":8.0,"enemies":"Cultist","floor":1.0,"turns":4.0},{"damage":6.0,"enemies":"Jaw Worm","floor":5.0,"turns":3.0},{"damage":13.0,"enemies":"Small Slimes","floor":7.0,"turns":3.0},{"damage":0.0,"enemies":"2 Fungi Beasts","floor":11.0,"turns":4.0},{"damage":36.0,"enemies":"Fading Forest","floor":16.0,"turns":11.0},{"damage":10.0,"enemies":"3 Byrds","floor":18.0,"turns":4.0},{"damage":0.0,"enemies":"Shell Parasite","floor":20.0,"turns":6.0},{"damage":0.0,"enemies":"Centurion and Healer","floor":22.0,"turns":6.0},{"damage":23.0,"enemies":"Slavers","floor":24.0,"turns":7.0},{"damage":35.0,"enemies":"3 Cultists","floor":27.0,"turns":6.0},{"damage":26.0,"enemies":"Sentry and Sphere","floor":29.0,"turns":8.0},{"damage":44.0,"enemies":"Champ","floor":33.0,"turns":13.0},{"damage":0.0,"enemies":"3 Shapes","floor":35.0,"turns":5.0},{"damage":0.0,"enemies":"3 Darklings","floor":37.0,"turns":10.0},{"damage":37.0,"enemies":"Nemesis","floor":40.0,"turns":7.0},{"damage":0.0,"enemies":"Reptomancer","floor":42.0,"turns":2.0},{"damage":3.0,"enemies":"3 Darklings","floor":44.0,"turns":6.0},{"damage":39.0,"enemies":"Spire Growth","floor":45.0,"turns":6.0},{"damage":3.0,"enemies":"Writhing Mass","floor":47.0,"turns":5.0},{"damage":0.0,"enemies":"Maw","floor":48.0,"turns":8.0},{"damage":44.0,"enemies":"hubris:GrandSnecko","floor":50.0,"turns":10.0},{"damage":95.0,"enemies":"animator:TRIPLE_SHAPES_WEAK","floor":54.0,"turns":8.0},{"damage":16.0,"enemies":"animator:UNNAMED_HAT","floor":55.0,"turns":13.0},{"damage":88,"enemies":"animator:UNNAMED_CULTIST_2","floor":59,"turns":8}],"seed_played":"-8677604674294567907","potions_obtained":[{"floor":7.0,"key":"LifebloodPotion"},{"floor":11.0,"key":"PowerPotion"},{"floor":14.0,"key":"Doom Potion"},{"floor":24.0,"key":"BlessingOfTheForge"},{"floor":35.0,"key":"LifebloodPotion"},{"floor":45.0,"key":"Weak Potion"},{"floor":47.0,"key":"ColorlessPotion"},{"floor":54.0,"key":"animator:FalseLifePotion"},{"floor":55.0,"key":"animator:FalseLifePotion"}],"is_trial":false,"path_per_floor":["M","?","?","?","M","R","M","R","T","R","M","?","$","?","R","B",null,"M","?","M","?","M","R","E","?","T","M","R","M","?","$","R","B",null,"M","?","MIM","$","?","E","R","E","T","M","M","R","M","M","R","B",null,"R","??","M","M","T","?","R","M"],"character_chosen":"THE_ANIMATOR","items_purchased":["animator:Archer","BargainBundle","animator:HououinKyouma","animator:MisakiNakahara","animator:Berserker","animator:MamiTomoe","animator:LizardPriest","animator:Witch","animator:Kaijin+1","Replay:Wax Seal","SkillPotion","SteroidPotion","animator:MisaKurobane+1"],"campfire_rested":6,"item_purchase_floors":[13,31,31,31,31,31,31,31,31,31,31,31,38],"current_hp_per_floor":[58,51,42,42,36,55,42,42,42,61,61,61,61,61,61,42,66,67,47,47,50,50,50,44,70,70,44,44,34,34,34,55,21,77,77,77,77,77,67,34,57,57,57,55,32,55,70,76,76,42,77,77,98,21,24,24,25,54,0,0],"gold":426,"neow_bonus":"THREE_RARE_CARDS","is_daily":false,"chose_seed":false,"campfire_upgraded":7,"win_rate":0.0,"timestamp":1611468900,"path_taken":["M","?","?","?","M","R","M","R","T","R","M","?","$","?","R","BOSS","M","?","M","?","M","R","E","?","T","?","R","M","?","?","R","BOSS","M","?","?","$","?","E","R","E","T","?","M","R","M","M","R","BOSS","R","??","M","M","T","?","R","M"],"items_purchased_type":["Card","Relic","Card","Card","Card","Card","Card","Card","Card","Relic","Potion","Potion","Card"],"build_version":"2020-12-22","purchased_purges":3,"victory":false,"max_hp_per_floor":[66,66,66,66,66,66,66,66,66,66,66,66,66,66,66,66,66,67,67,67,70,70,70,70,70,70,70,70,70,70,70,70,70,77,77,77,77,77,77,77,77,77,77,77,77,77,77,77,77,77,77,77,98,98,98,98,99,99,99,99],"relic_stats":{"counters":[24,163],"obtain_stats":[{"Ice Cream":3,"hubris:DisguiseKit":43,"BargainBundle":31,"Bromod:ArcaneGrace":17,"animator:TheMissingPiece":0,"Blue Doll":24,"animator:TheEruzaStone":53,"Replay:Ancient Bell":34,"Paper Crane":14,"Boot":34,"Replay:Arrowhead":37,"animator:AncientMedallion":53,"halation:EternalFortune":21,"StuffTheSpire:CocoNut":34,"animator:LivingPicture":0,"hubris:ToyBattleship":40,"Replay:Wax Seal":31,"Grinning Jar":42,"halation:PinkSoulGem":4,"FossilizedHelix":9,"Bromod:ArcaneFury":34},{"Ice Cream":1,"hubris:DisguiseKit":16,"BargainBundle":11,"Bromod:ArcaneGrace":5,"animator:TheMissingPiece":0,"Blue Doll":9,"animator:TheEruzaStone":21,"Replay:Ancient Bell":12,"Paper Crane":4,"Boot":12,"Replay:Arrowhead":14,"animator:AncientMedallion":21,"halation:EternalFortune":7,"StuffTheSpire:CocoNut":12,"animator:LivingPicture":0,"hubris:ToyBattleship":15,"Replay:Wax Seal":11,"Grinning Jar":16,"halation:PinkSoulGem":1,"FossilizedHelix":3,"Bromod:ArcaneFury":12},{"Ice Cream":4,"hubris:DisguiseKit":99,"BargainBundle":62,"Bromod:ArcaneGrace":25,"animator:TheMissingPiece":0,"Blue Doll":48,"animator:TheEruzaStone":134,"Replay:Ancient Bell":75,"Paper Crane":14,"Boot":75,"Replay:Arrowhead":90,"animator:AncientMedallion":134,"halation:EternalFortune":35,"StuffTheSpire:CocoNut":75,"animator:LivingPicture":0,"hubris:ToyBattleship":97,"Replay:Wax Seal":62,"Grinning Jar":99,"halation:PinkSoulGem":4,"FossilizedHelix":10,"Bromod:ArcaneFury":75}]},"card_choices":[{"not_picked":["animator:Father","animator:Albedo"],"picked":"animator:Ainz","floor":0.0},{"not_picked":["animator:HighElfArcher","animator:GazelDwargon"],"picked":"animator:OrikoMikuni","floor":1.0},{"not_picked":["animator:DwarfShaman","animator:Benimaru"],"picked":"animator:Archer","floor":5.0},{"not_picked":["animator:Rider","animator:Assassin"],"picked":"animator:KyokoSakura","floor":7.0},{"not_picked":["animator:KyokoSakura","animator:OrikoMikuni"],"picked":"animator:YachiyoNanami","floor":11.0},{"not_picked":["animator:Berserker","animator:SakuraMatou"],"picked":"animator:Souei","floor":14.0},{"not_picked":["animator:Albedo","animator:SwordMaiden"],"picked":"animator:Envy","floor":16.0},{"not_picked":["animator:ElricAlphonse","animator:Genos"],"picked":"animator:RinTohsaka+1","floor":18.0},{"not_picked":["animator:KyokoSakura","animator:Millim"],"picked":"animator:IrohaTamaki+1","floor":20.0},{"not_picked":["animator:SilverFang","animator:YuiTsuruno"],"picked":"animator:Boros","floor":22.0},{"not_picked":["animator:OrikoMikuni","animator:KyokoSakura"],"picked":"animator:YuiTsuruno","floor":24.0},{"not_picked":["animator:Genos+1","animator:LizardPriest"],"picked":"animator:ElricEdward","floor":27.0},{"not_picked":["animator:SwordMaiden","animator:Spearman"],"picked":"animator:Priestess","floor":29.0},{"not_picked":["animator:Saber","animator:Gilgamesh"],"picked":"animator:HomuraAkemi","floor":33.0},{"not_picked":["Overencumbered","Voices"],"picked":"Clumsy","floor":34.0},{"not_picked":["StuffTheSpire:GnomedCurse","hubris:Compulsion"],"picked":"Doubt","floor":34.0},{"not_picked":["StuffTheSpire:GnomedCurse","ReplayTheSpireMod:Doomed"],"picked":"Amnesia","floor":34.0},{"not_picked":["animator:OrikoMikuni","animator:ShinjiMatou+1"],"picked":"animator:Assassin","floor":35.0},{"not_picked":["animator:Lancer","animator:Geryuganshoop"],"picked":"animator:KyokoSakura+1","floor":37.0},{"not_picked":["animator:NononJakuzure","animator:Kuroyukihime"],"picked":"animator:TanyaDegurechaff","floor":39.0},{"not_picked":["animator:Cirno","animator:MisaKurobane"],"picked":"animator:Shimakaze","floor":39.0},{"not_picked":["animator:Zero","animator:LimeBell"],"picked":"animator:Urushihara","floor":39.0},{"not_picked":["animator:OrikoMikuni","animator:IrohaTamaki"],"picked":"animator:SayakaMiki","floor":40.0},{"not_picked":["animator:Vesta","animator:Shuna+1"],"picked":"animator:MadokaKaname","floor":42.0},{"not_picked":["animator:Hakurou+1","animator:PandorasActor+1","TheCursedMod:CircleOfWindfury"],"picked":"animator:IrohaTamaki+1","floor":44.0},{"not_picked":["animator:MumenRider","animator:Sloth+1","animator:Illya+1"],"picked":"TheCursedMod:CursedRelics","floor":45.0},{"not_picked":["animator:YuiTsuruno","animator:MamiTomoe"],"picked":"animator:SayakaMiki","floor":47.0},{"not_picked":["animator:Caster+1","animator:DwarfShaman+1","TheCursedMod:SpreadPlague"],"picked":"animator:IrohaTamaki+1","floor":48.0},{"not_picked":["animator:Demiurge","animator:MetalKnight"],"picked":"animator:SayakaMiki","floor":54.0},{"not_picked":["animator:ShinjiMatou+1","animator:Gluttony"],"picked":"animator:Sonic+1","floor":55.0},{"not_picked":["animator:SwordMaiden+1","animator:GoblinSlayer+1"],"picked":"animator:Saber+1","floor":57}],"player_experience":655919,"relics_obtained":[{"floor":9.0,"key":"FossilizedHelix"},{"floor":14.0,"key":"Paper Crane"},{"floor":24.0,"key":"Blue Doll"},{"floor":37.0,"key":"Replay:Arrowhead"},{"floor":40.0,"key":"hubris:ToyBattleship"},{"floor":42.0,"key":"Grinning Jar"},{"floor":43.0,"key":"hubris:DisguiseKit"},{"floor":53.0,"key":"animator:TheEruzaStone"},{"floor":53.0,"key":"animator:AncientMedallion"},{"floor":56,"key":"animator:AncientMedallion"}],"event_choices":[{"cards_removed":["Masterful Stab"],"damage_healed":26.0,"max_hp_gain":0.0,"max_hp_loss":0.0,"gold_gain":0.0,"event_name":"Bonfire Elementals","player_choice":"Offered Uncommon","floor":25.0,"gold_loss":0.0,"damage_taken":0.0},{"damage_healed":0.0,"max_hp_gain":0.0,"max_hp_loss":0.0,"gold_gain":0.0,"event_name":"betterThird:BetterWriting","player_choice":"Insight","floor":30.0,"gold_loss":0.0,"damage_taken":0.0,"cards_obtained":["Insight"]},{"damage_healed":0.0,"max_hp_gain":0.0,"max_hp_loss":0.0,"gold_gain":0.0,"event_name":"SensoryStone","player_choice":"Memory 3","floor":39.0,"gold_loss":0.0,"damage_taken":10.0}],"is_beta":false,"boss_relics":[{"not_picked":["aspiration:FutureDiary","Coffee Dripper"],"picked":"Bromod:ArcaneGrace"},{"not_picked":["energizedSpire:DeadBattery","Abe\u0027s Treasure"],"picked":"Replay:Ancient Bell"},{"not_picked":["theCatGirl:DriedFish","War Paint"],"picked":"Boot"},{"not_picked":["Quantum Egg","hubris:DuctTape"],"picked":"StuffTheSpire:CocoNut"},{"not_picked":["halation:SwordOfLegend","Mango"],"picked":"Bromod:ArcaneFury"}],"items_purged_floors":[13,31,38],"is_endless":false,"potions_floor_spawned":[7,11,22,24,35,45,47,55],"killed_by":"animator:UNNAMED_CULTIST_2","ascension_level":1}}