{"host":"0qevis500jgmlc2v","time":1611476946,"event":{"mods":["Act Like it!","Aspiration","BaseMod","Conspire","Energized Spire","Friendly Minions","GifTheSpireLib","Hubris","Minty Spire (QoL Compilation)","Pale of the Ancients","Quick Restart","Shop Mod","StSLib","vexMod","【功能Mod】聪明的最终Boss"],"gold_per_floor":[111,111,111,131,47,77,77,77,77,77,87,87,118,132,132,210,210,210,210],"floor_reached":18,"language":"ZHS","playtime":752,"items_purged":[],"score":386,"play_id":"9acb5c7c-e745-4f3a-a5e4-6de008e738f7","local_time":"20210124162906","is_ascension_mode":true,"campfire_choices":[{"data":"Bullet Time","floor":7.0,"key":"SMITH"},{"data":"Concentrate","floor":12.0,"key":"SMITH"},{"data":"1","floor":15.0,"key":"LIFT"}],"circlet_count":0,"master_deck":["AscendersBane","Strike_G","Strike_G","Strike_G","Strike_G","Defend_G","Defend_G","Defend_G","Defend_G","Defend_G","Survivor","Neutralize","Backstab","Footwork","Prepared","Caltrops","Bullet Time+1","Concentrate+1","Storm of Steel","Accuracy","hubris:Sniper","Blur","Burst"],"relics":["Ring of the Snake","NeowsBlessing","Girya","vexMod:RetaliationKit","Ancient Tea Set","vexMod:EndlessSickness"],"acts_visited":["Exordium","TheCity"],"potions_floor_usage":[],"damage_taken":[{"damage":0.0,"enemies":"2 Louse","floor":1.0,"turns":1.0},{"damage":0.0,"enemies":"conspire:RoseBush","floor":4.0,"turns":1.0},{"damage":0.0,"enemies":"Lagavulin","floor":6.0,"turns":1.0},{"damage":1.0,"enemies":"Small Slimes","floor":11.0,"turns":6.0},{"damage":8.0,"enemies":"Gremlin Nob","floor":13.0,"turns":3.0},{"damage":0.0,"enemies":"Red Slaver","floor":14.0,"turns":3.0},{"damage":42.0,"enemies":"Slime Boss","floor":16.0,"turns":9.0},{"damage":19,"enemies":"conspire:FuzzyDice","floor":18,"turns":5}],"seed_played":"-2696773771685879495","potions_obtained":[{"floor":4.0,"key":"SteroidPotion"},{"floor":6.0,"key":"Dexterity Potion"},{"floor":11.0,"key":"LiquidMemories"},{"floor":13.0,"key":"DuplicationPotion"}],"is_trial":false,"path_per_floor":["M","?","?","M","$","E","R","?","T","?","M","R","E","M","R","B",null,"M"],"character_chosen":"THE_SILENT","items_purchased":["Bullet Time"],"campfire_rested":0,"item_purchase_floors":[5],"current_hp_per_floor":[59,59,59,59,59,59,59,59,59,59,58,58,50,50,50,8,52,33,33],"gold":210,"neow_bonus":"THREE_ENEMY_KILL","is_daily":false,"chose_seed":false,"campfire_upgraded":2,"win_rate":0.0,"timestamp":1611476946,"path_taken":["M","?","?","M","$","E","R","?","T","?","?","R","E","M","R","BOSS","M"],"items_purchased_type":["Card"],"build_version":"2020-12-22","purchased_purges":0,"victory":false,"max_hp_per_floor":[66,66,66,66,66,66,66,66,66,66,66,66,66,66,66,66,66,66,66],"card_choices":[{"not_picked":["Prepared","Underhanded Strike"],"picked":"Backstab","floor":1.0},{"not_picked":["Flying Knee","Leg Sweep"],"picked":"Caltrops","floor":4.0},{"not_picked":["Slice","Choke"],"picked":"Concentrate","floor":6.0},{"not_picked":["Calculated Gamble","Deflect","Infinite Blades"],"picked":"SKIP","floor":11.0},{"not_picked":["Calculated Gamble","Deflect","Infinite Blades"],"picked":"SKIP","floor":11.0},{"not_picked":["Blade Dance","Prepared"],"picked":"hubris:Sniper","floor":13.0},{"not_picked":["Eviscerate","Blade Dance"],"picked":"Blur","floor":14.0},{"not_picked":["Night Terror","Adrenaline"],"picked":"Burst","floor":16.0}],"player_experience":757199,"relics_obtained":[{"floor":6.0,"key":"Girya"},{"floor":9.0,"key":"vexMod:RetaliationKit"},{"floor":13.0,"key":"Ancient Tea Set"}],"event_choices":[{"damage_healed":0.0,"max_hp_gain":0.0,"max_hp_loss":0.0,"gold_gain":0.0,"cards_transformed":["Strike_G"],"event_name":"Living Wall","player_choice":"Change","floor":3.0,"gold_loss":0.0,"damage_taken":0.0,"cards_obtained":["Prepared"]},{"damage_healed":0.0,"max_hp_gain":0.0,"max_hp_loss":0.0,"gold_gain":0.0,"event_name":"Liars Game","player_choice":"Ignored","floor":8.0,"gold_loss":0.0,"damage_taken":0.0},{"damage_healed":0.0,"max_hp_gain":0.0,"max_hp_loss":0.0,"gold_gain":0.0,"event_name":"Match and Keep!","player_choice":"2 cards matched","floor":10.0,"gold_loss":0.0,"damage_taken":0.0,"cards_obtained":["Storm of Steel","Accuracy"]}],"is_beta":false,"boss_relics":[{"not_picked":["hubris:BlackHole","aspiration:RitualDagger"],"picked":"vexMod:EndlessSickness"}],"items_purged_floors":[],"is_endless":false,"potions_floor_spawned":[4,6,11,13],"killed_by":"conspire:FuzzyDice","ascension_level":20}}