{"host":"q1ejl7hv5l3527la","time":1611472983,"event":{"mods":["Aspiration","BaseMod","Better Altar","Better Third Choice","Colored Powertips","Downfall","Energized Spire","Evolution","Highlight Path","Infinite Spire","Jorbs\u0027s Wanderer Trilogy","Minty Spire (QoL Compilation)","Replay The Spire","Shop Mod","StSLib","The Hierophant","The Juggle"],"gold_per_floor":[111,111,122,3,18,18,31,31,31,31,51,78,78,107,107,211,211,224,224,224,289,302,317,317],"floor_reached":23,"language":"ENG","playtime":1877,"items_purged":[],"score":211,"play_id":"d084c8d6-fe6c-4256-915d-0735142876de","local_time":"20210124012303","is_ascension_mode":true,"campfire_choices":[{"data":"Footwork","floor":6,"key":"SMITH"},{"data":"Caltrops","floor":8,"key":"SMITH"},{"floor":13,"key":"REST"},{"data":"Storm of Steel","floor":15,"key":"SMITH"}],"circlet_count":0,"master_deck":["Strike_G+1","Strike_G","Strike_G","Strike_G","Strike_G","Defend_G","Defend_G","Defend_G","Defend_G","Defend_G+1","Survivor","Neutralize","Footwork+1","Deflect","Flying Knee","Flying Knee","Caltrops+1","Masterful Stab","Poisoned Stab","Hidden Blade","Well Laid Plans","Storm of Steel+1","After Image","CurseOfTheBell","Sucker Punch+1","Dagger Spray","Infinite Blades+1"],"relics":["EVO:Axolotl","Philosopher\u0027s Stone","Bag of Preparation","Chameleon Ring","ReplayFunnel","Simple Rune","Calling Bell","infinitespire:PuzzleCube","Frozen Egg 2","Lizard Tail","ReplayTheSpireMod:Ring of Challenge","CultistMask"],"acts_visited":["Exordium","TheCity"],"potions_floor_usage":[12,12,16,16,21],"damage_taken":[{"damage":4,"enemies":"Small Slimes","floor":1,"turns":4},{"damage":0,"enemies":"2 Louse","floor":3,"turns":2},{"damage":3,"enemies":"Cultist","floor":5,"turns":4},{"damage":0,"enemies":"Looter","floor":7,"turns":3},{"damage":5,"enemies":"Blue Slaver","floor":11,"turns":3},{"damage":15,"enemies":"Gremlin Nob","floor":12,"turns":3},{"damage":4,"enemies":"3 Sentries","floor":14,"turns":6},{"damage":12,"enemies":"Fading Forest","floor":16,"turns":11},{"damage":6,"enemies":"Spheric Guardian","floor":18,"turns":4},{"damage":35,"enemies":"Shell Parasite","floor":21,"turns":10},{"damage":25,"enemies":"3 Cultists","floor":22,"turns":5},{"damage":39,"enemies":"Slavers","floor":23,"turns":3}],"seed_played":"-770628107070933939","potions_obtained":[{"floor":3,"key":"Flashbang"},{"floor":7,"key":"Swift Potion"},{"floor":11,"key":"SpeedPotion"},{"floor":12,"key":"Milkshake"},{"floor":14,"key":"Explosive Potion"}],"is_trial":false,"path_per_floor":["M","?","M","$","M","R","M","R","T","?","M","E","R","E","R","B",null,"M","?","?","M","M","E"],"character_chosen":"THE_SILENT","items_purchased":["Flying Knee","Caltrops"],"campfire_rested":1,"item_purchase_floors":[4,4],"current_hp_per_floor":[66,66,66,66,63,63,63,63,63,63,58,43,64,60,60,54,70,64,64,64,29,4,1,1],"gold":317,"neow_bonus":"BOSS_RELIC","is_daily":false,"chose_seed":false,"campfire_upgraded":3,"win_rate":0.0,"timestamp":1611472983,"path_taken":["M","?","M","$","M","R","M","R","T","?","?","E","R","E","R","BOSS","M","?","?","?","M","E"],"items_purchased_type":["Card","Card"],"build_version":"2020-12-22","purchased_purges":0,"victory":false,"max_hp_per_floor":[70,70,70,70,70,70,70,70,70,70,70,70,70,70,70,70,70,70,70,70,70,70,70,70],"card_choices":[{"not_picked":["Flying Knee","Outmaneuver"],"picked":"Footwork","floor":1},{"not_picked":["Underhanded Strike","Endless Agony"],"picked":"Deflect","floor":3},{"not_picked":["Acrobatics","Predator"],"picked":"Masterful Stab","floor":5},{"not_picked":["Deadly Poison","Blur"],"picked":"Poisoned Stab","floor":7},{"not_picked":["ReplayTheSpireMod:Scrap Shanks","Doppelganger"],"picked":"Hidden Blade","floor":11},{"not_picked":["Eviscerate","PiercingWail"],"picked":"Well Laid Plans","floor":12},{"not_picked":["Caltrops","Outmaneuver"],"picked":"Storm of Steel","floor":14},{"not_picked":["Unload","Wraith Form v2"],"picked":"After Image","floor":16},{"not_picked":["Dagger Throw","Slice"],"picked":"Sucker Punch+1","floor":18},{"not_picked":["Finisher","Deadly Poison"],"picked":"Dagger Spray","floor":21},{"not_picked":["Blade Dance","Deflect"],"picked":"Infinite Blades+1","floor":22}],"player_experience":109225,"relics_obtained":[{"floor":9,"key":"Chameleon Ring"},{"floor":12,"key":"ReplayFunnel"},{"floor":14,"key":"Simple Rune"},{"floor":17,"key":"infinitespire:PuzzleCube"},{"floor":17,"key":"Frozen Egg 2"},{"floor":17,"key":"Lizard Tail"},{"floor":19,"key":"ReplayTheSpireMod:Ring of Challenge"}],"event_choices":[{"damage_healed":0,"gold_gain":0,"player_choice":"Box","damage_taken":0,"relics_obtained":["Bag of Preparation"],"max_hp_gain":0,"max_hp_loss":0,"event_name":"Big Fish","floor":2,"gold_loss":0,"cards_obtained":["Regret"]},{"cards_removed":["Regret"],"damage_healed":0,"gold_gain":0,"player_choice":"Removed Curses","damage_taken":0,"max_hp_gain":0,"max_hp_loss":0,"event_name":"Fountain of Cleansing","floor":10,"gold_loss":0},{"damage_healed":0,"gold_gain":0,"player_choice":"Trade","damage_taken":0,"relics_obtained":["CultistMask"],"max_hp_gain":0,"max_hp_loss":0,"event_name":"FaceTrader","floor":20,"gold_loss":0}],"is_beta":false,"boss_relics":[{"not_picked":["Astrolabe","energizedSpire:EnergizedDie"],"picked":"Calling Bell"}],"items_purged_floors":[],"is_endless":false,"potions_floor_spawned":[3,7,11,12,14],"killed_by":"Slavers","ascension_level":1}}