{"host":"fryfo77ohj8mj5x2","time":1611530380,"event":{"mods":["BaseMod","Downfall","Minty Spire (QoL Compilation)","Rare Cards Sparkle","Replay The Spire","StSLib","The Jungle"],"gold_per_floor":[169,180,280,290,290,35,108,125,152,171,196,196,196,214,269,371,371,271,290,300,319,144,158,158,183,209,221,305,373,385,382,410,524,536,348,373,385,431,493,233,256,289,289,346,12,39,58,75,140,140,140,140,140,140],"floor_reached":52,"language":"ENG","playtime":6180,"items_purged":[],"score":868,"play_id":"e54ea2b7-7e0e-4298-8b49-9806971f7524","local_time":"20210124171940","is_ascension_mode":false,"campfire_choices":[{"floor":13.0,"key":"RECALL"},{"floor":18.0,"key":"REST"},{"floor":30.0,"key":"REST"},{"floor":43.0,"key":"REST"}],"circlet_count":0,"master_deck":["champ:Strike","champ:Strike","champ:Strike","champ:Strike","champ:Defend","champ:Defend","champ:Defend","champ:Defend","champ:Execute","champ:Taunt","champ:IronFortress","champ:StanceDance+1","champ:Backstep","Discovery","champ:StrikeOfGenius","champ:Lariat","champ:PreciseThrust","champ:CrownThrow","Hallucinations","champ:HeartStrike","champ:Haymaker","champ:Improvising+1","champ:EnGarde+1","champ:RapidStrikes+1","champ:EnragedBash","champ:Circumvent","champ:DefensiveShout","champ:CalledShot+1","theJungle:PetSnecko","champ:FocusedDefense","champ:Parry+1","champ:FlashCut+1","champ:FanOfKnives","champ:Improvising+1","CurseOfTheBell","champ:GladiatorStyle","champ:FalseCounter","champ:CrookedStrike","champ:CrownThrow+1","expansioncontent:QuickStudy+1","expansioncontent:PrepareCrush+1","champ:StanceDance+1","champ:PerfectedStrike+1","champ:TornadoPunch+1","expansioncontent:DashGenerateEvil+1","champ:GutPunch","Parasite","champ:ArenaPreparation","champ:SetATrap+1","champ:FanOfKnives"],"relics":["Sozu","Pen Nib","Mercury Hourglass","Golden Egg","Unceasing Top","ReplayTheSpireMod:Ring of Challenge","Ring of Fury","Replay:Grab Bag","Fusion Hammer","Replay:Fungal Core","Black Star","downfall:HeartBlessingRed","theJungle:ShellPeas","Strawberry","MawBank","ReplayTheSpireMod:Lightbulb","Toy Ornithopter","Calling Bell","ReplayTheSpireMod:TigerMarble","Chameleon Ring","Peace Pipe","downfall:HeartBlessingGreen","downfall:HeartBlessingBlue","Dream Catcher","Torii","Calipers","Gremlin Food","Eternal Feather","champ:DefensiveTrainingManual","Vajra","Bird Faced Urn","Pocketwatch"],"acts_visited":["Exordium","Exordium","TheBeyond","TheEnding"],"potions_floor_usage":[],"damage_taken":[{"damage":10.0,"enemies":"2 Louse","floor":2.0,"turns":3.0},{"damage":10.0,"enemies":"Cultist","floor":4.0,"turns":4.0},{"damage":11.0,"enemies":"downfall:FleeingMerchant","floor":6.0,"turns":4.0},{"damage":16.0,"enemies":"Jaw Worm","floor":8.0,"turns":2.0},{"damage":4.0,"enemies":"Lagavulin","floor":9.0,"turns":5.0},{"damage":0.0,"enemies":"Blue Slaver","floor":10.0,"turns":2.0},{"damage":53.0,"enemies":"Gremlin Nob","floor":11.0,"turns":4.0},{"damage":0.0,"enemies":"Exordium Wildlife","floor":14.0,"turns":3.0},{"damage":3.0,"enemies":"Blue Slaver","floor":15.0,"turns":3.0},{"damage":34.0,"enemies":"DF_ARCHETYPE_STREAMLINE","floor":16.0,"turns":8.0},{"damage":4.0,"enemies":"theJungle:MUSHROOMGANG","floor":19.0,"turns":3.0},{"damage":49.0,"enemies":"theJungle:GiantWrat","floor":20.0,"turns":5.0},{"damage":19.0,"enemies":"theJungle:Snecko_Cultist_And_Trap","floor":21.0,"turns":5.0},{"damage":22.0,"enemies":"Snake Plant","floor":23.0,"turns":3.0},{"damage":17.0,"enemies":"theJungle:2_Phrogs","floor":25.0,"turns":5.0},{"damage":18.0,"enemies":"theJungle:JungleHuntersEncounter","floor":26.0,"turns":5.0},{"damage":2.0,"enemies":"theJungle:Cassacara","floor":28.0,"turns":4.0},{"damage":22.0,"enemies":"theJungle:SlimyTreeVines","floor":29.0,"turns":3.0},{"damage":16.0,"enemies":"downfall:FleeingMerchant","floor":31.0,"turns":4.0},{"damage":16.0,"enemies":"theJungle:2_Flameangoes","floor":32.0,"turns":6.0},{"damage":35.0,"enemies":"SI_MIRROR_ARCHETYPE","floor":33.0,"turns":9.0},{"damage":69.0,"enemies":"3 Shapes","floor":36.0,"turns":3.0},{"damage":8.0,"enemies":"3 Darklings","floor":38.0,"turns":2.0},{"damage":24.0,"enemies":"3 Darklings","floor":39.0,"turns":4.0},{"damage":8.0,"enemies":"downfall:FleeingMerchant","floor":40.0,"turns":4.0},{"damage":12.0,"enemies":"Giant Head","floor":42.0,"turns":8.0},{"damage":17.0,"enemies":"Transient","floor":44.0,"turns":5.0},{"damage":23.0,"enemies":"R_Hoarder","floor":46.0,"turns":4.0},{"damage":0.0,"enemies":"Writhing Mass","floor":47.0,"turns":3.0},{"damage":12.0,"enemies":"4 Shapes","floor":48.0,"turns":4.0},{"damage":6.0,"enemies":"Transient","floor":49.0,"turns":5.0},{"damage":88.0,"enemies":"IC_BLOCK_ARCHETYPE","floor":50.0,"turns":8.0},{"damage":149,"enemies":"downfall:CharBossMerchant","floor":52,"turns":6}],"seed_played":"-3209336390730422497","potions_obtained":[],"is_trial":false,"path_per_floor":["R","M","?","M","?","$","T","M","E","M","E","?","R","M","M","B",null,"R","M","M","M","?","M","T","E","M","?","E","M","R","$","M","B",null,"R","M","?","M","?","$","T","E","R","M","$","E","M","M","M","B",null,"E"],"character_chosen":"THE_CHAMP","items_purchased":["Pen Nib","Discovery","Calipers","expansioncontent:QuickStudy","expansioncontent:PrepareCrush","Vajra","expansioncontent:DashGenerateEvil"],"campfire_rested":3,"item_purchase_floors":[6,6,40,40,40,45,45],"current_hp_per_floor":[90,90,90,90,90,89,89,83,79,79,56,56,56,56,53,29,90,90,86,72,63,63,46,46,51,53,53,51,44,73,72,66,56,97,107,88,53,55,41,43,43,31,87,90,90,82,84,86,92,19,107,0,0,0],"gold":140,"neow_bonus":"BOSS_RELIC","is_daily":false,"chose_seed":false,"campfire_upgraded":0,"win_rate":0.0,"timestamp":1611530380,"path_taken":["R","M","?","M","?","$","T","M","E","?","E","?","R","M","M","BOSS","R","M","M","M","?","M","T","E","M","?","E","M","R","?","M","BOSS","R","M","?","?","?","?","T","E","R","?","$","E","?","M","M","BOSS","E"],"items_purchased_type":["Relic","Card","Relic","Card","Card","Relic","Card"],"build_version":"2020-12-22","purchased_purges":0,"victory":false,"max_hp_per_floor":[90,90,90,90,90,90,90,90,90,90,90,90,90,90,90,90,90,90,90,90,90,90,90,90,97,97,97,97,97,97,97,97,97,97,107,107,107,107,107,107,107,107,107,107,107,107,107,107,107,107,107,107,107,107],"card_choices":[{"not_picked":["champ:RecklessLeap","champ:PerfectedStrike"],"picked":"champ:IronFortress","floor":2.0},{"not_picked":["champ:FancyFootwork","champ:Endure"],"picked":"champ:StanceDance","floor":4.0},{"not_picked":["champ:FanOfKnives","champ:BringItOn"],"picked":"champ:Backstep","floor":6.0},{"not_picked":["champ:Haymaker","champ:BringItOn"],"picked":"champ:StrikeOfGenius","floor":8.0},{"not_picked":["champ:FaceSlap","champ:Endure"],"picked":"champ:Lariat","floor":9.0},{"not_picked":["champ:Circumvent","champ:StanceDance"],"picked":"champ:PreciseThrust","floor":10.0},{"not_picked":["champ:DefensiveShout","champ:GutPunch"],"picked":"champ:CrownThrow","floor":11.0},{"not_picked":["champ:Encircle","champ:Duel"],"picked":"champ:HeartStrike","floor":14.0},{"not_picked":["champ:StanceDance","champ:BringItOn"],"picked":"champ:Haymaker","floor":15.0},{"not_picked":["champ:TripleStrike","champ:HoldFirm"],"picked":"champ:Improvising","floor":16.0},{"not_picked":["champ:DefensiveShout","champ:CrookedStrike"],"picked":"champ:EnGarde+1","floor":19.0},{"not_picked":["champ:BerserkersShout","champ:EnGarde"],"picked":"champ:RapidStrikes+1","floor":20.0},{"not_picked":["champ:Shatter+1","champ:Circumvent"],"picked":"champ:EnragedBash","floor":21.0},{"not_picked":["champ:Parry","champ:BringItOn"],"picked":"champ:Circumvent","floor":23.0},{"not_picked":["champ:BladeFlurry","champ:HeartStrike"],"picked":"champ:DefensiveShout","floor":25.0},{"not_picked":["champ:StanceDance+1","champ:TornadoPunch+1"],"picked":"champ:CalledShot+1","floor":26.0},{"not_picked":["champ:PreciseThrust","champ:HeavySlash"],"picked":"champ:FocusedDefense","floor":28.0},{"not_picked":["champ:CrookedStrike","champ:Circumvent+1"],"picked":"champ:Parry","floor":29.0},{"not_picked":["champ:ShieldThrow","champ:Backstep"],"picked":"champ:FlashCut","floor":31.0},{"not_picked":["champ:DefensiveShout+1","champ:PreemptiveStrike"],"picked":"champ:FanOfKnives","floor":32.0},{"not_picked":["champ:IgnorePain","champ:SwordThrow"],"picked":"champ:Improvising","floor":33.0},{"not_picked":["champ:CrownThrow","champ:DefensiveShout"],"picked":"champ:GladiatorStyle","floor":36.0},{"not_picked":["champ:PerfectedStrike","champ:FlashCut+1"],"picked":"champ:FalseCounter","floor":38.0},{"not_picked":["champ:PreemptiveStrike","champ:Parry+1"],"picked":"champ:CrookedStrike","floor":39.0},{"not_picked":["champ:GladiatorStyle+1","champ:ShieldWall"],"picked":"champ:CrownThrow","floor":40.0},{"not_picked":["champ:GutPunch+1","champ:Haymaker+1"],"picked":"champ:StanceDance+1","floor":42.0},{"not_picked":["champ:DefensiveShout","champ:Encircle+1"],"picked":"champ:PerfectedStrike+1","floor":43.0},{"not_picked":["champ:EnGarde","champ:FanOfKnives+1"],"picked":"champ:TornadoPunch+1","floor":44.0},{"not_picked":["champ:StanceDance+1","champ:Lariat+1"],"picked":"champ:GutPunch","floor":46.0},{"not_picked":["champ:Lariat+1","champ:SwordThrow"],"picked":"champ:ArenaPreparation","floor":47.0},{"not_picked":["champ:Shatter+1","champ:Haymaker"],"picked":"champ:SetATrap+1","floor":48.0},{"not_picked":["champ:BladeFlurry+1","champ:Shatter"],"picked":"champ:FanOfKnives","floor":49.0}],"player_experience":141593,"relics_obtained":[{"floor":7.0,"key":"Mercury Hourglass"},{"floor":9.0,"key":"Golden Egg"},{"floor":11.0,"key":"Unceasing Top"},{"floor":12.0,"key":"ReplayTheSpireMod:Ring of Challenge"},{"floor":12.0,"key":"Ring of Fury"},{"floor":25.0,"key":"Strawberry"},{"floor":25.0,"key":"MawBank"},{"floor":28.0,"key":"ReplayTheSpireMod:Lightbulb"},{"floor":28.0,"key":"Toy Ornithopter"},{"floor":34.0,"key":"ReplayTheSpireMod:TigerMarble"},{"floor":34.0,"key":"Chameleon Ring"},{"floor":34.0,"key":"Peace Pipe"},{"floor":38.0,"key":"Dream Catcher"},{"floor":39.0,"key":"Torii"},{"floor":41.0,"key":"Gremlin Food"},{"floor":42.0,"key":"Eternal Feather"},{"floor":42.0,"key":"champ:DefensiveTrainingManual"},{"floor":46.0,"key":"Bird Faced Urn"},{"floor":46.0,"key":"Pocketwatch"}],"event_choices":[],"is_beta":false,"boss_relics":[{"not_picked":["Runic Pyramid","Replay:Wanted Poster"],"picked":"Replay:Grab Bag"},{"not_picked":["Busted Crown","Painkiller Herb"],"picked":"Fusion Hammer"},{"not_picked":["bronze:MakeshiftBattery","Coffee Dripper"],"picked":"Replay:Fungal Core"},{"not_picked":["Kintsugi","Ring of Chaos"],"picked":"Black Star"},{"not_picked":["Replay:Ancient Bell","Snecko Eye"],"picked":"Calling Bell"}],"items_purged_floors":[],"is_endless":false,"potions_floor_spawned":[2,10,14,16,19,20,21,26,32,33,39,42,44,47,48],"killed_by":"downfall:CharBossMerchant","ascension_level":0}}