{"host":"89iuq2p5kwriuwfq","time":1611500501,"event":{"mods":["BaseMod","Curses Come First","Minty Spire (QoL Compilation)","Permanent Neow","StSLib"],"gold_per_floor":[116,127,137,150,150,176,176,208,208,208,221,549,45,75,75,173,173,185,110,110,124,137,164,176,216,253,286,298,310,606,654,666,785,797,823,884,943,76,95,95,138,16,16,58,58,96,122,141,141,141,141],"floor_reached":50,"language":"ENG","playtime":3660,"items_purged":["Strike_P"],"score":1114,"play_id":"fe4caa33-49a8-4e90-b1ac-b487209888d3","local_time":"20210124150141","is_ascension_mode":true,"campfire_choices":[{"data":"Wallop","floor":15.0,"key":"SMITH"},{"floor":24.0,"key":"REST"},{"data":"Blasphemy","floor":28.0,"key":"SMITH"},{"data":"Wish","floor":32.0,"key":"SMITH"},{"data":"Vault","floor":40.0,"key":"SMITH"},{"data":"WindmillStrike","floor":45.0,"key":"SMITH"},{"data":"Establishment","floor":49.0,"key":"SMITH"}],"circlet_count":0,"master_deck":["Strike_P+1","Strike_P+1","Defend_P+1","Defend_P+1","Eruption+1","Vigilance","Adaptation+1","LikeWater+1","ClearTheMind+1","Establishment+1","FlurryOfBlows+1","CutThroughFate+1","WheelKick+1","Wallop+1","LessonLearned+1","LikeWater+1","Halt+1","TalkToTheHand+1","Blasphemy+1","Crescendo+1","Indignation+1","SandsOfTime+1","LikeWater+1","FlurryOfBlows+1","Wish+1","Vault+1","Vengeance","WindmillStrike+1","FlurryOfBlows+1","FlurryOfBlows+1","CutThroughFate","SandsOfTime+1","MentalFortress+1","WheelKick"],"relics":["PureWater","HornCleat","Smiling Mask","The Courier","War Paint","Thread and Needle","SlaversCollar","Nloth\u0027s Gift","MawBank","Akabeko","CeramicFish","Bag of Marbles","Empty Cage","Shuriken","Strawberry","Kunai","ClockworkSouvenir","Bottled Tornado","Pen Nib","Lee\u0027s Waffle","Lantern","Question Card"],"acts_visited":["Exordium","TheCity","TheBeyond"],"potions_floor_usage":[50,50],"damage_taken":[{"damage":2.0,"enemies":"Jaw Worm","floor":1.0,"turns":4.0},{"damage":0.0,"enemies":"Small Slimes","floor":2.0,"turns":2.0},{"damage":4.0,"enemies":"2 Louse","floor":3.0,"turns":3.0},{"damage":0.0,"enemies":"2 Fungi Beasts","floor":4.0,"turns":3.0},{"damage":26.0,"enemies":"Gremlin Nob","floor":6.0,"turns":5.0},{"damage":1.0,"enemies":"Lagavulin","floor":8.0,"turns":5.0},{"damage":0.0,"enemies":"Large Slime","floor":11.0,"turns":5.0},{"damage":0.0,"enemies":"Gremlin Nob","floor":12.0,"turns":4.0},{"damage":0.0,"enemies":"Slime Boss","floor":16.0,"turns":9.0},{"damage":0.0,"enemies":"Shell Parasite","floor":18.0,"turns":6.0},{"damage":2.0,"enemies":"Spheric Guardian","floor":21.0,"turns":4.0},{"damage":8.0,"enemies":"Snecko","floor":22.0,"turns":13.0},{"damage":22.0,"enemies":"Slavers","floor":23.0,"turns":4.0},{"damage":2.0,"enemies":"Gremlin Leader","floor":25.0,"turns":5.0},{"damage":0.0,"enemies":"Chosen and Byrds","floor":27.0,"turns":6.0},{"damage":20.0,"enemies":"Book of Stabbing","floor":31.0,"turns":5.0},{"damage":4.0,"enemies":"Champ","floor":33.0,"turns":5.0},{"damage":1.0,"enemies":"Orb Walker","floor":35.0,"turns":2.0},{"damage":21.0,"enemies":"3 Darklings","floor":36.0,"turns":6.0},{"damage":15.0,"enemies":"Writhing Mass","floor":37.0,"turns":6.0},{"damage":0.0,"enemies":"Transient","floor":39.0,"turns":5.0},{"damage":6.0,"enemies":"Reptomancer","floor":41.0,"turns":5.0},{"damage":25.0,"enemies":"Nemesis","floor":44.0,"turns":7.0},{"damage":11.0,"enemies":"Reptomancer","floor":46.0,"turns":4.0},{"damage":12.0,"enemies":"Jaw Worm Horde","floor":47.0,"turns":3.0},{"damage":0.0,"enemies":"3 Darklings","floor":48.0,"turns":3.0},{"damage":44,"enemies":"Awakened One","floor":50,"turns":3}],"seed_played":"7195426404291143641","potions_obtained":[{"floor":1.0,"key":"BlessingOfTheForge"},{"floor":2.0,"key":"SkillPotion"},{"floor":3.0,"key":"SkillPotion"},{"floor":11.0,"key":"DuplicationPotion"},{"floor":18.0,"key":"StancePotion"},{"floor":27.0,"key":"Fire Potion"},{"floor":31.0,"key":"EntropicBrew"},{"floor":33.0,"key":"FearPotion"},{"floor":36.0,"key":"PowerPotion"},{"floor":39.0,"key":"LiquidBronze"},{"floor":44.0,"key":"Ancient Potion"},{"floor":47.0,"key":"Strength Potion"}],"is_trial":false,"path_per_floor":["M","M","M","M","?","E","?","E","T","?","M","E","$","?","R","B",null,"M","?","?","M","M","E","R","E","T","M","R","$","?","E","R","B",null,"M","M","M","$","M","R","E","$","T","E","R","E","M","M","R","B"],"character_chosen":"WATCHER","items_purchased":["LessonLearned","LikeWater","Thread and Needle","Halt","TalkToTheHand","Shuriken","Strawberry","Kunai","WindmillStrike","ClockworkSouvenir","Bottled Tornado","Lee\u0027s Waffle"],"campfire_rested":1,"item_purchase_floors":[13,13,13,13,13,38,38,38,38,38,38,42],"current_hp_per_floor":[63,63,59,59,52,26,12,11,11,11,11,11,11,11,11,11,57,57,57,57,55,47,25,46,44,44,44,44,44,44,24,24,20,59,58,37,22,29,29,29,23,86,86,61,61,50,38,38,38,0,0],"gold":141,"neow_bonus":"UPGRADE_CARD","is_daily":false,"chose_seed":false,"campfire_upgraded":6,"win_rate":0.0,"timestamp":1611500501,"path_taken":["M","M","M","M","?","E","?","E","T","?","M","E","$","?","R","BOSS","M","?","?","M","M","E","R","E","T","?","R","$","?","E","R","BOSS","M","M","M","?","M","R","E","$","T","E","R","E","M","?","R","BOSS"],"items_purchased_type":["Card","Card","Relic","Card","Card","Relic","Relic","Relic","Card","Relic","Relic","Relic"],"build_version":"2020-12-22","purchased_purges":1,"victory":false,"max_hp_per_floor":[72,72,72,72,72,72,72,72,72,72,72,72,72,72,72,72,72,72,72,72,72,72,72,72,72,72,72,72,72,72,72,72,72,72,72,72,72,79,79,79,79,86,86,86,86,86,86,86,86,86,86],"card_choices":[{"not_picked":["Pray","FlurryOfBlows"],"picked":"Adaptation","floor":1.0},{"not_picked":["SashWhip","Protect"],"picked":"LikeWater","floor":2.0},{"not_picked":["Halt","Protect"],"picked":"ClearTheMind","floor":3.0},{"not_picked":["CarveReality","PathToVictory"],"picked":"Establishment","floor":4.0},{"not_picked":["Wireheading","ForeignInfluence"],"picked":"FlurryOfBlows","floor":6.0},{"not_picked":["Fasting2","EmptyBody"],"picked":"CutThroughFate","floor":8.0},{"not_picked":["CrushJoints","EmptyFist"],"picked":"Wallop","floor":11.0},{"not_picked":["Study","Worship","Prostrate"],"picked":"SKIP","floor":12.0},{"not_picked":["ConjureBlade","Wish"],"picked":"Blasphemy","floor":16.0},{"not_picked":["Halt","FollowUp"],"picked":"Crescendo","floor":18.0},{"not_picked":["Pray","CutThroughFate","SashWhip+1"],"picked":"SKIP","floor":21.0},{"not_picked":["ThirdEye","Adaptation"],"picked":"Indignation","floor":22.0},{"not_picked":["Consecrate+1","Blasphemy"],"picked":"SandsOfTime","floor":23.0},{"not_picked":["ConjureBlade","Study"],"picked":"LikeWater+1","floor":25.0},{"not_picked":["Protect","JustLucky"],"picked":"FlurryOfBlows","floor":27.0},{"not_picked":["Consecrate+1","WreathOfFlame"],"picked":"Wish","floor":31.0},{"not_picked":["Establishment","Devotion"],"picked":"Vault","floor":33.0},{"not_picked":["ForeignInfluence","Prostrate+1","Omniscience"],"picked":"SKIP","floor":35.0},{"not_picked":["Halt","Ragnarok"],"picked":"Vengeance","floor":36.0},{"not_picked":["WreathOfFlame","FollowUp","Meditate"],"picked":"SKIP","floor":37.0},{"not_picked":["Consecrate+1","SignatureMove+1"],"picked":"FlurryOfBlows+1","floor":39.0},{"not_picked":["LessonLearned","Wish"],"picked":"FlurryOfBlows+1","floor":41.0},{"not_picked":["PathToVictory","SpiritShield"],"picked":"CutThroughFate","floor":44.0},{"not_picked":["LessonLearned","Indignation+1"],"picked":"SandsOfTime+1","floor":46.0},{"not_picked":["SashWhip+1","Sanctity","BowlingBash+1"],"picked":"MentalFortress+1","floor":47.0},{"not_picked":["PathToVictory+1","Protect+1","Swivel"],"picked":"WheelKick","floor":48.0}],"player_experience":557690,"relics_obtained":[{"floor":6.0,"key":"Smiling Mask"},{"floor":8.0,"key":"The Courier"},{"floor":9.0,"key":"War Paint"},{"floor":12.0,"key":"Old Coin"},{"floor":23.0,"key":"MawBank"},{"floor":25.0,"key":"Akabeko"},{"floor":26.0,"key":"CeramicFish"},{"floor":31.0,"key":"Bag of Marbles"},{"floor":41.0,"key":"Pen Nib"},{"floor":44.0,"key":"Lantern"},{"floor":46.0,"key":"Question Card"}],"event_choices":[{"damage_healed":0.0,"max_hp_gain":0.0,"max_hp_loss":0.0,"gold_gain":0.0,"event_name":"Scrap Ooze","player_choice":"Success","floor":5.0,"gold_loss":0.0,"damage_taken":7.0,"relics_obtained":["HornCleat"]},{"damage_healed":0.0,"max_hp_gain":0.0,"max_hp_loss":0.0,"gold_gain":0.0,"event_name":"Shining Light","player_choice":"Entered Light","floor":7.0,"gold_loss":0.0,"damage_taken":14.0,"cards_upgraded":["Strike_P","FlurryOfBlows"]},{"damage_healed":0.0,"max_hp_gain":0.0,"max_hp_loss":0.0,"gold_gain":0.0,"cards_transformed":["Strike_P"],"event_name":"Living Wall","player_choice":"Change","floor":10.0,"gold_loss":0.0,"damage_taken":0.0,"cards_obtained":["WheelKick"]},{"damage_healed":0.0,"max_hp_gain":0.0,"max_hp_loss":0.0,"gold_gain":30.0,"event_name":"Dead Adventurer","player_choice":"Searched \u00272\u0027 times","floor":14.0,"gold_loss":0.0,"damage_taken":0.0},{"cards_removed":["Defend_P"],"damage_healed":0.0,"max_hp_gain":0.0,"max_hp_loss":0.0,"gold_gain":0.0,"event_name":"Beggar","player_choice":"Gave Gold","floor":19.0,"gold_loss":75.0,"damage_taken":0.0},{"damage_healed":0.0,"max_hp_gain":0.0,"max_hp_loss":0.0,"gold_gain":0.0,"event_name":"N\u0027loth","player_choice":"Traded Relic","floor":20.0,"relics_lost":["Old Coin"],"gold_loss":0.0,"damage_taken":0.0,"relics_obtained":["Nloth\u0027s Gift"]},{"damage_healed":0.0,"max_hp_gain":0.0,"max_hp_loss":0.0,"gold_gain":275.0,"event_name":"Golden Shrine","player_choice":"Desecrate","floor":30.0,"gold_loss":0.0,"damage_taken":0.0,"cards_obtained":["Regret"]}],"is_beta":false,"boss_relics":[{"not_picked":["Snecko Eye","Cursed Key"],"picked":"SlaversCollar"},{"not_picked":["SacredBark","Astrolabe"],"picked":"Empty Cage"}],"items_purged_floors":[13],"is_endless":false,"potions_floor_spawned":[1,2,3,11,18,27,31,33,36,39,44,47],"killed_by":"Awakened One","ascension_level":8}}