{"host":"7tqog9fnhs0gxmti","time":1611492507,"event":{"mods":["AchievementEnabler","Act Like it!","Astrologer","BaseMod","Beaked The Cultist","CapriCore","Colored Map","Colored Powertips","Hermit","Highlight Path","Marisa????????","Minty Spire (QoL Compilation)","Quick Restart","Random Character Button","Rare Cards Sparkle","Robot Space Explorer","Somnambulant","StSLib","The Bug Knight","The Construct","The Cursed","The Disciple","The Gatherer","The Hayseed","The Marked","Wandering Minibosses","everything is the same but u backflip on backflip"],"gold_per_floor":[111,111,122,1,14,49,114,114,141,141,153,197,197,206,206,346,346,361,361,374,408,424,424,455,455,755,755,805,805,805,830,830,937,937,957,957,957],"floor_reached":36,"language":"ENG","playtime":1548,"items_purged":["Pain"],"score":453,"play_id":"9f79ee85-59f3-4493-bff2-6e96791ac353","local_time":"20210124204827","is_ascension_mode":false,"campfire_choices":[{"floor":8.0,"key":"REST"},{"floor":15.0,"key":"REST"},{"floor":23,"key":"REST"},{"data":"theMarked:WardOff","floor":25,"key":"SMITH"},{"floor":27,"key":"REST"},{"data":"theMarked:WardOff","floor":29,"key":"SMITH"},{"floor":32,"key":"REST"}],"circlet_count":0,"master_deck":["theMarked:Strike","theMarked:Strike","theMarked:Strike+1","theMarked:Strike+1","theMarked:Strike","theMarked:Defend","theMarked:Defend","theMarked:Defend","theMarked:Defend","theMarked:SoldierOfQuellstein","theMarked:WardOff+1","theMarked:ChainLightning","theMarked:WardOff+1","theMarked:SwordAndMagic","theMarked:EmpowerWeapon","theMarked:TwofoldDefense","theMarked:BanishingStrike","theMarked:BanishingStrike","theMarked:EmpowerWeapon","Injury","theMarked:BindingBlade","theMarked:Indomitable+1","theMarked:ElementalBlade+1","theMarked:MagicAdept"],"relics":["theMarked:ArtifactOfAir","WarpedTongs","MealTicket","Lizard Tail","Whetstone","HollowMod:StagPassRelic","CeramicFish","WingedGreaves","Bloody Idol","beaked:MawFillet","beaked:ShinyBauble","HollowMod:LifeEnderRelic","Old Coin","theMarked:DemonDagger","Cursed Key"],"acts_visited":["Exordium","TheCity","TheBeyond"],"potions_floor_usage":[24,33,33,33],"damage_taken":[{"damage":5.0,"enemies":"Small Slimes","floor":1.0,"turns":5.0},{"damage":4.0,"enemies":"Cultist","floor":3.0,"turns":4.0},{"damage":0.0,"enemies":"Jaw Worm","floor":5.0,"turns":4.0},{"damage":30.0,"enemies":"Gremlin Nob","floor":6.0,"turns":4.0},{"damage":15.0,"enemies":"3 Sentries","floor":7.0,"turns":8.0},{"damage":0.0,"enemies":"Gremlin Gang","floor":11.0,"turns":4.0},{"damage":10.0,"enemies":"Lagavulin","floor":12.0,"turns":6.0},{"damage":21.0,"enemies":"The Guardian","floor":16.0,"turns":10.0},{"damage":18,"enemies":"2 Thieves","floor":18,"turns":4},{"damage":5,"enemies":"Chosen","floor":20,"turns":2},{"damage":17,"enemies":"Book of Stabbing","floor":21,"turns":4},{"damage":9,"enemies":"Snecko","floor":22,"turns":4},{"damage":62,"enemies":"Gremlin Leader","floor":24,"turns":5},{"damage":24,"enemies":"Book of Stabbing","floor":28,"turns":5},{"damage":1,"enemies":"Snake Plant","floor":31,"turns":2},{"damage":46,"enemies":"Collector","floor":33,"turns":7},{"damage":10,"enemies":"3 Darklings","floor":35,"turns":7},{"damage":65,"enemies":"Orin","floor":36,"turns":7}],"seed_played":"3292377576924680790","potions_obtained":[{"floor":3.0,"key":"DuplicationPotion"},{"floor":16.0,"key":"Swift Potion"},{"floor":22,"key":"construct:ShiftPotion"},{"floor":28,"key":"LiquidBronze"},{"floor":31,"key":"Energy Potion"}],"is_trial":false,"path_per_floor":["M","?","M","$","M","E","?","R","T","T","M","E","?","?","R","B",null,"M","?","M","E","M","R","E","R","T","R","E","R","?","M","R","B",null,"M","?"],"character_chosen":"THE_DEFAULT","items_purchased":["theMarked:SwordAndMagic"],"campfire_rested":5,"item_purchase_floors":[4],"current_hp_per_floor":[65,65,61,61,61,31,16,37,37,37,37,27,2,2,23,2,70,52,52,47,30,21,42,23,23,23,44,20,20,20,29,50,14,70,65,0,0],"gold":957,"neow_bonus":"THREE_CARDS","is_daily":false,"chose_seed":false,"campfire_upgraded":2,"win_rate":0.0,"timestamp":1611492507,"path_taken":["M","?","?","$","M","E","?","R","T","?","?","E","?","?","R","BOSS","M","?","?","E","M","R","E","R","T","R","E","R","?","M","R","BOSS","M","?"],"items_purchased_type":["Card"],"build_version":"2020-12-22","purchased_purges":1,"victory":false,"max_hp_per_floor":[70,70,70,70,70,70,70,70,70,70,70,70,70,70,70,70,70,70,70,70,70,70,70,70,70,70,70,70,70,70,70,70,70,70,70,70,70],"card_choices":[{"not_picked":["theMarked:WastefulDefense","theMarked:Improvise"],"picked":"theMarked:WardOff","floor":0.0},{"not_picked":["theMarked:WastefulDefense","theMarked:AttractMetal"],"picked":"theMarked:ChainLightning","floor":1.0},{"not_picked":["theMarked:ResourceFulStrike","theMarked:KeepCalmAndFightOn"],"picked":"theMarked:WardOff","floor":3.0},{"not_picked":["theMarked:ChainLightning","theMarked:Parkour"],"picked":"theMarked:EmpowerWeapon","floor":5.0},{"not_picked":["theMarked:KeepCalmAndFightOn","theMarked:EmpowerWeapon"],"picked":"theMarked:TwofoldDefense","floor":6.0},{"not_picked":["theMarked:GodGivenPower","theMarked:Parkour"],"picked":"theMarked:BanishingStrike","floor":7.0},{"not_picked":["theMarked:Standoff","theMarked:Parkour"],"picked":"theMarked:BanishingStrike","floor":11.0},{"not_picked":["theMarked:Aftermath","theMarked:HeightenedSenses"],"picked":"theMarked:EmpowerWeapon","floor":12.0},{"not_picked":["theMarked:Abjuration","theMarked:Levitate"],"picked":"theMarked:BindingBlade","floor":16.0},{"not_picked":["theMarked:Convert+1","theMarked:RepellingDischarge","theMarked:ParalyzingBlade+1"],"picked":"SKIP","floor":18},{"not_picked":["theMarked:CreepingChasm","theMarked:EmpowerWeapon","theMarked:TwofoldDefense+1"],"picked":"SKIP","floor":20},{"not_picked":["theMarked:WastefulAttack","theMarked:Improvise+1","theMarked:WastefulDefense+1"],"picked":"SKIP","floor":21},{"not_picked":["theMarked:EnhanceMovement","theMarked:BanishingWave","theMarked:WastefulAttack"],"picked":"SKIP","floor":22},{"not_picked":["theMarked:Electrocute+1","theMarked:WastefulDefense","theMarked:SwordAndMagic+1"],"picked":"SKIP","floor":24},{"not_picked":["theMarked:SelfDefenseTraining+1","theMarked:Seal+1"],"picked":"theMarked:Indomitable+1","floor":28},{"not_picked":["theMarked:AttractMetal+1","theMarked:WastefulAttack+1"],"picked":"theMarked:ElementalBlade+1","floor":31},{"not_picked":["theMarked:FavorableWinds","theMarked:Abjuration"],"picked":"theMarked:MagicAdept","floor":33},{"not_picked":["theMarked:Electrocute","theMarked:WastefulDefense","theMarked:BanishingStrike"],"picked":"SKIP","floor":35}],"player_experience":856386,"relics_obtained":[{"floor":6.0,"key":"MealTicket"},{"floor":7.0,"key":"Lizard Tail"},{"floor":9.0,"key":"Whetstone"},{"floor":10.0,"key":"HollowMod:StagPassRelic"},{"floor":12.0,"key":"CeramicFish"},{"floor":21,"key":"beaked:ShinyBauble"},{"floor":24,"key":"HollowMod:LifeEnderRelic"},{"floor":26,"key":"Old Coin"},{"floor":28,"key":"theMarked:DemonDagger"}],"event_choices":[{"damage_healed":0.0,"max_hp_gain":0.0,"max_hp_loss":0.0,"gold_gain":0.0,"event_name":"Accursed Blacksmith","player_choice":"Rummage","floor":2.0,"gold_loss":0.0,"damage_taken":0.0,"relics_obtained":["WarpedTongs"],"cards_obtained":["Pain"]},{"damage_healed":0.0,"max_hp_gain":0.0,"max_hp_loss":0.0,"gold_gain":0.0,"event_name":"Dead Adventurer","player_choice":"Searched \u00271\u0027 times","floor":7.0,"gold_loss":0.0,"damage_taken":0.0},{"damage_healed":0.0,"max_hp_gain":0.0,"max_hp_loss":0.0,"gold_gain":0.0,"event_name":"Scrap Ooze","player_choice":"Success","floor":13.0,"gold_loss":0.0,"damage_taken":25.0,"relics_obtained":["WingedGreaves"]},{"damage_healed":0.0,"max_hp_gain":0.0,"max_hp_loss":0.0,"gold_gain":0.0,"event_name":"Golden Idol","player_choice":"Take Wound","floor":14.0,"gold_loss":0.0,"damage_taken":0.0,"relics_obtained":["Golden Idol"],"cards_obtained":["Injury"]},{"damage_healed":0,"gold_gain":0,"player_choice":"Ignored","damage_taken":0,"max_hp_gain":0,"max_hp_loss":0,"event_name":"NoteForYourself","floor":19,"gold_loss":0},{"damage_healed":0,"gold_gain":0,"player_choice":"Gave Idol","damage_taken":0,"relics_obtained":["Bloody Idol"],"max_hp_gain":0,"max_hp_loss":0,"event_name":"Forgotten Altar","floor":30,"relics_lost":["Golden Idol"],"gold_loss":0},{"damage_healed":0,"gold_gain":0,"player_choice":"Fight","damage_taken":0,"max_hp_gain":0,"max_hp_loss":0,"event_name":"OrinTheCat","floor":36,"gold_loss":0}],"is_beta":false,"boss_relics":[{"not_picked":["Tiny House","Ectoplasm"],"picked":"beaked:MawFillet"},{"not_picked":["theMarked:Eyepatch","Snecko Eye"],"picked":"Cursed Key"}],"items_purged_floors":[4],"is_endless":false,"potions_floor_spawned":[3,16,22,28,31],"killed_by":"Orin","ascension_level":0}}