{"host":"agbyy69nq62afhwx","time":1611481703,"event":{"mods":["BaseMod","Colored Map","DeckTracker","Highlight Path","Keyboard Shortcuts","Minty Spire (QoL Compilation)","Quick Restart","StSLib","SuperFastMode","everything is the same but u backflip on backflip"],"gold_per_floor":[116,11,11,27,39,39,53,53,53,53,81,97,107,124,124,202,202,213,228,228,127,141,141,152,67,117,126,26,76,96,107,116,187,187,214,224,239,239,239,276,276,318,370,370,401,401,401,276,276,276,276,276,276,108,138,138,138],"floor_reached":56,"language":"KOR","playtime":2485,"items_purged":["Strike_R","Strike_R","Strike_R"],"score":2424,"play_id":"e703628f-55ad-494d-9c92-4cabeca3dcbe","local_time":"20210124184823","is_ascension_mode":true,"campfire_choices":[{"data":"Entrench","floor":6.0,"key":"SMITH"},{"data":"Barricade","floor":8.0,"key":"SMITH"},{"data":"Bloodletting","floor":10.0,"key":"SMITH"},{"data":"1","floor":15.0,"key":"LIFT"},{"data":"2","floor":23.0,"key":"LIFT"},{"floor":32.0,"key":"REST"},{"floor":41.0,"key":"REST"},{"data":"Body Slam","floor":44.0,"key":"SMITH"},{"floor":47.0,"key":"RECALL"},{"floor":49.0,"key":"REST"},{"data":"Offering","floor":53.0,"key":"SMITH"}],"circlet_count":0,"master_deck":["AscendersBane","Defend_R","Defend_R","Defend_R+1","Defend_R","Bash","Barricade+1","Bloodletting+1","Finesse","Flame Barrier","Hemokinesis","Entrench+1","Headbutt","Battle Trance","Offering","Juggernaut","Havoc+1","Shrug It Off","Battle Trance+1","Rupture","Body Slam+1","Offering+1","Burning Pact","Evolve","True Grit+1"],"relics":["Burning Blood","Thread and Needle","Girya","Runic Dome","Dream Catcher","CeramicFish","Runic Cube","Pear","War Paint","Nunchaku","Anchor","Red Skull"],"acts_visited":["Exordium","TheCity","TheBeyond","TheEnding"],"potions_floor_usage":[],"damage_taken":[{"damage":6.0,"enemies":"2 Louse","floor":1.0,"turns":5.0},{"damage":6.0,"enemies":"Cultist","floor":4.0,"turns":5.0},{"damage":19.0,"enemies":"Small Slimes","floor":5.0,"turns":4.0},{"damage":8.0,"enemies":"Blue Slaver","floor":7.0,"turns":9.0},{"damage":11.0,"enemies":"Lagavulin","floor":11.0,"turns":11.0},{"damage":6.0,"enemies":"3 Louse","floor":12.0,"turns":5.0},{"damage":2.0,"enemies":"Red Slaver","floor":13.0,"turns":8.0},{"damage":18.0,"enemies":"Gremlin Gang","floor":14.0,"turns":9.0},{"damage":8.0,"enemies":"Slime Boss","floor":16.0,"turns":23.0},{"damage":18.0,"enemies":"2 Thieves","floor":18.0,"turns":4.0},{"damage":6.0,"enemies":"Spheric Guardian","floor":19.0,"turns":3.0},{"damage":14.0,"enemies":"Snake Plant","floor":22.0,"turns":3.0},{"damage":7.0,"enemies":"Centurion and Healer","floor":24.0,"turns":10.0},{"damage":0.0,"enemies":"Chosen and Byrds","floor":30.0,"turns":7.0},{"damage":8.0,"enemies":"3 Cultists","floor":31.0,"turns":5.0},{"damage":6.0,"enemies":"Automaton","floor":33.0,"turns":7.0},{"damage":36.0,"enemies":"3 Darklings","floor":35.0,"turns":7.0},{"damage":12.0,"enemies":"Orb Walker","floor":36.0,"turns":4.0},{"damage":6.0,"enemies":"Jaw Worm Horde","floor":37.0,"turns":5.0},{"damage":9.0,"enemies":"Nemesis","floor":40.0,"turns":9.0},{"damage":12.0,"enemies":"Giant Head","floor":42.0,"turns":6.0},{"damage":48.0,"enemies":"Reptomancer","floor":45.0,"turns":6.0},{"damage":15.0,"enemies":"Donu and Deca","floor":50.0,"turns":6.0},{"damage":25.0,"enemies":"Awakened One","floor":51.0,"turns":7.0},{"damage":60.0,"enemies":"Shield and Spear","floor":55.0,"turns":6.0},{"damage":99,"enemies":"The Heart","floor":56,"turns":3}],"seed_played":"-6185950722996899777","potions_obtained":[{"floor":4.0,"key":"Energy Potion"},{"floor":5.0,"key":"Energy Potion"},{"floor":14.0,"key":"ColorlessPotion"},{"floor":22.0,"key":"DistilledChaos"},{"floor":33.0,"key":"DistilledChaos"},{"floor":36.0,"key":"FairyPotion"},{"floor":45.0,"key":"LiquidMemories"}],"is_trial":false,"path_per_floor":["M","$","?","M","M","R","M","R","T","R","E","M","M","M","R","B",null,"M","M","?","$","M","R","M","?","T","?","$","?","M","M","R","B",null,"M","M","M","?","?","E","R","E","T","R","E","?","R","$","R","B","B",null,"R","$","E","B"],"character_chosen":"IRONCLAD","items_purchased":["Finesse","Shrug It Off","Anchor"],"campfire_rested":3,"item_purchase_floors":[2,21,54],"current_hp_per_floor":[68,68,68,68,55,55,53,53,53,53,48,48,52,40,40,38,66,54,54,33,33,25,25,24,24,24,24,24,24,30,28,52,52,73,43,37,37,37,37,44,69,63,63,63,21,21,21,21,46,37,18,69,69,69,15,0,0],"gold":138,"neow_bonus":"TRANSFORM_CARD","is_daily":false,"chose_seed":false,"campfire_upgraded":5,"win_rate":0.0,"timestamp":1611481703,"path_taken":["M","$","?","M","M","R","M","R","T","R","E","M","M","M","R","BOSS","M","M","?","$","M","R","M","?","T","?","?","?","?","M","R","BOSS","M","M","?","?","?","E","R","E","T","R","E","?","R","$","R","BOSS","BOSS","R","$","E","BOSS"],"items_purchased_type":["Card","Card","Relic"],"build_version":"2020-12-22","purchased_purges":3,"victory":false,"max_hp_per_floor":[75,75,75,75,75,75,75,75,75,75,75,75,75,75,75,75,75,75,75,80,80,80,80,80,80,80,80,80,80,80,80,80,80,80,80,80,80,80,76,86,86,86,86,86,86,86,86,86,86,86,86,86,86,86,86,86,86],"card_choices":[{"not_picked":["Flex","Havoc"],"picked":"Bloodletting","floor":1.0},{"not_picked":["Bloodletting","Perfected Strike"],"picked":"Hemokinesis","floor":4.0},{"not_picked":["Shrug It Off","Heavy Blade"],"picked":"Entrench","floor":5.0},{"not_picked":["Clash","Thunderclap","Headbutt"],"picked":"SKIP","floor":7.0},{"not_picked":["Clash","Thunderclap"],"picked":"Headbutt","floor":7.0},{"not_picked":["Uppercut","Havoc"],"picked":"Battle Trance","floor":11.0},{"not_picked":["Anger","Wild Strike"],"picked":"Offering","floor":12.0},{"not_picked":["Warcry","Iron Wave","Havoc"],"picked":"SKIP","floor":13.0},{"not_picked":["Dropkick","Combust"],"picked":"Demon Form","floor":14.0},{"not_picked":["Limit Break","Corruption"],"picked":"Juggernaut","floor":16.0},{"not_picked":["Rage","Reckless Charge"],"picked":"Havoc+1","floor":18.0},{"not_picked":["Flex","Carnage","Sever Soul"],"picked":"SKIP","floor":19.0},{"not_picked":["Anger","Clothesline"],"picked":"Battle Trance","floor":22.0},{"not_picked":["Flex","Clothesline"],"picked":"Rupture","floor":24.0},{"not_picked":["Sentinel+1","Perfected Strike","Iron Wave"],"picked":"SKIP","floor":30.0},{"not_picked":["Body Slam+1","Whirlwind","Armaments"],"picked":"SKIP","floor":31.0},{"not_picked":["Bloodletting","Wild Strike"],"picked":"Offering","floor":32.0},{"not_picked":["Sword Boomerang","Dual Wield"],"picked":"Burning Pact","floor":35.0},{"not_picked":["Armaments","Havoc","Wild Strike"],"picked":"SKIP","floor":36.0},{"not_picked":["Whirlwind+1","Heavy Blade","Shockwave"],"picked":"SKIP","floor":37.0},{"not_picked":["Twin Strike","Perfected Strike"],"picked":"Evolve","floor":40.0},{"not_picked":["Havoc","Warcry+1"],"picked":"True Grit+1","floor":42.0},{"not_picked":["Sentinel+1","Havoc+1","Dropkick"],"picked":"SKIP","floor":45.0},{"not_picked":["Reckless Charge","Blood for Blood","Pommel Strike+1"],"picked":"SKIP","floor":55.0}],"player_experience":460094,"relics_obtained":[{"floor":9.0,"key":"Thread and Needle"},{"floor":11.0,"key":"Girya"},{"floor":26.0,"key":"CeramicFish"},{"floor":40.0,"key":"Pear"},{"floor":42.0,"key":"War Paint"},{"floor":45.0,"key":"Nunchaku"},{"floor":55.0,"key":"Red Skull"}],"event_choices":[{"damage_healed":0.0,"max_hp_gain":0.0,"max_hp_loss":0.0,"gold_gain":0.0,"cards_transformed":["Strike_R"],"event_name":"Transmorgrifier","player_choice":"Transformed","floor":3.0,"gold_loss":0.0,"damage_taken":0.0,"cards_obtained":["Flame Barrier"]},{"damage_healed":0.0,"max_hp_gain":5.0,"max_hp_loss":0.0,"gold_gain":0.0,"event_name":"Forgotten Altar","player_choice":"Shed Blood","floor":20.0,"gold_loss":0.0,"damage_taken":26.0},{"damage_healed":0.0,"max_hp_gain":0.0,"max_hp_loss":0.0,"gold_gain":0.0,"event_name":"Addict","player_choice":"Obtained Relic","floor":25.0,"gold_loss":85.0,"damage_taken":0.0,"relics_obtained":["Dream Catcher"]},{"damage_healed":0.0,"max_hp_gain":0.0,"max_hp_loss":0.0,"gold_gain":0.0,"event_name":"The Library","player_choice":"Read","floor":27.0,"gold_loss":0.0,"damage_taken":0.0,"cards_obtained":["Body Slam"]},{"damage_healed":0.0,"max_hp_gain":0.0,"max_hp_loss":0.0,"gold_gain":50.0,"event_name":"Golden Shrine","player_choice":"Pray","floor":29.0,"gold_loss":0.0,"damage_taken":0.0},{"damage_healed":0.0,"max_hp_gain":0.0,"max_hp_loss":0.0,"gold_gain":0.0,"event_name":"SensoryStone","player_choice":"Memory 1","floor":38.0,"gold_loss":0.0,"damage_taken":0.0},{"damage_healed":0.0,"max_hp_gain":0.0,"max_hp_loss":4.0,"gold_gain":0.0,"event_name":"Winding Halls","player_choice":"Max HP","floor":39.0,"gold_loss":0.0,"damage_taken":0.0},{"cards_removed":["Demon Form"],"damage_healed":0.0,"max_hp_gain":0.0,"max_hp_loss":0.0,"gold_gain":0.0,"event_name":"Falling","player_choice":"Removed Power","floor":46.0,"gold_loss":0.0,"damage_taken":0.0}],"is_beta":false,"boss_relics":[{"not_picked":["Empty Cage","Busted Crown"],"picked":"Runic Dome"},{"not_picked":["Black Star","Fusion Hammer"],"picked":"Runic Cube"}],"items_purged_floors":[21,28,48],"is_endless":false,"potions_floor_spawned":[4,5,7,14,16,19,22,33,36,42,45],"killed_by":"The Heart","ascension_level":20}}