{"host":"dhyczjm99amxd3qx","time":1611457176,"event":{"mods":["BaseMod","Colored Map","Googly Eyes","Highlight Path","Minty Spire (QoL Compilation)","Quick Restart","StSLib"],"gold_per_floor":[114,114,114,34,53,87,87,87,87,87,87],"floor_reached":10,"language":"ENG","playtime":378,"items_purged":[],"score":86,"play_id":"15dc6f9b-c6c9-4117-b6d3-b56e48d7777f","local_time":"20210123215936","is_ascension_mode":true,"campfire_choices":[{"floor":7,"key":"REST"}],"circlet_count":0,"master_deck":["Strike_B","Strike_B","Strike_B","Defend_B","Defend_B","Defend_B","Defend_B","Zap+1","Dualcast","Genetic Algorithm","Conserve Battery"],"relics":["Cracked Core","Frozen Egg 2","Darkstone Periapt"],"acts_visited":["Exordium"],"potions_floor_usage":[],"damage_taken":[{"damage":4,"enemies":"2 Louse","floor":1,"turns":4},{"damage":3,"enemies":"Small Slimes","floor":5,"turns":4},{"damage":63,"enemies":"3 Sentries","floor":6,"turns":12},{"damage":31,"enemies":"Lagavulin","floor":10,"turns":6}],"seed_played":"7728287462574424330","potions_obtained":[{"floor":5,"key":"BlessingOfTheForge"}],"is_trial":false,"path_per_floor":["M","?","?","$","M","E","R","?","T","E"],"character_chosen":"DEFECT","items_purchased":["Genetic Algorithm"],"campfire_rested":1,"item_purchase_floors":[4],"current_hp_per_floor":[71,76,69,69,66,3,29,29,29,0,0],"gold":87,"neow_bonus":"TEN_PERCENT_HP_BONUS","is_daily":false,"chose_seed":false,"campfire_upgraded":0,"win_rate":0.0,"timestamp":1611457176,"path_taken":["M","?","?","?","M","E","R","?","T","E"],"items_purchased_type":["Card"],"build_version":"2020-12-22","purchased_purges":0,"victory":false,"max_hp_per_floor":[82,87,87,87,87,87,87,87,87,87,87],"card_choices":[{"not_picked":["Gash","Steam Power","Stack"],"picked":"SKIP","floor":1},{"not_picked":["Coolheaded","Force Field"],"picked":"Conserve Battery","floor":5},{"not_picked":["Static Discharge+1","Lockon","Barrage"],"picked":"SKIP","floor":6}],"player_experience":365823,"relics_obtained":[{"floor":6,"key":"Frozen Egg 2"},{"floor":9,"key":"Darkstone Periapt"}],"event_choices":[{"damage_healed":0,"gold_gain":0,"player_choice":"Donut","damage_taken":0,"max_hp_gain":5,"max_hp_loss":0,"event_name":"Big Fish","floor":2,"gold_loss":0},{"cards_removed":["Strike_B"],"damage_healed":0,"gold_gain":0,"player_choice":"Card Removal","damage_taken":7,"max_hp_gain":0,"max_hp_loss":0,"event_name":"Golden Wing","floor":3,"gold_loss":0},{"damage_healed":0,"gold_gain":0,"player_choice":"Forge","damage_taken":0,"max_hp_gain":0,"max_hp_loss":0,"event_name":"Accursed Blacksmith","floor":8,"gold_loss":0,"cards_upgraded":["Zap"]}],"is_beta":false,"boss_relics":[],"items_purged_floors":[],"is_endless":false,"potions_floor_spawned":[5],"killed_by":"Lagavulin","ascension_level":7}}