{"host":"dcj2yvrgcvh5dl2s","time":1611456092,"event":{"mods":["BaseMod","Bestiary","Better Note","Block Reminder","Colored Powertips","Curses Come First","DeckTracker","Minty Spire (QoL Compilation)","Quick Restart","Rare Cards Sparkle","Relic Stats","StSLib"],"gold_per_floor":[13,13,13,88,107,107,138,138,138,154,154,154],"floor_reached":11,"language":"ENG","playtime":238,"items_purged":[],"score":138,"play_id":"271d90e6-6613-4cf6-bfa6-0c32f466652d","local_time":"20210124124132","is_ascension_mode":true,"campfire_choices":[{"data":"Uppercut","floor":6,"key":"SMITH"}],"circlet_count":0,"master_deck":["AscendersBane","Strike_R","Strike_R","Strike_R","Defend_R","Defend_R","Defend_R","Defend_R","Bash","Perfected Strike","Uppercut+1","True Grit+1","Body Slam","Flex","Shockwave"],"relics":["Burning Blood","Omamori","Ginger","Singing Bowl"],"acts_visited":["Exordium"],"potions_floor_usage":[7],"damage_taken":[{"damage":0,"enemies":"Cultist","floor":1,"turns":3},{"damage":17,"enemies":"Jaw Worm","floor":5,"turns":3},{"damage":46,"enemies":"Gremlin Nob","floor":7,"turns":5},{"damage":5,"enemies":"2 Louse","floor":10,"turns":3},{"damage":11,"enemies":"3 Sentries","floor":11,"turns":4}],"seed_played":"-7243380880912165488","potions_obtained":[{"floor":1,"key":"Explosive Potion"}],"is_trial":false,"path_per_floor":["M","?","$","?","M","R","E","T","T","M","E"],"character_chosen":"IRONCLAD","items_purchased":[],"campfire_rested":0,"item_purchase_floors":[],"current_hp_per_floor":[74,74,74,63,52,52,12,12,12,13,2,2],"gold":154,"neow_bonus":"TRANSFORM_TWO_CARDS","is_daily":false,"chose_seed":false,"campfire_upgraded":1,"win_rate":0.0,"timestamp":1611456092,"path_taken":["M","?","$","?","M","R","E","?","T","?","E"],"items_purchased_type":[],"build_version":"2020-12-22","purchased_purges":0,"victory":false,"max_hp_per_floor":[75,75,75,75,75,75,75,75,75,75,75,75],"relic_stats":{"Singing Bowl":0,"counters":[5,18],"Ginger":[0],"obtain_stats":[{"Singing Bowl":9,"Omamori":7,"Ginger":8,"Burning Blood":0},{"Singing Bowl":3,"Omamori":3,"Ginger":3,"Burning Blood":0},{"Singing Bowl":11,"Omamori":11,"Ginger":11,"Burning Blood":0}],"Burning Blood":24},"card_choices":[{"not_picked":["Rage","Warcry"],"picked":"True Grit","floor":1},{"not_picked":["Headbutt","Clash"],"picked":"Body Slam","floor":5},{"not_picked":["Rampage","Sentinel"],"picked":"Flex","floor":7},{"not_picked":["Warcry","True Grit"],"picked":"Shockwave","floor":10}],"player_experience":2267497,"relics_obtained":[{"floor":7,"key":"Omamori"},{"floor":8,"key":"Ginger"},{"floor":9,"key":"Singing Bowl"}],"event_choices":[{"damage_healed":0,"gold_gain":0,"player_choice":"Grow","damage_taken":0,"max_hp_gain":0,"max_hp_loss":0,"event_name":"Living Wall","floor":2,"gold_loss":0,"cards_upgraded":["True Grit"]},{"damage_healed":0,"gold_gain":75,"player_choice":"Gather Gold","damage_taken":11,"max_hp_gain":0,"max_hp_loss":0,"event_name":"World of Goop","floor":4,"gold_loss":0}],"is_beta":false,"boss_relics":[],"items_purged_floors":[],"is_endless":false,"potions_floor_spawned":[1],"killed_by":"3 Sentries","ascension_level":19}}