{"host":"o6rpelx2jpc8yies","time":1611520994,"event":{"mods":["BaseMod","Downfall","Minty Spire (QoL Compilation)","StSLib"],"gold_per_floor":[99,110,124,137,149,183,183,216,216,47,47,58,58,93,110,213,213,13,31,31,31,31,16,42,27,54,299,324,339,339,389,399,503,553,453,472,484,115,129,159,239,270,194,206,235,335,109,125,142,142,142,142],"floor_reached":50,"language":"ENG","playtime":3800,"items_purged":["champ:Defend","champ:Strike","champ:Shatter"],"score":917,"play_id":"c60dae75-9286-40aa-8e1e-68804c50eace","local_time":"20210124134314","is_ascension_mode":true,"campfire_choices":[{"floor":1,"key":"RECALL"},{"data":"champ:Taunt","floor":11,"key":"SMITH"},{"floor":13,"key":"REST"},{"data":"champ:Improvising","floor":18,"key":"SMITH"},{"data":"champ:DefensiveShout","floor":35,"key":"SMITH"}],"circlet_count":0,"master_deck":["champ:Strike","champ:Strike","champ:Defend","champ:Defend","champ:Defend","champ:Execute","champ:Taunt+1","champ:RisingSlash","champ:DefensiveShout+1","champ:Encircle","champ:FlashCut","champ:Circumvent","champ:VampiricStrike","champ:SkillfulDodge+1","champ:Improvising+1","champ:FlashCut+1","champ:UltimateStance","champ:CrownThrow+1","champ:FalseCounter+1","champ:MurderStrike+1","champ:FlashCut+1","champ:TornadoPunch+1","Necronomicurse","champ:Improvising","champ:PreemptiveStrike+1","champ:FlashCut+1","champ:DefensiveStyle","champ:GutPunch+1","champ:RapidStrikes+1","champ:FocusedDefense+1","champ:BringItOn+1","champ:DefensiveShout+1","champ:IronFortress"],"relics":["champ:ChampionCrown","champ:SignatureFinisher","Torii","Molten Egg 2","SlaversCollar","downfall:HeartBlessingRed","downfall:HeartBlessingGreen","Oddly Smooth Stone","White Beast Statue","Bronze Scales","Necronomicon","Tiny House","downfall:HeartBlessingBlue","PreservedInsect","Blood Vial","Singing Bowl","Regal Pillow","Orichalcum","Toy Ornithopter","War Paint"],"acts_visited":["Exordium","TheCity","TheBeyond"],"potions_floor_usage":[16,16,26,32,32,33,36,37,39,40,45,48,48,50,50,50],"damage_taken":[{"damage":10,"enemies":"2 Louse","floor":2,"turns":3},{"damage":11,"enemies":"Cultist","floor":3,"turns":3},{"damage":4,"enemies":"Jaw Worm","floor":4,"turns":3},{"damage":19,"enemies":"Red Slaver","floor":5,"turns":2},{"damage":39,"enemies":"Lagavulin","floor":6,"turns":7},{"damage":16,"enemies":"Gremlin Nob","floor":8,"turns":4},{"damage":20,"enemies":"downfall:FleeingMerchant","floor":10,"turns":4},{"damage":16,"enemies":"3 Louse","floor":12,"turns":3},{"damage":25,"enemies":"Lagavulin","floor":14,"turns":7},{"damage":7,"enemies":"Exordium Wildlife","floor":15,"turns":6},{"damage":25,"enemies":"IC_STATUS_ARCHETYPE","floor":16,"turns":8},{"damage":11,"enemies":"Chosen","floor":19,"turns":3},{"damage":21,"enemies":"downfall:FleeingMerchant","floor":23,"turns":4},{"damage":42,"enemies":"downfall:FleeingMerchant","floor":25,"turns":4},{"damage":22,"enemies":"Book of Stabbing","floor":26,"turns":4},{"damage":29,"enemies":"downfall:FleeingMerchant","floor":27,"turns":4},{"damage":7,"enemies":"Gremlin Leader","floor":28,"turns":6},{"damage":0,"enemies":"Spheric Guardian","floor":29,"turns":3},{"damage":6,"enemies":"Snecko","floor":32,"turns":4},{"damage":27,"enemies":"SI_MIRROR_ARCHETYPE","floor":33,"turns":6},{"damage":0,"enemies":"Orb Walker","floor":36,"turns":4},{"damage":25,"enemies":"3 Darklings","floor":37,"turns":3},{"damage":35,"enemies":"Writhing Mass","floor":39,"turns":6},{"damage":21,"enemies":"Giant Head","floor":40,"turns":7},{"damage":20,"enemies":"Reptomancer","floor":42,"turns":4},{"damage":1,"enemies":"Sphere and 2 Shapes","floor":44,"turns":4},{"damage":24,"enemies":"Nemesis","floor":45,"turns":5},{"damage":15,"enemies":"downfall:LadyInBlue","floor":46,"turns":8},{"damage":68,"enemies":"Jaw Worm Horde","floor":48,"turns":4},{"damage":16,"enemies":"3 Darklings","floor":49,"turns":4},{"damage":65,"enemies":"DF_ARCHETYPE_ORBS","floor":50,"turns":9}],"seed_played":"-6729464535616387967","potions_obtained":[{"floor":5,"key":"champ:OpenerPotion"},{"floor":8,"key":"hexamod:SoulburnPotion"},{"floor":9,"key":"DistilledChaos"},{"floor":9,"key":"EssenceOfSteel"},{"floor":19,"key":"GamblersBrew"},{"floor":27,"key":"Strength Potion"},{"floor":28,"key":"ColorlessPotion"},{"floor":32,"key":"Slimebound:ThreeZeroPotion"},{"floor":33,"key":"SpeedPotion"},{"floor":34,"key":"Guardian:BlockOnCardUsePotion"},{"floor":36,"key":"SpeedPotion"},{"floor":37,"key":"GamblersBrew"},{"floor":39,"key":"bronze:BurnAndBuffPotion"},{"floor":40,"key":"LiquidMemories"},{"floor":45,"key":"Ancient Potion"},{"floor":46,"key":"champ:TechniquePotion"},{"floor":46,"key":"Dexterity Potion"},{"floor":48,"key":"sneckomod:MuddlingPotion"},{"floor":49,"key":"sneckomod:MuddlingPotion"}],"is_trial":false,"path_per_floor":["R","M","M","M","M","E","T","E","?","$","R","M","R","E","M","B",null,"R","M","?","?","?","$","T","$","E","$","E","M","?","T","M","B",null,"R","M","M","$","M","E","T","E","$","M","E","?","$","M","M","B"],"character_chosen":"THE_CHAMP","items_purchased":["champ:VampiricStrike","champ:DefensiveStyle","PreservedInsect","champ:GutPunch+1","champ:FocusedDefense","War Paint","champ:IronFortress"],"campfire_rested":1,"item_purchase_floors":[10,38,38,38,43,47,47],"current_hp_per_floor":[90,90,89,85,76,62,62,46,46,46,46,30,57,42,35,25,90,90,89,89,89,71,70,70,68,61,57,50,50,34,34,28,12,100,110,110,110,110,85,84,84,88,88,91,69,61,61,52,45,0,0,0],"gold":142,"neow_bonus":"TRANSFORM_CARD","is_daily":false,"chose_seed":false,"campfire_upgraded":3,"win_rate":0.0,"timestamp":1611520994,"path_taken":["R","M","M","M","M","E","T","E","?","$","R","M","R","E","M","BOSS","R","M","?","?","?","$","T","?","E","$","E","?","?","?","M","BOSS","R","M","M","$","M","E","T","E","$","M","E","?","?","M","M","BOSS"],"items_purchased_type":["Card","Card","Relic","Card","Card","Relic","Card"],"build_version":"2020-12-22","purchased_purges":3,"victory":false,"max_hp_per_floor":[90,90,90,90,90,90,90,90,90,90,90,90,90,90,90,90,90,90,90,90,90,95,95,95,95,95,95,95,95,95,95,95,95,100,110,110,110,110,110,110,110,112,112,114,114,114,114,116,118,118,118,118],"card_choices":[{"not_picked":["champ:BringItOn","champ:ViciousMockery"],"picked":"champ:DefensiveShout","floor":2},{"not_picked":["champ:Duel","champ:PreciseThrust"],"picked":"champ:Encircle","floor":3},{"not_picked":["champ:TornadoPunch","champ:Duel"],"picked":"champ:Shatter","floor":4},{"not_picked":["champ:PreciseThrust","champ:BladeFlurry"],"picked":"champ:FlashCut","floor":5},{"not_picked":["champ:PerfectedStrike","champ:Encircle","champ:GladiatorStyle"],"picked":"SKIP","floor":6},{"not_picked":["champ:BladeFlurry","champ:PreciseThrust"],"picked":"champ:Circumvent","floor":8},{"not_picked":["champ:FlashCut","champ:DefensiveShout","champ:FanOfKnives"],"picked":"SKIP","floor":10},{"not_picked":["champ:StanceDance","champ:BladeFlurry"],"picked":"champ:SkillfulDodge","floor":12},{"not_picked":["champ:ArenaPreparation","champ:GutPunch+1"],"picked":"champ:Improvising","floor":14},{"not_picked":["champ:RecklessLeap+1","champ:CrownThrow+1"],"picked":"champ:FlashCut+1","floor":15},{"not_picked":["champ:SwordThrow+1","champ:TripleStrike+1"],"picked":"champ:UltimateStance","floor":16},{"not_picked":["champ:EndlessRage","champ:BladeFlurry+1"],"picked":"champ:CrownThrow+1","floor":19},{"not_picked":["champ:UltimateStance","champ:ShieldSigil","champ:RecklessLeap+1"],"picked":"SKIP","floor":23},{"not_picked":["champ:FocusedBerserking","champ:BerserkersShout","champ:CrookedStrike+1"],"picked":"SKIP","floor":25},{"not_picked":["champ:Backstep","champ:PerfectedStrike+1"],"picked":"champ:FalseCounter","floor":26},{"not_picked":["champ:CrookedStrike+1","champ:Duel+1"],"picked":"champ:MurderStrike+1","floor":27},{"not_picked":["champ:BringItOn","champ:IgnorePain"],"picked":"champ:FlashCut+1","floor":28},{"not_picked":["champ:DefensiveShout","champ:Haymaker+1"],"picked":"champ:TornadoPunch+1","floor":29},{"not_picked":["champ:DefensiveShout","champ:Haymaker+1","champ:FlashCut+1"],"picked":"SKIP","floor":32},{"not_picked":["champ:DancingMaster","champ:Devastate+1"],"picked":"champ:Improvising","floor":33},{"not_picked":["champ:GutPunch+1","champ:PreciseThrust+1"],"picked":"champ:PreemptiveStrike+1","floor":34},{"not_picked":["champ:EndlessRage+1","champ:ShieldSigil"],"picked":"champ:FlashCut+1","floor":36},{"not_picked":["champ:CrookedStrike+1","champ:PerfectedStrike+1","champ:EndlessRage+1"],"picked":"SKIP","floor":37},{"not_picked":["champ:Backstep","champ:FanOfKnives+1","champ:GutPunch+1"],"picked":"SKIP","floor":39},{"not_picked":["champ:TripleStrike+1","champ:EndlessRage"],"picked":"champ:RapidStrikes+1","floor":40},{"not_picked":["champ:FlashCut+1","champ:FanOfKnives+1","champ:TornadoPunch+1"],"picked":"Singing Bowl","floor":42},{"not_picked":["champ:Circumvent+1","champ:GutPunch+1","champ:AdrenalArmor"],"picked":"Singing Bowl","floor":44},{"not_picked":["champ:BerserkerStyle","champ:BerserkersShout+1"],"picked":"champ:BringItOn+1","floor":45},{"not_picked":["champ:ShieldWall+1","champ:FanOfKnives+1"],"picked":"champ:DefensiveShout+1","floor":46},{"not_picked":["champ:UltimateStance","champ:Circumvent+1","champ:DefensiveShout"],"picked":"Singing Bowl","floor":48},{"not_picked":["champ:SkillfulDodge+1","champ:EnragedBash+1","champ:TornadoPunch+1"],"picked":"Singing Bowl","floor":49}],"player_experience":1856486,"relics_obtained":[{"floor":6,"key":"hexamod:CandleOfCauterizing"},{"floor":7,"key":"champ:SignatureFinisher"},{"floor":8,"key":"Torii"},{"floor":14,"key":"Molten Egg 2"},{"floor":24,"key":"Oddly Smooth Stone"},{"floor":26,"key":"White Beast Statue"},{"floor":28,"key":"Bronze Scales"},{"floor":30,"key":"Necronomicon"},{"floor":40,"key":"Blood Vial"},{"floor":41,"key":"Singing Bowl"},{"floor":42,"key":"Regal Pillow"},{"floor":45,"key":"Orichalcum"},{"floor":46,"key":"Toy Ornithopter"}],"event_choices":[{"damage_healed":0,"gold_gain":0,"player_choice":"Ignored","damage_taken":0,"max_hp_gain":0,"max_hp_loss":0,"event_name":"Vampires","floor":20,"gold_loss":0}],"is_beta":false,"boss_relics":[{"not_picked":["Velvet Choker","Cursed Key"],"picked":"SlaversCollar"},{"not_picked":["Runic Dome","Astrolabe"],"picked":"Tiny House"}],"items_purged_floors":[10,27,38],"is_endless":false,"potions_floor_spawned":[5,8,12,15,19,27,28,29,32,33,36,37,39,40,42,44,45,46,48,49],"killed_by":"DF_ARCHETYPE_ORBS","ascension_level":2}}