{"host":"vrsxkkch9ccrec7k","time":1611471784,"event":{"mods":["Act Like it!","BaseMod","Bestiary","Better Altar","Better Match","Better Note","Better Sensory Stone","Better Skull","Better Third Choice","Better Vampires","Downfall","Minty Spire (QoL Compilation)","Permanent Neow","Relic Stats","Spicy Shops","StSLib"],"gold_per_floor":[99,119,119,119,136,5,31,60,60,95,195,206,206,7,25,125,125,25,44,55,69,169,203,203,203,215,243,0,0,0,16,33,132,132,132,149,166,181,191,211,211,321,321,332,33,48,48,77,95,95],"floor_reached":51,"language":"ENG","playtime":6413,"items_purged":["bronze:Strike","bronze:Strike"],"score":1038,"play_id":"1ed08361-8beb-4478-9f18-e429ff5b016d","local_time":"20210124020304","is_ascension_mode":true,"campfire_choices":[{"data":"bronze:SpaghettiCode","floor":1,"key":"SMITH"},{"floor":9,"key":"REST"},{"floor":13,"key":"REST"},{"data":"bronze:Flail","floor":18,"key":"SMITH"},{"data":"bronze:HyperBeam","floor":25,"key":"SMITH"},{"floor":30,"key":"REST"},{"data":"bronze:HardenedForm","floor":35,"key":"SMITH"},{"data":"bronze:Frontload","floor":43,"key":"SMITH"},{"data":"expansioncontent:YouAreMine","floor":47,"key":"SMITH"}],"circlet_count":0,"master_deck":["bronze:Replicate","bronze:Goto","bronze:SpaghettiCode+1","bronze:ChosenStrike","Skewer+1","bronze:Branch","Panache","bronze:Iterate","bronze:Flail+1","bronze:FineTuning","bronze:ItsAFeature","bronze:CloningBeam","bronze:Mutator","bronze:Repair","bronze:BronzeOrb","bronze:CutThrough","bronze:DelayedGuard","bronze:HyperBeam+1","bronze:RecursiveStrike","bronze:Deprecate+1","bronze:Boost","bronze:DelayedGuard+1","bronze:Optimize+1","bronze:BuggyMess+1","bronze:MaxOutput","bronze:Frontload+1","bronze:Overheat+1","bronze:HardenedForm+1","bronze:BugBarrage","bronze:DelayedGuard+1","bronze:Repair+1","bronze:ForceShield+1","expansioncontent:QuickStudy","bronze:Format","expansioncontent:YouAreMine+1","bronze:Shell+1"],"relics":["bronze:BronzeCore","bronze:BottledCode","Blood Vial","bronze:SilverBullet","Turnip","Calipers","FossilizedHelix","Pandora\u0027s Box","downfall:HeartBlessingGreen","Mango","Blue Candle","bronze:Mallet","Meat on the Bone","White Beast Statue","Pen Nib","bronze:ElectromagneticCoil","Singing Bowl","Slimebound:StickyStick","Lantern","Ginger"],"acts_visited":["Exordium","TheCity","TheBeyond"],"potions_floor_usage":[8,16,16,22,23,33,33,39,48,50,50],"damage_taken":[{"damage":0,"enemies":"2 Louse","floor":2,"turns":2},{"damage":0,"enemies":"Jaw Worm","floor":5,"turns":2},{"damage":0,"enemies":"downfall:FleeingMerchant","floor":6,"turns":4},{"damage":17,"enemies":"Gremlin Nob","floor":8,"turns":4},{"damage":26,"enemies":"Lagavulin","floor":10,"turns":7},{"damage":1,"enemies":"Cultist","floor":12,"turns":3},{"damage":7,"enemies":"downfall:FleeingMerchant","floor":14,"turns":4},{"damage":0,"enemies":"Gremlin Gang","floor":15,"turns":3},{"damage":17,"enemies":"WA_ARCHETYPE_RETAIN","floor":16,"turns":10},{"damage":7,"enemies":"Shell Parasite","floor":19,"turns":5},{"damage":0,"enemies":"Chosen","floor":20,"turns":4},{"damage":0,"enemies":"Snecko","floor":21,"turns":4},{"damage":25,"enemies":"Colosseum Nobs","floor":22,"turns":4},{"damage":10,"enemies":"Gremlin Leader","floor":23,"turns":6},{"damage":0,"enemies":"Chosen and Byrds","floor":26,"turns":6},{"damage":29,"enemies":"Book of Stabbing","floor":27,"turns":7},{"damage":12,"enemies":"downfall:FleeingMerchant","floor":28,"turns":4},{"damage":0,"enemies":"3 Cultists","floor":31,"turns":3},{"damage":0,"enemies":"Shelled Parasite and Fungi","floor":32,"turns":8},{"damage":33,"enemies":"DF_ARCHETYPE_CLAW","floor":33,"turns":7},{"damage":0,"enemies":"Orb Walker","floor":36,"turns":4},{"damage":0,"enemies":"3 Darklings","floor":37,"turns":3},{"damage":67,"enemies":"Transient","floor":38,"turns":5},{"damage":0,"enemies":"Maw","floor":39,"turns":7},{"damage":0,"enemies":"Sphere and 2 Shapes","floor":40,"turns":6},{"damage":1,"enemies":"4 Shapes","floor":44,"turns":6},{"damage":0,"enemies":"downfall:FleeingMerchant","floor":45,"turns":4},{"damage":0,"enemies":"Maw","floor":46,"turns":7},{"damage":12,"enemies":"Reptomancer","floor":48,"turns":5},{"damage":0,"enemies":"Jaw Worm Horde","floor":49,"turns":2},{"damage":79,"enemies":"SI_POISON_ARCHETYPE","floor":50,"turns":21}],"seed_played":"2478182053132450556","potions_obtained":[{"floor":2,"key":"PowerPotion"},{"floor":10,"key":"champ:CounterPotion"},{"floor":12,"key":"BlessingOfTheForge"},{"floor":15,"key":"bronze:BuildAFunctionPotion"},{"floor":16,"key":"bronze:FreeFunctionsPotion"},{"floor":21,"key":"Guardian:BlockOnCardUsePotion"},{"floor":26,"key":"Ancient Potion"},{"floor":28,"key":"bronze:BurnAndBuffPotion"},{"floor":29,"key":"Strength Potion"},{"floor":29,"key":"PowerPotion"},{"floor":31,"key":"bronze:BurnAndBuffPotion"},{"floor":33,"key":"PowerPotion"},{"floor":36,"key":"ColorlessPotion"},{"floor":37,"key":"champ:CounterPotion"},{"floor":39,"key":"SteroidPotion"},{"floor":40,"key":"champ:CounterPotion"},{"floor":44,"key":"LiquidMemories"},{"floor":48,"key":"bronze:FreeFunctionsPotion"}],"is_trial":false,"path_per_floor":["R","M","?","?","M","$","T","E","R","E","?","M","R","$","M","B",null,"R","M","M","M","?","E","T","R","M","E","$","?","R","M","M","B",null,"R","M","M","M","M","M","T","?","R","M","$","M","R","E","M","B",null],"character_chosen":"THE_AUTOMATON","items_purchased":["Panache","bronze:Iterate","FossilizedHelix","Pen Nib","bronze:MaxOutput","Slimebound:StickyStick","Lantern","expansioncontent:QuickStudy","bronze:Format","expansioncontent:YouAreMine"],"campfire_rested":3,"item_purchase_floors":[6,6,14,28,28,45,45,45,45,45],"current_hp_per_floor":[63,63,60,40,42,44,44,29,47,23,23,24,42,37,39,24,51,51,54,60,60,49,48,48,48,57,39,48,48,70,72,74,41,66,66,74,74,19,45,56,56,48,48,71,76,76,76,75,80,25],"gold":95,"neow_bonus":"ONE_RANDOM_RARE_CARD","is_daily":false,"chose_seed":false,"campfire_upgraded":6,"win_rate":0.0,"timestamp":1611471784,"path_taken":["R","M","?","?","M","?","T","E","R","E","?","M","R","$","M","BOSS","R","M","M","M","?","E","T","R","M","E","$","?","R","?","M","BOSS","R","M","?","M","M","M","T","?","R","M","$","?","R","E","M","BOSS"],"items_purchased_type":["Card","Card","Relic","Relic","Card","Relic","Relic","Card","Card","Card"],"build_version":"2020-12-22","purchased_purges":2,"victory":true,"max_hp_per_floor":[70,70,60,60,60,60,60,60,60,60,60,60,60,60,60,60,60,60,60,60,60,74,74,74,74,74,74,74,74,74,74,74,74,74,74,74,74,74,74,74,74,74,74,76,76,76,76,78,80,80],"relic_stats":{"Blood Vial":44,"Singing Bowl":6,"counters":[31,167],"Blue Candle":[0],"Pandora\u0027s Box":["bronze:Repair","bronze:BronzeOrb","bronze:CutThrough","bronze:DelayedGuard","bronze:HyperBeam","bronze:RecursiveStrike"],"Turnip":[8],"Pen Nib":[13],"Ginger":[16],"obtain_stats":[{"bronze:ElectromagneticCoil":34,"Lantern":45,"bronze:BronzeCore":0,"Calipers":10,"Singing Bowl":41,"Blue Candle":22,"downfall:HeartBlessingGreen":18,"Mango":22,"Pen Nib":28,"bronze:Mallet":23,"Ginger":48,"White Beast Statue":27,"bronze:BottledCode":3,"Blood Vial":4,"Slimebound:StickyStick":45,"Pandora\u0027s Box":17,"Turnip":8,"bronze:SilverBullet":7,"FossilizedHelix":14,"Meat on the Bone":24},{"bronze:ElectromagneticCoil":20,"Lantern":27,"bronze:BronzeCore":0,"Calipers":5,"Singing Bowl":25,"Blue Candle":13,"downfall:HeartBlessingGreen":9,"Mango":13,"Pen Nib":17,"bronze:Mallet":14,"Ginger":29,"White Beast Statue":16,"bronze:BottledCode":1,"Blood Vial":1,"Slimebound:StickyStick":27,"Pandora\u0027s Box":9,"Turnip":4,"bronze:SilverBullet":3,"FossilizedHelix":7,"Meat on the Bone":14},{"bronze:ElectromagneticCoil":97,"Lantern":132,"bronze:BronzeCore":0,"Calipers":19,"Singing Bowl":122,"Blue Candle":56,"downfall:HeartBlessingGreen":39,"Mango":56,"Pen Nib":79,"bronze:Mallet":62,"Ginger":144,"White Beast Statue":75,"bronze:BottledCode":2,"Blood Vial":2,"Slimebound:StickyStick":132,"Pandora\u0027s Box":39,"Turnip":12,"bronze:SilverBullet":8,"FossilizedHelix":26,"Meat on the Bone":62}],"Meat on the Bone":48},"card_choices":[{"not_picked":["bronze:Safeguard","bronze:Frontload"],"picked":"bronze:ChosenStrike","floor":2},{"not_picked":["bronze:Constructor","bronze:Shield"],"picked":"bronze:Branch","floor":5},{"not_picked":["bronze:Branch","bronze:DarkDash","bronze:WildBeam"],"picked":"SKIP","floor":6},{"not_picked":["bronze:Repulsor","bronze:FineTuning"],"picked":"bronze:Flail","floor":8},{"not_picked":["bronze:Deprecate","bronze:OilSpill"],"picked":"bronze:FineTuning","floor":10},{"not_picked":["bronze:WildBeam","bronze:Invalidate","bronze:BuggyMess"],"picked":"SKIP","floor":12},{"not_picked":["bronze:Mutator","bronze:DelayedGuard"],"picked":"bronze:ItsAFeature","floor":14},{"not_picked":["bronze:Overheat","bronze:OilSpill"],"picked":"bronze:CloningBeam","floor":15},{"not_picked":["bronze:CleanCode","bronze:RecursiveStrike"],"picked":"bronze:Mutator","floor":16},{"not_picked":["bronze:WildBeam","bronze:Constructor+1","bronze:BugBarrage"],"picked":"SKIP","floor":19},{"not_picked":["bronze:Invalidate","bronze:Backtrace"],"picked":"bronze:Deprecate+1","floor":20},{"not_picked":["bronze:OilSpill+1","bronze:DarkDash+1"],"picked":"bronze:Boost","floor":21},{"not_picked":["bronze:GetLatest+1","bronze:Mutator"],"picked":"bronze:DelayedGuard+1","floor":23},{"not_picked":["bronze:BronzeArmor+1","bronze:BugBarrage","bronze:Turbo"],"picked":"SKIP","floor":26},{"not_picked":["bronze:ChildClass","bronze:OilSpill"],"picked":"bronze:Optimize+1","floor":27},{"not_picked":["bronze:DigitalCarnage","bronze:DarkDash"],"picked":"bronze:BuggyMess+1","floor":28},{"not_picked":["bronze:Invalidate","bronze:Iterate"],"picked":"bronze:Frontload","floor":31},{"not_picked":["bronze:BitShift","bronze:ChosenStrike"],"picked":"bronze:Overheat+1","floor":32},{"not_picked":["bronze:Break","bronze:Verify"],"picked":"bronze:HardenedForm","floor":33},{"not_picked":["bronze:BuggyMess+1","bronze:DelayedSlice+1"],"picked":"bronze:BugBarrage","floor":36},{"not_picked":["bronze:Deprecate","bronze:FollowUp","bronze:Invalidate+1"],"picked":"SKIP","floor":37},{"not_picked":["bronze:WildBeam","bronze:CutThrough"],"picked":"bronze:DelayedGuard+1","floor":38},{"not_picked":["bronze:Branch","bronze:Deprecate","bronze:CutThrough+1"],"picked":"SKIP","floor":39},{"not_picked":["bronze:Separator+1","bronze:Deprecate"],"picked":"bronze:Repair+1","floor":40},{"not_picked":["bronze:Constructor","bronze:Safeguard+1","bronze:ChosenStrike+1"],"picked":"Singing Bowl","floor":44},{"not_picked":["bronze:Deprecate","bronze:BitShift"],"picked":"bronze:ForceShield+1","floor":45},{"not_picked":["bronze:ChosenStrike","bronze:ItsAFeature"],"picked":"bronze:Shell+1","floor":46},{"not_picked":["bronze:RecursiveStrike","bronze:CloningBeam+1","bronze:FineTuning+1"],"picked":"Singing Bowl","floor":48},{"not_picked":["bronze:WhirlingStrike+1","bronze:Allocate+1","bronze:DelayedSlice+1"],"picked":"Singing Bowl","floor":49}],"player_experience":1711194,"relics_obtained":[{"floor":7,"key":"bronze:SilverBullet"},{"floor":8,"key":"Turnip"},{"floor":10,"key":"Calipers"},{"floor":22,"key":"Mango"},{"floor":22,"key":"Blue Candle"},{"floor":23,"key":"bronze:Mallet"},{"floor":24,"key":"Meat on the Bone"},{"floor":27,"key":"White Beast Statue"},{"floor":41,"key":"Singing Bowl"},{"floor":48,"key":"Ginger"}],"event_choices":[{"damage_healed":0,"gold_gain":0,"player_choice":"Got Potions","damage_taken":0,"max_hp_gain":0,"max_hp_loss":0,"event_name":"Lab","floor":29,"gold_loss":0},{"damage_healed":0,"gold_gain":110,"player_choice":"GO ","damage_taken":9,"relics_obtained":[],"max_hp_gain":0,"max_hp_loss":0,"event_name":"betterSkull:BetterSkull","floor":42,"gold_loss":0,"cards_upgraded":[]}],"is_beta":false,"boss_relics":[{"not_picked":["Philosopher\u0027s Stone","SacredBark"],"picked":"Pandora\u0027s Box"},{"not_picked":["Black Star","Busted Crown"],"picked":"bronze:ElectromagneticCoil"}],"items_purged_floors":[6,14],"is_endless":false,"potions_floor_spawned":[2,10,12,15,16,21,26,28,31,32,33,36,37,38,39,40,44,45,46,48,49],"ascension_level":8}}