{"host":"sum4dy402bbv9y4o","time":1611452421,"event":{"mods":["Aspiration","BaseMod","Conspire","Highlight Path","Minty Spire (QoL Compilation)","StSLib"],"gold_per_floor":[112,129,144,159,65,65,91,91,114,144,144,164,164,65,65,140,140,152,183,183,183,193,193,243,243,243,30,48,68,80,80,80],"floor_reached":31,"language":"ENG","playtime":1010,"items_purged":["Strike_B","Strike_B"],"score":490,"play_id":"f1c72e22-0c78-41c2-b739-836bef517f8d","local_time":"20210124044021","is_ascension_mode":true,"campfire_choices":[{"data":"Redo","floor":6,"key":"SMITH"},{"floor":13,"key":"REST"},{"data":"Defragment","floor":15,"key":"SMITH"},{"floor":23,"key":"REST"},{"floor":25,"key":"REST"}],"circlet_count":0,"master_deck":["AscendersBane","Strike_B","Defend_B","Defend_B","Defend_B","Defend_B","Zap","Dualcast","Hyperbeam","Redo+1","Gash","Go for the Eyes","Rebound","Defragment+1","Ball Lightning","Barrage","Sweeping Beam","Ball Lightning","Fission","Lockon","Conserve Battery","RitualDagger","Melter","Defragment","Gash","BootSequence","Steam"],"relics":["Cracked Core","Pen Nib","MealTicket","aspiration:ChemicalBlood","Red Mask","aspiration:FetidBarrel"],"acts_visited":["Exordium","TheCity"],"potions_floor_usage":[7,10,16,18,19,19,22,28,28,29,30,31],"damage_taken":[{"damage":1,"enemies":"Cultist","floor":1,"turns":3},{"damage":2,"enemies":"Jaw Worm","floor":2,"turns":2},{"damage":1,"enemies":"conspire:RoseBush","floor":3,"turns":4},{"damage":12,"enemies":"Looter","floor":4,"turns":3},{"damage":8,"enemies":"Gremlin Nob","floor":7,"turns":3},{"damage":5,"enemies":"3 Sentries","floor":10,"turns":3},{"damage":8,"enemies":"Blue Slaver","floor":12,"turns":2},{"damage":45,"enemies":"Slime Boss","floor":16,"turns":8},{"damage":13,"enemies":"3 Byrds","floor":18,"turns":4},{"damage":20,"enemies":"Masked Bandits","floor":19,"turns":3},{"damage":0,"enemies":"Spheric Guardian","floor":22,"turns":1},{"damage":30,"enemies":"Snecko","floor":28,"turns":5},{"damage":10,"enemies":"3 Cultists","floor":29,"turns":3},{"damage":18,"enemies":"Centurion and Healer","floor":30,"turns":6},{"damage":11,"enemies":"Snake Plant","floor":31,"turns":2}],"seed_played":"3796236614473822278","potions_obtained":[{"floor":3,"key":"LiquidMemories"},{"floor":4,"key":"Dexterity Potion"},{"floor":7,"key":"AttackPotion"},{"floor":16,"key":"FocusPotion"},{"floor":19,"key":"AttackPotion"},{"floor":28,"key":"DistilledChaos"},{"floor":30,"key":"Explosive Potion"}],"is_trial":false,"path_per_floor":["M","M","M","M","$","R","E","?","T","E","?","M","R","$","R","B",null,"M","?","?","?","M","R","?","R","T","$","M","M","M","M"],"character_chosen":"DEFECT","items_purchased":["Defragment","Ball Lightning","Ball Lightning","Defragment","Gash"],"campfire_rested":3,"item_purchase_floors":[5,5,14,27,27],"current_hp_per_floor":[63,61,60,48,48,48,40,33,33,28,24,16,37,52,52,7,55,42,22,16,16,16,37,30,51,51,66,36,26,8,0,0],"gold":80,"neow_bonus":"ONE_RANDOM_RARE_CARD","is_daily":false,"chose_seed":false,"campfire_upgraded":2,"win_rate":0.0,"timestamp":1611452421,"path_taken":["M","M","M","?","$","R","E","?","T","E","?","M","R","$","R","BOSS","M","?","?","?","M","R","?","R","T","$","M","M","?","?"],"items_purchased_type":["Card","Card","Card","Card","Card"],"build_version":"2020-12-22","purchased_purges":2,"victory":false,"max_hp_per_floor":[71,71,71,71,71,71,71,71,71,71,71,71,71,71,71,71,71,71,71,71,71,71,71,71,71,71,71,71,71,71,71,71],"card_choices":[{"not_picked":["Hologram","Turbo"],"picked":"Redo","floor":1},{"not_picked":["Redo","Steam Power"],"picked":"Gash","floor":2},{"not_picked":["FTL","Redo"],"picked":"Go for the Eyes","floor":3},{"not_picked":["Leap","Genetic Algorithm"],"picked":"Rebound","floor":4},{"not_picked":["Force Field","Recycle","Rebound"],"picked":"SKIP","floor":7},{"not_picked":["Steam Power","Redo"],"picked":"Barrage","floor":10},{"not_picked":["Static Discharge","Sunder"],"picked":"Sweeping Beam","floor":12},{"not_picked":["Creative AI","Multi-Cast"],"picked":"Fission","floor":16},{"not_picked":["Sunder","Undo+1"],"picked":"Lockon","floor":18},{"not_picked":["Rebound","Hologram"],"picked":"Conserve Battery","floor":19},{"not_picked":["Sunder+1","Beam Cell"],"picked":"Melter","floor":22},{"not_picked":["Turbo+1","Steam","Sweeping Beam"],"picked":"SKIP","floor":28},{"not_picked":["Recycle","Undo"],"picked":"BootSequence","floor":29},{"not_picked":["Reboot","Turbo"],"picked":"Steam","floor":30}],"player_experience":2970354,"relics_obtained":[{"floor":7,"key":"Pen Nib"},{"floor":9,"key":"MealTicket"},{"floor":10,"key":"aspiration:ChemicalBlood"},{"floor":19,"key":"Red Mask"},{"floor":26,"key":"aspiration:FetidBarrel"}],"event_choices":[{"cards_removed":["Strike_B"],"damage_healed":0,"gold_gain":0,"player_choice":"Card Removal","damage_taken":7,"max_hp_gain":0,"max_hp_loss":0,"event_name":"Golden Wing","floor":8,"gold_loss":0},{"damage_healed":0,"gold_gain":0,"player_choice":"Leave","damage_taken":0,"max_hp_gain":0,"max_hp_loss":0,"event_name":"conspire:Investor","floor":11,"gold_loss":0},{"damage_healed":0,"gold_gain":0,"player_choice":"Fought Bandits","damage_taken":0,"max_hp_gain":0,"max_hp_loss":0,"event_name":"Masked Bandits","floor":19,"gold_loss":0},{"damage_healed":0,"gold_gain":0,"player_choice":"Joined the Cult","damage_taken":6,"max_hp_gain":0,"max_hp_loss":0,"event_name":"Nest","floor":20,"gold_loss":0,"cards_obtained":["RitualDagger"]},{"damage_healed":0,"gold_gain":0,"player_choice":"Ignored","damage_taken":0,"max_hp_gain":0,"max_hp_loss":0,"event_name":"Cursed Tome","floor":21,"gold_loss":0},{"damage_healed":0,"gold_gain":50,"player_choice":"Touch","damage_taken":7,"max_hp_gain":0,"max_hp_loss":0,"event_name":"FaceTrader","floor":24,"gold_loss":0}],"is_beta":false,"boss_relics":[{"not_picked":["aspiration:RunicSpoon","Fusion Hammer","Snecko Eye"]}],"items_purged_floors":[14,27],"is_endless":false,"potions_floor_spawned":[3,4,7,19,28,30],"killed_by":"Snake Plant","ascension_level":20}}