{"host":"19r1ww88x2tc73i0","time":1611470006,"event":{"mods":["BaseMod","BetterRewards","Colored Map","Minty Spire (QoL Compilation)","Relic Stats","StSLib","SuperFastMode","slay the spire mod where everything is the same but ironclad has a cowboy hat"],"gold_per_floor":[111,111,111,111,61,61,92,92,119,44,44,69,132,151,151,225,225,245,258,258,258,258],"floor_reached":21,"language":"ENG","playtime":589,"items_purged":["Strike_G"],"score":470,"play_id":"76515e4e-6d2f-4c64-aee2-79f21a801798","local_time":"25640124133326","is_ascension_mode":true,"campfire_choices":[{"data":"Neutralize","floor":6,"key":"SMITH"},{"data":"Bane","floor":8,"key":"SMITH"},{"data":"Blade Dance","floor":15,"key":"SMITH"}],"circlet_count":0,"master_deck":["AscendersBane","Strike_G","Strike_G","Strike_G","Strike_G","Defend_G","Defend_G","Defend_G","Defend_G","Defend_G","Survivor","Neutralize+1","Bane+1","Flying Knee","Blade Dance+1","Finisher","Venomology","Crippling Poison","Deflect+1"],"relics":["Ring of the Snake","NeowsBlessing","Snake Skull","Letter Opener","Juzu Bracelet","Meat on the Bone","SlaversCollar"],"acts_visited":["Exordium","TheCity"],"potions_floor_usage":[16,16,16,18,18,19,20,20],"damage_taken":[{"damage":0,"enemies":"2 Louse","floor":1,"turns":1},{"damage":0,"enemies":"Lagavulin","floor":7,"turns":1},{"damage":0,"enemies":"Gremlin Nob","floor":12,"turns":1},{"damage":0,"enemies":"Cultist","floor":14,"turns":3},{"damage":53,"enemies":"Hexaghost","floor":16,"turns":14},{"damage":17,"enemies":"Spheric Guardian","floor":18,"turns":4},{"damage":12,"enemies":"3 Byrds","floor":19,"turns":4},{"damage":18,"enemies":"Snake Plant","floor":20,"turns":5},{"damage":35,"enemies":"Shelled Parasite and Fungi","floor":21,"turns":7}],"seed_played":"-1104414155397482955","potions_obtained":[{"floor":4,"key":"DistilledChaos"},{"floor":4,"key":"EssenceOfSteel"},{"floor":14,"key":"EntropicBrew"},{"floor":19,"key":"DistilledChaos"}],"is_trial":false,"path_per_floor":["M","?","$","?","$","R","E","R","T","$","?","E","?","M","R","B",null,"M","M","M","M"],"character_chosen":"THE_SILENT","items_purchased":["Bane"],"campfire_rested":0,"item_purchase_floors":[5],"current_hp_per_floor":[59,59,59,59,59,59,59,59,59,59,64,64,64,64,64,23,59,42,42,36,1,1],"gold":258,"neow_bonus":"THREE_ENEMY_KILL","is_daily":false,"chose_seed":false,"campfire_upgraded":3,"win_rate":0.0,"timestamp":1611470006,"path_taken":["M","?","?","?","$","R","E","R","T","$","?","E","?","M","R","BOSS","M","M","M","M"],"items_purchased_type":["Card"],"build_version":"2020-12-22","purchased_purges":1,"victory":false,"max_hp_per_floor":[66,66,66,66,66,66,66,66,66,66,71,71,71,71,71,71,71,71,71,71,71,71],"relic_stats":{"counters":[9,40],"Snake Skull":[7],"Juzu Bracelet":1,"Letter Opener":[32],"obtain_stats":[{"SlaversCollar":17,"NeowsBlessing":0,"Snake Skull":2,"Juzu Bracelet":9,"Letter Opener":7,"Ring of the Snake":0,"Meat on the Bone":12},{"SlaversCollar":5,"NeowsBlessing":0,"Snake Skull":1,"Juzu Bracelet":2,"Letter Opener":2,"Ring of the Snake":0,"Meat on the Bone":3},{"SlaversCollar":20,"NeowsBlessing":0,"Snake Skull":1,"Juzu Bracelet":2,"Letter Opener":2,"Ring of the Snake":0,"Meat on the Bone":3}],"Ring of the Snake":[18],"Meat on the Bone":36},"card_choices":[{"not_picked":["Reflex","Dodge and Roll"],"picked":"Flying Knee","floor":1},{"not_picked":["Sucker Punch","Bane"],"picked":"Flying Knee","floor":7},{"not_picked":["Quick Slash","Dodge and Roll"],"picked":"Blade Dance","floor":12},{"not_picked":["Blur","Reflex"],"picked":"Finisher","floor":14},{"not_picked":["Tools of the Trade","Night Terror"],"picked":"Venomology","floor":16},{"not_picked":["All Out Attack","Quick Slash+1"],"picked":"Crippling Poison","floor":18},{"not_picked":["Dodge and Roll","Sucker Punch"],"picked":"Deflect+1","floor":19}],"player_experience":939656,"relics_obtained":[{"floor":7,"key":"Letter Opener"},{"floor":9,"key":"Juzu Bracelet"},{"floor":12,"key":"Meat on the Bone"}],"event_choices":[{"cards_removed":["Flying Knee"],"damage_healed":0,"gold_gain":0,"player_choice":"Gave Card","damage_taken":0,"relics_obtained":["Snake Skull"],"max_hp_gain":0,"max_hp_loss":0,"event_name":"WeMeetAgain","floor":2,"gold_loss":0},{"damage_healed":0,"gold_gain":0,"player_choice":"Got Potions","damage_taken":0,"max_hp_gain":0,"max_hp_loss":0,"event_name":"Lab","floor":4,"gold_loss":0},{"damage_healed":0,"gold_gain":0,"player_choice":"Donut","damage_taken":0,"max_hp_gain":5,"max_hp_loss":0,"event_name":"Big Fish","floor":11,"gold_loss":0},{"damage_healed":0,"gold_gain":63,"player_choice":"Gained Gold","damage_taken":0,"max_hp_gain":0,"max_hp_loss":0,"event_name":"Golden Wing","floor":13,"gold_loss":0}],"is_beta":false,"boss_relics":[{"not_picked":["Philosopher\u0027s Stone","Fusion Hammer"],"picked":"SlaversCollar"}],"items_purged_floors":[10],"is_endless":false,"potions_floor_spawned":[14,19],"killed_by":"Shelled Parasite and Fungi","ascension_level":20}}