{"host":"dpbezu80jg8zk7un","time":1611505608,"event":{"mods":["BaseMod","Colored Map","Colored Powertips","Custom Start","DeckTracker","Minty Spire (QoL Compilation)","Quick Restart","StSLib","SuperFastMode"],"gold_per_floor":[114,114,39,49,64,96,96,129,129,204,104,115,142,154,154,233,233,253,253,233,247,122,156,156,6,6,6,37,57,70,95,95,166,166,181,6,0,0,18,43,43,98,146,146,177,177,195,221,221,221,221,221,221,138,172,172],"floor_reached":57,"language":"KOR","playtime":2504,"items_purged":["Defend_P","Strike_P","Strike_P","Defend_P","Defend_P"],"score":3038,"play_id":"05770b00-0be8-47d8-af28-23c636a6ca14","local_time":"20210125012648","is_ascension_mode":true,"campfire_choices":[{"data":"Apotheosis","floor":7.0,"key":"SMITH"},{"data":"Adaptation","floor":15.0,"key":"SMITH"},{"floor":24.0,"key":"RECALL"},{"floor":32.0,"key":"REST"},{"data":"MentalFortress","floor":41.0,"key":"SMITH"},{"data":"Eruption","floor":46,"key":"SMITH"},{"data":"InnerPeace","floor":49,"key":"SMITH"},{"data":"Vigilance","floor":53,"key":"SMITH"}],"circlet_count":0,"master_deck":["AscendersBane","Strike_P+1","Defend_P","Eruption+1","Vigilance+1","Apotheosis+1","FlurryOfBlows","Adaptation+1","InnerPeace+1","EmptyFist","MentalFortress+1","Adaptation"],"relics":["PureWater","Regal Pillow","Shuriken","Whetstone","MealTicket","Black Star","White Beast Statue","Ancient Tea Set","StrikeDummy","Matryoshka","Bag of Preparation","Oddly Smooth Stone","Lantern","SacredBark","Red Mask","Question Card","Pantograph","Lizard Tail","InkBottle","Nunchaku","HornCleat","Bronze Scales","Happy Flower","Bag of Marbles","Pen Nib","Strawberry"],"acts_visited":["Exordium","TheCity","TheBeyond","TheEnding"],"potions_floor_usage":[56],"damage_taken":[{"damage":0.0,"enemies":"Cultist","floor":1.0,"turns":2.0},{"damage":0.0,"enemies":"Small Slimes","floor":4.0,"turns":1.0},{"damage":0.0,"enemies":"2 Louse","floor":5.0,"turns":2.0},{"damage":4.0,"enemies":"Lagavulin","floor":6.0,"turns":6.0},{"damage":0.0,"enemies":"Gremlin Nob","floor":8.0,"turns":3.0},{"damage":0.0,"enemies":"Exordium Thugs","floor":12.0,"turns":1.0},{"damage":15.0,"enemies":"3 Sentries","floor":13.0,"turns":2.0},{"damage":6.0,"enemies":"Red Slaver","floor":14.0,"turns":2.0},{"damage":17.0,"enemies":"Slime Boss","floor":16.0,"turns":9.0},{"damage":10.0,"enemies":"Chosen","floor":18.0,"turns":5.0},{"damage":0.0,"enemies":"2 Thieves","floor":21.0,"turns":2.0},{"damage":13.0,"enemies":"Book of Stabbing","floor":23.0,"turns":5.0},{"damage":12.0,"enemies":"Slavers","floor":28.0,"turns":2.0},{"damage":3.0,"enemies":"Sentry and Sphere","floor":29.0,"turns":3.0},{"damage":12.0,"enemies":"Cultist and Chosen","floor":30.0,"turns":3.0},{"damage":1.0,"enemies":"Collector","floor":33.0,"turns":5.0},{"damage":0.0,"enemies":"3 Darklings","floor":35.0,"turns":3.0},{"damage":0.0,"enemies":"Orb Walker","floor":39.0,"turns":1.0},{"damage":4.0,"enemies":"Nemesis","floor":40.0,"turns":5.0},{"damage":0.0,"enemies":"2 Orb Walkers","floor":42.0,"turns":4.0},{"damage":0,"enemies":"Reptomancer","floor":45,"turns":2},{"damage":0,"enemies":"Jaw Worm Horde","floor":47,"turns":2},{"damage":0,"enemies":"Nemesis","floor":48,"turns":3},{"damage":2,"enemies":"Donu and Deca","floor":50,"turns":3},{"damage":1,"enemies":"Awakened One","floor":51,"turns":4},{"damage":0,"enemies":"Shield and Spear","floor":55,"turns":2},{"damage":59,"enemies":"The Heart","floor":56,"turns":5}],"seed_played":"-3787151276248963059","potions_obtained":[{"floor":1.0,"key":"BottledMiracle"},{"floor":13.0,"key":"BlessingOfTheForge"},{"floor":16.0,"key":"Block Potion"},{"floor":23.0,"key":"SteroidPotion"},{"floor":28.0,"key":"Ambrosia"},{"floor":29.0,"key":"StancePotion"},{"floor":39.0,"key":"PowerPotion"},{"floor":40.0,"key":"Block Potion"},{"floor":42.0,"key":"SteroidPotion"}],"is_trial":false,"path_per_floor":["M","T","$","M","M","E","R","E","T","?","$","M","E","M","R","B",null,"M","?","?","M","$","E","R","$","T","?","E","M","M","T","R","B",null,"M","$","?","?","M","E","R","?","T","T","E","R","M","E","R","B","B",null,"R","$","E","B",null],"character_chosen":"WATCHER","items_purchased":["Adaptation"],"campfire_rested":1,"item_purchase_floors":[54],"current_hp_per_floor":[61,61,61,61,61,57,57,57,57,46,46,46,31,25,25,8,49,39,39,39,39,54,41,41,56,56,56,44,41,29,29,62,61,62,62,62,62,62,62,58,58,58,58,58,58,58,58,58,58,60,61,62,62,62,69,10],"gold":172,"neow_bonus":"RANDOM_COLORLESS_2","is_daily":false,"chose_seed":false,"campfire_upgraded":6,"win_rate":0.0,"timestamp":1611505608,"path_taken":["M","?","$","?","M","E","R","E","T","?","$","M","E","M","R","BOSS","M","?","?","?","$","E","R","?","T","?","E","M","M","?","R","BOSS","M","$","?","?","M","E","R","?","T","?","E","R","M","E","R","BOSS","BOSS","R","$","E","BOSS"],"items_purchased_type":["Card"],"build_version":"2020-12-22","purchased_purges":5,"victory":true,"max_hp_per_floor":[62,62,62,62,62,62,62,62,62,62,62,62,62,62,62,62,62,62,62,62,62,62,62,62,62,62,62,62,62,62,62,62,62,62,62,62,62,62,62,62,62,62,62,62,62,62,62,62,62,62,62,62,62,62,69,69],"card_choices":[{"not_picked":["Secret Technique","Chrysalis"],"picked":"Apotheosis","floor":0.0},{"not_picked":["Evaluate","SandsOfTime"],"picked":"Conclude","floor":1.0},{"not_picked":["EmptyFist","FollowUp"],"picked":"FlurryOfBlows","floor":4.0},{"not_picked":["JustLucky","CutThroughFate","Prostrate"],"picked":"SKIP","floor":5.0},{"not_picked":["WreathOfFlame","SashWhip","ThirdEye"],"picked":"SKIP","floor":6.0},{"not_picked":["SignatureMove","ClearTheMind","FlyingSleeves"],"picked":"SKIP","floor":8.0},{"not_picked":["DeceiveReality","SandsOfTime","Protect"],"picked":"SKIP","floor":12.0},{"not_picked":["ThirdEye","CrushJoints"],"picked":"Adaptation","floor":13.0},{"not_picked":["Consecrate","Crescendo","FollowUp"],"picked":"SKIP","floor":14.0},{"not_picked":["BowlingBash+1","PathToVictory","Crescendo"],"picked":"SKIP","floor":18.0},{"not_picked":["Prostrate","EmptyBody","Protect"],"picked":"SKIP","floor":21.0},{"not_picked":["Wallop+1","CarveReality"],"picked":"EmptyFist","floor":23.0},{"not_picked":["SashWhip","Sanctity","EmptyBody"],"picked":"SKIP","floor":28.0},{"not_picked":["FlurryOfBlows","BattleHymn","Nirvana"],"picked":"SKIP","floor":29.0},{"not_picked":["CrushJoints","Crescendo+1","Halt"],"picked":"SKIP","floor":30.0},{"not_picked":["ThirdEye","ReachHeaven+1"],"picked":"MentalFortress","floor":35.0},{"not_picked":["ThirdEye","Collect","Prostrate"],"picked":"SKIP","floor":39.0},{"not_picked":["Nirvana+1","Vengeance+1","Sanctity+1"],"picked":"SKIP","floor":40.0},{"not_picked":["Prostrate","Evaluate","EmptyBody","Protect"],"picked":"SKIP","floor":45},{"not_picked":["Wireheading","FlurryOfBlows+1","Prostrate","Indignation+1"],"picked":"SKIP","floor":47},{"not_picked":["Consecrate","WheelKick","Protect+1","SashWhip+1"],"picked":"SKIP","floor":48},{"not_picked":["Omniscience","SandsOfTime","InnerPeace","Weave"],"picked":"SKIP","floor":55}],"player_experience":2922392,"relics_obtained":[{"floor":6.0,"key":"Regal Pillow"},{"floor":8.0,"key":"Shuriken"},{"floor":9.0,"key":"Whetstone"},{"floor":13.0,"key":"MealTicket"},{"floor":23.0,"key":"White Beast Statue"},{"floor":23.0,"key":"Ancient Tea Set"},{"floor":26.0,"key":"StrikeDummy"},{"floor":28.0,"key":"Matryoshka"},{"floor":28.0,"key":"Bag of Preparation"},{"floor":31.0,"key":"Oddly Smooth Stone"},{"floor":31.0,"key":"Lantern"},{"floor":40.0,"key":"Question Card"},{"floor":40.0,"key":"Pantograph"},{"floor":42.0,"key":"Lizard Tail"},{"floor":43.0,"key":"InkBottle"},{"floor":43.0,"key":"Nunchaku"},{"floor":45,"key":"HornCleat"},{"floor":45,"key":"Bronze Scales"},{"floor":48,"key":"Happy Flower"},{"floor":48,"key":"Bag of Marbles"},{"floor":55,"key":"Pen Nib"},{"floor":55,"key":"Strawberry"}],"event_choices":[{"damage_healed":0.0,"max_hp_gain":0.0,"max_hp_loss":0.0,"gold_gain":75.0,"event_name":"World of Goop","player_choice":"Gather Gold","floor":10.0,"gold_loss":0.0,"damage_taken":11.0},{"damage_healed":0.0,"max_hp_gain":0.0,"max_hp_loss":0.0,"gold_gain":0.0,"event_name":"The Library","player_choice":"Read","floor":19.0,"gold_loss":0.0,"damage_taken":0.0,"cards_obtained":["InnerPeace"]},{"damage_healed":0.0,"max_hp_gain":0.0,"max_hp_loss":0.0,"gold_gain":0.0,"event_name":"The Woman in Blue","player_choice":"Bought 1 Potion","floor":20.0,"gold_loss":0.0,"damage_taken":0.0},{"cards_removed":["Strike_P"],"damage_healed":0.0,"max_hp_gain":0.0,"max_hp_loss":0.0,"gold_gain":0.0,"event_name":"Back to Basics","player_choice":"Elegance","floor":27.0,"gold_loss":0.0,"damage_taken":0.0},{"damage_healed":0.0,"max_hp_gain":0.0,"max_hp_loss":0.0,"gold_gain":0.0,"event_name":"Tomb of Lord Red Mask","player_choice":"Paid","floor":37.0,"gold_loss":6.0,"damage_taken":0.0,"relics_obtained":["Red Mask"]},{"cards_removed":["Conclude"],"damage_healed":0.0,"max_hp_gain":0.0,"max_hp_loss":0.0,"gold_gain":0.0,"event_name":"Falling","player_choice":"Removed Attack","floor":38.0,"gold_loss":0.0,"damage_taken":0.0},{"damage_healed":0.0,"max_hp_gain":0.0,"max_hp_loss":0.0,"gold_gain":0.0,"event_name":"Mysterious Sphere","player_choice":"Fight","floor":42.0,"gold_loss":0.0,"damage_taken":0.0}],"is_beta":false,"boss_relics":[{"not_picked":["Calling Bell","Busted Crown"],"picked":"Black Star"},{"not_picked":["HolyWater","Philosopher\u0027s Stone"],"picked":"SacredBark"}],"items_purged_floors":[3,11,22,25,36],"is_endless":false,"potions_floor_spawned":[1,13,16,21,23,28,29,30,33,35,39,40,42,45,47,48,55],"ascension_level":20}}