{"host":"q57ekfojy3i00x9o","time":1611508228,"event":{"mods":["Arknights The Spire","Aspiration","BaseMod","Colored Map","Energized Spire","Hermit","Minty Spire (QoL Compilation)","Quick Restart","Spicy Shops","Spikes Relics","StSLib","slay the spire mod where everything is the same but ironclad has a cowboy hat"],"gold_per_floor":[115,13,29,46,46,79,79,112,187,205,45,108,122,41,41,139,139,159,159,174,191,191,191],"floor_reached":22,"language":"RUS","playtime":831,"items_purged":["Clumsy"],"score":206,"play_id":"be0f6488-fa78-41f2-b46f-0023264d88ca","local_time":"20210124221028","is_ascension_mode":true,"campfire_choices":[{"data":"ats:Closed Bolt Burst Fire","floor":7,"key":"SMITH"},{"floor":15,"key":"REST"}],"circlet_count":0,"master_deck":["ats:Strike C","ats:Strike G","ats:Strike S","ats:Strike V","ats:Armor Crushing Shot","ats:Defend","ats:Defend","ats:Defend","ats:Defend","ats:Emotion Absorption","ats:Curse Doll","ats:Sashimi Platter","ats:Leaping Hammer","ats:Closed Bolt Burst Fire+1","ats:Cat Scratch","ats:Magnetic Hammer","ats:Sword Rain","ats:Guard Mode","ats:Revitalization","ats:Calcification","ats:Closed Bolt Burst Fire","ats:Rat Pack","ats:Hammer On","ats:Burning Ground+1","ats:Leaping Hammer+1"],"relics":["ats:Sanity","NeowsBlessing","ats:Originium","ZombieTooth","LugNut","ats:Bonebreaker","ats:Special","Orichalcum","SlaversCollar"],"acts_visited":["Exordium","TheCity"],"potions_floor_usage":[8,12,16],"damage_taken":[{"damage":0,"enemies":"Cultist","floor":1,"turns":1},{"damage":0,"enemies":"2 Louse","floor":3,"turns":1},{"damage":0,"enemies":"Small Slimes","floor":4,"turns":1},{"damage":40,"enemies":"Lagavulin","floor":6,"turns":7},{"damage":40,"enemies":"3 Sentries","floor":8,"turns":8},{"damage":8,"enemies":"Exordium Wildlife","floor":10,"turns":3},{"damage":27,"enemies":"Lagavulin Event","floor":12,"turns":4},{"damage":7,"enemies":"Blue Slaver","floor":13,"turns":4},{"damage":21,"enemies":"Slime Boss","floor":16,"turns":10},{"damage":10,"enemies":"Shell Parasite","floor":18,"turns":5},{"damage":32,"enemies":"2 Thieves","floor":20,"turns":5},{"damage":39,"enemies":"Snake Plant","floor":21,"turns":5},{"damage":18,"enemies":"Shelled Parasite and Fungi","floor":22,"turns":2}],"seed_played":"-2800211244457164567","potions_obtained":[{"floor":3,"key":"ColorlessPotion"},{"floor":6,"key":"PowerPotion"},{"floor":10,"key":"EssenceOfSteel"},{"floor":16,"key":"PowerPotion"},{"floor":21,"key":"SkillPotion"}],"is_trial":false,"path_per_floor":["M","$","M","M","?","E","R","E","T","M","$","?","M","$","R","B",null,"M","?","M","M","M"],"character_chosen":"DOCTOR_CLASS","items_purchased":["ats:Sashimi Platter","ats:Special","ats:Guard Mode","ats:Closed Bolt Burst Fire"],"campfire_rested":1,"item_purchase_floors":[2,11,11,14],"current_hp_per_floor":[72,72,72,72,72,41,41,25,25,23,23,3,5,5,26,15,72,67,54,28,6,0,0],"gold":191,"neow_bonus":"THREE_ENEMY_KILL","is_daily":false,"chose_seed":false,"campfire_upgraded":1,"win_rate":0.0,"timestamp":1611508228,"path_taken":["M","$","?","M","?","E","R","E","T","?","?","?","M","$","R","BOSS","M","?","M","M","M"],"items_purchased_type":["Card","Relic","Card","Card"],"build_version":"2020-12-22","purchased_purges":1,"victory":false,"max_hp_per_floor":[72,72,72,72,72,72,72,72,72,72,72,72,72,72,72,72,72,72,77,77,77,77,77],"card_choices":[{"not_picked":["ats:Support Order","ats:Guardian Obelisk"],"picked":"ats:Curse Doll","floor":1},{"not_picked":["ats:Healing Drone","ats:Sunburst"],"picked":"ats:Leaping Hammer","floor":3},{"not_picked":["ats:Collapsing Strike","ats:Absolute Focus"],"picked":"ats:Closed Bolt Burst Fire","floor":4},{"not_picked":["ats:Revitalization","ats:Ignite"],"picked":"ats:Cat Scratch","floor":6},{"not_picked":["ats:Thorns","ats:Sunburst"],"picked":"ats:Magnetic Hammer","floor":8},{"not_picked":["ats:Absolute Focus","ats:Revitalization"],"picked":"ats:Sword Rain","floor":10},{"not_picked":["ats:Ignite","ats:Guard Mode"],"picked":"ats:Revitalization","floor":12},{"not_picked":["ats:Assault Order","ats:Flexible Camouflage"],"picked":"ats:Calcification","floor":13},{"not_picked":["ats:True Silver Slash","ats:Durian"],"picked":"ats:Rat Pack","floor":16},{"not_picked":["ats:Very Hot Blade+1","ats:Flexible Camouflage+1"],"picked":"ats:Hammer On","floor":18},{"not_picked":["ats:Powerful Strike","ats:Collapsing Strike"],"picked":"ats:Burning Ground+1","floor":20},{"not_picked":["ats:Shell Defense","ats:Shadow Raid"],"picked":"ats:Leaping Hammer+1","floor":21}],"player_experience":726119,"relics_obtained":[{"floor":6,"key":"ats:Originium"},{"floor":6,"key":"ZombieTooth"},{"floor":8,"key":"ats:Originium"},{"floor":8,"key":"LugNut"},{"floor":9,"key":"ats:Bonebreaker"},{"floor":12,"key":"Orichalcum"}],"event_choices":[{"damage_healed":0,"gold_gain":30,"player_choice":"Searched \u00272\u0027 times","damage_taken":0,"max_hp_gain":0,"max_hp_loss":0,"event_name":"Dead Adventurer","floor":12,"gold_loss":0},{"damage_healed":0,"gold_gain":0,"player_choice":"Shed Blood","damage_taken":18,"max_hp_gain":5,"max_hp_loss":0,"event_name":"Forgotten Altar","floor":19,"gold_loss":0}],"is_beta":false,"boss_relics":[{"not_picked":["energizedSpire:NeverEndingSparkler","Runic Dome"],"picked":"SlaversCollar"}],"items_purged_floors":[11],"is_endless":false,"potions_floor_spawned":[3,6,10,16,21],"killed_by":"Shelled Parasite and Fungi","ascension_level":1}}