{"host":"d7fiu2yjkssjxoz6","time":1611471110,"event":{"mods":["AchievementEnabler","BaseMod","Duelist Mod","Minty Spire (QoL Compilation)","StSLib"],"gold_per_floor":[243,243,262,272,287,322,173,203,278,278,278],"floor_reached":10,"language":"ENG","playtime":698,"items_purged":[],"score":101,"play_id":"0db77365-3e30-47fa-890c-95646a582aae","local_time":"20210123225150","is_ascension_mode":true,"campfire_choices":[],"circlet_count":0,"master_deck":["theDuelist:CastleWalls","theDuelist:CastleWalls+1","theDuelist:ColossalFighter","theDuelist:CommandKnight","theDuelist:FeedbackWarrior","theDuelist:FeedbackWarrior","theDuelist:MightyWarrior","theDuelist:Sparks","theDuelist:Sparks","theDuelist:SuperheavySoulbuster","theDuelist:SuperheavyBlueBrawler+1","theDuelist:CelticGuardian","theDuelist:MillenniumGolem","theDuelist:SuperheavyOgre","theDuelist:SuperheavyBlueBrawler+1","theDuelist:GaiaFierce","theDuelist:BladeArmorNinja","theDuelist:BattleOx"],"relics":["theDuelist:MillenniumPuzzle","theDuelist:CardPoolRelic","theDuelist:CardPoolBasicRelic","theDuelist:BoosterPackPoolRelic","theDuelist:CardPoolAddRelic","theDuelist:CardPoolMinusRelic","theDuelist:CardPoolSaveRelic","theDuelist:CardPoolOptionsRelic","theDuelist:YugiMirror","Bird Faced Urn","Pantograph"],"acts_visited":["Exordium"],"potions_floor_usage":[8,8],"damage_taken":[{"damage":2,"enemies":"Jaw Worm","floor":1,"turns":2},{"damage":6,"enemies":"Cultist","floor":3,"turns":3},{"damage":5,"enemies":"Small Slimes","floor":4,"turns":2},{"damage":3,"enemies":"Exordium Thugs","floor":5,"turns":5},{"damage":12,"enemies":"Lagavulin","floor":6,"turns":5},{"damage":17,"enemies":"Gremlin Nob","floor":8,"turns":3},{"damage":45,"enemies":"Lagavulin","floor":10,"turns":5}],"seed_played":"-6118402270145901030","potions_obtained":[{"floor":4,"key":"theDuelist:CoolBottle"},{"floor":6,"key":"FearPotion"},{"floor":8,"key":"SteroidPotion"}],"is_trial":false,"path_per_floor":["M","?","M","M","M","E","$","E","T","E"],"character_chosen":"THE_DUELIST","items_purchased":["theDuelist:BladeArmorNinja"],"campfire_rested":0,"item_purchase_floors":[7],"current_hp_per_floor":[70,54,48,43,40,28,28,11,11,0,0],"gold":278,"neow_bonus":"HUNDRED_GOLD","is_daily":false,"chose_seed":false,"campfire_upgraded":0,"win_rate":0.0,"timestamp":1611471110,"path_taken":["M","?","M","M","M","E","$","E","T","E"],"items_purchased_type":["Card"],"build_version":"2020-12-22","purchased_purges":0,"victory":false,"max_hp_per_floor":[80,80,80,80,80,80,80,80,80,80,80],"card_choices":[{"not_picked":["theDuelist:BullBlader","theDuelist:BladeKnight","theDuelist:BattleWarrior","theDuelist:GaiaFierce"],"picked":"theDuelist:SuperheavyBlueBrawler","floor":1},{"not_picked":["theDuelist:ColossalFighter","theDuelist:BattleWarrior","theDuelist:CyberRaider","theDuelist:BetaMagnet"],"picked":"theDuelist:CelticGuardian","floor":3},{"not_picked":["theDuelist:Fissure","theDuelist:FuryFire","theDuelist:LightningRodLord","theDuelist:GauntletWarrior"],"picked":"theDuelist:MillenniumGolem","floor":4},{"not_picked":["theDuelist:DarkBurningAttack","theDuelist:BattleWarrior","theDuelist:AfterTheStorm","theDuelist:SuperheavySwordsman"],"picked":"theDuelist:SuperheavyOgre","floor":5},{"not_picked":["theDuelist:SuperheavySwordsman","theDuelist:Mudballman","theDuelist:Zombyra","theDuelist:GravityWarrior"],"picked":"theDuelist:GaiaFierce","floor":6},{"not_picked":["theDuelist:HammerShot","theDuelist:LightningRodLord","theDuelist:WingedKuriboh","theDuelist:MudGolem"],"picked":"theDuelist:BattleOx","floor":8}],"player_experience":253259,"relics_obtained":[{"floor":6,"key":"theDuelist:YugiMirror"},{"floor":8,"key":"Bird Faced Urn"},{"floor":9,"key":"Pantograph"}],"event_choices":[{"damage_healed":0,"gold_gain":0,"player_choice":"Entered Light","damage_taken":16,"max_hp_gain":0,"max_hp_loss":0,"event_name":"Shining Light","floor":2,"gold_loss":0,"cards_upgraded":["theDuelist:CastleWalls","theDuelist:SuperheavyBlueBrawler"]}],"is_beta":false,"boss_relics":[],"items_purged_floors":[],"is_endless":false,"potions_floor_spawned":[4,6,8],"killed_by":"Lagavulin","ascension_level":6}}