{"host":"fworv1gvvajf3x0f","time":1611488904,"event":{"mods":["AchievementEnabler","Aspiration","BaseMod","Better Match","Better Note","Better Sensory Stone","Better Third Choice","Better-Laid Plans","BetterRewards","Colored Map","Colored Powertips","Displayed Cursed Tome","Energized Spire","Good Game Mod","Highlight Path","Infinite Spire","Minty Spire (QoL Compilation)","Relic Stats","Replay The Spire","Spicy Shops","StSLib"],"gold_per_floor":[119,119,166,166,181,181,32,90,90,15,15,15,32,45,45,150,150,161,14,14,14,14,14,14,14,14,47,70,82,121,146,158,268,280,303,315,327,193,212,243,257,257,329,380,480,480,480,480,480,480,480],"floor_reached":50,"language":"ZHS","playtime":5586,"items_purged":["Regret"],"score":980,"play_id":"4f776408-e823-4993-ad3c-3da31178d802","local_time":"20210124194824","is_ascension_mode":true,"campfire_choices":[{"data":"Corruption","floor":6.0,"key":"SMITH"},{"data":"Sickly","floor":12.0,"key":"PURGE"},{"data":"Strike_R","floor":23,"key":"PURGE"},{"data":"Strike_R","floor":25,"key":"PURGE"},{"data":"Strike_R","floor":29,"key":"PURGE"},{"floor":46,"key":"RECALL"},{"floor":49,"key":"REST"}],"circlet_count":0,"master_deck":["Strike_R","Defend_R","Defend_R","Defend_R","Defend_R","Bash","Corruption+1","Evolve","Second Wind","Feel No Pain","Shockwave","Defy Death+1","Headbutt+1","Barricade","Warcry","Shrug It Off","infinitespire:OneForAll","Armaments","Eclipse","Flame Barrier+1","Whirlwind","Feel No Pain","Dark Embrace","Replay:Undeath\u0027s Touch+1","Flame Barrier","Madness","Madness"],"relics":["Burning Blood","REME:ComplimentaryCards","Strange Spoon","Replay:Kaleidoscope","infinitespire:ShieldingShard","aspiration:StickyExplosives","Matryoshka","Tiny Chest","Oddly Smooth Stone","Pet Ghost","Peace Pipe","ReplayTheSpireMod:Ring of Collecting","Runic Pyramid","Membership Card","Toy Ornithopter","Paper Frog","Ring of Searing","MawBank","Vajra","aspiration:RitualDagger","Blue Candle","Bag of Preparation","Juzu Bracelet","Ring of Fury","Replay:WaspNest","Replay:Arrowhead","Electric Blood"],"acts_visited":["Exordium","TheCity","TheBeyond"],"potions_floor_usage":[18,39,44,50],"damage_taken":[{"damage":1.0,"enemies":"2 Louse","floor":1.0,"turns":3.0},{"damage":10.0,"enemies":"Small Slimes","floor":5.0,"turns":3.0},{"damage":18.0,"enemies":"3 Sentries","floor":8.0,"turns":8.0},{"damage":6.0,"enemies":"Jaw Worm","floor":13.0,"turns":4.0},{"damage":7.0,"enemies":"Large Slime","floor":14.0,"turns":8.0},{"damage":60.0,"enemies":"Hexaghost","floor":16.0,"turns":14.0},{"damage":0,"enemies":"3 Byrds","floor":18,"turns":7},{"damage":32,"enemies":"Slavers","floor":27,"turns":6},{"damage":8,"enemies":"Shell Parasite","floor":28,"turns":6},{"damage":24,"enemies":"Gremlin Leader","floor":30,"turns":8},{"damage":11,"enemies":"Centurion and Healer","floor":31,"turns":16},{"damage":0,"enemies":"Automaton","floor":33,"turns":8},{"damage":36,"enemies":"Orb Walker","floor":35,"turns":5},{"damage":69,"enemies":"3 Darklings","floor":39,"turns":7},{"damage":54,"enemies":"R_Hoarder","floor":40,"turns":13},{"damage":19,"enemies":"Sphere and 2 Shapes","floor":41,"turns":6},{"damage":30,"enemies":"2 Orb Walkers","floor":44,"turns":4},{"damage":250,"enemies":"LordOfAnnihilation","floor":50,"turns":16}],"seed_played":"-6493159071800064210","potions_obtained":[{"floor":16.0,"key":"AttackPotion"},{"floor":18,"key":"Elixir"},{"floor":31,"key":"EntropicBrew"},{"floor":33,"key":"Explosive Potion"},{"floor":39,"key":"Block Potion"},{"floor":44,"key":"LifebloodPotion"}],"is_trial":false,"path_per_floor":["M","?","?","?","M","R","$","?","T","$","?","R","M","M","R_BF","B",null,"M","$","?","T","?","R","$","R","T","E","M","R","E","M","R_BF","B",null,"M","$","?","$","M","E","M","T","T","?","?","R","AVR","?","R","B"],"character_chosen":"IRONCLAD","items_purchased":["Strange Spoon","Evolve","Tiny Chest","Membership Card","Whirlwind","Blue Candle"],"campfire_rested":1,"item_purchase_floors":[0,0,7,19,38,38],"current_hp_per_floor":[77,77,57,57,53,53,53,41,41,41,41,41,41,40,64,10,63,69,69,69,69,69,69,69,69,69,43,41,41,23,18,42,48,72,42,42,42,42,75,61,59,59,59,63,63,63,63,53,77,0,0],"gold":480,"neow_bonus":"","is_daily":false,"chose_seed":false,"campfire_upgraded":1,"win_rate":0.0,"timestamp":1611488904,"path_taken":["M","?","?","?","M","R","$","?","T","$","?","R","M","M","R_BF","BOSS","M","$","?","?","?","R","?","R","T","E","M","R","E","M","R_BF","BOSS","M","$","?","$","M","E","M","?","T","?","?","R","AVR","?","R","BOSS"],"items_purchased_type":["Relic","Card","Relic","Relic","Card","Relic"],"build_version":"2020-12-22","purchased_purges":1,"victory":false,"max_hp_per_floor":[80,80,80,80,80,80,80,80,80,80,80,80,80,80,80,80,80,80,80,80,80,80,80,80,80,80,80,80,80,80,80,80,80,80,80,80,80,80,80,80,80,80,80,80,80,80,80,80,80,80,80],"relic_stats":{"Peace Pipe":5,"Strange Spoon":[126],"counters":[38,231],"Blue Candle":[0],"Tiny Chest":2,"Bag of Preparation":[6],"Juzu Bracelet":1,"MawBank":132,"obtain_stats":[{"Vajra":30,"Mango":6,"Bag of Preparation":40,"Juzu Bracelet":42,"Burning Blood":0,"Pet Ghost":9,"Ring of Searing":26,"Replay:Bandana":3,"infinitespire:ShieldingShard":2,"Matryoshka":4,"Tiny Chest":7,"Electric Blood":47,"Runic Pyramid":17,"Paper Frog":21,"aspiration:StickyExplosives":3,"NeowsBlessing":0,"Astrolabe":17,"Blue Candle":38,"Oddly Smooth Stone":8,"Replay:WaspNest":43,"Replay:Kaleidoscope":0,"Orichalcum":9,"MawBank":27,"Akabeko":9,"Replay:Arrowhead":44,"Peace Pipe":9,"Strange Spoon":0,"REME:ComplimentaryCards":0,"ReplayTheSpireMod:Ring of Collecting":11,"Snecko Eye":21,"Ring of Fury":42,"Membership Card":13,"aspiration:RitualDagger":34,"Kintsugi":17,"aspiration:HatOfInfinitePower":2,"Toy Ornithopter":21},{"Vajra":30,"Mango":3,"Bag of Preparation":35,"Juzu Bracelet":36,"Burning Blood":0,"Pet Ghost":23,"Ring of Searing":27,"Replay:Bandana":13,"infinitespire:ShieldingShard":21,"Matryoshka":21,"Tiny Chest":22,"Electric Blood":37,"Runic Pyramid":26,"Paper Frog":27,"aspiration:StickyExplosives":21,"NeowsBlessing":0,"Astrolabe":17,"Blue Candle":33,"Oddly Smooth Stone":22,"Replay:WaspNest":36,"Replay:Kaleidoscope":20,"Orichalcum":5,"MawBank":28,"Akabeko":14,"Replay:Arrowhead":37,"Peace Pipe":23,"Strange Spoon":20,"REME:ComplimentaryCards":0,"ReplayTheSpireMod:Ring of Collecting":23,"Snecko Eye":19,"Ring of Fury":36,"Membership Card":15,"aspiration:RitualDagger":32,"Kintsugi":9,"aspiration:HatOfInfinitePower":1,"Toy Ornithopter":27},{"Vajra":156,"Mango":4,"Bag of Preparation":205,"Juzu Bracelet":211,"Burning Blood":0,"Pet Ghost":103,"Ring of Searing":136,"Replay:Bandana":65,"infinitespire:ShieldingShard":92,"Matryoshka":92,"Tiny Chest":95,"Electric Blood":215,"Runic Pyramid":129,"Paper Frog":136,"aspiration:StickyExplosives":92,"NeowsBlessing":0,"Astrolabe":77,"Blue Candle":185,"Oddly Smooth Stone":95,"Replay:WaspNest":211,"Replay:Kaleidoscope":89,"Orichalcum":19,"MawBank":142,"Akabeko":67,"Replay:Arrowhead":215,"Peace Pipe":103,"Strange Spoon":89,"REME:ComplimentaryCards":0,"ReplayTheSpireMod:Ring of Collecting":103,"Snecko Eye":88,"Ring of Fury":211,"Membership Card":69,"aspiration:RitualDagger":180,"Kintsugi":43,"aspiration:HatOfInfinitePower":1,"Toy Ornithopter":136}],"Burning Blood":200,"Toy Ornithopter":10},"card_choices":[{"not_picked":["Pommel Strike","ReplayTheSpireMod:Strike From Hell"],"picked":"Second Wind","floor":1.0},{"not_picked":["Defy Death","Abandon"],"picked":"Feel No Pain","floor":3.0},{"not_picked":["Twin Strike","Perfected Strike"],"picked":"Shockwave","floor":5.0},{"not_picked":["True Grit","Sword Boomerang"],"picked":"Defy Death","floor":8.0},{"not_picked":["Perfected Strike","Intimidate","Anger"],"picked":"SKIP","floor":13.0},{"not_picked":["Replay:Undeath\u0027s Touch","Sword Boomerang"],"picked":"Headbutt","floor":14.0},{"not_picked":["Juggernaut","Feed"],"picked":"Barricade","floor":16.0},{"not_picked":["Hemokinesis","Sword Boomerang"],"picked":"Whirlwind","floor":18},{"not_picked":["Burning Pact+1","Sever Soul"],"picked":"Warcry","floor":27},{"not_picked":["Flex+1","Replay:Undeath\u0027s Touch+1"],"picked":"Shrug It Off","floor":28},{"not_picked":["Feed","Headbutt+1"],"picked":"infinitespire:OneForAll","floor":30},{"not_picked":["Headbutt+1","Massacre+1"],"picked":"Armaments","floor":31},{"not_picked":["Brutality","Corruption"],"picked":"Eclipse","floor":33},{"not_picked":["Ghostly Armor","Warcry+1"],"picked":"Flame Barrier+1","floor":35},{"not_picked":["Pommel Strike+1","Sentinel+1"],"picked":"Feel No Pain","floor":39},{"not_picked":["Warcry+1","Sword Boomerang+1"],"picked":"Dark Embrace","floor":40},{"not_picked":["Abandon+1","infinitespire:OneForAll+1"],"picked":"Replay:Undeath\u0027s Touch+1","floor":41},{"not_picked":["Pommel Strike+1","Clash"],"picked":"Flame Barrier","floor":44}],"player_experience":329172,"relics_obtained":[{"floor":2.0,"key":"infinitespire:ShieldingShard"},{"floor":3.0,"key":"aspiration:StickyExplosives"},{"floor":9.0,"key":"Pet Ghost"},{"floor":9.0,"key":"Peace Pipe"},{"floor":11.0,"key":"ReplayTheSpireMod:Ring of Collecting"},{"floor":21,"key":"Toy Ornithopter"},{"floor":21,"key":"Paper Frog"},{"floor":26,"key":"Ring of Searing"},{"floor":27,"key":"MawBank"},{"floor":30,"key":"Vajra"},{"floor":40,"key":"Bag of Preparation"},{"floor":42,"key":"Juzu Bracelet"},{"floor":42,"key":"Ring of Fury"},{"floor":43,"key":"Replay:WaspNest"},{"floor":44,"key":"Replay:Arrowhead"}],"event_choices":[{"damage_healed":0.0,"max_hp_gain":0.0,"max_hp_loss":0.0,"gold_gain":0.0,"event_name":"Big Fish","player_choice":"Box","floor":4.0,"gold_loss":0.0,"damage_taken":0.0,"relics_obtained":["Matryoshka"],"cards_obtained":["Regret"]},{"damage_healed":0.0,"max_hp_gain":0.0,"max_hp_loss":0.0,"gold_gain":0.0,"event_name":"Dead Adventurer","player_choice":"Searched \u00272\u0027 times","floor":8.0,"gold_loss":0.0,"damage_taken":0.0,"relics_obtained":["Oddly Smooth Stone"]},{"cards_removed":["Strike_R"],"damage_healed":0,"gold_gain":0,"player_choice":"Elegance","damage_taken":0,"max_hp_gain":0,"max_hp_loss":0,"event_name":"betterThird:BetterWriting","floor":20,"gold_loss":0},{"cards_removed":["Whirlwind"],"damage_healed":0,"gold_gain":0,"player_choice":"Removed Attack","damage_taken":0,"max_hp_gain":0,"max_hp_loss":0,"event_name":"Falling","floor":37,"gold_loss":0},{"damage_healed":0,"gold_gain":0,"player_choice":"Fight","damage_taken":0,"max_hp_gain":0,"max_hp_loss":0,"event_name":"Mysterious Sphere","floor":44,"gold_loss":0},{"damage_healed":0,"gold_gain":100,"player_choice":"Pray","damage_taken":0,"max_hp_gain":0,"max_hp_loss":0,"event_name":"Golden Shrine","floor":45,"gold_loss":0},{"damage_healed":0,"gold_gain":0,"player_choice":"Embrace Madness","damage_taken":10,"max_hp_gain":0,"max_hp_loss":0,"event_name":"Winding Halls","floor":48,"gold_loss":0,"cards_obtained":["Madness","Madness"]}],"is_beta":false,"boss_relics":[{"not_picked":["infinitespire:Cupcake","energizedSpire:HugeHouse"],"picked":"Runic Pyramid"},{"not_picked":["energizedSpire:RedRose","Painkiller Herb"],"picked":"aspiration:RitualDagger"}],"items_purged_floors":[10],"is_endless":false,"potions_floor_spawned":[16,18,31,33,39,44],"killed_by":"LordOfAnnihilation","ascension_level":6}}