{"host":"qgrlfjrqk9z96gfi","time":1611448742,"event":{"mods":["BaseMod","Block Reminder","Colored Map","Custom Start","DeckTracker","Minty Spire (QoL Compilation)"],"gold_per_floor":[111,111,137,137,137,137,180,180,180,213,228,46,65,80,80,179,179,193,243,264,15,34,34,78,101,101,101,126,51,94,119,119,212,275,300,300,331,664,664,694,694,724,724,736,755,755,774,808,808,808,808,808],"floor_reached":51,"language":"ENG","playtime":2276,"items_purged":["Strike_G"],"score":1887,"play_id":"a49d7376-b027-49b8-9422-4f4ef0c478ab","local_time":"20210123143902","is_ascension_mode":true,"campfire_choices":[{"data":"Infinite Blades","floor":6.0,"key":"SMITH"},{"data":"Bane","floor":8.0,"key":"SMITH"},{"data":"Adrenaline","floor":15.0,"key":"SMITH"},{"data":"After Image","floor":23.0,"key":"SMITH"},{"floor":27.0,"key":"REST"},{"floor":32,"key":"REST"},{"data":"Phantasmal Killer","floor":41,"key":"SMITH"},{"data":"Terror","floor":46,"key":"SMITH"},{"floor":49,"key":"REST"}],"circlet_count":0,"master_deck":["AscendersBane","Strike_G","Strike_G","Strike_G+1","Strike_G","Defend_G","Defend_G","Defend_G","Defend_G","Defend_G","Survivor","Neutralize+1","Infinite Blades+1","Adrenaline+1","Backflip","Cloak And Dagger","Heel Hook","Terror+1","Die Die Die","After Image+1","Calculated Gamble","Blade Dance","PiercingWail","Poisoned Stab","Cloak And Dagger","Deflect","Parasite","Finisher+1","Footwork","Phantasmal Killer+1","Deflect+1","Malaise","Cloak And Dagger+1","Cloak And Dagger+1","PiercingWail+1","Backflip+1","Noxious Fumes"],"relics":["Ring of the Snake","NeowsBlessing","Snake Skull","Du-Vu Doll","HornCleat","Paper Crane","Cursed Key","Nunchaku","InkBottle","Pantograph","Dream Catcher","Regal Pillow","Tiny House","FossilizedHelix","Toxic Egg 2","Ninja Scroll","Meat on the Bone"],"acts_visited":["Exordium","TheCity","TheBeyond"],"potions_floor_usage":[31,37,48,50],"damage_taken":[{"damage":0.0,"enemies":"Jaw Worm","floor":1.0,"turns":1.0},{"damage":0.0,"enemies":"Gremlin Nob","floor":7.0,"turns":1.0},{"damage":0.0,"enemies":"Lagavulin","floor":10.0,"turns":1.0},{"damage":0.0,"enemies":"Small Slimes","floor":11.0,"turns":3.0},{"damage":0.0,"enemies":"Cultist","floor":13.0,"turns":3.0},{"damage":7.0,"enemies":"Gremlin Gang","floor":14.0,"turns":5.0},{"damage":0.0,"enemies":"Slime Boss","floor":16.0,"turns":7.0},{"damage":10.0,"enemies":"Shell Parasite","floor":18.0,"turns":4.0},{"damage":13.0,"enemies":"Spheric Guardian","floor":20.0,"turns":6.0},{"damage":0.0,"enemies":"Cultist and Chosen","floor":22.0,"turns":4.0},{"damage":8.0,"enemies":"Book of Stabbing","floor":24.0,"turns":4.0},{"damage":7.0,"enemies":"Snecko","floor":25.0,"turns":4.0},{"damage":24,"enemies":"Slavers","floor":30,"turns":7},{"damage":0,"enemies":"Snake Plant","floor":31,"turns":4},{"damage":20,"enemies":"Automaton","floor":33,"turns":9},{"damage":0,"enemies":"3 Shapes","floor":35,"turns":3},{"damage":0,"enemies":"Mind Bloom Boss Battle","floor":37,"turns":5},{"damage":0,"enemies":"Nemesis","floor":40,"turns":6},{"damage":0,"enemies":"Giant Head","floor":42,"turns":7},{"damage":0,"enemies":"Orb Walker","floor":44,"turns":3},{"damage":0,"enemies":"Spire Growth","floor":45,"turns":4},{"damage":11,"enemies":"4 Shapes","floor":47,"turns":9},{"damage":0,"enemies":"Reptomancer","floor":48,"turns":5},{"damage":67,"enemies":"Awakened One","floor":50,"turns":15},{"damage":47,"enemies":"Time Eater","floor":51,"turns":8}],"seed_played":"-8089706442431576833","potions_obtained":[{"floor":7.0,"key":"FearPotion"},{"floor":13.0,"key":"SpeedPotion"},{"floor":14.0,"key":"CultistPotion"},{"floor":18.0,"key":"Ancient Potion"},{"floor":22.0,"key":"SteroidPotion"},{"floor":30,"key":"AttackPotion"},{"floor":31,"key":"SteroidPotion"},{"floor":34,"key":"EssenceOfSteel"},{"floor":37,"key":"GamblersBrew"},{"floor":42,"key":"GhostInAJar"}],"is_trial":false,"path_per_floor":["M","?","T","?","?","R","E","R","T","E","M","$","M","M","R","B",null,"M","?","M","$","M","R","E","M","T","R","T","?","E","M","R","B",null,"M","?","?","?","?","E","R","E","T","M","M","R","M","E","R","B","B"],"character_chosen":"THE_SILENT","items_purchased":["Cloak And Dagger","Heel Hook","PiercingWail","Nunchaku","Poisoned Stab"],"campfire_rested":3,"item_purchase_floors":[12,12,21,21,21],"current_hp_per_floor":[59,59,59,64,64,64,64,64,64,64,64,64,64,57,57,57,63,53,53,40,40,40,40,32,25,25,44,44,44,20,20,54,45,65,65,65,70,70,70,70,70,70,70,70,70,70,59,59,70,15,0,0],"gold":808,"neow_bonus":"THREE_ENEMY_KILL","is_daily":false,"chose_seed":false,"campfire_upgraded":6,"win_rate":0.0,"timestamp":1611448742,"path_taken":["M","?","?","?","?","R","E","R","T","E","?","$","M","M","R","BOSS","M","?","M","?","?","R","E","M","T","R","?","?","E","M","R","BOSS","M","?","?","?","?","E","R","E","T","M","M","R","M","E","R","BOSS","BOSS"],"items_purchased_type":["Card","Card","Card","Relic","Card"],"build_version":"2020-12-22","purchased_purges":1,"victory":false,"max_hp_per_floor":[66,60,60,65,65,65,65,65,65,65,65,65,65,65,65,65,65,65,65,65,65,65,65,65,65,65,65,65,65,65,65,65,65,70,70,70,70,70,70,70,70,70,70,70,70,70,70,70,70,70,70,70],"card_choices":[{"not_picked":["Outmaneuver","Deadly Poison"],"picked":"Infinite Blades","floor":1.0},{"not_picked":["Underhanded Strike","Eviscerate"],"picked":"Bane","floor":7.0},{"not_picked":["Sucker Punch","Dodge and Roll"],"picked":"Adrenaline","floor":10.0},{"not_picked":["Bane","Deflect"],"picked":"Backflip","floor":11.0},{"not_picked":["Outmaneuver","Blur"],"picked":"Terror","floor":13.0},{"not_picked":["Predator","Calculated Gamble"],"picked":"Die Die Die","floor":14.0},{"not_picked":["Storm of Steel","Unload"],"picked":"After Image","floor":16.0},{"not_picked":["Dagger Throw","Prepared"],"picked":"Calculated Gamble","floor":18.0},{"not_picked":["Slice","Sucker Punch"],"picked":"Blade Dance","floor":20.0},{"not_picked":["Outmaneuver","Acrobatics","Eviscerate"],"picked":"SKIP","floor":22.0},{"not_picked":["Unload","Slice"],"picked":"Cloak And Dagger","floor":24.0},{"not_picked":["Dagger Throw","Caltrops"],"picked":"Deflect","floor":25.0},{"not_picked":["Outmaneuver","Acrobatics","Dodge and Roll"],"picked":"SKIP","floor":30},{"not_picked":["Flechettes","Blade Dance"],"picked":"Finisher+1","floor":31},{"not_picked":["Eviscerate","Infinite Blades"],"picked":"Footwork","floor":32},{"not_picked":["Bullet Time","Wraith Form v2"],"picked":"Phantasmal Killer","floor":33},{"not_picked":["Poisoned Stab","Quick Slash"],"picked":"Deflect+1","floor":34},{"not_picked":["Dagger Throw","Slice","Deflect"],"picked":"SKIP","floor":35},{"not_picked":["Distraction","Expertise"],"picked":"Malaise","floor":37},{"not_picked":["Quick Slash+1","Dodge and Roll+1"],"picked":"Cloak And Dagger+1","floor":40},{"not_picked":["Catalyst+1","Acrobatics+1"],"picked":"Cloak And Dagger+1","floor":42},{"not_picked":["Quick Slash","Masterful Stab","Dodge and Roll+1"],"picked":"SKIP","floor":44},{"not_picked":["Acrobatics+1","Deflect+1","Outmaneuver+1"],"picked":"SKIP","floor":45},{"not_picked":["Backflip+1","Riddle With Holes"],"picked":"PiercingWail+1","floor":47},{"not_picked":["All Out Attack","Flying Knee+1"],"picked":"Backflip+1","floor":48},{"not_picked":["Leg Sweep+1","Underhanded Strike"],"picked":"Noxious Fumes","floor":49}],"player_experience":1049516,"relics_obtained":[{"floor":3.0,"key":"Snake Skull"},{"floor":7.0,"key":"Du-Vu Doll"},{"floor":9.0,"key":"HornCleat"},{"floor":10.0,"key":"Paper Crane"},{"floor":24.0,"key":"InkBottle"},{"floor":26.0,"key":"Pantograph"},{"floor":28.0,"key":"Dream Catcher"},{"floor":30,"key":"Regal Pillow"},{"floor":37,"key":"FossilizedHelix"},{"floor":40,"key":"Toxic Egg 2"},{"floor":42,"key":"Ninja Scroll"},{"floor":48,"key":"Meat on the Bone"}],"event_choices":[{"damage_healed":0.0,"max_hp_gain":0.0,"max_hp_loss":6.0,"gold_gain":0.0,"event_name":"Golden Idol","player_choice":"Lose Max HP","floor":2.0,"gold_loss":0.0,"damage_taken":0.0,"relics_obtained":["Golden Idol"]},{"damage_healed":0.0,"max_hp_gain":5.0,"max_hp_loss":0.0,"gold_gain":0.0,"event_name":"Big Fish","player_choice":"Donut","floor":4.0,"gold_loss":0.0,"damage_taken":0.0},{"damage_healed":0.0,"max_hp_gain":0.0,"max_hp_loss":0.0,"gold_gain":0.0,"event_name":"Living Wall","player_choice":"Grow","floor":5.0,"gold_loss":0.0,"damage_taken":0.0,"cards_upgraded":["Neutralize"]},{"damage_healed":0.0,"max_hp_gain":0.0,"max_hp_loss":0.0,"gold_gain":50.0,"event_name":"Golden Shrine","player_choice":"Pray","floor":19.0,"gold_loss":0.0,"damage_taken":0.0},{"cards_removed":["Pain"],"damage_healed":0.0,"max_hp_gain":0.0,"max_hp_loss":0.0,"gold_gain":0.0,"event_name":"Beggar","player_choice":"Gave Gold","floor":29.0,"gold_loss":75.0,"damage_taken":0.0},{"cards_removed":["Bane"],"damage_healed":0,"gold_gain":0,"player_choice":"Removed Attack","damage_taken":0,"max_hp_gain":0,"max_hp_loss":0,"event_name":"Falling","floor":36,"gold_loss":0},{"damage_healed":0,"gold_gain":0,"player_choice":"Fight","damage_taken":0,"max_hp_gain":0,"max_hp_loss":0,"event_name":"MindBloom","floor":37,"gold_loss":0},{"damage_healed":0,"gold_gain":333,"player_choice":"Gave Idol","damage_taken":0,"max_hp_gain":0,"max_hp_loss":0,"event_name":"The Moai Head","floor":38,"relics_lost":["Golden Idol"],"gold_loss":0},{"damage_healed":0,"gold_gain":0,"player_choice":"Ignored","damage_taken":0,"max_hp_gain":0,"max_hp_loss":0,"event_name":"SecretPortal","floor":39,"gold_loss":0}],"is_beta":false,"boss_relics":[{"not_picked":["Empty Cage","SacredBark"],"picked":"Cursed Key"},{"not_picked":["HoveringKite","Sozu"],"picked":"Tiny House"}],"items_purged_floors":[12],"is_endless":false,"potions_floor_spawned":[7,13,14,18,22,30,31,37,42,44],"killed_by":"Time Eater","ascension_level":20}}