{"host":"3jpwrwmmgyabjceh","time":1611488016,"event":{"mods":["AchievementEnabler","BaseMod","Colored Map","Colored Powertips","Highlight Path","Minty Spire (QoL Compilation)","Quick Restart","Relic Stats","StSLib","SuperFastMode"],"gold_per_floor":[111,131,150,166,166,192,192,222,246,42,53,72,90,15,15,119,119,139,156,156,156,166,166,200,300,326,326,360,372,392,407,407,407,407],"floor_reached":33,"language":"ENG","playtime":5034,"items_purged":["Strike_G"],"score":406,"play_id":"9872efdb-4453-4c90-8989-d56d6f3a268f","local_time":"20210124143336","is_ascension_mode":true,"campfire_choices":[{"data":"Neutralize","floor":7,"key":"SMITH"},{"floor":15,"key":"REST"},{"floor":23,"key":"REST"},{"data":"Footwork","floor":27,"key":"SMITH"},{"data":"Malaise","floor":32,"key":"SMITH"}],"circlet_count":0,"master_deck":["Strike_G","Strike_G","Defend_G","Defend_G","Defend_G","Defend_G","Survivor","Neutralize+1","Dash","Bane","Dagger Throw","Flying Knee","Catalyst","Blade Dance","Footwork+1","Bouncing Flask","Finesse","Sucker Punch","Skewer","Malaise+1","CurseOfTheBell","Backstab+1","Cloak And Dagger+1","Deflect","Blade Dance","Malaise","Acrobatics","Cloak And Dagger"],"relics":["Ring of the Snake","Paper Crane","PreservedInsect","Pen Nib","Calling Bell","Juzu Bracelet","Pantograph","Du-Vu Doll","Enchiridion","Anchor","Boot","Orichalcum"],"acts_visited":["Exordium","TheCity"],"potions_floor_usage":[6,6,16,18,28,33,33],"damage_taken":[{"damage":0.0,"enemies":"Jaw Worm","floor":1.0,"turns":3.0},{"damage":0.0,"enemies":"Cultist","floor":2.0,"turns":3.0},{"damage":1,"enemies":"Small Slimes","floor":3,"turns":4},{"damage":7,"enemies":"Looter","floor":4,"turns":3},{"damage":2,"enemies":"Gremlin Nob","floor":6,"turns":3},{"damage":7,"enemies":"Lagavulin","floor":8,"turns":6},{"damage":10,"enemies":"2 Fungi Beasts","floor":11,"turns":3},{"damage":0,"enemies":"Exordium Thugs","floor":12,"turns":4},{"damage":0,"enemies":"Large Slime","floor":13,"turns":6},{"damage":10,"enemies":"Hexaghost","floor":16,"turns":7},{"damage":9,"enemies":"3 Byrds","floor":18,"turns":6},{"damage":10,"enemies":"Shell Parasite","floor":19,"turns":4},{"damage":0,"enemies":"Cultist and Chosen","floor":22,"turns":4},{"damage":3,"enemies":"Gremlin Leader","floor":24,"turns":6},{"damage":2,"enemies":"Book of Stabbing","floor":28,"turns":5},{"damage":0,"enemies":"Shelled Parasite and Fungi","floor":29,"turns":7},{"damage":13,"enemies":"3 Cultists","floor":30,"turns":8},{"damage":1,"enemies":"Centurion and Healer","floor":31,"turns":6},{"damage":67,"enemies":"Collector","floor":33,"turns":9}],"seed_played":"-4169677991126804747","potions_obtained":[{"floor":3,"key":"DuplicationPotion"},{"floor":4,"key":"BlessingOfTheForge"},{"floor":8,"key":"Poison Potion"},{"floor":11,"key":"AttackPotion"},{"floor":12,"key":"DuplicationPotion"},{"floor":22,"key":"PowerPotion"},{"floor":28,"key":"Fruit Juice"},{"floor":29,"key":"FearPotion"}],"is_trial":false,"path_per_floor":["M","M","M","M","?","E","R","E","T","$","M","M","M","$","R","B",null,"M","M","?","?","M","R","E","?","T","R","E","M","M","M","R","B"],"character_chosen":"THE_SILENT","items_purchased":["Footwork","Bouncing Flask","Finesse"],"campfire_rested":2,"item_purchase_floors":[10,10,10],"current_hp_per_floor":[45,45,44,37,37,35,35,28,28,28,18,18,18,18,39,29,60,51,41,25,25,25,46,43,43,43,43,46,46,33,32,32,0,0],"gold":407,"neow_bonus":"TRANSFORM_TWO_CARDS","is_daily":false,"chose_seed":false,"campfire_upgraded":3,"win_rate":0.0,"timestamp":1611488016,"path_taken":["M","M","M","M","?","E","R","E","T","$","M","?","M","$","R","BOSS","M","M","?","?","M","R","E","?","T","R","E","M","M","M","R","BOSS"],"items_purchased_type":["Card","Card","Card"],"build_version":"2020-12-22","purchased_purges":1,"victory":false,"max_hp_per_floor":[70,70,70,70,70,70,70,70,70,70,70,70,70,70,70,70,70,70,70,70,70,70,70,70,70,70,70,75,75,75,75,75,75,75],"relic_stats":{"counters":[19,97],"Pantograph":25,"PreservedInsect":86,"Pen Nib":[20],"Juzu Bracelet":0,"Orichalcum":[18],"Boot":[27],"obtain_stats":[{"Calling Bell":17,"Du-Vu Doll":17,"Anchor":24,"Pantograph":17,"Enchiridion":20,"PreservedInsect":8,"Pen Nib":9,"Juzu Bracelet":17,"Paper Crane":6,"Orichalcum":28,"Boot":26,"Ring of the Snake":0},{"Calling Bell":10,"Du-Vu Doll":10,"Anchor":14,"Pantograph":10,"Enchiridion":12,"PreservedInsect":6,"Pen Nib":6,"Juzu Bracelet":10,"Paper Crane":5,"Orichalcum":15,"Boot":14,"Ring of the Snake":0},{"Calling Bell":42,"Du-Vu Doll":42,"Anchor":62,"Pantograph":42,"Enchiridion":52,"PreservedInsect":22,"Pen Nib":22,"Juzu Bracelet":42,"Paper Crane":16,"Orichalcum":67,"Boot":62,"Ring of the Snake":0}],"Ring of the Snake":[38]},"card_choices":[{"not_picked":["Prepared","Outmaneuver"],"picked":"Dagger Throw","floor":1.0},{"not_picked":["Bane","Eviscerate","Dash"],"picked":"SKIP","floor":2.0},{"not_picked":["Reflex","Setup"],"picked":"Flying Knee","floor":3},{"not_picked":["Reflex","Well Laid Plans"],"picked":"Catalyst","floor":4},{"not_picked":["Catalyst","Deflect"],"picked":"Blade Dance","floor":6},{"not_picked":["Accuracy","Dagger Throw","Heel Hook"],"picked":"SKIP","floor":8},{"not_picked":["Well Laid Plans","Expertise","Slice"],"picked":"SKIP","floor":11},{"not_picked":["Distraction","Dash"],"picked":"Sucker Punch","floor":12},{"not_picked":["Outmaneuver","Tactician"],"picked":"Skewer","floor":13},{"not_picked":["Unload","Venomology"],"picked":"Malaise","floor":16},{"not_picked":["Infinite Blades","Underhanded Strike"],"picked":"Backstab+1","floor":18},{"not_picked":["Slice","Underhanded Strike"],"picked":"Cloak And Dagger+1","floor":19},{"not_picked":["Dash","Dodge and Roll"],"picked":"Deflect","floor":22},{"not_picked":["Expertise","Accuracy+1"],"picked":"Blade Dance","floor":24},{"not_picked":["Bane+1","Malaise","Tactician+1"],"picked":"SKIP","floor":28},{"not_picked":["Bane+1","Tactician+1"],"picked":"Malaise","floor":28},{"not_picked":["Prepared","Dagger Throw"],"picked":"Acrobatics","floor":29},{"not_picked":["Slice","Underhanded Strike"],"picked":"Cloak And Dagger","floor":30},{"not_picked":["Skewer","Slice","Bane"],"picked":"SKIP","floor":31}],"player_experience":269937,"relics_obtained":[{"floor":6,"key":"Paper Crane"},{"floor":8,"key":"PreservedInsect"},{"floor":9,"key":"Pen Nib"},{"floor":17,"key":"Juzu Bracelet"},{"floor":17,"key":"Pantograph"},{"floor":17,"key":"Du-Vu Doll"},{"floor":20,"key":"Enchiridion"},{"floor":24,"key":"Anchor"},{"floor":26,"key":"Boot"},{"floor":28,"key":"Orichalcum"}],"event_choices":[{"cards_removed":["Strike_G"],"damage_healed":0,"gold_gain":0,"player_choice":"Purged","damage_taken":0,"max_hp_gain":0,"max_hp_loss":0,"event_name":"Purifier","floor":5,"gold_loss":0},{"damage_healed":0,"gold_gain":0,"player_choice":"Obtained Book","damage_taken":16,"max_hp_gain":0,"max_hp_loss":0,"event_name":"Cursed Tome","floor":20,"gold_loss":0},{"damage_healed":0,"gold_gain":0,"player_choice":"Ignored","damage_taken":0,"max_hp_gain":0,"max_hp_loss":0,"event_name":"Ghosts","floor":21,"gold_loss":0},{"damage_healed":0,"gold_gain":100,"player_choice":"Pray","damage_taken":0,"max_hp_gain":0,"max_hp_loss":0,"event_name":"Golden Shrine","floor":25,"gold_loss":0}],"is_beta":false,"boss_relics":[{"not_picked":["SacredBark","Coffee Dripper"],"picked":"Calling Bell"}],"items_purged_floors":[14],"is_endless":false,"potions_floor_spawned":[3,4,8,11,12,22,28,29,31],"killed_by":"Collector","ascension_level":7}}