{"host":"urvvf8749ekcxo1a","time":1611455347,"event":{"mods":["AchievementEnabler","Bartender","BaseMod","BetterRewards","Colored Powertips","Displayed Cursed Tome","Evolution","Gold Saver","KinomotoSakuraMod(????)","Minty Spire (QoL Compilation)","Quick Restart","Relic Filter","StSLib","SuperFastMode","The Animator","The Cursed","The Hierophant","The Marked","The Servant 0.9.4","TheHero"],"gold_per_floor":[512,438,256,269,251,298,298,260,260,270,315,315,329,341,341,449,499,523,539,539,555,312,312,235,260,260,260,260,270,304,322,322,429,429,447,447,305,305,305,305,336,354,354,354,162,178,193,193,193,193],"floor_reached":51,"language":"ENG","playtime":2124,"items_purged":["animator:Defend","animator:Defend","animator:Strike"],"score":753,"play_id":"e030ffb0-4b79-48da-ad80-664966be984a","local_time":"20210123212907","is_ascension_mode":false,"campfire_choices":[{"data":"animator:Megumin","floor":7,"key":"SMITH"},{"floor":15,"key":"REST"},{"data":"animator:MetalKnight","floor":23,"key":"SMITH"},{"floor":32,"key":"REST"},{"data":"animator:Patchouli","floor":40,"key":"SMITH"},{"data":"animator:HigakiRinne","floor":49,"key":"SMITH"}],"circlet_count":0,"master_deck":["animator:Strike_Konosuba","animator:Defend_Konosuba","animator:Strike+1","animator:Strike+1","animator:Defend+1","animator:Kazuma","animator:Aqua","animator:Benimaru","animator:GazelDwargon+1","animator:Shalltear","animator:FielNirvalen+1","animator:Megumin+15","animator:YunYun","animator:Eris","animator:MetalKnight+1","animator:Tatsumaki","animator:Aqua","animator:Mitsurugi","animator:Ainz+1","animator:HigakiRinne+1","animator:Kagari+1","animator:Patchouli+1","animator:Kaijin+1","Parasite"],"relics":["animator:TheMissingPiece","EVO:Axolotl","Sozu","Frozen Egg 2","Membership Card","Paper Crane","animator:OldCoffin","Eternal Feather","Tiny House","Singing Bowl","Lee\u0027s Waffle","TwistedFunnel","MealTicket","Calipers","Nilry\u0027s Codex","Paper Frog","Philosopher\u0027s Stone","Cleaning_Rag","The Courier","Dead Branch","Mummified Hand","Chemical X"],"acts_visited":["Exordium","TheCity","TheBeyond"],"potions_floor_usage":[],"damage_taken":[{"damage":0,"enemies":"Jaw Worm","floor":1,"turns":4},{"damage":0,"enemies":"Cultist","floor":4,"turns":4},{"damage":0,"enemies":"Lagavulin","floor":6,"turns":8},{"damage":4,"enemies":"2 Louse","floor":10,"turns":3},{"damage":13,"enemies":"3 Sentries","floor":11,"turns":6},{"damage":0,"enemies":"Exordium Thugs","floor":13,"turns":4},{"damage":5,"enemies":"Large Slime","floor":14,"turns":6},{"damage":47,"enemies":"The Guardian","floor":16,"turns":10},{"damage":28,"enemies":"3 Byrds","floor":18,"turns":5},{"damage":15,"enemies":"2 Thieves","floor":19,"turns":3},{"damage":13,"enemies":"Centurion and Healer","floor":21,"turns":6},{"damage":13,"enemies":"Snake Plant","floor":29,"turns":4},{"damage":19,"enemies":"Gremlin Leader","floor":30,"turns":5},{"damage":30,"enemies":"3 Cultists","floor":31,"turns":4},{"damage":26,"enemies":"Champ","floor":33,"turns":11},{"damage":10,"enemies":"3 Darklings","floor":35,"turns":2},{"damage":48,"enemies":"Nemesis","floor":41,"turns":5},{"damage":5,"enemies":"3 Shapes","floor":42,"turns":3},{"damage":18,"enemies":"Jaw Worm Horde","floor":46,"turns":3},{"damage":10,"enemies":"Writhing Mass","floor":47,"turns":5},{"damage":21,"enemies":"Awakened One","floor":50,"turns":9}],"seed_played":"-3855779730060465910","potions_obtained":[],"is_trial":false,"path_per_floor":["M","?","$","M","$","E","R","$","T","M","E","?","M","M","R","B",null,"M","M","?","M","$","R","$","T","T","?","?","M","E","M","R","B",null,"M","?","$","?","?","R","E","M","T","?","$","M","M","?","R","B",null],"character_chosen":"THE_ANIMATOR","items_purchased":["Membership Card","animator:GazelDwargon+1","animator:FielNirvalen+1","Singing Bowl","Lee\u0027s Waffle","TwistedFunnel","Cleaning_Rag","Mummified Hand","Chemical X","animator:Kaijin+1"],"campfire_rested":2,"item_purchase_floors":[3,3,5,22,22,24,37,45,45,45],"current_hp_per_floor":[66,66,66,66,66,66,66,66,66,63,52,39,41,38,67,20,73,45,35,83,75,90,90,90,90,90,74,74,70,59,38,75,56,95,87,75,90,90,82,94,50,45,45,88,88,74,70,70,82,65],"gold":193,"neow_bonus":"BOSS_RELIC","is_daily":false,"chose_seed":false,"campfire_upgraded":4,"win_rate":0.0,"timestamp":1611455347,"path_taken":["M","?","$","M","?","E","R","$","T","M","E","?","M","M","R","BOSS","M","M","?","M","$","R","$","?","T","?","?","M","E","?","R","BOSS","M","?","$","?","?","R","E","M","T","?","$","M","?","?","R","BOSS"],"items_purchased_type":["Relic","Card","Card","Relic","Relic","Relic","Relic","Relic","Relic","Card"],"build_version":"2020-12-22","purchased_purges":3,"victory":true,"max_hp_per_floor":[66,66,66,66,66,66,66,66,66,67,67,67,67,67,67,67,73,73,73,83,83,90,90,90,90,90,90,90,92,93,95,95,95,95,97,97,97,97,99,99,101,101,101,88,88,90,92,92,92,92],"card_choices":[{"not_picked":["animator:DolaRiku","animator:DolaCouronne"],"picked":"animator:Benimaru","floor":1},{"not_picked":["animator:Sonic","animator:Ara"],"picked":"animator:Shalltear","floor":4},{"not_picked":["animator:Kazuma","animator:Chung"],"picked":"animator:Megumin","floor":6},{"not_picked":["animator:Kazuma","animator:Darkness+1"],"picked":"animator:YunYun","floor":10},{"not_picked":["animator:Viivi","animator:Ciel"],"picked":"animator:Saitama","floor":11},{"not_picked":["animator:ChlammyZell","animator:SilverFang","animator:Fredrika"],"picked":"SKIP","floor":13},{"not_picked":["animator:PandorasActor","animator:Guy","animator:Jibril"],"picked":"SKIP","floor":14},{"not_picked":["animator:Sora","animator:Elesis"],"picked":"animator:Eris","floor":16},{"not_picked":["animator:YunYun","animator:Souei"],"picked":"animator:MetalKnight","floor":17},{"not_picked":["animator:SilverFang","animator:MetalKnight"],"picked":"animator:Tatsumaki","floor":18},{"not_picked":["animator:Shalltear","animator:Chung+1"],"picked":"animator:Aqua","floor":19},{"not_picked":["animator:Kazuma","animator:Verdia","animator:Add"],"picked":"SKIP","floor":21},{"not_picked":["animator:Evileye","animator:Vanir","animator:Viivi"],"picked":"Singing Bowl","floor":29},{"not_picked":["animator:Vanir","animator:Kazuma"],"picked":"animator:Mitsurugi","floor":30},{"not_picked":["animator:IzunaHatsuse","animator:DolaSchwi","animator:Raven+1"],"picked":"Singing Bowl","floor":31},{"not_picked":["animator:AcuraShin","animator:ChaikaTrabant"],"picked":"animator:Ainz+1","floor":33},{"not_picked":["animator:Genos+1","animator:Layla+1","animator:Cocytus"],"picked":"Singing Bowl","floor":35},{"not_picked":["animator:KotoriKanbe","animator:IchigoKurosaki","animator:MamizouFutatsuiwa"],"picked":"Singing Bowl","floor":39},{"not_picked":["animator:QuestionMark","animator:Kuroyukihime"],"picked":"animator:Kagari+1","floor":39},{"not_picked":["animator:LimeBell","animator:NononJakuzure"],"picked":"animator:Patchouli","floor":39},{"not_picked":["animator:Chung+1","animator:Ain+1","animator:AcuraTooru"],"picked":"Singing Bowl","floor":41},{"not_picked":["animator:Entoma","animator:Evileye"],"picked":"animator:NarberalGamma","floor":42},{"not_picked":["animator:Viivi+1","animator:Ciel","animator:Hakurou+1"],"picked":"Singing Bowl","floor":46},{"not_picked":["animator:Souei","animator:DolaCouronne","animator:PandorasActor"],"picked":"Singing Bowl","floor":47}],"player_experience":158121,"relics_obtained":[{"floor":6,"key":"Paper Crane"},{"floor":9,"key":"animator:OldCoffin"},{"floor":11,"key":"Eternal Feather"},{"floor":25,"key":"MealTicket"},{"floor":26,"key":"Calipers"},{"floor":30,"key":"Paper Frog"},{"floor":41,"key":"The Courier"},{"floor":43,"key":"Dead Branch"}],"event_choices":[{"damage_healed":0,"gold_gain":0,"player_choice":"Paid Gold","damage_taken":0,"relics_obtained":["Frozen Egg 2"],"max_hp_gain":0,"max_hp_loss":0,"event_name":"WeMeetAgain","floor":2,"gold_loss":74},{"damage_healed":0,"gold_gain":0,"player_choice":"Entered Light","damage_taken":13,"max_hp_gain":0,"max_hp_loss":0,"event_name":"Shining Light","floor":12,"gold_loss":0,"cards_upgraded":["animator:Defend","animator:Megumin"]},{"cards_removed":["animator:Saitama"],"damage_healed":38,"gold_gain":0,"player_choice":"Offered Rare","damage_taken":0,"max_hp_gain":10,"max_hp_loss":0,"event_name":"Bonfire Elementals","floor":20,"gold_loss":0},{"damage_healed":0,"gold_gain":0,"player_choice":"Obtained Book","damage_taken":16,"max_hp_gain":0,"max_hp_loss":0,"event_name":"Cursed Tome","floor":27,"gold_loss":0},{"damage_healed":0,"gold_gain":0,"player_choice":"Bought 0 Potions","damage_taken":0,"max_hp_gain":0,"max_hp_loss":0,"event_name":"The Woman in Blue","floor":28,"gold_loss":0},{"damage_healed":0,"gold_gain":0,"player_choice":"Embrace Madness","damage_taken":12,"max_hp_gain":0,"max_hp_loss":0,"event_name":"Winding Halls","floor":36,"gold_loss":0,"cards_obtained":["animator:HigakiRinne"]},{"damage_healed":0,"gold_gain":0,"player_choice":"Ignored","damage_taken":0,"max_hp_gain":0,"max_hp_loss":0,"event_name":"Tomb of Lord Red Mask","floor":38,"gold_loss":0},{"damage_healed":0,"gold_gain":0,"player_choice":"Memory 3","damage_taken":10,"max_hp_gain":0,"max_hp_loss":0,"event_name":"SensoryStone","floor":39,"gold_loss":0},{"damage_healed":88,"gold_gain":0,"player_choice":"Heal","damage_taken":0,"max_hp_gain":0,"max_hp_loss":13,"event_name":"The Moai Head","floor":44,"gold_loss":0},{"cards_removed":["animator:NarberalGamma"],"damage_healed":0,"gold_gain":0,"player_choice":"Removed Skill","damage_taken":0,"max_hp_gain":0,"max_hp_loss":0,"event_name":"Falling","floor":48,"gold_loss":0}],"is_beta":false,"boss_relics":[{"not_picked":["Runic Dome","Fusion Hammer"],"picked":"Tiny House"},{"not_picked":["Empty Cage","Cursed Key"],"picked":"Philosopher\u0027s Stone"}],"items_purged_floors":[8,22,37],"is_endless":false,"potions_floor_spawned":[4,6,13,18,31,33,42,46],"ascension_level":0}}