{"host":"j7au2ovow4c9pz79","time":1611499486,"event":{"mods":["AchievementEnabler","BaseMod","Better Third Choice","BetterRewards","Colored Powertips","Defuse TimeMaze Blight","Energized Spire","Googly Eyes","Hubris","Infinite Spire","Minty Spire (QoL Compilation)","Quick Restart","Spicy Shops","StSLib","SuperFastMode","Transform Curses"],"gold_per_floor":[112,129,129,129,148,148,148,148,217,246,246,95,125,125,125,125,125],"floor_reached":16,"language":"ENG","playtime":497,"items_purged":[],"score":131,"play_id":"db042eab-4439-43bf-98d5-cfa1475978f3","local_time":"20210124154446","daily_mods":["Specialized","Vintage","Allstar","Colorless Cards","Heirloom","Time Dilation","Flight","Elite Swarm","Lethality"],"is_ascension_mode":false,"campfire_choices":[{"data":"Demon Form","floor":6,"key":"SMITH"},{"data":"Echo Form","floor":7,"key":"SMITH"},{"data":"Bash","floor":8,"key":"SMITH"},{"floor":11,"key":"REST"},{"data":"Bludgeon","floor":15,"key":"SMITH"}],"circlet_count":0,"master_deck":["Demon Form+1","Wraith Form v2","Echo Form+1","DevaForm","Strike_R","Strike_R","Strike_R","Strike_R","Strike_R","Defend_R","Defend_R","Defend_R","Defend_R","Bash+1","Armaments","Armaments","Armaments","Armaments","Armaments","Magnetism","The Bomb","Transmutation","Jack Of All Trades","Master of Strategy","Bludgeon+1","Double Tap"],"relics":["Unceasing Top","infinitespire:CursedDice","Bag of Preparation","infinitespire:Eraser","hubris:Towel","hubris:ChampionShield","infinitespire:WardingShard","Gambling Chip","hubris:TenFootPole","Akabeko"],"acts_visited":["Exordium"],"potions_floor_usage":[2,5],"damage_taken":[{"damage":4,"enemies":"Cultist","floor":1,"turns":3},{"damage":9,"enemies":"Jaw Worm","floor":2,"turns":4},{"damage":4,"enemies":"Small Slimes","floor":5,"turns":6},{"damage":33,"enemies":"3 Sentries","floor":10,"turns":7},{"damage":41,"enemies":"Gremlin Nob","floor":13,"turns":5},{"damage":38,"enemies":"Hexaghost","floor":16,"turns":16}],"seed_played":"332089760148617854","potions_obtained":[{"floor":1,"key":"EssenceOfSteel"},{"floor":2,"key":"Fire Potion"}],"is_trial":true,"path_per_floor":["M","M","?","?","M","R","R","R","T","E","R","$","E","?","R","B"],"character_chosen":"IRONCLAD","items_purchased":["hubris:TenFootPole"],"campfire_rested":1,"item_purchase_floors":[12],"current_hp_per_floor":[76,67,67,67,63,63,63,63,63,30,54,54,13,37,37,0,0],"gold":125,"neow_bonus":"","is_daily":false,"chose_seed":false,"campfire_upgraded":4,"win_rate":0.0,"timestamp":1611499486,"path_taken":["M","?","?","?","?","R","R","R","T","E","R","?","E","?","R","BOSS"],"items_purchased_type":["Relic"],"build_version":"2020-12-22","purchased_purges":0,"victory":false,"max_hp_per_floor":[80,80,80,80,80,80,80,80,80,80,80,80,80,80,80,80,80],"card_choices":[{"not_picked":["Immolate","Brutality"],"picked":"Bludgeon","floor":10},{"not_picked":["hubris:EnhanceAbility","Exhume"],"picked":"Double Tap","floor":13}],"player_experience":1913329,"relics_obtained":[{"floor":1,"key":"Bag of Preparation"},{"floor":2,"key":"infinitespire:Eraser"},{"floor":5,"key":"hubris:ChampionShield"},{"floor":9,"key":"infinitespire:WardingShard"},{"floor":10,"key":"Gambling Chip"},{"floor":13,"key":"Akabeko"}],"event_choices":[],"is_beta":false,"boss_relics":[],"items_purged_floors":[],"is_endless":false,"potions_floor_spawned":[1,2],"killed_by":"Hexaghost","ascension_level":0}}