{"host":"p9t7qd83igtcp2bh","time":1611469347,"event":{"mods":["2.2 Compatiblity","AchievementEnabler","BaseMod","Colored Map","Colored Powertips","Custom Start","DeckTracker","Keyboard Shortcuts","Minty Spire (QoL Compilation)","Permanent Neow","StSLib","SuperFastMode","everything is the same but u backflip on backflip"],"gold_per_floor":[117,77,95,111,36,36,71,71,71,106,106,146,146,146,146,146,146],"floor_reached":16,"language":"KOR","playtime":346,"items_purged":["Defend_P"],"score":203,"play_id":"6f1dafd5-0949-4325-9258-6166c3ff4fec","local_time":"20210124152227","is_ascension_mode":true,"campfire_choices":[{"data":"Eruption","floor":6.0,"key":"SMITH"},{"floor":11.0,"key":"REST"},{"data":"LessonLearned","floor":13.0,"key":"SMITH"},{"data":"CrushJoints","floor":15.0,"key":"SMITH"}],"circlet_count":0,"master_deck":["AscendersBane","Strike_P","Strike_P","Strike_P","Strike_P","Defend_P+1","Defend_P","Eruption+1","Vigilance","CrushJoints+1","InnerPeace","LessonLearned+1","FearNoEvil"],"relics":["PureWater","TungstenRod","HornCleat","Golden Idol","TeardropLocket","Toy Ornithopter","Prayer Wheel"],"acts_visited":["Exordium"],"potions_floor_usage":[],"damage_taken":[{"damage":7.0,"enemies":"Jaw Worm","floor":1.0,"turns":7.0},{"damage":0.0,"enemies":"Cultist","floor":3.0,"turns":2.0},{"damage":3.0,"enemies":"2 Louse","floor":4.0,"turns":3.0},{"damage":23.0,"enemies":"Lagavulin","floor":7.0,"turns":8.0},{"damage":9.0,"enemies":"Gremlin Nob","floor":10.0,"turns":4.0},{"damage":27.0,"enemies":"3 Sentries","floor":12.0,"turns":11.0},{"damage":12,"enemies":"Hexaghost","floor":16,"turns":5}],"seed_played":"-6321920784095121425","potions_obtained":[{"floor":2.0,"key":"Regen Potion"},{"floor":2.0,"key":"LiquidBronze"},{"floor":7.0,"key":"Dexterity Potion"}],"is_trial":false,"path_per_floor":["M","?","M","M","$","R","E","?","T","E","R","E","R","?","R","B"],"character_chosen":"WATCHER","items_purchased":[],"campfire_rested":1,"item_purchase_floors":[],"current_hp_per_floor":[36,36,36,33,33,33,25,25,25,16,34,12,12,12,12,0,0],"gold":146,"neow_bonus":"ONE_RARE_RELIC","is_daily":false,"chose_seed":false,"campfire_upgraded":3,"win_rate":0.0,"timestamp":1611469347,"path_taken":["M","?","M","?","$","R","E","?","T","E","R","E","R","?","R","BOSS"],"items_purchased_type":[],"build_version":"2020-12-22","purchased_purges":1,"victory":false,"max_hp_per_floor":[68,68,68,68,68,68,68,62,62,62,62,62,62,62,62,62,62],"card_choices":[{"not_picked":["Prostrate","PathToVictory"],"picked":"CrushJoints","floor":1.0},{"not_picked":["Sanctity","SashWhip","EmptyBody"],"picked":"SKIP","floor":3.0},{"not_picked":["EmptyBody","Fasting2","Protect"],"picked":"SKIP","floor":4.0},{"not_picked":["Pray","Prostrate"],"picked":"InnerPeace","floor":7.0},{"not_picked":["FlurryOfBlows","Collect"],"picked":"LessonLearned","floor":10.0},{"not_picked":["SandsOfTime","Tantrum"],"picked":"FearNoEvil","floor":12.0}],"player_experience":679431,"relics_obtained":[{"floor":7.0,"key":"HornCleat"},{"floor":9.0,"key":"TeardropLocket"},{"floor":10.0,"key":"Toy Ornithopter"},{"floor":12.0,"key":"Prayer Wheel"}],"event_choices":[{"damage_healed":0.0,"max_hp_gain":0.0,"max_hp_loss":0.0,"gold_gain":0.0,"event_name":"The Woman in Blue","player_choice":"Bought 3 Potions","floor":2.0,"gold_loss":0.0,"damage_taken":0.0},{"damage_healed":0.0,"max_hp_gain":0.0,"max_hp_loss":6.0,"gold_gain":0.0,"event_name":"Golden Idol","player_choice":"Lose Max HP","floor":8.0,"gold_loss":0.0,"damage_taken":0.0,"relics_obtained":["Golden Idol"]},{"cards_removed":["Defend_P"],"damage_healed":0.0,"max_hp_gain":0.0,"max_hp_loss":0.0,"gold_gain":0.0,"event_name":"Living Wall","player_choice":"Forget","floor":14.0,"gold_loss":0.0,"damage_taken":0.0}],"is_beta":false,"boss_relics":[],"items_purged_floors":[5],"is_endless":false,"potions_floor_spawned":[4,7,10],"killed_by":"Hexaghost","ascension_level":15}}