{"host":"blc8xt9mtcjclthx","time":1611470679,"event":{"mods":["AchievementEnabler","BaseMod","Colored Map","Minty Spire (QoL Compilation)","StSLib","SuperFastMode"],"gold_per_floor":[18,35,51,71,84,84,117,136,160,189,209,384,397,428,428,523,523,541,561,651,671,682,682,682],"floor_reached":23,"language":"KOR","playtime":1137,"items_purged":[],"score":307,"play_id":"07e9c6ef-e1d2-43f0-a364-7515801d47c0","local_time":"20210124154439","is_ascension_mode":true,"campfire_choices":[{"floor":6,"key":"REST"},{"floor":15,"key":"REST"}],"circlet_count":0,"master_deck":["Strike_R","Strike_R","Strike_R","Strike_R","Strike_R","Defend_R","Defend_R","Defend_R","Defend_R","Bash","Secret Technique","Seeing Red","Twin Strike","Perfected Strike","Wild Strike","Cleave","Wild Strike","Fire Breathing","Doubt","Perfected Strike","Wild Strike+1","Armaments"],"relics":["Burning Blood","Oddly Smooth Stone","Strawberry","HornCleat","Blood Vial","Sozu"],"acts_visited":["Exordium","TheCity"],"potions_floor_usage":[7,10,14,16,18],"damage_taken":[{"damage":7,"enemies":"2 Louse","floor":1,"turns":4},{"damage":12,"enemies":"Small Slimes","floor":2,"turns":5},{"damage":6,"enemies":"Cultist","floor":3,"turns":4},{"damage":23,"enemies":"Gremlin Gang","floor":4,"turns":8},{"damage":33,"enemies":"Large Slime","floor":5,"turns":5},{"damage":16,"enemies":"Gremlin Nob","floor":7,"turns":3},{"damage":0,"enemies":"3 Louse","floor":8,"turns":2},{"damage":32,"enemies":"Lagavulin","floor":10,"turns":5},{"damage":5,"enemies":"Looter","floor":11,"turns":2},{"damage":9,"enemies":"2 Fungi Beasts","floor":13,"turns":3},{"damage":11,"enemies":"3 Sentries","floor":14,"turns":6},{"damage":28,"enemies":"Slime Boss","floor":16,"turns":8},{"damage":0,"enemies":"Spheric Guardian","floor":18,"turns":2},{"damage":14,"enemies":"Shell Parasite","floor":19,"turns":4},{"damage":24,"enemies":"Snake Plant","floor":21,"turns":5},{"damage":17,"enemies":"Centurion and Healer","floor":22,"turns":4},{"damage":44,"enemies":"Gremlin Leader","floor":23,"turns":6}],"seed_played":"2515786374313403062","potions_obtained":[{"floor":1,"key":"Strength Potion"},{"floor":3,"key":"Dexterity Potion"},{"floor":10,"key":"EssenceOfSteel"},{"floor":11,"key":"Strength Potion"},{"floor":16,"key":"LiquidMemories"}],"is_trial":false,"path_per_floor":["M","M","M","M","M","R","E","M","T","E","M","?","M","E","R","B",null,"M","M","?","M","M","E"],"character_chosen":"IRONCLAD","items_purchased":[],"campfire_rested":2,"item_purchase_floors":[],"current_hp_per_floor":[71,65,65,48,21,45,35,41,48,22,23,23,20,15,41,21,71,79,73,61,45,36,0,0],"gold":682,"neow_bonus":"RANDOM_COLORLESS_2","is_daily":false,"chose_seed":false,"campfire_upgraded":0,"win_rate":0.0,"timestamp":1611470679,"path_taken":["M","M","M","M","M","R","E","M","T","E","M","?","M","E","R","BOSS","M","M","?","M","M","E"],"items_purchased_type":[],"build_version":"2020-12-22","purchased_purges":0,"victory":false,"max_hp_per_floor":[80,80,80,80,80,80,80,80,87,87,87,87,87,87,87,87,87,87,87,87,87,87,87,87],"card_choices":[{"not_picked":["Magnetism","Secret Weapon"],"picked":"Secret Technique","floor":0},{"not_picked":["Reckless Charge","Second Wind"],"picked":"Seeing Red","floor":1},{"not_picked":["Heavy Blade","Iron Wave"],"picked":"Twin Strike","floor":2},{"not_picked":["Headbutt","Thunderclap"],"picked":"Perfected Strike","floor":3},{"not_picked":["Clash","Seeing Red"],"picked":"Wild Strike","floor":4},{"not_picked":["Feel No Pain","Disarm"],"picked":"Cleave","floor":5},{"not_picked":["Iron Wave","Evolve","Dropkick"],"picked":"SKIP","floor":7},{"not_picked":["Feel No Pain","Clothesline","True Grit"],"picked":"SKIP","floor":8},{"not_picked":["Warcry","Heavy Blade"],"picked":"Wild Strike","floor":10},{"not_picked":["Battle Trance","Dark Embrace"],"picked":"Fire Breathing","floor":11},{"not_picked":["Flex","Shockwave","Thunderclap"],"picked":"SKIP","floor":13},{"not_picked":["Entrench","Warcry"],"picked":"Perfected Strike","floor":14},{"not_picked":["Clash","Thunderclap"],"picked":"Wild Strike+1","floor":18},{"not_picked":["Headbutt","Seeing Red"],"picked":"Armaments","floor":19},{"not_picked":["Flex","Rupture+1","Sever Soul+1"],"picked":"SKIP","floor":21},{"not_picked":["Disarm","Limit Break","Body Slam"],"picked":"SKIP","floor":22}],"player_experience":286290,"relics_obtained":[{"floor":7,"key":"Oddly Smooth Stone"},{"floor":9,"key":"Strawberry"},{"floor":10,"key":"HornCleat"},{"floor":14,"key":"Blood Vial"}],"event_choices":[{"damage_healed":0,"gold_gain":175,"player_choice":"AGREE","damage_taken":0,"max_hp_gain":0,"max_hp_loss":0,"event_name":"Liars Game","floor":12,"gold_loss":0,"cards_obtained":["Doubt"]},{"damage_healed":0,"gold_gain":90,"player_choice":"GOLD ","damage_taken":12,"max_hp_gain":0,"max_hp_loss":0,"event_name":"Knowing Skull","floor":20,"potions_obtained":[],"gold_loss":0,"cards_obtained":[]}],"is_beta":false,"boss_relics":[{"not_picked":["Runic Dome","Runic Pyramid"],"picked":"Sozu"}],"items_purged_floors":[],"is_endless":false,"potions_floor_spawned":[1,3,10,11,16,21],"killed_by":"Gremlin Leader","ascension_level":8}}