{"host":"haq22x9zdvtvc76a","time":1611500075,"event":{"mods":["BaseMod","Downfall","Minty Spire (QoL Compilation)","StSLib"],"gold_per_floor":[0,18,193,193,203,653,732,632,645,670,670,76,76,76,87,87,87,87],"floor_reached":16,"language":"ENG","playtime":850,"items_purged":["downfall:Icky"],"score":108,"play_id":"3eb5d8f0-a2c6-405c-b7d0-e7b779abc638","local_time":"20210124095435","is_ascension_mode":true,"campfire_choices":[{"floor":1,"key":"RECALL"},{"data":"champ:BerserkerStyle","floor":8,"key":"SMITH"},{"floor":11,"key":"REST"},{"data":"champ:Taunt","floor":13,"key":"SMITH"}],"circlet_count":0,"master_deck":["champ:Strike","champ:Strike","champ:Strike","champ:Strike","champ:Defend","champ:Defend","champ:Defend","champ:Defend","champ:Execute","champ:Taunt+1","champ:BerserkerStyle+1","Doubt","Regret","downfall:Icky","downfall:Icky","champ:CalledShot","champ:Endure","champ:RageSigil","champ:DefensiveStyle","champ:FlashCut","champ:SteelEdge"],"relics":["champ:ChampionCrown","CaptainsWheel","The Courier","Shuriken","downfall:HeartBlessingRed","Pen Nib","Bag of Preparation","Guardian:PocketSentry","hexamod:CandleOfCauterizing","downfall:ShatteredFragment"],"acts_visited":["Exordium"],"potions_floor_usage":[9,10,16],"damage_taken":[{"damage":10,"enemies":"Small Slimes","floor":2,"turns":3},{"damage":27,"enemies":"2 Louse","floor":5,"turns":4},{"damage":31,"enemies":"Jaw Worm","floor":9,"turns":4},{"damage":64,"enemies":"Gremlin Nob","floor":10,"turns":7},{"damage":19,"enemies":"downfall:FleeingMerchant","floor":12,"turns":4},{"damage":15,"enemies":"3 Louse","floor":15,"turns":2},{"damage":31,"enemies":"IC_STATUS_ARCHETYPE","floor":16,"turns":8}],"seed_played":"-2142307355989502302","potions_obtained":[{"floor":2,"key":"EssenceOfSteel"},{"floor":5,"key":"ColorlessPotion"},{"floor":9,"key":"champ:OpenerPotion"}],"is_trial":false,"path_per_floor":["R","M","?","?","M","?","T","R","M","E","R","$","R","?","M","B"],"character_chosen":"THE_CHAMP","items_purchased":["Bag of Preparation","Guardian:PocketSentry","hexamod:CandleOfCauterizing","champ:DefensiveStyle","champ:FlashCut"],"campfire_rested":1,"item_purchase_floors":[12,12,12,12,12],"current_hp_per_floor":[90,90,90,90,80,80,80,80,69,32,59,57,57,30,25,0,0,0],"gold":87,"neow_bonus":"ONE_RARE_RELIC","is_daily":false,"chose_seed":false,"campfire_upgraded":2,"win_rate":0.0,"timestamp":1611500075,"path_taken":["R","M","?","?","M","?","T","R","?","E","R","$","R","?","M","BOSS"],"items_purchased_type":["Relic","Relic","Relic","Card","Card"],"build_version":"2020-12-22","purchased_purges":1,"victory":false,"max_hp_per_floor":[90,90,90,90,90,90,90,90,90,90,90,90,90,90,90,90,90,90],"card_choices":[{"not_picked":["champ:StanceDance","champ:FanOfKnives"],"picked":"champ:BerserkerStyle","floor":2},{"not_picked":["champ:RapidStrikes","champ:SetATrap","champ:TornadoPunch"],"picked":"SKIP","floor":5},{"not_picked":["champ:EndlessRage","champ:CrownThrow"],"picked":"champ:CalledShot","floor":9},{"not_picked":["champ:PerfectedStrike","champ:Shatter"],"picked":"champ:Endure","floor":10},{"not_picked":["champ:StanceDance","champ:Haymaker"],"picked":"champ:RageSigil","floor":12},{"not_picked":["champ:CrownThrow","champ:PreciseThrust"],"picked":"champ:SteelEdge","floor":15}],"player_experience":1677631,"relics_obtained":[{"floor":7,"key":"Shuriken"},{"floor":10,"key":"Pen Nib"}],"event_choices":[{"damage_healed":0,"gold_gain":0,"player_choice":"Box","damage_taken":0,"relics_obtained":["The Courier"],"max_hp_gain":0,"max_hp_loss":0,"event_name":"Big Fish","floor":4,"gold_loss":0,"cards_obtained":["Regret"]}],"is_beta":false,"boss_relics":[],"items_purged_floors":[12],"is_endless":false,"potions_floor_spawned":[2,5,9],"killed_by":"IC_STATUS_ARCHETYPE","ascension_level":2}}