{"host":"d17dpptiltdcqz9s","time":1611487466,"event":{"mods":["BaseMod","Colored Powertips","Downfall","Minty Spire (QoL Compilation)","Replay The Spire","StSLib","The Bug Knight"],"gold_per_floor":[116,130,80,80,80,106,30,30,80,5,5,33,64,88,100,216,228,250,361,373,484,511,523,95,95,95,20,20,46,46,46,46,146,146,161,93,93,93,105,105,105,440,522,522,522,542,542,56,56,56,56,56,5,35,35,35],"floor_reached":55,"language":"ZHS","playtime":2878,"items_purged":["Strike_R","Strike_R"],"score":990,"play_id":"a4929f1d-e2b8-4951-820e-50cb1d57fd3f","local_time":"20210124192426","is_ascension_mode":false,"campfire_choices":[{"data":"Dark Embrace","floor":8.0,"key":"SMITH"},{"data":"Pommel Strike","floor":11.0,"key":"SMITH"},{"data":"Berserk","floor":23.0,"key":"SMITH"},{"floor":25,"key":"RECALL"},{"data":"Shockwave","floor":40,"key":"SMITH"},{"data":"Body Slam","floor":41,"key":"SMITH"},{"data":"Searing Blow","floor":44,"key":"SMITH"},{"data":"ReplayTheSpireMod:Private Reserves","floor":47,"key":"SMITH"},{"data":"Searing Blow+1","floor":49,"key":"SMITH"},{"data":"Searing Blow+2","floor":52,"key":"SMITH"}],"circlet_count":0,"master_deck":["Strike_R","Defend_R","Defend_R","Bash","Run Through+1","Rage","Dark Embrace+1","Searing Blow+3","ReplayTheSpireMod:LeadingStrike","Berserk+1","Ghostly","Ghostly","Ghostly","Ghostly","Ghostly","Shrug It Off","Body Slam+1","Apotheosis+1","Feel No Pain+1","Shockwave","Demonic Infusion+1","Seeing Red+1","Second Wind+1","ReplayTheSpireMod:Private Reserves+1","Shockwave+1","Metallicize+1","Mayhem+1"],"relics":["Burning Blood","NeowsBlessing","Gremlin Horn","Lizard Tail","Omamori","MawBank","Golden Egg","Eternal Feather","WingedGreaves","Replay:WaspNest","Empty Cage","Old Coin","Kunai","ReplayTheSpireMod:Spearhead","White Beast Statue"],"acts_visited":["Exordium","TheCity","TheBeyond","TheEnding"],"potions_floor_usage":[28,29,33,33,33,50,50,50,55,55],"damage_taken":[{"damage":0.0,"enemies":"Jaw Worm","floor":1.0,"turns":1.0},{"damage":0.0,"enemies":"Small Slimes","floor":2.0,"turns":1.0},{"damage":0.0,"enemies":"HollowMod:MossKnight","floor":6.0,"turns":1.0},{"damage":37.0,"enemies":"Replay:BlueRogue","floor":12.0,"turns":6.0},{"damage":0.0,"enemies":"2 Louse","floor":13.0,"turns":2.0},{"damage":3.0,"enemies":"Exordium Wildlife","floor":14.0,"turns":2.0},{"damage":124.0,"enemies":"The Guardian","floor":16.0,"turns":13.0},{"damage":10.0,"enemies":"Chosen","floor":18.0,"turns":4.0},{"damage":7.0,"enemies":"Shell Parasite","floor":22.0,"turns":8.0},{"damage":3,"enemies":"3 Cultists","floor":28,"turns":6},{"damage":1,"enemies":"HollowMod:Nosk","floor":29,"turns":9},{"damage":30,"enemies":"Pondfish","floor":33,"turns":8},{"damage":0,"enemies":"Orb Walker","floor":35,"turns":5},{"damage":11,"enemies":"3 Darklings","floor":39,"turns":7},{"damage":4,"enemies":"HollowMod:StalkingDevout","floor":42,"turns":9},{"damage":2,"enemies":"Maw","floor":46,"turns":8},{"damage":28,"enemies":"Donu and Deca","floor":50,"turns":8},{"damage":12,"enemies":"Shield and Spear","floor":54,"turns":7},{"damage":54,"enemies":"The Heart","floor":55,"turns":2}],"seed_played":"-6296201544135838086","potions_obtained":[{"floor":1.0,"key":"EntropicBrew"},{"floor":6.0,"key":"SmokeBomb"},{"floor":18.0,"key":"Weak Potion"},{"floor":22.0,"key":"SkillPotion"},{"floor":32,"key":"Death Potion"},{"floor":32,"key":"ColorlessPotion"},{"floor":39,"key":"Strength Potion"},{"floor":46,"key":"FearPotion"},{"floor":54,"key":"Toxic Potion"}],"is_trial":false,"path_per_floor":["M","M","?","?","T","E","$","R","T","$","R","E","M","M","R","B",null,"M","?","?","?","M","R","$","R","T","$","M","E","?","?","R","B",null,"M","$","?","?","M","R","R","E","T","R","?","M","R","$","R","B",null,"R","$","E","B"],"character_chosen":"IRONCLAD","items_purchased":["Dark Embrace","Golden Egg","Apotheosis","Feel No Pain","Second Wind","Mayhem","ReplayTheSpireMod:Spearhead","Fire Potion","Strength Potion"],"campfire_rested":0,"item_purchase_floors":[7,24,24,27,36,48,48,48,53],"current_hp_per_floor":[80,80,80,77,77,80,80,80,80,80,80,49,55,58,80,46,80,76,76,40,40,39,39,39,39,39,39,40,40,40,40,40,16,40,40,40,40,40,35,40,40,40,40,40,38,38,38,38,38,16,38,38,38,32,0,0],"gold":35,"neow_bonus":"THREE_ENEMY_KILL","is_daily":false,"chose_seed":false,"campfire_upgraded":9,"win_rate":0.0,"timestamp":1611487466,"path_taken":["M","M","?","?","?","E","?","R","T","$","R","E","M","M","R","BOSS","M","?","?","?","M","R","$","R","T","?","?","E","?","?","R","BOSS","M","$","?","?","M","R","R","E","T","R","?","?","R","$","R","BOSS","R","$","E","BOSS"],"items_purchased_type":["Card","Relic","Card","Card","Card","Card","Relic","Potion","Potion"],"build_version":"2020-12-22","purchased_purges":2,"victory":false,"max_hp_per_floor":[80,80,80,80,80,80,80,80,80,80,80,80,80,80,80,80,80,80,80,40,40,40,40,40,40,40,40,40,40,40,40,40,40,40,40,40,40,40,40,40,40,40,40,40,38,38,38,38,38,38,38,38,38,38,38,38],"card_choices":[{"not_picked":["Flame Barrier","Seeing Red"],"picked":"Run Through","floor":1.0},{"not_picked":["Iron Wave","Run Through"],"picked":"Pommel Strike","floor":2.0},{"not_picked":["Twin Strike","Armaments"],"picked":"Rage","floor":6.0},{"not_picked":["Rupture","Run Through","Replay:Many Hands"],"picked":"SKIP","floor":12.0},{"not_picked":["Disarm","Armaments"],"picked":"Searing Blow","floor":13.0},{"not_picked":["Run Through","Sword Boomerang"],"picked":"ReplayTheSpireMod:LeadingStrike","floor":14.0},{"not_picked":["Impervious","Replay:Many Hands"],"picked":"Berserk","floor":16.0},{"not_picked":["Reckless Charge","Clothesline","ReplayTheSpireMod:Strike From Hell+1"],"picked":"SKIP","floor":18.0},{"not_picked":["Fire Breathing","Run Through"],"picked":"Shrug It Off","floor":21.0},{"not_picked":["Warcry+1","Life Link"],"picked":"Body Slam","floor":21.0},{"not_picked":["Pummel","Headbutt","Cleave"],"picked":"SKIP","floor":22.0},{"not_picked":["Perfected Strike","Abandon"],"picked":"Shockwave","floor":29},{"not_picked":["Exhume","Impervious"],"picked":"Demonic Infusion","floor":33},{"not_picked":["Uppercut","Massacre+1"],"picked":"Seeing Red+1","floor":35},{"not_picked":["Discovery","Deep Breath"],"picked":"ReplayTheSpireMod:Private Reserves","floor":37},{"not_picked":["Rage+1","Armaments"],"picked":"Shockwave","floor":39},{"not_picked":["Entrench","ReplayTheSpireMod:Strike From Hell"],"picked":"Metallicize+1","floor":42},{"not_picked":["Havoc+1","Anger","Clash"],"picked":"SKIP","floor":46},{"not_picked":["Run Through+1","ReplayTheSpireMod:Strike From Hell+1","Clothesline"],"picked":"SKIP","floor":54}],"player_experience":178078,"relics_obtained":[{"floor":5.0,"key":"Lizard Tail"},{"floor":6.0,"key":"Omamori"},{"floor":12.0,"key":"MawBank"},{"floor":26,"key":"Eternal Feather"},{"floor":29,"key":"WingedGreaves"},{"floor":42,"key":"Old Coin"},{"floor":43,"key":"Kunai"},{"floor":54,"key":"White Beast Statue"}],"event_choices":[{"cards_removed":["Strike_R"],"damage_healed":0.0,"max_hp_gain":0.0,"max_hp_loss":0.0,"gold_gain":0.0,"event_name":"The Cleric","player_choice":"Card Removal","floor":3.0,"gold_loss":50.0,"damage_taken":0.0},{"damage_healed":0.0,"max_hp_gain":0.0,"max_hp_loss":0.0,"gold_gain":0.0,"event_name":"Scrap Ooze","player_choice":"Success","floor":4.0,"gold_loss":0.0,"damage_taken":3.0,"relics_obtained":["Gremlin Horn"]},{"damage_healed":0.0,"max_hp_gain":0.0,"max_hp_loss":0.0,"gold_gain":99.0,"event_name":"Nest","player_choice":"Stole From Cult","floor":19.0,"gold_loss":0.0,"damage_taken":0.0},{"damage_healed":0.0,"max_hp_gain":0.0,"max_hp_loss":40.0,"gold_gain":0.0,"event_name":"Ghosts","player_choice":"Became a Ghost","floor":20.0,"gold_loss":0.0,"damage_taken":0.0,"cards_obtained":["Ghostly","Ghostly","Ghostly","Ghostly","Ghostly"]},{"damage_healed":0,"gold_gain":0,"player_choice":"Stole Relic","damage_taken":0,"relics_obtained":["Replay:WaspNest"],"max_hp_gain":0,"max_hp_loss":0,"event_name":"Addict","floor":30,"gold_loss":0,"cards_obtained":["Shame"]},{"cards_removed":["Defend_R"],"damage_healed":0,"gold_gain":0,"player_choice":"Elegance","damage_taken":0,"max_hp_gain":0,"max_hp_loss":0,"event_name":"Back to Basics","floor":31,"gold_loss":0},{"damage_healed":0,"gold_gain":0,"player_choice":"Memory 1","damage_taken":0,"max_hp_gain":0,"max_hp_loss":0,"event_name":"SensoryStone","floor":37,"gold_loss":0},{"cards_removed":["Pommel Strike"],"damage_healed":0,"gold_gain":0,"player_choice":"Removed Attack","damage_taken":0,"max_hp_gain":0,"max_hp_loss":0,"event_name":"Falling","floor":38,"gold_loss":0},{"damage_healed":0,"gold_gain":0,"player_choice":"Max HP","damage_taken":0,"max_hp_gain":0,"max_hp_loss":2,"event_name":"Winding Halls","floor":45,"gold_loss":0}],"is_beta":false,"boss_relics":[{"not_picked":["ReplayTheSpireMod:DimensionalGlitch","Runic Pyramid","Ring of Chaos"]},{"not_picked":["Ooze Armor","Pandora\u0027s Box"],"picked":"Empty Cage"}],"items_purged_floors":[10,48],"is_endless":false,"potions_floor_spawned":[1,6,18,22,39,46,54],"killed_by":"The Heart","ascension_level":0}}