{"host":"e5rkqgceakcp3dm7","time":1611506341,"event":{"mods":["A Magickal Journey","Act Like it!","Arknights The Spire","BaseMod","Better Vampires","Gensokyo","Hallownest","Lobotomy","LobotomyExtend","Minty Spire (QoL Compilation)","Remilia£®¿Ÿ√◊¿Ú—«£©","StSLib","The Bug Knight","The Cursed","The Wild Card","Youmu£®ªÍ∆«—˝√Œ£©"],"gold_per_floor":[111,111,124,124,124,151,151,163,163,20,32,32,42,57,57,162,162,178,178,192,203,223,223,223],"floor_reached":23,"language":"ZHS","playtime":1551,"items_purged":[],"score":220,"play_id":"ec14167f-e97e-4a09-9f43-6ff21937ff2c","local_time":"20210125003901","is_ascension_mode":false,"campfire_choices":[{"data":"ats:Soul Absorption","floor":12,"key":"SMITH"},{"floor":15,"key":"REST"}],"circlet_count":0,"master_deck":["ats:Strike C","ats:Strike G","ats:Strike S","ats:Strike V","ats:Armor Crushing Shot","ats:Defend","ats:Defend","ats:Defend","ats:Defend","ats:Emotion Absorption+1","ats:Absolute Focus","Regret","ats:Sword Rain+1","ats:Magnetic Hammer","ats:Thorns","ats:Directed Diagnosis","ats:Thorns","ats:Soul Absorption+1","ats:Apocalypse","ats:Counter Healing Mode","ats:Echo Reverb+1","ats:Serious Mode","ats:Composite Medical Shells+1","ats:Song Of Battle","ats:Defend Order"],"relics":["ats:Sanity","NeowsBlessing","LetterFromLob","Lantern","Moonlight_r","LaetitiaHeart","ats:Originium","Bottled Flame","ats:Berate","Blue Candle","SacredBark"],"acts_visited":["Exordium","TheCity"],"potions_floor_usage":[11,13,20,20,21,23],"damage_taken":[{"damage":0,"enemies":"Small Slimes","floor":1,"turns":1},{"damage":0,"enemies":"Jaw Worm","floor":3,"turns":1},{"damage":0,"enemies":"Gremlin Nob","floor":6,"turns":1},{"damage":1,"enemies":"Cultist","floor":8,"turns":4},{"damage":1,"enemies":"Large Slime","floor":11,"turns":3},{"damage":10,"enemies":"Gremlin Gang","floor":13,"turns":6},{"damage":10,"enemies":"Looter","floor":14,"turns":3},{"damage":7,"enemies":"The Guardian","floor":16,"turns":10},{"damage":15,"enemies":"Chosen","floor":18,"turns":5},{"damage":0,"enemies":"2 Thieves","floor":20,"turns":2},{"damage":32,"enemies":"Shelled Parasite and Fungi","floor":21,"turns":6},{"damage":33,"enemies":"Centurion and Healer","floor":22,"turns":10},{"damage":20,"enemies":"Slavers","floor":23,"turns":1}],"seed_played":"2183497141991058635","potions_obtained":[{"floor":3,"key":"Weak Potion"},{"floor":11,"key":"SpeedPotion"},{"floor":13,"key":"Fruit Juice"},{"floor":14,"key":"Weak Potion"},{"floor":18,"key":"AttackPotion"},{"floor":22,"key":"EssenceOfSteel"}],"is_trial":false,"path_per_floor":["M","?","M","M","?","E","T","M","T","$","M","R","M","M","R","B",null,"M","?","M","M","M","E"],"character_chosen":"DOCTOR_CLASS","items_purchased":["ats:Directed Diagnosis","ats:Thorns"],"campfire_rested":1,"item_purchase_floors":[10,10],"current_hp_per_floor":[72,72,72,44,44,44,44,43,43,43,42,42,42,37,60,63,77,67,67,72,40,17,0,0],"gold":223,"neow_bonus":"THREE_ENEMY_KILL","is_daily":false,"chose_seed":false,"campfire_upgraded":1,"win_rate":0.0,"timestamp":1611506341,"path_taken":["M","?","M","M","?","E","?","M","T","$","M","R","M","M","R","BOSS","M","?","?","M","M","E"],"items_purchased_type":["Card","Card"],"build_version":"2020-12-22","purchased_purges":0,"victory":false,"max_hp_per_floor":[72,72,72,72,72,72,72,72,72,72,72,72,77,77,77,77,77,77,77,77,77,77,77,77],"card_choices":[{"not_picked":["ats:Consecutive Shot Auto","ats:Very Hot Blade"],"picked":"ats:Absolute Focus","floor":1},{"not_picked":["ats:Very Hot Blade","ats:Apocalypse"],"picked":"ats:Sword Rain","floor":3},{"not_picked":["ats:Hook Shot","ats:LN2 Cannon"],"picked":"ats:Magnetic Hammer","floor":6},{"not_picked":["ats:Charging Defense","ats:Shell Defense"],"picked":"ats:Thorns","floor":8},{"not_picked":["ats:Explosion Area Strengthen","ats:Demon Strength"],"picked":"ats:Soul Absorption","floor":11},{"not_picked":["ats:Flame Of Heaven","ats:Explosion Area Strengthen"],"picked":"ats:Apocalypse","floor":13},{"not_picked":["ats:LN2 Cannon","ats:Automatic Cover"],"picked":"ats:Counter Healing Mode","floor":14},{"not_picked":["ats:True Silver Slash","ats:Fractured Body"],"picked":"ats:Echo Reverb","floor":16},{"not_picked":["ats:Very Hot Blade+1","ats:Powerful Strike"],"picked":"ats:Serious Mode","floor":18},{"not_picked":["ats:Apocalypse","ats:Thorns"],"picked":"ats:Composite Medical Shells+1","floor":20},{"not_picked":["ats:Blood Oath","ats:Literary Storm"],"picked":"ats:Song Of Battle","floor":21},{"not_picked":["ats:Closed Bolt Burst Fire","ats:Leaping Hammer"],"picked":"ats:Defend Order","floor":22}],"player_experience":189126,"relics_obtained":[{"floor":1,"key":"LetterFromLob"},{"floor":6,"key":"ats:Originium"},{"floor":6,"key":"Bottled Flame"},{"floor":7,"key":"ats:Berate"},{"floor":9,"key":"Blue Candle"}],"event_choices":[{"damage_healed":0,"gold_gain":0,"player_choice":"Box","damage_taken":0,"relics_obtained":["Lantern"],"max_hp_gain":0,"max_hp_loss":0,"event_name":"Big Fish","floor":2,"gold_loss":0,"cards_obtained":["Regret"]},{"damage_healed":0,"gold_gain":0,"player_choice":"Ignored","damage_taken":0,"max_hp_gain":0,"max_hp_loss":0,"event_name":"Golden Idol","floor":5,"gold_loss":0},{"damage_healed":0,"gold_gain":0,"player_choice":"Upgraded","damage_taken":0,"max_hp_gain":0,"max_hp_loss":0,"event_name":"Upgrade Shrine","floor":19,"gold_loss":0,"cards_upgraded":["ats:Echo Reverb"]}],"is_beta":false,"boss_relics":[{"not_picked":["ats:Tactical Delivery","Runic Pyramid"],"picked":"SacredBark"}],"items_purged_floors":[],"is_endless":false,"potions_floor_spawned":[3,11,13,14,18,22],"killed_by":"Slavers","ascension_level":0}}