{"host":"0wmeqr6jlf4kz37n","time":1611480309,"event":{"mods":["Act Like it!","BaseMod","Downfall","Gensokyo","Minty Spire (QoL Compilation)","Quick Restart","StSLib","TestMod","vexMod"],"gold_per_floor":[99,114,130,147,147,47,47,76,76,76,76,76,76,9,24,24,24,24],"floor_reached":16,"language":"ZHS","playtime":440,"items_purged":[],"score":98,"play_id":"19e5fe0a-b8e8-4064-a190-50871682bf6e","local_time":"20210124172509","is_ascension_mode":false,"campfire_choices":[{"floor":1.0,"key":"RECALL"},{"data":"Guardian:ChargeCore","floor":6.0,"key":"SMITH"},{"data":"Guardian:TwinSlam","floor":9.0,"key":"SMITH"},{"data":"Gensokyo:CrescentMoonSlash","floor":13.0,"key":"SMITH"}],"circlet_count":0,"master_deck":["Guardian:Strike_Guardian","Guardian:Strike_Guardian","Guardian:Strike_Guardian","Guardian:Strike_Guardian","Guardian:Defend_Guardian","Guardian:Defend_Guardian","Guardian:Defend_Guardian","Guardian:Defend_Guardian","Guardian:CurlUp","Guardian:TwinSlam+1","Guardian:ChargeCore+1","Clumsy","Guardian:GuardianWhirl","Gensokyo:CrescentMoonSlash+1","Pain","Gensokyo:TarnishedGold","Guardian:Gem_Fragmented","Guardian:MultiBeam"],"relics":["Guardian:ModeShifter","testmod-TestBox","testmod-HeartOfDaVinci","NeowsBlessing","Gensokyo:NagashiBinaDoll","downfall:HeartBlessingRed","PreservedInsect","Gensokyo:LunaticRedEyes"],"acts_visited":["Gensokyo:Gensokyo"],"potions_floor_usage":[16],"damage_taken":[{"damage":0.0,"enemies":"Gensokyo:Python","floor":2.0,"turns":1.0},{"damage":0.0,"enemies":"Gensokyo:Gryphon","floor":3.0,"turns":1.0},{"damage":0.0,"enemies":"Gensokyo:2_Kodama","floor":4.0,"turns":1.0},{"damage":36.0,"enemies":"Gensokyo:Mamizou","floor":8.0,"turns":12.0},{"damage":14,"enemies":"Gensokyo:2_Rabbits","floor":15,"turns":5},{"damage":20,"enemies":"SI_SHIV_ARCHETYPE","floor":16,"turns":7}],"seed_played":"2072233548869170572","potions_obtained":[{"floor":3.0,"key":"GamblersBrew"},{"floor":8.0,"key":"Fire Potion"},{"floor":15,"key":"ColorlessPotion"}],"is_trial":false,"path_per_floor":["R","M","M","M","?","R","T","E","R","?","?","?","R","COS","M","B"],"character_chosen":"GUARDIAN","items_purchased":[],"campfire_rested":0,"item_purchase_floors":[],"current_hp_per_floor":[80,80,80,80,80,80,80,44,44,32,32,32,32,32,18,0,0,0],"gold":24,"neow_bonus":"THREE_ENEMY_KILL","is_daily":false,"chose_seed":false,"campfire_upgraded":3,"win_rate":0.0,"timestamp":1611480309,"path_taken":["R","M","M","M","?","R","T","E","R","?","?","?","R","COS","M","BOSS"],"items_purchased_type":[],"build_version":"2020-12-22","purchased_purges":0,"victory":false,"max_hp_per_floor":[80,80,80,80,80,80,80,80,80,80,80,80,80,80,80,80,80,80],"card_choices":[{"not_picked":["Guardian:WalkerClaw","Guardian:TemporalStrike"],"picked":"Guardian:ChargeCore","floor":2.0},{"not_picked":["Guardian:PrismaticBeam","Guardian:CrystalBeam"],"picked":"Guardian:Gem_Blue","floor":3.0},{"not_picked":["Guardian:ArmoredProtocol","Guardian:PiercingHide"],"picked":"Guardian:Gem_Purple","floor":4.0},{"not_picked":["Guardian:PrismaticBarrier","Guardian:Gem_Red"],"picked":"Guardian:GuardianWhirl","floor":8.0},{"not_picked":["Guardian:Gem_Cyan","Guardian:Reroute+1"],"picked":"Guardian:Gem_Fragmented","floor":15},{"not_picked":["Guardian:Gem_Crimson","Guardian:ShieldCharger"],"picked":"Guardian:MultiBeam","floor":15}],"player_experience":312240,"relics_obtained":[{"floor":8.0,"key":"PreservedInsect"}],"event_choices":[],"is_beta":false,"boss_relics":[],"items_purged_floors":[],"is_endless":false,"potions_floor_spawned":[3,8,15],"killed_by":"SI_SHIV_ARCHETYPE","ascension_level":0}}