{"host":"dyzdf8svqmiivg97","time":1611461758,"event":{"mods":["AchievementEnabler","BaseMod","Colored Map","DeckTracker","Minty Spire (QoL Compilation)","Permanent Neow","Quick Restart","Rare Cards Sparkle","SuperFastMode"],"gold_per_floor":[116,66,84,94,106,106,122,122,146,190,202,288,320,332,344,485,497,497,497,467,467,238,238,238,238,238,238,238,162,62,62,62,62,62,62,62,62,0,0,0,0,0,0,0,0,0,0,0,0,0,0,0,0,0,0,0],"floor_reached":55,"language":"KOR","playtime":1382,"items_purged":["Strike_P","Defend_P"],"score":779,"play_id":"2513a249-06ee-4849-87c5-1206addf0206","local_time":"20210124131558","is_ascension_mode":true,"campfire_choices":[{"data":"Eruption","floor":6.0,"key":"SMITH"},{"floor":11.0,"key":"REST"},{"data":"Adaptation","floor":15.0,"key":"SMITH"},{"data":"Adaptation","floor":25.0,"key":"SMITH"},{"floor":27.0,"key":"REST"},{"data":"MentalFortress","floor":32.0,"key":"SMITH"},{"floor":41.0,"key":"REST"},{"floor":44.0,"key":"RECALL"},{"data":"Scrawl","floor":46.0,"key":"SMITH"},{"floor":49.0,"key":"DIG"},{"floor":52.0,"key":"DIG"}],"circlet_count":0,"master_deck":["Strike_P","Strike_P","Defend_P","Defend_P","Defend_P","Eruption+1","Vigilance","WheelKick+1","FearNoEvil","Adaptation+1","Tantrum","Adaptation+1","MentalFortress+1","Scrawl+1","Scrawl","EmptyFist","Indignation+1"],"relics":["PureWater","CaptainsWheel","Golden Idol","Ancient Tea Set","MawBank","Damaru","Art of War","Ectoplasm","Matryoshka","Anchor","Mercury Hourglass","Regal Pillow","Oddly Smooth Stone","Philosopher\u0027s Stone","Red Mask","Letter Opener","Bag of Marbles","Shovel","Gremlin Horn","Pear","Yang"],"acts_visited":["Exordium","TheCity","TheBeyond","TheEnding"],"potions_floor_usage":[55],"damage_taken":[{"damage":0.0,"enemies":"2 Louse","floor":1.0,"turns":3.0},{"damage":1.0,"enemies":"Small Slimes","floor":3.0,"turns":4.0},{"damage":0.0,"enemies":"Cultist","floor":4.0,"turns":2.0},{"damage":3.0,"enemies":"Blue Slaver","floor":5.0,"turns":5.0},{"damage":0.0,"enemies":"Exordium Thugs","floor":7.0,"turns":2.0},{"damage":31.0,"enemies":"3 Sentries","floor":10.0,"turns":4.0},{"damage":0.0,"enemies":"Gremlin Nob","floor":12.0,"turns":2.0},{"damage":0.0,"enemies":"Large Slime","floor":13.0,"turns":2.0},{"damage":23.0,"enemies":"The Guardian","floor":16.0,"turns":6.0},{"damage":9.0,"enemies":"Shell Parasite","floor":18.0,"turns":3.0},{"damage":9.0,"enemies":"2 Thieves","floor":20.0,"turns":2.0},{"damage":1.0,"enemies":"Cultist and Chosen","floor":21.0,"turns":4.0},{"damage":8.0,"enemies":"Book of Stabbing","floor":23.0,"turns":3.0},{"damage":0.0,"enemies":"Centurion and Healer","floor":24.0,"turns":3.0},{"damage":11.0,"enemies":"Slavers","floor":31.0,"turns":3.0},{"damage":20.0,"enemies":"Automaton","floor":33.0,"turns":6.0},{"damage":2.0,"enemies":"3 Darklings","floor":35.0,"turns":3.0},{"damage":0.0,"enemies":"3 Shapes","floor":37.0,"turns":3.0},{"damage":41.0,"enemies":"Nemesis","floor":40.0,"turns":5.0},{"damage":0.0,"enemies":"Jaw Worm Horde","floor":42.0,"turns":2.0},{"damage":0.0,"enemies":"2 Orb Walkers","floor":45.0,"turns":2.0},{"damage":0.0,"enemies":"4 Shapes","floor":48.0,"turns":2.0},{"damage":41.0,"enemies":"Awakened One","floor":50.0,"turns":8.0},{"damage":0.0,"enemies":"Shield and Spear","floor":54.0,"turns":2.0},{"damage":0,"enemies":"The Heart","floor":55,"turns":2}],"seed_played":"-8424738737416601682","potions_obtained":[{"floor":10.0,"key":"SpeedPotion"},{"floor":13.0,"key":"BlessingOfTheForge"},{"floor":16.0,"key":"Weak Potion"},{"floor":20.0,"key":"BlessingOfTheForge"},{"floor":24.0,"key":"Dexterity Potion"},{"floor":31.0,"key":"Ancient Potion"},{"floor":33.0,"key":"Swift Potion"},{"floor":36.0,"key":"CultistPotion"},{"floor":36.0,"key":"DuplicationPotion"},{"floor":48.0,"key":"ColorlessPotion"}],"is_trial":false,"path_per_floor":["M","?","M","M","M","R","M","?","T","E","R","?","M","?","R","B",null,"M","?","M","M","$","E","M","R","T","R","?","$","$","E","R","B",null,"M","?","M","?","$","E","R","M","T","R","?","R","?","M","R","B",null,"R","$","E","B"],"character_chosen":"WATCHER","items_purchased":["Tantrum","Adaptation","MentalFortress"],"campfire_rested":3,"item_purchase_floors":[22,22,29],"current_hp_per_floor":[51,51,50,50,47,47,47,47,47,16,36,36,36,33,33,10,67,58,58,49,48,48,40,40,40,40,60,60,60,60,49,49,29,67,65,65,65,65,65,24,59,59,59,59,59,59,59,59,59,18,67,77,77,77,77,77],"gold":0,"neow_bonus":"ONE_RARE_RELIC","is_daily":false,"chose_seed":false,"campfire_upgraded":5,"win_rate":0.0,"timestamp":1611461758,"path_taken":["M","?","M","M","M","R","M","?","T","E","R","?","M","?","R","BOSS","M","?","?","M","$","E","M","R","T","R","?","?","$","E","R","BOSS","M","?","?","?","$","E","R","M","T","R","?","R","?","?","R","BOSS","R","$","E","BOSS"],"items_purchased_type":["Card","Card","Card"],"build_version":"2020-12-22","purchased_purges":2,"victory":false,"max_hp_per_floor":[72,72,72,72,72,72,72,67,67,67,67,67,67,67,67,67,67,67,67,67,67,67,67,67,67,67,67,67,67,67,67,67,67,67,67,67,67,67,67,67,67,67,67,67,67,67,67,67,67,67,67,77,77,77,77,77],"card_choices":[{"not_picked":["Crescendo","Prostrate","ThirdEye"],"picked":"SKIP","floor":1.0},{"not_picked":["Prostrate","Halt","FlyingSleeves"],"picked":"SKIP","floor":3.0},{"not_picked":["Consecrate","FlyingSleeves","Sanctity"],"picked":"SKIP","floor":4.0},{"not_picked":["Pray","FollowUp"],"picked":"WheelKick","floor":5.0},{"not_picked":["Fasting2","PathToVictory","Evaluate"],"picked":"SKIP","floor":7.0},{"not_picked":["CutThroughFate","SandsOfTime"],"picked":"FearNoEvil","floor":10.0},{"not_picked":["Halt","Collect"],"picked":"Adaptation","floor":13.0},{"not_picked":["Consecrate+1","Vengeance","FlyingSleeves"],"picked":"SKIP","floor":18.0},{"not_picked":["DeceiveReality+1","Consecrate","ConjureBlade"],"picked":"SKIP","floor":20.0},{"not_picked":["Protect","ClearTheMind","FlyingSleeves"],"picked":"SKIP","floor":21.0},{"not_picked":["WreathOfFlame+1","Wireheading","FollowUp"],"picked":"SKIP","floor":23.0},{"not_picked":["EmptyBody","CutThroughFate","Crescendo"],"picked":"SKIP","floor":24.0},{"not_picked":["CutThroughFate+1","CarveReality"],"picked":"Scrawl","floor":31.0},{"not_picked":["DevaForm","Blasphemy"],"picked":"Scrawl","floor":33.0},{"not_picked":["BattleHymn+1","FollowUp","Consecrate"],"picked":"SKIP","floor":35.0},{"not_picked":["Worship+1","Evaluate","ReachHeaven+1"],"picked":"SKIP","floor":37.0},{"not_picked":["Consecrate","Halt"],"picked":"EmptyFist","floor":40.0},{"not_picked":["Prostrate+1","Consecrate+1","FollowUp+1"],"picked":"SKIP","floor":42.0},{"not_picked":["ThirdEye","CrushJoints","BowlingBash"],"picked":"SKIP","floor":48.0},{"not_picked":["SpiritShield","LessonLearned"],"picked":"Indignation+1","floor":54.0}],"player_experience":553250,"relics_obtained":[{"floor":9.0,"key":"Ancient Tea Set"},{"floor":10.0,"key":"MawBank"},{"floor":23.0,"key":"Matryoshka"},{"floor":26.0,"key":"Anchor"},{"floor":26.0,"key":"Mercury Hourglass"},{"floor":28.0,"key":"Regal Pillow"},{"floor":31.0,"key":"Oddly Smooth Stone"},{"floor":40.0,"key":"Letter Opener"},{"floor":43.0,"key":"Bag of Marbles"},{"floor":45.0,"key":"Shovel"},{"floor":49.0,"key":"Gremlin Horn"},{"floor":52.0,"key":"Pear"},{"floor":54.0,"key":"Yang"}],"event_choices":[{"cards_removed":["Strike_P"],"damage_healed":0.0,"max_hp_gain":0.0,"max_hp_loss":0.0,"gold_gain":0.0,"event_name":"The Cleric","player_choice":"Card Removal","floor":2.0,"gold_loss":50.0,"damage_taken":0.0},{"damage_healed":0.0,"max_hp_gain":0.0,"max_hp_loss":5.0,"gold_gain":0.0,"event_name":"Golden Idol","player_choice":"Lose Max HP","floor":8.0,"gold_loss":0.0,"damage_taken":0.0,"relics_obtained":["Golden Idol"]},{"damage_healed":0.0,"max_hp_gain":0.0,"max_hp_loss":0.0,"gold_gain":0.0,"event_name":"Dead Adventurer","player_choice":"Searched \u00272\u0027 times","floor":12.0,"gold_loss":0.0,"damage_taken":0.0,"relics_obtained":["Damaru"]},{"damage_healed":0.0,"max_hp_gain":0.0,"max_hp_loss":0.0,"gold_gain":0.0,"event_name":"Scrap Ooze","player_choice":"Success","floor":14.0,"gold_loss":0.0,"damage_taken":3.0,"relics_obtained":["Art of War"]},{"damage_healed":0.0,"max_hp_gain":0.0,"max_hp_loss":0.0,"gold_gain":0.0,"event_name":"Accursed Blacksmith","player_choice":"Forge","floor":19.0,"gold_loss":0.0,"damage_taken":0.0,"cards_upgraded":["WheelKick"]},{"damage_healed":0.0,"max_hp_gain":0.0,"max_hp_loss":0.0,"gold_gain":0.0,"event_name":"Wheel of Change","player_choice":"Relic","floor":28.0,"gold_loss":0.0,"damage_taken":0.0},{"damage_healed":0.0,"max_hp_gain":0.0,"max_hp_loss":0.0,"gold_gain":0.0,"event_name":"Lab","player_choice":"Got Potions","floor":36.0,"gold_loss":0.0,"damage_taken":0.0},{"damage_healed":0.0,"max_hp_gain":0.0,"max_hp_loss":0.0,"gold_gain":0.0,"event_name":"Tomb of Lord Red Mask","player_choice":"Paid","floor":38.0,"gold_loss":62.0,"damage_taken":0.0,"relics_obtained":["Red Mask"]},{"damage_healed":0.0,"max_hp_gain":0.0,"max_hp_loss":0.0,"gold_gain":0.0,"event_name":"Mysterious Sphere","player_choice":"Fight","floor":45.0,"gold_loss":0.0,"damage_taken":0.0},{"damage_healed":0.0,"max_hp_gain":0.0,"max_hp_loss":0.0,"gold_gain":0.0,"event_name":"SensoryStone","player_choice":"Memory 1","floor":47.0,"gold_loss":0.0,"damage_taken":0.0}],"is_beta":false,"boss_relics":[{"not_picked":["Runic Dome","Calling Bell"],"picked":"Ectoplasm"},{"not_picked":["Coffee Dripper","Runic Pyramid"],"picked":"Philosopher\u0027s Stone"}],"items_purged_floors":[22,30],"is_endless":false,"potions_floor_spawned":[10,13,16,20,24,31,33,37,48],"killed_by":"The Heart","ascension_level":2}}