{"host":"w7dhjqgqsib0c3vt","time":1611498085,"event":{"mods":["ATMod(°¢èªMod)","BaseMod","Minty Spire (QoL Compilation)","Shop Mod","StSLib","TheWitcher"],"gold_per_floor":[118,118,293,304,13,13,13,29,81,81,92,123,138,193,193,294,294,314,314,314,334,348,348,365,398,398,398,432,10,10,24,24,125,125,140,151,201,227,244,244,258,275,302,330,345,345,356,367,367,367],"floor_reached":51,"language":"ZHS","playtime":1565,"items_purged":["Doubt"],"score":900,"play_id":"dc4103cd-112b-45ef-8e19-0cbeeb021fdb","local_time":"20210124222125","is_ascension_mode":true,"campfire_choices":[{"data":"AT_Desolate","floor":6.0,"key":"SMITH"},{"data":"Redo","floor":10.0,"key":"SMITH"},{"floor":15.0,"key":"REST"},{"data":"Defragment","floor":23.0,"key":"SMITH"},{"data":"AT_StudyProgram","floor":27.0,"key":"SMITH"},{"floor":32.0,"key":"REST"},{"floor":46.0,"key":"REST"},{"floor":49.0,"key":"REST"}],"circlet_count":0,"master_deck":["Zap","Dualcast","AT_Desolate+1","Leap","Redo+1","Go for the Eyes","AT_StudyProgram+1","Defragment+1","Conserve Battery","White Noise","Amplify","Stack","Hologram","Beam Cell+1","Rebound+1","Aggregate","Defragment","Apotheosis+1","Redo","Echo Form","Electrodynamics","Ball Lightning","FTL","Loop","Undo","AT_EMC2","White Noise+1","Self Repair","Capacitor","White Noise","Beam Cell","Consume+1","AT_StudyProgram","Hologram","Seek","Biased Cognition","Defragment+1"],"relics":["Cracked Core","AT_ATBox","Happy Flower","Membership Card","AT_Manta","Bronze Scales","Orichalcum","Nunchaku","AT_TrinityForce","SnafuTest:BearRelic","AT_RedNoBalance","Turnip","AT_Kusabimaru","OrangePellets","Pandora\u0027s Box","Prayer Wheel","AT_SpeedBoots","AT_EbonyIvory","Bag of Marbles"],"acts_visited":["Exordium","TheCity","TheBeyond"],"potions_floor_usage":[50],"damage_taken":[{"damage":1.0,"enemies":"2 Louse","floor":1.0,"turns":2.0},{"damage":7.0,"enemies":"Jaw Worm","floor":4.0,"turns":3.0},{"damage":3.0,"enemies":"Small Slimes","floor":8.0,"turns":3.0},{"damage":31.0,"enemies":"Gremlin Gang","floor":11.0,"turns":4.0},{"damage":7.0,"enemies":"Gremlin Nob","floor":12.0,"turns":3.0},{"damage":3.0,"enemies":"2 Fungi Beasts","floor":13.0,"turns":3.0},{"damage":1.0,"enemies":"Gremlin Nob","floor":14.0,"turns":3.0},{"damage":6.0,"enemies":"Hexaghost","floor":16.0,"turns":8.0},{"damage":19.0,"enemies":"2 Thieves","floor":18.0,"turns":4.0},{"damage":8.0,"enemies":"Shell Parasite","floor":21.0,"turns":4.0},{"damage":13.0,"enemies":"3 Cultists","floor":22.0,"turns":4.0},{"damage":10.0,"enemies":"Snake Plant","floor":24.0,"turns":2.0},{"damage":23.0,"enemies":"Slavers","floor":25.0,"turns":4.0},{"damage":5.0,"enemies":"Book of Stabbing","floor":28.0,"turns":5.0},{"damage":0.0,"enemies":"Sentry and Sphere","floor":31.0,"turns":3.0},{"damage":27.0,"enemies":"Collector","floor":33.0,"turns":7.0},{"damage":2.0,"enemies":"3 Shapes","floor":35.0,"turns":2.0},{"damage":0.0,"enemies":"Orb Walker","floor":36.0,"turns":3.0},{"damage":10.0,"enemies":"Mind Bloom Boss Battle","floor":37.0,"turns":4.0},{"damage":0.0,"enemies":"3 Darklings","floor":39.0,"turns":1.0},{"damage":0.0,"enemies":"Transient","floor":41.0,"turns":4.0},{"damage":0.0,"enemies":"4 Shapes","floor":42.0,"turns":1.0},{"damage":8.0,"enemies":"Giant Head","floor":44.0,"turns":5.0},{"damage":0.0,"enemies":"3 Darklings","floor":45.0,"turns":2.0},{"damage":8.0,"enemies":"Jaw Worm Horde","floor":47.0,"turns":3.0},{"damage":5.0,"enemies":"Maw","floor":48.0,"turns":4.0},{"damage":19,"enemies":"Time Eater","floor":50,"turns":2}],"seed_played":"-1092498953361513092","potions_obtained":[{"floor":8.0,"key":"PotionOfCapacity"},{"floor":11.0,"key":"Fire Potion"},{"floor":12.0,"key":"SneckoOil"},{"floor":22.0,"key":"EssenceOfDarkness"},{"floor":28.0,"key":"Fruit Juice"},{"floor":31.0,"key":"AttackPotion"},{"floor":36.0,"key":"SmokeBomb"},{"floor":37.0,"key":"LiquidMemories"},{"floor":45.0,"key":"SneckoOil"},{"floor":48.0,"key":"Energy Potion"}],"is_trial":false,"path_per_floor":["M","?","?","M","$","R","$","M","T","R","M","E","M","?","R","B",null,"M","?","?","M","M","R","M","E","T","R","E","$","?","M","R","B",null,"M","M","?","T","M","?","M","M","T","E","M","R","M","M","R","B",null],"character_chosen":"DEFECT","items_purchased":["Membership Card","AT_Manta","AT_Kusabimaru","Defragment","OrangePellets","Apotheosis","SkillPotion"],"campfire_rested":4,"item_purchase_floors":[5,5,29,29,29,29,29],"current_hp_per_floor":[74,67,67,60,60,60,60,57,57,57,26,19,16,15,37,31,75,56,42,68,60,47,47,37,14,14,14,40,40,40,42,67,15,85,40,40,37,37,37,37,37,37,37,29,39,64,66,61,85,66],"gold":367,"neow_bonus":"RANDOM_COMMON_RELIC","is_daily":false,"chose_seed":false,"campfire_upgraded":4,"win_rate":0.0,"timestamp":1611498085,"path_taken":["M","?","?","M","$","R","?","M","T","R","M","E","M","?","R","BOSS","M","?","?","M","M","R","M","E","T","R","E","$","?","M","R","BOSS","M","?","?","?","M","?","M","M","T","E","?","R","?","M","R","BOSS"],"items_purchased_type":["Relic","Relic","Relic","Card","Relic","Card","Potion"],"build_version":"2020-12-22","purchased_purges":1,"victory":true,"max_hp_per_floor":[75,75,75,75,75,75,75,75,75,75,75,75,75,75,75,75,75,75,80,80,80,80,80,80,80,80,80,85,85,85,85,85,85,85,85,85,85,85,85,85,85,85,85,85,85,85,85,85,85,85],"card_choices":[{"not_picked":["Chaos","Reinforced Body"],"picked":"Leap","floor":1.0},{"not_picked":["Skim","Chill"],"picked":"Redo","floor":4.0},{"not_picked":["Aggregate","Stack"],"picked":"Go for the Eyes","floor":8.0},{"not_picked":["Ball Lightning","Conserve Battery"],"picked":"AT_StudyProgram","floor":11.0},{"not_picked":["AT_HeatAcrobatics","Double Energy"],"picked":"Defragment","floor":12.0},{"not_picked":["Tempest","Sweeping Beam"],"picked":"Conserve Battery","floor":13.0},{"not_picked":["Conserve Battery","Double Energy"],"picked":"White Noise","floor":14.0},{"not_picked":["Fission","AT_WaterDrop"],"picked":"Amplify","floor":16.0},{"not_picked":["Compile Driver","Genetic Algorithm"],"picked":"Stack","floor":18.0},{"not_picked":["AT_HeatAcrobatics","Stack"],"picked":"Hologram","floor":21.0},{"not_picked":["Hologram+1","Reinforced Body","Scrape"],"picked":"SKIP","floor":22.0},{"not_picked":["Coolheaded","Steam"],"picked":"Beam Cell+1","floor":24.0},{"not_picked":["Reboot","Reinforced Body+1"],"picked":"Rebound+1","floor":25.0},{"not_picked":["Sunder","Sweeping Beam"],"picked":"Aggregate","floor":28.0},{"not_picked":["Compile Driver","Conserve Battery"],"picked":"Redo","floor":31.0},{"not_picked":["Fission","Multi-Cast"],"picked":"Echo Form","floor":33.0},{"not_picked":["Conserve Battery+1","AT_HeatAcrobatics+1"],"picked":"White Noise+1","floor":35.0},{"not_picked":["Darkness","Steam Power+1"],"picked":"Self Repair","floor":36.0},{"not_picked":["Coolheaded","Beam Cell+1"],"picked":"Capacitor","floor":37.0},{"not_picked":["Consume","Beam Cell+1"],"picked":"White Noise","floor":39.0},{"not_picked":["Multi-Cast","Compile Driver"],"picked":"Beam Cell","floor":39.0},{"not_picked":["Fusion+1","Turbo+1"],"picked":"Consume+1","floor":41.0},{"not_picked":["Scrape","Rebound","Doom and Gloom"],"picked":"SKIP","floor":41.0},{"not_picked":["FTL+1","Scrape+1"],"picked":"AT_StudyProgram","floor":42.0},{"not_picked":["Chill+1","Rip and Tear+1"],"picked":"Hologram","floor":42.0},{"not_picked":["Leap","Reinforced Body+1"],"picked":"Seek","floor":44.0},{"not_picked":["Coolheaded","Gash"],"picked":"Biased Cognition","floor":45.0},{"not_picked":["Sweeping Beam+1","Genetic Algorithm"],"picked":"Defragment+1","floor":45.0},{"not_picked":["Static Discharge+1","Recycle","AT_RobotInSpace+1"],"picked":"SKIP","floor":47.0},{"not_picked":["Sweeping Beam+1","Skim","Stack+1"],"picked":"SKIP","floor":47.0},{"not_picked":["Gash+1","Force Field","Storm"],"picked":"SKIP","floor":48.0},{"not_picked":["Scrape+1","Hologram+1","Streamline+1"],"picked":"SKIP","floor":48.0}],"player_experience":629734,"relics_obtained":[{"floor":9.0,"key":"Bronze Scales"},{"floor":12.0,"key":"Orichalcum"},{"floor":25.0,"key":"SnafuTest:BearRelic"},{"floor":26.0,"key":"AT_SilverBalance"},{"floor":28.0,"key":"Turnip"},{"floor":37.0,"key":"Prayer Wheel"},{"floor":38.0,"key":"AT_SpeedBoots"},{"floor":43.0,"key":"AT_EbonyIvory"},{"floor":44.0,"key":"Bag of Marbles"}],"event_choices":[{"cards_removed":["Defend_B"],"damage_healed":0.0,"max_hp_gain":0.0,"max_hp_loss":0.0,"gold_gain":0.0,"event_name":"Golden Wing","player_choice":"Card Removal","floor":2.0,"gold_loss":0.0,"damage_taken":7.0},{"damage_healed":0.0,"max_hp_gain":0.0,"max_hp_loss":0.0,"gold_gain":175.0,"event_name":"Liars Game","player_choice":"AGREE","floor":3.0,"gold_loss":0.0,"damage_taken":0.0,"cards_obtained":["Doubt"]},{"damage_healed":0.0,"max_hp_gain":0.0,"max_hp_loss":0.0,"gold_gain":0.0,"event_name":"Dead Adventurer","player_choice":"Searched \u00273\u0027 times","floor":14.0,"gold_loss":0.0,"damage_taken":0.0,"relics_obtained":["Nunchaku"]},{"damage_healed":0.0,"max_hp_gain":5.0,"max_hp_loss":0.0,"gold_gain":0.0,"event_name":"Forgotten Altar","player_choice":"Shed Blood","floor":19.0,"gold_loss":0.0,"damage_taken":19.0},{"damage_healed":26.0,"max_hp_gain":0.0,"max_hp_loss":0.0,"gold_gain":0.0,"event_name":"The Library","player_choice":"Heal","floor":20.0,"gold_loss":0.0,"damage_taken":0.0},{"cards_removed":["Defend_B"],"damage_healed":0.0,"max_hp_gain":0.0,"max_hp_loss":0.0,"gold_gain":0.0,"event_name":"Bonfire Elementals","player_choice":"Offered Basic","floor":30.0,"gold_loss":0.0,"damage_taken":0.0},{"damage_healed":0.0,"max_hp_gain":0.0,"max_hp_loss":0.0,"gold_gain":0.0,"event_name":"MindBloom","player_choice":"Fight","floor":37.0,"gold_loss":0.0,"damage_taken":0.0},{"damage_healed":0.0,"max_hp_gain":0.0,"max_hp_loss":0.0,"gold_gain":0.0,"event_name":"Upgrade Shrine","player_choice":"Upgraded","floor":40.0,"gold_loss":0.0,"damage_taken":0.0,"cards_upgraded":["Apotheosis"]}],"is_beta":false,"boss_relics":[{"not_picked":["Velvet Choker","SacredBark"],"picked":"AT_TrinityForce"},{"not_picked":["Runic Dome","Coffee Dripper"],"picked":"Pandora\u0027s Box"}],"items_purged_floors":[29],"is_endless":false,"potions_floor_spawned":[8,11,12,22,28,31,36,37,45,48],"ascension_level":3}}