{"host":"trl0voo1ezac24er","time":1611499532,"event":{"mods":["BaseMod","Minty Spire (QoL Compilation)","StSLib","The Marked"],"gold_per_floor":[118,193,193,118,18,18,47,72,72,104,104,104,104,137,137,239,239,257,257,257,257,207,207,207,207,258,208,236,264,18,51,51,153,153,163,113,113,126,1125,1157,854,885,885,910,942,973,1003,1003,1003,1003],"floor_reached":51,"language":"ENG","playtime":1981,"items_purged":["theMarked:SwordAndMagic","theMarked:SwordAndMagic","theMarked:Frustration","theMarked:BanishingStrike","theMarked:BanishingStrike"],"score":1093,"play_id":"72b6b911-5078-410b-9b6c-fe72011cd4b5","local_time":"20210124094532","daily_mods":["SealedDeck","Heirloom","Time Dilation","Flight","Elite Swarm"],"is_ascension_mode":false,"campfire_choices":[{"data":"theMarked:ComboAttacks","floor":6,"key":"SMITH"},{"data":"theMarked:Defy","floor":11,"key":"SMITH"},{"data":"theMarked:ResourceFulStrike","floor":12,"key":"SMITH"},{"data":"theMarked:AttractMetal","floor":13,"key":"SMITH"},{"data":"theMarked:Abjuration","floor":15,"key":"SMITH"},{"data":"theMarked:Abjuration","floor":23,"key":"SMITH"},{"data":"theMarked:WastefulDefense","floor":24,"key":"SMITH"},{"data":"theMarked:UnarmedFury","floor":25,"key":"SMITH"},{"data":"theMarked:Abjuration","floor":32,"key":"SMITH"},{"floor":49,"key":"DIG"}],"circlet_count":0,"master_deck":["theMarked:WastefulDefense+1","theMarked:ComboAttacks+1","theMarked:AttractMetal+1","theMarked:ResourceFulStrike+1","theMarked:Defy+1","theMarked:UnarmedFury+1","theMarked:Abjuration+1","theMarked:Abjuration+1","theMarked:Abjuration+1","theMarked:Abjuration+1","theMarked:Aftermath+1","Sadistic Nature"],"relics":["theMarked:ArtifactOfAir","Prayer Wheel","Calipers","Smiling Mask","Ornamental Fan","Ice Cream","Akabeko","Empty Cage","PreservedInsect","CaptainsWheel","White Beast Statue","Sundial","Omamori","Runic Pyramid","Mummified Hand","Ancient Tea Set","Blood Vial","Boot","Pantograph","Shovel","Pocketwatch","Question Card","Toy Ornithopter"],"acts_visited":["Exordium","TheCity","TheBeyond"],"potions_floor_usage":[33,33,40,40,44,50,50],"damage_taken":[{"damage":0,"enemies":"Jaw Worm","floor":1,"turns":2},{"damage":10,"enemies":"3 Sentries","floor":7,"turns":6},{"damage":18,"enemies":"Lagavulin","floor":8,"turns":3},{"damage":0,"enemies":"3 Sentries","floor":10,"turns":2},{"damage":0,"enemies":"Gremlin Nob","floor":14,"turns":2},{"damage":3,"enemies":"The Guardian","floor":16,"turns":5},{"damage":0,"enemies":"Shell Parasite","floor":18,"turns":2},{"damage":1,"enemies":"Slavers","floor":28,"turns":3},{"damage":14,"enemies":"Gremlin Leader","floor":29,"turns":2},{"damage":0,"enemies":"Book of Stabbing","floor":31,"turns":2},{"damage":1,"enemies":"Collector","floor":33,"turns":3},{"damage":6,"enemies":"3 Shapes","floor":35,"turns":2},{"damage":5,"enemies":"3 Darklings","floor":38,"turns":3},{"damage":0,"enemies":"Nemesis","floor":40,"turns":2},{"damage":1,"enemies":"Giant Head","floor":42,"turns":4},{"damage":1,"enemies":"Nemesis","floor":44,"turns":3},{"damage":0,"enemies":"Reptomancer","floor":45,"turns":2},{"damage":3,"enemies":"Nemesis","floor":46,"turns":3},{"damage":0,"enemies":"Reptomancer","floor":47,"turns":2},{"damage":17,"enemies":"Donu and Deca","floor":50,"turns":5}],"seed_played":"-157234914875078196","potions_obtained":[{"floor":1,"key":"Fire Potion"},{"floor":14,"key":"SpeedPotion"},{"floor":16,"key":"SkillPotion"},{"floor":33,"key":"LiquidMemories"},{"floor":35,"key":"PowerPotion"},{"floor":40,"key":"AttackPotion"},{"floor":42,"key":"Strength Potion"},{"floor":44,"key":"Explosive Potion"},{"floor":45,"key":"Strength Potion"},{"floor":46,"key":"FairyPotion"}],"is_trial":true,"path_per_floor":["M","?","?","$","$","R","E","E","T","E","R","R","R","E","R","B",null,"M","?","T","?","$","R","R","R","T","$","E","E","$","E","R","B",null,"M","$","?","M","?","E","$","E","T","E","E","E","E","?","R","B",null],"character_chosen":"THE_DEFAULT","items_purchased":["Sundial","Ancient Tea Set","Blood Vial"],"campfire_rested":0,"item_purchase_floors":[30,41,41],"current_hp_per_floor":[70,59,64,64,64,64,54,36,36,36,36,36,36,36,36,33,75,75,61,61,80,80,80,80,80,80,80,79,65,65,65,65,64,80,74,74,74,69,69,69,69,70,70,71,73,72,74,74,74,63],"gold":1003,"neow_bonus":"","is_daily":false,"chose_seed":false,"campfire_upgraded":9,"win_rate":0.0,"timestamp":1611499532,"path_taken":["M","?","?","$","$","R","E","E","T","E","R","R","R","E","R","BOSS","M","?","?","?","$","R","R","R","T","$","E","E","$","E","R","BOSS","M","$","?","?","?","E","$","E","T","E","E","E","E","?","R","BOSS"],"items_purchased_type":["Relic","Relic","Relic"],"build_version":"2020-12-22","purchased_purges":5,"victory":true,"max_hp_per_floor":[70,70,75,75,75,75,75,75,75,75,75,75,75,75,75,75,75,75,80,80,80,80,80,80,80,80,80,80,80,80,80,80,80,80,80,80,80,80,80,80,80,80,80,80,80,80,80,80,80,80],"card_choices":[{"not_picked":["theMarked:WardOff","theMarked:ChainLightning"],"picked":"theMarked:ResourceFulStrike","floor":1},{"not_picked":["theMarked:Improvise","theMarked:MaelstromOfLightning","theMarked:HeightenedSenses"],"picked":"SKIP","floor":1},{"not_picked":["theMarked:SuspiciousRaven","theMarked:MagicAdept"],"picked":"theMarked:Defy","floor":7},{"not_picked":["theMarked:Defy","theMarked:TakeOffHeels","theMarked:DispelDoubt"],"picked":"SKIP","floor":8},{"not_picked":["theMarked:SummonStrength","theMarked:SoldierForm"],"picked":"theMarked:UnarmedFury","floor":10},{"not_picked":["theMarked:TurnInvisible","theMarked:ChannelForce"],"picked":"theMarked:Abjuration","floor":14},{"not_picked":["theMarked:Levitate","theMarked:Defy"],"picked":"theMarked:Abjuration","floor":16},{"not_picked":["theMarked:TunnelVision","theMarked:CreepingChasm+1","theMarked:Opportunist"],"picked":"SKIP","floor":18},{"not_picked":["theMarked:Seal+1","theMarked:WastefulDefense","theMarked:Aftermath"],"picked":"SKIP","floor":18},{"not_picked":["theMarked:ThrowWeapon","theMarked:TakeOffHeels","theMarked:Levitate"],"picked":"SKIP","floor":28},{"not_picked":["theMarked:SoldierForm","theMarked:Challenge","theMarked:ChannelForce"],"picked":"SKIP","floor":29},{"not_picked":["theMarked:SoldierForm","theMarked:Challenge","theMarked:ChannelForce"],"picked":"SKIP","floor":29},{"not_picked":["theMarked:SuspiciousRaven","theMarked:Levitate"],"picked":"theMarked:Abjuration","floor":31},{"not_picked":["theMarked:Levitate","theMarked:Defy"],"picked":"theMarked:Abjuration","floor":33},{"not_picked":["theMarked:ChainLightning","theMarked:TwofoldDefense+1"],"picked":"theMarked:Aftermath+1","floor":35},{"not_picked":["theMarked:Static","theMarked:EmpowerWeapon+1","theMarked:Opportunist"],"picked":"SKIP","floor":35},{"not_picked":["theMarked:Convert","theMarked:Indomitable","theMarked:RepellingDischarge"],"picked":"SKIP","floor":38},{"not_picked":["theMarked:ChainLightning+1","theMarked:Parry+1","theMarked:Improvise+1"],"picked":"SKIP","floor":38},{"not_picked":["theMarked:EternalStudent","theMarked:SoldierForm","theMarked:TurnInvisible"],"picked":"SKIP","floor":40},{"not_picked":["theMarked:SuspiciousRaven","theMarked:EternalStudent","theMarked:FavorableWinds"],"picked":"SKIP","floor":42},{"not_picked":["theMarked:DispelDoubt","theMarked:Defy","theMarked:Challenge"],"picked":"SKIP","floor":44},{"not_picked":["theMarked:SuspiciousRaven","theMarked:DispelDoubt","theMarked:Challenge"],"picked":"SKIP","floor":45},{"not_picked":["theMarked:ChannelForce","theMarked:TakeOffHeels","theMarked:Snap"],"picked":"SKIP","floor":46},{"not_picked":["theMarked:Challenge","theMarked:Abjuration","theMarked:Defy"],"picked":"SKIP","floor":47},{"not_picked":["Blind","Discovery","Impatience"],"picked":"Sadistic Nature","floor":48}],"player_experience":702647,"relics_obtained":[{"floor":7,"key":"Calipers"},{"floor":8,"key":"Smiling Mask"},{"floor":9,"key":"Ornamental Fan"},{"floor":10,"key":"Ice Cream"},{"floor":14,"key":"Akabeko"},{"floor":26,"key":"PreservedInsect"},{"floor":28,"key":"CaptainsWheel"},{"floor":29,"key":"White Beast Statue"},{"floor":31,"key":"Omamori"},{"floor":40,"key":"Mummified Hand"},{"floor":43,"key":"Boot"},{"floor":44,"key":"Pantograph"},{"floor":45,"key":"Shovel"},{"floor":46,"key":"Pocketwatch"},{"floor":47,"key":"Question Card"},{"floor":49,"key":"Toy Ornithopter"}],"event_choices":[{"damage_healed":0,"gold_gain":75,"player_choice":"Gather Gold","damage_taken":11,"max_hp_gain":0,"max_hp_loss":0,"event_name":"World of Goop","floor":2,"gold_loss":0},{"damage_healed":0,"gold_gain":0,"player_choice":"Donut","damage_taken":0,"max_hp_gain":5,"max_hp_loss":0,"event_name":"Big Fish","floor":3,"gold_loss":0},{"damage_healed":0,"gold_gain":0,"player_choice":"Shed Blood","damage_taken":19,"max_hp_gain":5,"max_hp_loss":0,"event_name":"Forgotten Altar","floor":19,"gold_loss":0},{"damage_healed":26,"gold_gain":0,"player_choice":"Heal","damage_taken":0,"max_hp_gain":0,"max_hp_loss":0,"event_name":"The Library","floor":21,"gold_loss":0},{"damage_healed":0,"gold_gain":0,"player_choice":"Upgraded","damage_taken":0,"max_hp_gain":0,"max_hp_loss":0,"event_name":"Upgrade Shrine","floor":37,"gold_loss":0,"cards_upgraded":["theMarked:Abjuration"]},{"damage_healed":0,"gold_gain":999,"player_choice":"Gold","damage_taken":0,"max_hp_gain":0,"max_hp_loss":0,"event_name":"MindBloom","floor":39,"gold_loss":0,"cards_obtained":["Normality","Normality"]},{"damage_healed":0,"gold_gain":0,"player_choice":"Memory 1","damage_taken":0,"max_hp_gain":0,"max_hp_loss":0,"event_name":"SensoryStone","floor":48,"gold_loss":0}],"is_beta":false,"boss_relics":[{"not_picked":["Calling Bell","Black Star"],"picked":"Empty Cage"},{"not_picked":["Sozu","Snecko Eye"],"picked":"Runic Pyramid"}],"items_purged_floors":[4,5,22,27,36],"is_endless":false,"potions_floor_spawned":[1,14,16,28,31,33,35,38,40,42,44,45,46,47],"ascension_level":0}}