{"host":"c3lc60y5x60jlt1y","time":1611522014,"event":{"mods":["AchievementEnabler","BaseMod","Bestiary","Colored Map","Minty Spire (QoL Compilation)","Quick Restart","StSLib","ojb\u0027s Info Mod"],"gold_per_floor":[111,36,36,36,8,8,8,42,68,86,86,118,130,156,156,233,233,250,266,181,199,34,34,62,73,73,73,97,107,157,191,191,191,191],"floor_reached":33,"language":"ENG","playtime":10273,"items_purged":[],"score":652,"play_id":"56d4c071-cf61-4f74-a0d2-a22c98ca0cbf","local_time":"20210124230014","is_ascension_mode":true,"campfire_choices":[{"data":"Zap","floor":6.0,"key":"SMITH"},{"data":"Glacier","floor":11.0,"key":"SMITH"},{"data":"Sunder","floor":15.0,"key":"SMITH"},{"data":"Consume","floor":23.0,"key":"SMITH"},{"floor":32.0,"key":"REST"}],"circlet_count":0,"master_deck":["AscendersBane","Strike_B","Strike_B","Strike_B","Defend_B","Defend_B","Defend_B","Zap+1","Dualcast","Undo","Turbo","Glacier+1","Compile Driver","Sunder+1","Skim","Doom and Gloom","Core Surge","Consume+1","Leap+1","Fusion","Consume","Chill+1","Lockon","Go for the Eyes"],"relics":["Cracked Core","NeowsBlessing","Symbiotic Virus","Strawberry","Centennial Puzzle","Happy Flower","Sundial","Inserter","Anchor","PreservedInsect","Vajra","Toxic Egg 2","Nilry\u0027s Codex","Dream Catcher","Bottled Flame"],"acts_visited":["Exordium","TheCity"],"potions_floor_usage":[33],"damage_taken":[{"damage":0.0,"enemies":"Small Slimes","floor":1.0,"turns":1.0},{"damage":0.0,"enemies":"Gremlin Nob","floor":8.0,"turns":1.0},{"damage":0.0,"enemies":"Jaw Worm","floor":10.0,"turns":1.0},{"damage":15.0,"enemies":"3 Sentries","floor":12.0,"turns":11.0},{"damage":0.0,"enemies":"2 Louse","floor":13.0,"turns":2.0},{"damage":3.0,"enemies":"Lagavulin","floor":14.0,"turns":5.0},{"damage":2.0,"enemies":"The Guardian","floor":16.0,"turns":12.0},{"damage":12.0,"enemies":"Shell Parasite","floor":18.0,"turns":5.0},{"damage":0.0,"enemies":"Spheric Guardian","floor":19.0,"turns":4.0},{"damage":0.0,"enemies":"Chosen and Byrds","floor":21.0,"turns":3.0},{"damage":6.0,"enemies":"Slavers","floor":24.0,"turns":5.0},{"damage":6.0,"enemies":"Snake Plant","floor":25.0,"turns":4.0},{"damage":18.0,"enemies":"Sentry and Sphere","floor":29.0,"turns":6.0},{"damage":6.0,"enemies":"Book of Stabbing","floor":31.0,"turns":5.0},{"damage":44,"enemies":"Collector","floor":33,"turns":7}],"seed_played":"5000015602811848306","potions_obtained":[{"floor":8.0,"key":"Regen Potion"},{"floor":16.0,"key":"SteroidPotion"},{"floor":19.0,"key":"Fire Potion"},{"floor":21.0,"key":"Regen Potion"},{"floor":25.0,"key":"FearPotion"},{"floor":31.0,"key":"Swift Potion"}],"is_trial":false,"path_per_floor":["M","?","?","?","$","R","T","E","T","M","R","E","M","E","R","B",null,"M","M","?","M","$","R","E","M","T","?","T","M","?","E","R","B"],"character_chosen":"DEFECT","items_purchased":["Turbo","PreservedInsect"],"campfire_rested":1,"item_purchase_floors":[5,22],"current_hp_per_floor":[64,64,57,57,57,57,57,64,64,64,64,64,64,61,61,59,73,61,61,61,61,61,61,67,61,61,40,40,22,22,16,39,0,0],"gold":191,"neow_bonus":"THREE_ENEMY_KILL","is_daily":false,"chose_seed":false,"campfire_upgraded":4,"win_rate":0.0,"timestamp":1611522014,"path_taken":["M","?","?","?","$","R","?","E","T","?","R","E","?","E","R","BOSS","M","M","?","M","$","R","E","M","T","?","?","M","?","E","R","BOSS"],"items_purchased_type":["Card","Relic"],"build_version":"2020-12-22","purchased_purges":0,"victory":false,"max_hp_per_floor":[71,71,71,71,71,71,71,78,78,78,78,78,78,78,78,78,78,78,78,78,78,78,78,78,78,78,78,78,78,78,78,78,78,78],"card_choices":[{"not_picked":["Streamline","Turbo"],"picked":"Undo","floor":1.0},{"not_picked":["Cold Snap","Capacitor"],"picked":"Glacier","floor":8.0},{"not_picked":["Recycle","Hologram"],"picked":"Compile Driver","floor":10.0},{"not_picked":["Turbo","Leap"],"picked":"Sunder","floor":12.0},{"not_picked":["Darkness","Chill"],"picked":"Skim","floor":13.0},{"not_picked":["Scrape","Ball Lightning"],"picked":"Doom and Gloom","floor":14.0},{"not_picked":["Amplify","All For One"],"picked":"Core Surge","floor":16.0},{"not_picked":["Fusion","Redo"],"picked":"Consume","floor":18.0},{"not_picked":["Conserve Battery","Skim","Gash"],"picked":"SKIP","floor":19.0},{"not_picked":["Go for the Eyes","Turbo"],"picked":"Leap+1","floor":21.0},{"not_picked":["Storm","Fission"],"picked":"Fusion","floor":24.0},{"not_picked":["Gash","Melter"],"picked":"Consume","floor":25.0},{"not_picked":["Gash","Auto Shields+1"],"picked":"Chill+1","floor":29.0},{"not_picked":["Steam+1","FTL"],"picked":"Lockon","floor":31.0},{"not_picked":["Chill+1","Hologram+1"],"picked":"Go for the Eyes","floor":32.0}],"player_experience":8500726,"relics_obtained":[{"floor":7.0,"key":"Symbiotic Virus"},{"floor":8.0,"key":"Strawberry"},{"floor":9.0,"key":"Centennial Puzzle"},{"floor":12.0,"key":"Happy Flower"},{"floor":14.0,"key":"Sundial"},{"floor":24.0,"key":"Vajra"},{"floor":26.0,"key":"Toxic Egg 2"},{"floor":27.0,"key":"Nilry\u0027s Codex"},{"floor":28.0,"key":"Dream Catcher"},{"floor":31.0,"key":"Bottled Flame"}],"event_choices":[{"cards_removed":["Defend_B"],"damage_healed":0.0,"max_hp_gain":0.0,"max_hp_loss":0.0,"gold_gain":0.0,"event_name":"The Cleric","player_choice":"Card Removal","floor":2.0,"gold_loss":75.0,"damage_taken":0.0},{"cards_removed":["Strike_B"],"damage_healed":0.0,"max_hp_gain":0.0,"max_hp_loss":0.0,"gold_gain":0.0,"event_name":"Golden Wing","player_choice":"Card Removal","floor":3.0,"gold_loss":0.0,"damage_taken":7.0},{"damage_healed":0.0,"max_hp_gain":0.0,"max_hp_loss":0.0,"gold_gain":0.0,"event_name":"Liars Game","player_choice":"Ignored","floor":4.0,"gold_loss":0.0,"damage_taken":0.0},{"damage_healed":0.0,"max_hp_gain":0.0,"max_hp_loss":0.0,"gold_gain":0.0,"event_name":"Addict","player_choice":"Obtained Relic","floor":20.0,"gold_loss":85.0,"damage_taken":0.0,"relics_obtained":["Anchor"]},{"damage_healed":0.0,"max_hp_gain":0.0,"max_hp_loss":0.0,"gold_gain":0.0,"event_name":"Cursed Tome","player_choice":"Obtained Book","floor":27.0,"gold_loss":0.0,"damage_taken":21.0},{"damage_healed":0.0,"max_hp_gain":0.0,"max_hp_loss":0.0,"gold_gain":50.0,"event_name":"Nest","player_choice":"Stole From Cult","floor":30.0,"gold_loss":0.0,"damage_taken":0.0}],"is_beta":false,"boss_relics":[{"not_picked":["Tiny House","Ectoplasm"],"picked":"Inserter"}],"items_purged_floors":[],"is_endless":false,"potions_floor_spawned":[8,16,19,21,25,31],"killed_by":"Collector","ascension_level":20}}