{"host":"kiczkwpc36uxnkg8","time":1611504867,"event":{"mods":["AchievementEnabler","Act Like it!","Aspiration","BaseMod","Colored Powertips","Energized Spire","GifTheSpireLib","Hubris","Infinite Spire","Koishi","Minty Spire (QoL Compilation)","Pale of the Ancients","Permanent Neow","Quick Restart","Relic Filter","Remilia??????","Replay The Spire","Spicy Shops","StSLib","Stuff the Spire","The Alterego","The Bug Knight","The Servant 0.9.4","Wandering Minibosses"],"gold_per_floor":[213,232,157,157,169,181,193,193],"floor_reached":7,"language":"ENG","playtime":374,"items_purged":["alterego_mod:Impale"],"score":39,"play_id":"afabfa8d-479b-432c-9880-30bcd07a1802","local_time":"20210124161427","is_ascension_mode":false,"campfire_choices":[{"data":"alterego_mod:Bounce","floor":6,"key":"SMITH"}],"circlet_count":0,"master_deck":["alterego_mod:Strike","alterego_mod:Strike","alterego_mod:Strike","alterego_mod:Strike","alterego_mod:Defend","alterego_mod:Defend","alterego_mod:Defend","alterego_mod:Defend","alterego_mod:BigMeatyClaws","alterego_mod:BrynhildrsRune","alterego_mod:Bounce+1","Injury"],"relics":["alterego_mod:MasochisticConstitution","MawBank","Molten Egg 2"],"acts_visited":["Exordium"],"potions_floor_usage":[7],"damage_taken":[{"damage":4,"enemies":"Cultist","floor":1,"turns":4},{"damage":15,"enemies":"2 Louse","floor":2,"turns":4},{"damage":52,"enemies":"Lagavulin","floor":7,"turns":13}],"seed_played":"-4282706260456630920","potions_obtained":[{"floor":1,"key":"LifebloodPotion"}],"is_trial":false,"path_per_floor":["M","M","$","?","?","R","E"],"character_chosen":"The_Alterego","items_purchased":[],"campfire_rested":0,"item_purchase_floors":[],"current_hp_per_floor":[67,60,60,53,53,53,1,1],"gold":193,"neow_bonus":"HUNDRED_GOLD","is_daily":false,"chose_seed":false,"campfire_upgraded":1,"win_rate":0.0,"timestamp":1611504867,"path_taken":["M","?","$","?","?","R","E"],"items_purchased_type":[],"build_version":"2020-12-22","purchased_purges":1,"victory":false,"max_hp_per_floor":[71,72,72,72,72,72,72,72],"card_choices":[{"not_picked":["alterego_mod:PerceptionDisorder","alterego_mod:Pet"],"picked":"alterego_mod:Bounce","floor":1},{"not_picked":["alterego_mod:MagicResistance","alterego_mod:1TonWallop","alterego_mod:Jiggle"],"picked":"SKIP","floor":2}],"player_experience":629469,"relics_obtained":[],"event_choices":[{"damage_healed":0,"gold_gain":0,"player_choice":"Success","damage_taken":7,"relics_obtained":["MawBank"],"max_hp_gain":0,"max_hp_loss":0,"event_name":"Scrap Ooze","floor":4,"gold_loss":0}],"is_beta":false,"boss_relics":[],"items_purged_floors":[3],"is_endless":false,"potions_floor_spawned":[1],"killed_by":"Lagavulin","ascension_level":0}}