{"host":"8oad2sh1i7kph5eo","time":1611485768,"event":{"mods":["AchievementEnabler","Bard","BaseMod","Minty Spire (QoL Compilation)","Replay The Spire","Shade Mod","Somnambulant","Spicy Shops","Spire Arcade","StSLib","The Construct"],"gold_per_floor":[117,132,151,167,178,178,178,191,191,191,208,208,63,13,13,110,110,130,150,165,90,110,142,502,513,513,548,548,24,34,44,44,148,148,159,179,179,190,46,46,68,80,92,104,146,158,170,182,194,220,232,244],"floor_reached":53,"language":"ENG","playtime":7988,"items_purged":["bard:Strike"],"score":773,"play_id":"e5182b9d-71c9-4a21-86f0-ff2d8b679666","local_time":"20210124025608","is_ascension_mode":false,"campfire_choices":[{"data":"bard:Focused","floor":6.0,"key":"SMITH"},{"floor":10.0,"key":"DIG"},{"floor":15.0,"key":"DIG"},{"floor":28.0,"key":"REST"},{"floor":32.0,"key":"DIG"},{"floor":40,"key":"DIG"},{"data":"bard:Haste","floor":42,"key":"SMITH"},{"data":"bard:SplendidForm","floor":44,"key":"SMITH"},{"data":"bard:QuickSong","floor":46,"key":"SMITH"},{"floor":51,"key":"REST"}],"circlet_count":0,"master_deck":["bard:Strike","bard:Strike","bard:Strike","bard:Defend","bard:Defend","bard:Riposte","bard:Inspire","bard:Accelerando","bard:Sift","bard:Focused+1","bard:QuickSong+1","bard:TinyHut","bard:FaerieFire","bard:EnGarde","bard:SplendidForm+1","bard:BestowCurse","bard:Parry","bard:Sift","bard:GlyphOfWarding","bard:TinyHut","bard:InspiringSong","bard:LocateObject","bard:Haste+1","bard:BestowCurse","Madness","Madness","bard:Thunderwave"],"relics":["bard:PitchPipe","bard:BagPipes","Shovel","Anchor","Ice Cream","ClockworkSouvenir","Girya","Busted Crown","Mango","Question Card","Happy Flower","Lee\u0027s Waffle","Blood Vial","Tiny Chest","construct:ClawGrip","Chemical X","MawBank","Pen Nib","Calipers"],"acts_visited":["Exordium","TheCity","TheBeyond"],"potions_floor_usage":[41],"damage_taken":[{"damage":0.0,"enemies":"Cultist","floor":1.0,"turns":3.0},{"damage":0.0,"enemies":"2 Louse","floor":2.0,"turns":3.0},{"damage":2.0,"enemies":"Small Slimes","floor":3.0,"turns":4.0},{"damage":7.0,"enemies":"3 Louse","floor":4.0,"turns":2.0},{"damage":3.0,"enemies":"Red Slaver","floor":5.0,"turns":3.0},{"damage":2.0,"enemies":"Lots of Slimes","floor":8.0,"turns":5.0},{"damage":0.0,"enemies":"Exordium Thugs","floor":11.0,"turns":3.0},{"damage":32.0,"enemies":"Hexaghost","floor":16.0,"turns":13.0},{"damage":0.0,"enemies":"3 Byrds","floor":18.0,"turns":6.0},{"damage":4.0,"enemies":"Shell Parasite","floor":19.0,"turns":5.0},{"damage":0.0,"enemies":"Centurion and Healer","floor":20.0,"turns":8.0},{"damage":13.0,"enemies":"Cultist and Chosen","floor":22.0,"turns":8.0},{"damage":0.0,"enemies":"Book of Stabbing","floor":23.0,"turns":8.0},{"damage":6.0,"enemies":"Snecko","floor":25.0,"turns":5.0},{"damage":2.0,"enemies":"Slavers","floor":27.0,"turns":8.0},{"damage":0.0,"enemies":"Chosen and Byrds","floor":30.0,"turns":7.0},{"damage":7.0,"enemies":"Shelled Parasite and Fungi","floor":31.0,"turns":7.0},{"damage":38.0,"enemies":"Collector","floor":33.0,"turns":11.0},{"damage":7.0,"enemies":"Orb Walker","floor":35.0,"turns":5.0},{"damage":14,"enemies":"3 Darklings","floor":36,"turns":7},{"damage":0,"enemies":"Jaw Worm Horde","floor":38,"turns":5},{"damage":32,"enemies":"Writhing Mass","floor":41,"turns":7},{"damage":8,"enemies":"R_Hoarder","floor":45,"turns":8},{"damage":0,"enemies":"Spire Growth","floor":50,"turns":7},{"damage":25,"enemies":"Awakened One","floor":52,"turns":15}],"seed_played":"3846928374392478018","potions_obtained":[{"floor":1.0,"key":"Dexterity Potion"},{"floor":8.0,"key":"ColorlessPotion"},{"floor":19.0,"key":"EssenceOfSteel"},{"floor":23.0,"key":"EntropicBrew"},{"floor":30.0,"key":"PowerPotion"},{"floor":33.0,"key":"Toxic Potion"},{"floor":41,"key":"PowerPotion"}],"is_trial":false,"path_per_floor":["M","M","M","M","M","R","?","M","T","R","M","?","$","?","R","B",null,"M","M","M","?","M","E","?","M","T","E","R","$","M","M","R","B",null,"M","M","?","M","$","R","M","R","T","R","E","R","?","PTL","PTL","M","R","B",null],"character_chosen":"BARD","items_purchased":["ClockworkSouvenir","bard:EnGarde","Lee\u0027s Waffle","bard:GlyphOfWarding","bard:TinyHut","Blood Vial","Chemical X"],"campfire_rested":2,"item_purchase_floors":[13,13,29,29,29,29,39],"current_hp_per_floor":[77,77,75,68,65,65,65,63,63,63,63,63,63,63,63,31,77,77,73,73,73,60,74,38,32,32,30,57,98,98,91,91,55,98,91,79,67,69,69,69,39,39,39,39,33,33,33,33,33,35,64,41],"gold":256,"neow_bonus":"TEN_PERCENT_HP_BONUS","is_daily":false,"chose_seed":false,"campfire_upgraded":4,"win_rate":0.0,"timestamp":1611485768,"path_taken":["M","M","M","M","M","R","?","M","T","R","?","?","?","?","R","BOSS","M","M","M","?","M","E","?","?","T","E","R","$","M","?","R","BOSS","M","M","?","M","$","R","M","R","T","R","E","R","?","PTL","PTL","M","R","BOSS"],"items_purchased_type":["Relic","Card","Relic","Card","Card","Relic","Relic"],"build_version":"2020-12-22","purchased_purges":1,"victory":true,"max_hp_per_floor":[77,77,77,77,77,77,77,77,77,77,77,77,77,77,77,77,77,77,77,77,77,77,91,91,91,91,91,91,98,98,98,98,98,98,98,98,98,98,98,98,98,98,98,98,98,98,98,98,98,98,98,98],"card_choices":[{"not_picked":["bard:Doot","bard:Greatness"],"picked":"bard:Accelerando","floor":1.0},{"not_picked":["bard:GlyphOfWarding","bard:Silence","bard:HideousLaughter"],"picked":"SKIP","floor":2.0},{"not_picked":["bard:FeastOnFear","bard:LingeringEcho"],"picked":"bard:Thunderwave","floor":3.0},{"not_picked":["bard:GreaterMagicWeapon","bard:EchoEcho"],"picked":"bard:Sift","floor":4.0},{"not_picked":["bard:GlyphOfWarding","bard:StudiedStrike"],"picked":"bard:Focused","floor":5.0},{"not_picked":["bard:Rest","bard:HideousLaughter"],"picked":"bard:TinyHut","floor":8.0},{"not_picked":["bard:Fermata","bard:LifeDrain"],"picked":"bard:FaerieFire","floor":11.0},{"not_picked":["bard:Sonata","bard:BottledSong"],"picked":"bard:SplendidForm","floor":16.0},{"not_picked":[],"picked":"bard:BestowCurse","floor":18.0},{"not_picked":[],"picked":"bard:Parry","floor":19.0},{"not_picked":["bard:Fermata"],"picked":"SKIP","floor":20.0},{"not_picked":["bard:PhantasmalForce+1"],"picked":"SKIP","floor":22.0},{"not_picked":["bard:CuttingWords"],"picked":"SKIP","floor":23.0},{"not_picked":["bard:QuickSong"],"picked":"SKIP","floor":25.0},{"not_picked":["bard:Focused"],"picked":"bard:Sift","floor":27.0},{"not_picked":["bard:TinyHut"],"picked":"bard:InspiringSong","floor":30.0},{"not_picked":["bard:QuickSong+1"],"picked":"bard:LocateObject","floor":31.0},{"not_picked":["bard:Improv"],"picked":"bard:Haste","floor":33.0},{"not_picked":["bard:FalseLife+1"],"picked":"bard:BestowCurse","floor":35.0},{"not_picked":["bard:BestowCurse","bard:HideousLaughter+1"],"picked":"SKIP","floor":36},{"not_picked":["bard:QuickSong","bard:EchoEcho+1"],"picked":"SKIP","floor":38},{"not_picked":["bard:Gamble","bard:SongBolt+1"],"picked":"SKIP","floor":41},{"not_picked":["bard:Silence+1","bard:PhantasmalForce"],"picked":"SKIP","floor":45},{"not_picked":["bard:QuickSong"],"picked":"bard:Thunderwave","floor":50}],"player_experience":261826,"relics_obtained":[{"floor":9.0,"key":"Shovel"},{"floor":10.0,"key":"Anchor"},{"floor":15.0,"key":"Girya"},{"floor":23.0,"key":"Mango"},{"floor":26.0,"key":"Question Card"},{"floor":27.0,"key":"Happy Flower"},{"floor":32.0,"key":"Tiny Chest"},{"floor":40,"key":"MawBank"},{"floor":43,"key":"Pen Nib"},{"floor":45,"key":"Calipers"}],"event_choices":[{"damage_healed":0.0,"max_hp_gain":0.0,"max_hp_loss":0.0,"gold_gain":0.0,"event_name":"Match and Keep!","player_choice":"1 cards matched","floor":7.0,"gold_loss":0.0,"damage_taken":0.0,"cards_obtained":["bard:QuickSong"]},{"cards_removed":["bard:Thunderwave"],"damage_healed":0.0,"max_hp_gain":0.0,"max_hp_loss":0.0,"gold_gain":0.0,"event_name":"WeMeetAgain","player_choice":"Gave Card","floor":12.0,"gold_loss":0.0,"damage_taken":0.0,"relics_obtained":["Ice Cream"]},{"cards_removed":["bard:Defend"],"damage_healed":0.0,"max_hp_gain":0.0,"max_hp_loss":0.0,"gold_gain":0.0,"event_name":"The Cleric","player_choice":"Card Removal","floor":14.0,"gold_loss":50.0,"damage_taken":0.0},{"cards_removed":["bard:Defend"],"damage_healed":0.0,"max_hp_gain":0.0,"max_hp_loss":0.0,"gold_gain":0.0,"event_name":"Beggar","player_choice":"Gave Gold","floor":21.0,"gold_loss":75.0,"damage_taken":0.0},{"damage_healed":0.0,"max_hp_gain":0.0,"max_hp_loss":0.0,"gold_gain":360.0,"event_name":"Knowing Skull","player_choice":"GOLD GOLD GOLD GOLD ","floor":24.0,"potions_obtained":[],"gold_loss":0.0,"damage_taken":36.0,"cards_obtained":[]},{"damage_healed":0,"gold_gain":0,"player_choice":"Embrace Madness","damage_taken":12,"max_hp_gain":0,"max_hp_loss":0,"event_name":"Winding Halls","floor":37,"gold_loss":0,"cards_obtained":["Madness","Madness"]},{"damage_healed":0,"gold_gain":0,"player_choice":"Ignored","damage_taken":0,"max_hp_gain":0,"max_hp_loss":0,"event_name":"NoteForYourself","floor":47,"gold_loss":0}],"is_beta":false,"boss_relics":[{"not_picked":["Snecko Eye","Coffee Dripper"],"picked":"Busted Crown"},{"not_picked":["Runic Pyramid","Cursed Key"],"picked":"construct:ClawGrip"}],"items_purged_floors":[29],"is_endless":false,"potions_floor_spawned":[1,8,19,22,23,30,31,33,38,41,50],"ascension_level":0}}