{"host":"f0dbpmn0khgeoqc0","time":1611467736,"event":{"mods":["2.2 Compatiblity","A Penny For Your Troubles","AchievementEnabler","Act Like it!","Ascension Unlocker","Aspiration","BaseMod","Better Altar","Better Match","Better Sensory Stone","Better Skull","Better Third Choice","BetterRewards","Block Reminder","Colored Map","Colored Powertips","Conspire","DNKmod","Disable Question Mark Monsters","Displayed Cursed Tome","Downfall","Evolution","Friendly Minions","Hermit","Highlight Path","Humility","Infinite Spire","Jorbs\u0027s Wanderer Trilogy","Koishi","Marisa????????","Minty Spire (QoL Compilation)","MostiFishMod","Permanent Neow","Random Character Button","Relic Filter","Relic Stats","Spicy Shops","Spire Arcade","StSLib","Td1madao Mod","The Gatherer","Treasure Hunter","Wandering Minibosses","??????REMEMod"],"gold_per_floor":[118,118,131,146,96,160,160,178,204,204,260,260,76,41,41,115,115,132,166,192,117,134,134,184,202,227,4,40,40,54,99,99,179,179,189,1188,1188,1188,785,785,818,818,889,889,905,921,942,975,975,998,999],"floor_reached":52,"language":"ENG","playtime":3010,"items_purged":["Strike_C","Pain","Normality"],"score":2908,"play_id":"e9491a8a-51cf-445b-8fef-b570f880b32d","local_time":"20210124005536","is_ascension_mode":true,"campfire_choices":[{"data":"Knight Kick","floor":7,"key":"SMITH"},{"data":"Black Execution","floor":10,"key":"SMITH"},{"data":"Here Defend Chip+1","floor":15,"key":"SMITH"},{"data":"Here Defend Chip+2","floor":23,"key":"SMITH"},{"data":"Here Defend Chip+3","floor":29,"key":"SMITH"},{"data":"Here Defend Chip+4","floor":32,"key":"SMITH"},{"data":"Here Defend Chip+5","floor":40,"key":"SMITH"},{"data":"Here Defend Chip+6","floor":42,"key":"SMITH"},{"data":"Here Defend Chip+7","floor":44,"key":"SMITH"},{"data":"Here Defend Chip+8","floor":49,"key":"SMITH"}],"circlet_count":0,"master_deck":["AscendersBane","Knight Kick+1","Chip+1","Wireheading","Preloading+1","Black Dance","Reflection Mechanism+1","Here Defend Chip+9","infinitespire:Starlight+1","Preparedness+1","Moon Tear+1","conspire:SpireCoStock+1","TH:DeckOfManyThings","Black Execution+1","Twin Teeth+1","TH:CopperCoins","TH:CopperCoins","Black Contract+1","Parasite","Thunder Jump+1","Three Hit+1","TH:CursedSword","Shockwave Tdmadao+1","White Contract+1","Defend System+1","Awareness+1","Black Dance+1","Black Shadow+1","Energy Supply+1","Bursts+1","Preloading+1","Floating Swing Kick+1","Memory Alloy+1","TH:DeckOfManyThings","E MP+1","conspire:Banana+1","TH:CursedSword","Shockwave Tdmadao+1","TH:CursedSword","TH:DeckOfManyThings","Moon Tear+1","CurseOfTheBell","TH:DeckOfManyThings","Black Hand+1","Finesse+1","TH:CursedSword","TH:CopperCoins","Twin Teeth+1","TH:CopperCoins","De Ware Chip+1"],"relics":["Apod","DaveBox","REME_ComplimentaryCards","DianPoetry","Frozen Egg 2","Membership Card","TH:Strongbox","Toxic Egg 2","SynthV:TestCard","Molten Egg 2","War Paint","Pandora\u0027s Box","Anchor","Red Mask","Bronze Scales","Mummified Hand","Pen Nib","wanderingMiniBosses:ThiefScarf","infinitespire:Beetle Shell","infinitespire:FocusingShard","Calling Bell","REME_HandOfSuture","Sundial","WingedGreaves","Omamori","Bag of Marbles","Akabeko","REME_CardOfGreed","Smiling Mask","aspiration:HummingbirdHeart"],"acts_visited":["Exordium","TheCity","TheBeyond"],"potions_floor_usage":[4,20,33],"damage_taken":[{"damage":2,"enemies":"conspire:RoseBush","floor":1,"turns":3},{"damage":6,"enemies":"Small Slimes","floor":3,"turns":3},{"damage":10,"enemies":"2 Louse","floor":4,"turns":3},{"damage":19,"enemies":"Lagavulin","floor":6,"turns":8},{"damage":15,"enemies":"Large Slime","floor":8,"turns":3},{"damage":62,"enemies":"Gremlin Nob","floor":11,"turns":5},{"damage":7,"enemies":"Hexaghost","floor":16,"turns":8},{"damage":1,"enemies":"Shell Parasite","floor":18,"turns":2},{"damage":18,"enemies":"conspire:MimicChest","floor":19,"turns":5},{"damage":9,"enemies":"Masked Bandits","floor":20,"turns":2},{"damage":0,"enemies":"Spheric Guardian","floor":22,"turns":4},{"damage":11,"enemies":"3 Cultists","floor":25,"turns":3},{"damage":2,"enemies":"conspire:SneckoGhost","floor":28,"turns":6},{"damage":20,"enemies":"Snake Plant","floor":30,"turns":5},{"damage":30,"enemies":"Gremlin Leader","floor":31,"turns":4},{"damage":6,"enemies":"Collector","floor":33,"turns":7},{"damage":0,"enemies":"Orb Walker","floor":35,"turns":2},{"damage":1,"enemies":"Giant Head","floor":41,"turns":5},{"damage":17,"enemies":"3 Shapes","floor":45,"turns":4},{"damage":0,"enemies":"Transient","floor":46,"turns":7},{"damage":14,"enemies":"Writhing Mass","floor":47,"turns":5},{"damage":0,"enemies":"Nemesis","floor":48,"turns":4},{"damage":1,"enemies":"conspire:OrnateMirror","floor":50,"turns":7},{"damage":0,"enemies":"Time Eater","floor":51,"turns":6}],"seed_played":"4978989882197513047","potions_obtained":[{"floor":1,"key":"champ:CounterPotion"},{"floor":6,"key":"FairyPotion"},{"floor":16,"key":"Energy Potion"},{"floor":20,"key":"GamblersBrew"},{"floor":33,"key":"DuplicationPotion"}],"is_trial":false,"path_per_floor":["M","?","M","M","?","E","R","M","T","R","E","?","$","?","R","B",null,"M","?","?","?","M","R","?","M","T","$","E","R","M","E","R","B",null,"M","?","?","T","$","R","E","R","T","R","M","M","M","E","R","B","B",null],"character_chosen":"TD1MADAO_CLASS","items_purchased":["Frozen Egg 2","Membership Card","TH:Strongbox","Toxic Egg 2","Preloading+1","Black Dance","Thunder Jump+1","Three Hit+1","War Paint","Mummified Hand","E MP+1","conspire:Banana+1","Bag of Marbles","Black Hand+1","Akabeko","Finesse+1","REME_CardOfGreed"],"campfire_rested":0,"item_purchase_floors":[0,0,0,0,0,0,13,13,13,27,27,27,39,39,39,39,39],"current_hp_per_floor":[58,58,64,54,54,48,48,48,48,48,1,17,17,33,33,41,61,61,59,50,50,50,50,50,39,39,39,59,59,57,34,34,55,76,76,76,76,76,76,76,87,87,87,87,72,91,90,94,94,103,103],"gold":999,"neow_bonus":"","is_daily":false,"chose_seed":false,"campfire_upgraded":10,"win_rate":0.0,"timestamp":1611467736,"path_taken":["M","?","M","M","?","E","R","M","T","R","E","?","$","?","R","BOSS","M","?","?","?","M","R","?","M","T","$","E","R","M","E","R","BOSS","M","?","?","?","$","R","E","R","T","R","M","?","M","E","R","BOSS","BOSS"],"items_purchased_type":["Relic","Relic","Relic","Relic","Card","Card","Card","Card","Relic","Relic","Card","Card","Relic","Card","Relic","Card","Relic"],"build_version":"2020-12-22","purchased_purges":3,"victory":true,"max_hp_per_floor":[67,67,67,67,67,67,67,67,67,67,67,67,67,67,67,67,67,67,67,67,67,67,67,67,67,67,67,71,71,75,79,79,83,83,83,83,83,83,83,83,87,87,87,87,87,91,95,99,99,103,103],"relic_stats":{"counters":[67,256],"Mummified Hand":[59],"Sundial":[2],"Bronze Scales":[169],"Pandora\u0027s Box":["White Contract","Defend System","Awareness","Black Dance","Black Shadow","Energy Supply","Bursts"],"Pen Nib":[19],"War Paint":["Defend_C","Chip"],"Smiling Mask":0,"obtain_stats":[{"aspiration:Stellarator":45,"TH:Strongbox":0,"EVO:Axolotl":0,"Whetstone":12,"Boot":19,"Sling":38,"Old Coin":0,"Sozu":17,"Centennial Puzzle":8,"conspire:GlowingRock":41,"Sundial":34,"MealTicket":10,"Philosopher\u0027s Stone":34,"Toxic Egg 2":0,"Cola":33,"Girya":50,"Pear":6,"wanderingMiniBosses:ThiefScarf":30,"Eternal Feather":45,"Pen Nib":41,"conspire:SlowCooker":48,"infinitespire:Beetle Shell":55,"aspiration:SeaSaltIceCream":6,"War Paint":13,"REME_LimitBreaker":31,"Akabeko":0,"Shuriken":35,"MutagenicStrength":19,"Bronze Scales":26,"ChiXiaoBlade":38,"Molten Egg 2":43,"Pandora\u0027s Box":17,"infinitespire:EmpoweringShard":46,"aspiration:Lifesprig":54,"Lantern":41,"bronze:BronzeCore":0,"DaveBox":0,"MostiFishMod:Haymaker":6,"DianPoetry":8,"Juzu Bracelet":0,"TeardropLocket":0,"Ancient Tea Set":47,"Smiling Mask":13,"ClockworkSouvenir":37,"Mummified Hand":27,"WingedGreaves":34,"Red Mask":20,"NeowsBlessing":0,"aspiration:RunicSpoon":51,"Damaru":9,"ShadowXiaoBlade":17,"infinitespire:FocusingShard":31,"The Courier":35,"Omamori":48,"aspiration:HummingbirdHeart":48,"infinitespire:CheckeredPen":50,"Orichalcum":37,"Frozen Egg 2":0,"GoldenEye":6,"White Beast Statue":47,"Calling Bell":34,"Anchor":19,"SynthV:TestCard":1,"infinitespire:WardingShard":9,"HaiYi:Twilight":19,"wanderingMiniBosses:CarrionFlame":35,"Ornamental Fan":46,"Orrery":0,"REME_HandOfSuture":34,"Turnip":51,"Bag of Marbles":39,"Bottled Lightning":43,"Membership Card":0,"Apod":8,"REME_CardOfGreed":39,"aspiration:RitualDagger":47,"conspire:DeflatedDodgeball":44,"TungstenRod":12,"FossilizedHelix":31,"Toy Ornithopter":33,"REME_ComplimentaryCards":0},{"aspiration:Stellarator":61,"TH:Strongbox":43,"EVO:Axolotl":0,"Whetstone":23,"Boot":9,"Sling":11,"Old Coin":0,"Sozu":8,"Centennial Puzzle":4,"conspire:GlowingRock":60,"Sundial":59,"MealTicket":22,"Philosopher\u0027s Stone":32,"Toxic Egg 2":43,"Cola":58,"Girya":65,"Pear":3,"wanderingMiniBosses:ThiefScarf":57,"Eternal Feather":61,"Pen Nib":12,"conspire:SlowCooker":39,"infinitespire:Beetle Shell":42,"aspiration:SeaSaltIceCream":3,"War Paint":49,"REME_LimitBreaker":57,"Akabeko":16,"Shuriken":59,"MutagenicStrength":27,"Bronze Scales":55,"ChiXiaoBlade":11,"Molten Egg 2":37,"Pandora\u0027s Box":50,"infinitespire:EmpoweringShard":62,"aspiration:Lifesprig":41,"Lantern":60,"bronze:BronzeCore":0,"DaveBox":0,"MostiFishMod:Haymaker":47,"DianPoetry":48,"Juzu Bracelet":16,"TeardropLocket":16,"Ancient Tea Set":14,"Smiling Mask":24,"ClockworkSouvenir":34,"Mummified Hand":55,"WingedGreaves":59,"Red Mask":53,"NeowsBlessing":0,"aspiration:RunicSpoon":66,"Damaru":21,"ShadowXiaoBlade":26,"infinitespire:FocusingShard":58,"The Courier":59,"Omamori":39,"aspiration:HummingbirdHeart":65,"infinitespire:CheckeredPen":65,"Orichalcum":34,"Frozen Egg 2":43,"GoldenEye":20,"White Beast Statue":63,"Calling Bell":59,"Anchor":52,"SynthV:TestCard":1,"infinitespire:WardingShard":4,"HaiYi:Twilight":9,"wanderingMiniBosses:CarrionFlame":33,"Ornamental Fan":62,"Orrery":16,"REME_HandOfSuture":59,"Turnip":66,"Bag of Marbles":60,"Bottled Lightning":12,"Membership Card":43,"Apod":48,"REME_CardOfGreed":60,"aspiration:RitualDagger":63,"conspire:DeflatedDodgeball":13,"TungstenRod":23,"FossilizedHelix":57,"Toy Ornithopter":58,"REME_ComplimentaryCards":0},{"aspiration:Stellarator":224,"TH:Strongbox":146,"EVO:Axolotl":0,"Whetstone":85,"Boot":32,"Sling":47,"Old Coin":0,"Sozu":27,"Centennial Puzzle":6,"conspire:GlowingRock":219,"Sundial":217,"MealTicket":83,"Philosopher\u0027s Stone":117,"Toxic Egg 2":146,"Cola":210,"Girya":243,"Pear":3,"wanderingMiniBosses:ThiefScarf":206,"Eternal Feather":224,"Pen Nib":52,"conspire:SlowCooker":136,"infinitespire:Beetle Shell":144,"aspiration:SeaSaltIceCream":3,"War Paint":171,"REME_LimitBreaker":206,"Akabeko":68,"Shuriken":217,"MutagenicStrength":101,"Bronze Scales":195,"ChiXiaoBlade":47,"Molten Egg 2":130,"Pandora\u0027s Box":179,"infinitespire:EmpoweringShard":228,"aspiration:Lifesprig":141,"Lantern":219,"bronze:BronzeCore":0,"DaveBox":0,"MostiFishMod:Haymaker":163,"DianPoetry":164,"Juzu Bracelet":68,"TeardropLocket":68,"Ancient Tea Set":58,"Smiling Mask":88,"ClockworkSouvenir":123,"Mummified Hand":195,"WingedGreaves":217,"Red Mask":188,"NeowsBlessing":0,"aspiration:RunicSpoon":250,"Damaru":80,"ShadowXiaoBlade":97,"infinitespire:FocusingShard":210,"The Courier":217,"Omamori":136,"aspiration:HummingbirdHeart":243,"infinitespire:CheckeredPen":243,"Orichalcum":123,"Frozen Egg 2":146,"GoldenEye":78,"White Beast Statue":235,"Calling Bell":217,"Anchor":186,"SynthV:TestCard":1,"infinitespire:WardingShard":6,"HaiYi:Twilight":32,"wanderingMiniBosses:CarrionFlame":121,"Ornamental Fan":228,"Orrery":68,"REME_HandOfSuture":217,"Turnip":250,"Bag of Marbles":219,"Bottled Lightning":52,"Membership Card":146,"Apod":164,"REME_CardOfGreed":219,"aspiration:RitualDagger":235,"conspire:DeflatedDodgeball":55,"TungstenRod":85,"FossilizedHelix":206,"Toy Ornithopter":210,"REME_ComplimentaryCards":0}]},"card_choices":[{"not_picked":["Black Hand","Money Cant Rescue+1"],"picked":"Here Defend Chip+1","floor":1},{"not_picked":["infinitespire:Fortify","infinitespire:Collect"],"picked":"infinitespire:Starlight","floor":2},{"not_picked":["Energy Supply+1","Load Balancing+1","White Contract","Provocative+1"],"picked":"Preparedness+1","floor":3},{"not_picked":["Black Shadow","Defend System+1","Black Spear","Here Defend Chip+1"],"picked":"Moon Tear+1","floor":4},{"not_picked":["TH:ArmorSpikes","TH:BikiniMail","TH:EnergyPotion"],"picked":"TH:DeckOfManyThings","floor":6},{"not_picked":["Weapon Shift+1","Provocative+1","New Defend Magic+1","Coercion+1"],"picked":"Black Execution","floor":6},{"not_picked":["Lunge+1","Light Attack+1","Weapon Shift+1","Three Hit+1"],"picked":"Twin Teeth+1","floor":8},{"not_picked":["TH:Mimic","TH:DeckOfManyThings","TH:ArmorSpikes"],"picked":"TH:CopperCoins","floor":9},{"not_picked":["TH:ElvenBoots","TH:EnergyPotion","TH:DeckOfManyThings"],"picked":"TH:CopperCoins","floor":11},{"not_picked":["Transfer Energy+1","Bursts+1","Floating Even+1","Oblique Hack+1"],"picked":"Black Contract+1","floor":11},{"not_picked":["TH:BikiniMail","TH:ElvenBoots","TH:TreasureMap"],"picked":"TH:CursedSword","floor":16},{"not_picked":["Overclocking+1","Chip Synthesis+1","Im Angry+1","Retrieval Recycling+1"],"picked":"Shockwave Tdmadao+1","floor":16},{"not_picked":["Black Shadow+1","Three Hit+1","Oblique Hack+1","Resistance+1"],"picked":"Light Attack+1","floor":18},{"not_picked":["Rupture+1","Trader+1","Fixing+1","Sudden Beat+1"],"picked":"Preloading+1","floor":20},{"not_picked":["Fire Up+1","Fixing+1","Preloading+1","Coercion+1"],"picked":"Floating Swing Kick+1","floor":22},{"not_picked":["White Contract+1","Paralysis+1","Oblique Hack+1","Black Execution+1"],"picked":"Memory Alloy+1","floor":25},{"not_picked":["TH:ArmorSpikes","TH:BikiniMail","TH:TreasureMap"],"picked":"TH:DeckOfManyThings","floor":26},{"not_picked":["TH:CopperCoins","TH:DeckOfManyThings","TH:EnergyPotion"],"picked":"TH:CursedSword","floor":28},{"not_picked":["Black Shadow+1","Light Attack+1","Black Spear+1","Money Cant Rescue+1","Cursed Blade+1"],"picked":"SKIP","floor":28},{"not_picked":["Fire Up+1","Cursed Blade+1","Cooling Song+1","Sub Weapons+1"],"picked":"Shockwave Tdmadao+1","floor":30},{"not_picked":["TH:ElvenBoots","TH:PixieDust","TH:Mimic"],"picked":"TH:CursedSword","floor":31},{"not_picked":["Black Execution+1","Judgment+1","Sudden Beat+1","Sub Weapons+1","Revenge+1"],"picked":"SKIP","floor":31},{"not_picked":["TH:TreasureMap","TH:ElvenBoots","TH:PixieDust"],"picked":"TH:DeckOfManyThings","floor":33},{"not_picked":["Chip Synthesis+1","Bursts+1","Overclocking+1","Im Angry+1"],"picked":"Moon Tear+1","floor":33},{"not_picked":["Black Dance+1","Three Hit+1","Defend System+1","White Contract+1","Paralysis+1"],"picked":"SKIP","floor":35},{"not_picked":["TH:BikiniMail","TH:EnergyPotion","TH:Mimic"],"picked":"TH:DeckOfManyThings","floor":38},{"not_picked":["TH:TreasureMap","TH:DeckOfManyThings","TH:PixieDust"],"picked":"TH:CursedSword","floor":41},{"not_picked":["Sudden Beat+1","Machining+1","Black Execution+1","Winding Magic+1","Black Dance+1"],"picked":"SKIP","floor":41},{"not_picked":["TH:EnergyPotion","TH:PixieDust","TH:ArmorSpikes"],"picked":"TH:CopperCoins","floor":43},{"not_picked":["White Contract+1","Provocative+1","Retrieval Recycling+1","Fire Blade+1","Revenge+1"],"picked":"SKIP","floor":45},{"not_picked":["Provocative+1","Fire Up+1","Here Defend Chip+1","Perfect Defend+1"],"picked":"Twin Teeth+1","floor":46},{"not_picked":["Preloading+1","Lunge+1","Afterwards+1","New Defend Magic+1","Paralysis+1"],"picked":"SKIP","floor":47},{"not_picked":["TH:Mimic","TH:TreasureMap","TH:BikiniMail"],"picked":"TH:CopperCoins","floor":48},{"not_picked":["Format All Data+1","New Defend Magic+1","Cursed Blade+1","Rupture+1"],"picked":"De Ware Chip+1","floor":48}],"player_experience":575710,"relics_obtained":[{"floor":1,"key":"SynthV:TestCard"},{"floor":6,"key":"MostiFishMod:Haymaker"},{"floor":9,"key":"infinitespire:Beetle Shell"},{"floor":19,"key":"Anchor"},{"floor":20,"key":"Red Mask"},{"floor":26,"key":"Bronze Scales"},{"floor":28,"key":"Pen Nib"},{"floor":30,"key":"wanderingMiniBosses:ThiefScarf"},{"floor":30,"key":"infinitespire:Beetle Shell"},{"floor":31,"key":"infinitespire:FocusingShard"},{"floor":34,"key":"REME_HandOfSuture"},{"floor":34,"key":"Sundial"},{"floor":34,"key":"WingedGreaves"},{"floor":38,"key":"Omamori"},{"floor":41,"key":"Smiling Mask"},{"floor":48,"key":"aspiration:HummingbirdHeart"}],"event_choices":[{"damage_healed":0,"gold_gain":0,"player_choice":"Invest 1","damage_taken":0,"max_hp_gain":0,"max_hp_loss":0,"event_name":"conspire:Investor","floor":5,"gold_loss":0},{"damage_healed":16,"gold_gain":0,"player_choice":"Healed and dodged fight","damage_taken":0,"max_hp_gain":0,"max_hp_loss":0,"event_name":"Mushrooms","floor":12,"gold_loss":0,"cards_obtained":["Parasite"]},{"damage_healed":16,"gold_gain":0,"player_choice":"Healed","damage_taken":0,"max_hp_gain":0,"max_hp_loss":0,"event_name":"The Cleric","floor":14,"gold_loss":35},{"damage_healed":0,"gold_gain":0,"player_choice":"Fought Bandits","damage_taken":0,"max_hp_gain":0,"max_hp_loss":0,"event_name":"Masked Bandits","floor":20,"gold_loss":0},{"cards_removed":["downfall:Icky"],"damage_healed":0,"gold_gain":0,"player_choice":"Gave Gold","damage_taken":0,"max_hp_gain":0,"max_hp_loss":0,"event_name":"Beggar","floor":21,"gold_loss":75},{"damage_healed":0,"gold_gain":50,"player_choice":"Steal","damage_taken":0,"max_hp_gain":0,"max_hp_loss":0,"event_name":"betterThird:BetterNest","floor":24,"gold_loss":0},{"damage_healed":0,"gold_gain":999,"player_choice":"Gold","damage_taken":0,"max_hp_gain":0,"max_hp_loss":0,"event_name":"MindBloom","floor":36,"gold_loss":0,"cards_obtained":["Normality","Normality"]},{"cards_removed":["Light Attack"],"damage_healed":0,"gold_gain":0,"player_choice":"Removed Attack","damage_taken":0,"max_hp_gain":0,"max_hp_loss":0,"event_name":"Falling","floor":37,"gold_loss":0}],"is_beta":false,"boss_relics":[{"not_picked":["Runic Dome","MostiFishMod:Hod"],"picked":"Pandora\u0027s Box"},{"not_picked":["aspiration:PoetsPen_weak","RhineFirstAidKit"],"picked":"Calling Bell"}],"items_purged_floors":[0,13,39],"is_endless":false,"potions_floor_spawned":[1,6,16,20,22,28,33,41,46,48],"ascension_level":20}}