{"host":"d5i1qeb9dejicw1z","time":1611466513,"event":{"mods":["AchievementEnabler","BaseMod","Better Note","BetterRewards","Gold Saver","Hermit","Infinite Spire","Minty Spire (QoL Compilation)","StSLib"],"gold_per_floor":[635,635,112,132,143,169,169,199,199,124,124,140,140,157,157,233,233,253,266,266,266,266,266,280,280,280,315,331,364,384,400,400,479,479,500,526,18,37,52,86,99,127,127,127,154,167,167,187,187,187],"floor_reached":51,"language":"ENG","playtime":2495,"items_purged":["Defend_G","Strike_G"],"score":1598,"play_id":"6cd70933-1a9d-42b5-b841-71c6fd938a52","local_time":"20210123213513","is_ascension_mode":true,"campfire_choices":[{"data":"Noxious Fumes","floor":7,"key":"SMITH"},{"data":"infinitespire:FutureSight","floor":11,"key":"SMITH"},{"floor":15,"key":"REST"},{"data":"infinitespire:Oblivion","floor":23,"key":"SMITH"},{"data":"Adrenaline","floor":25,"key":"SMITH"},{"floor":32,"key":"REST"},{"floor":44,"key":"REST"},{"data":"Catalyst","floor":47,"key":"SMITH"},{"floor":49,"key":"REST"}],"circlet_count":0,"master_deck":["AscendersBane","Strike_G","Strike_G","Strike_G","Strike_G","Defend_G","Defend_G","Defend_G","Defend_G","Survivor","Neutralize","Deadly Poison","infinitespire:FutureSight+1","Noxious Fumes+1","Backflip","Catalyst+1","Dodge and Roll","infinitespire:Neurotoxin","Backflip","Catalyst","Adrenaline+1","infinitespire:Oblivion+1","infinitespire:Neurotoxin","Footwork","After Image","Blur","Backflip+1","Escape Plan","Catalyst","Footwork","Backflip","Blur"],"relics":["Ring of the Snake","Thread and Needle","Lee\u0027s Waffle","Prayer Wheel","Odd Mushroom","infinitespire:Joker Card","Black Star","Pen Nib","infinitespire:Midas Blood","Mango","Ninja Scroll","SlaversCollar","infinitespire:FocusingShard","ClockworkSouvenir","Peace Pipe","Omamori","Bronze Scales","Potion Belt","Mercury Hourglass","Du-Vu Doll"],"acts_visited":["Exordium","TheCity","TheBeyond"],"potions_floor_usage":[6,16,18,19,24,30,33,33,41,42,45,50,50],"damage_taken":[{"damage":4,"enemies":"2 Louse","floor":1,"turns":5},{"damage":0,"enemies":"Cultist","floor":4,"turns":5},{"damage":0,"enemies":"Jaw Worm","floor":5,"turns":4},{"damage":23,"enemies":"3 Sentries","floor":6,"turns":7},{"damage":28,"enemies":"The Mushroom Lair","floor":8,"turns":6},{"damage":0,"enemies":"Exordium Wildlife","floor":12,"turns":4},{"damage":0,"enemies":"Large Slime","floor":14,"turns":6},{"damage":10,"enemies":"Slime Boss","floor":16,"turns":10},{"damage":0,"enemies":"Shell Parasite","floor":18,"turns":2},{"damage":0,"enemies":"Chosen","floor":19,"turns":5},{"damage":0,"enemies":"Centurion and Healer","floor":24,"turns":3},{"damage":39,"enemies":"Slavers","floor":27,"turns":5},{"damage":0,"enemies":"Cultist and Chosen","floor":28,"turns":4},{"damage":7,"enemies":"Book of Stabbing","floor":29,"turns":4},{"damage":0,"enemies":"Snake Plant","floor":30,"turns":3},{"damage":0,"enemies":"Centurion and Healer","floor":31,"turns":4},{"damage":8,"enemies":"Champ","floor":33,"turns":3},{"damage":7,"enemies":"3 Shapes","floor":35,"turns":4},{"damage":19,"enemies":"3 Darklings","floor":36,"turns":5},{"damage":7,"enemies":"Writhing Mass","floor":38,"turns":4},{"damage":0,"enemies":"Maw","floor":39,"turns":4},{"damage":0,"enemies":"Reptomancer","floor":40,"turns":2},{"damage":6,"enemies":"4 Shapes","floor":41,"turns":4},{"damage":0,"enemies":"Giant Head","floor":42,"turns":2},{"damage":0,"enemies":"Nemesis","floor":45,"turns":3},{"damage":0,"enemies":"Transient","floor":46,"turns":2},{"damage":0,"enemies":"Sphere and 2 Shapes","floor":48,"turns":5},{"damage":0,"enemies":"infinitespire:MassOfShapes","floor":50,"turns":4}],"seed_played":"8255787259678185099","potions_obtained":[{"floor":1,"key":"DuplicationPotion"},{"floor":8,"key":"Block Potion"},{"floor":12,"key":"CunningPotion"},{"floor":16,"key":"Block Potion"},{"floor":19,"key":"DistilledChaos"},{"floor":29,"key":"EntropicBrew"},{"floor":30,"key":"SkillPotion"},{"floor":35,"key":"Strength Potion"},{"floor":40,"key":"CunningPotion"},{"floor":42,"key":"SkillPotion"},{"floor":45,"key":"Weak Potion"},{"floor":46,"key":"LiquidBronze"}],"is_trial":false,"path_per_floor":["M","?","$","M","M","E","R","?","T","$","R","M","?","M","R","B",null,"M","M","AVR","?","?","R","M","R","T","E","M","E","M","M","R","B",null,"M","M","$","M","M","E","M","E","T","R","E","M","R","M","R","B",null],"character_chosen":"THE_SILENT","items_purchased":["Noxious Fumes","Thread and Needle","Lee\u0027s Waffle","infinitespire:FocusingShard","ClockworkSouvenir"],"campfire_rested":4,"item_purchase_floors":[3,3,3,37,37],"current_hp_per_floor":[61,44,79,79,79,56,56,28,28,28,28,28,28,28,51,41,70,70,70,70,70,70,70,70,70,70,31,31,38,38,38,65,57,84,77,58,58,51,51,51,45,45,45,72,72,72,72,72,93,93],"gold":187,"neow_bonus":"TEN_PERCENT_HP_BONUS","is_daily":false,"chose_seed":false,"campfire_upgraded":5,"win_rate":0.0,"timestamp":1611466513,"path_taken":["M","?","?","M","M","E","R","?","T","$","R","?","?","M","R","BOSS","M","M","AVR","?","?","R","M","R","T","E","M","E","M","M","R","BOSS","M","M","$","M","?","E","M","E","T","R","E","M","R","?","R","BOSS"],"items_purchased_type":["Card","Relic","Relic","Relic","Relic"],"build_version":"2020-12-22","purchased_purges":2,"victory":true,"max_hp_per_floor":[72,72,79,79,79,79,79,79,79,79,79,79,79,79,79,79,79,79,79,79,79,79,79,79,79,79,79,79,93,93,93,93,93,93,93,93,93,93,93,93,93,93,93,93,93,93,93,93,93,93],"card_choices":[{"not_picked":["Slice","Deflect"],"picked":"Deadly Poison","floor":1},{"not_picked":["infinitespire:SealOfDarkness+","infinitespire:DeathsTouch"],"picked":"infinitespire:FutureSight","floor":2},{"not_picked":["Quick Slash","Dodge and Roll"],"picked":"Backflip","floor":4},{"not_picked":["Blade Dance","Dagger Throw","Sucker Punch"],"picked":"SKIP","floor":5},{"not_picked":["Accuracy","Calculated Gamble"],"picked":"Catalyst","floor":6},{"not_picked":["Acrobatics","Accuracy"],"picked":"Dodge and Roll","floor":8},{"not_picked":["Caltrops","Masterful Stab"],"picked":"infinitespire:Neurotoxin","floor":12},{"not_picked":["Backstab","Blade Dance"],"picked":"Backflip","floor":12},{"not_picked":["Expertise","Bouncing Flask"],"picked":"Catalyst","floor":14},{"not_picked":["Slice","Dash","Dagger Throw"],"picked":"SKIP","floor":14},{"not_picked":["Glass Knife","Envenom"],"picked":"Adrenaline","floor":16},{"not_picked":["Bane","Well Laid Plans","Acrobatics"],"picked":"SKIP","floor":18},{"not_picked":["Blade Dance","Wraith Form v2","Slice"],"picked":"SKIP","floor":18},{"not_picked":["Finisher","Sucker Punch","Quick Slash"],"picked":"SKIP","floor":19},{"not_picked":["Predator","Acrobatics","Setup+1"],"picked":"SKIP","floor":19},{"not_picked":["Concentrate","Dodge and Roll"],"picked":"Footwork","floor":24},{"not_picked":["Dagger Spray","Slice+1","Prepared+1"],"picked":"SKIP","floor":24},{"not_picked":["Dash","Heel Hook"],"picked":"After Image","floor":27},{"not_picked":["Bane","Poisoned Stab"],"picked":"Blur","floor":28},{"not_picked":["Dagger Spray","Predator","Cloak And Dagger"],"picked":"SKIP","floor":28},{"not_picked":["Backstab","Bouncing Flask"],"picked":"Backflip+1","floor":29},{"not_picked":["Eviscerate","Deadly Poison","Outmaneuver"],"picked":"SKIP","floor":30},{"not_picked":["Deflect","Flying Knee+1","Envenom"],"picked":"SKIP","floor":30},{"not_picked":["Dash","Blade Dance+1"],"picked":"Escape Plan","floor":31},{"not_picked":["Prepared","Sucker Punch","Dagger Spray"],"picked":"SKIP","floor":31},{"not_picked":["Expertise","Deflect+1","Calculated Gamble"],"picked":"SKIP","floor":35},{"not_picked":["Flying Knee+1","Eviscerate","Acrobatics"],"picked":"SKIP","floor":35},{"not_picked":["Blade Dance","Deadly Poison"],"picked":"Catalyst","floor":36},{"not_picked":["Crippling Poison","Infinite Blades"],"picked":"Footwork","floor":36},{"not_picked":["Quick Slash","Calculated Gamble"],"picked":"Backflip","floor":38},{"not_picked":["Slice","Grand Finale","Deflect"],"picked":"SKIP","floor":38},{"not_picked":["Sucker Punch","Dagger Throw"],"picked":"Blur","floor":39},{"not_picked":["Riddle With Holes","PiercingWail","Prepared"],"picked":"SKIP","floor":39},{"not_picked":["Underhanded Strike+1","Slice","Dagger Throw+1"],"picked":"SKIP","floor":40},{"not_picked":["Leg Sweep","Tools of the Trade","Well Laid Plans"],"picked":"SKIP","floor":41},{"not_picked":["Dodge and Roll","Cloak And Dagger","Reflex"],"picked":"SKIP","floor":41},{"not_picked":["Dagger Throw","Outmaneuver","Underhanded Strike+1"],"picked":"SKIP","floor":42},{"not_picked":["PiercingWail","Noxious Fumes","Tactician"],"picked":"SKIP","floor":45},{"not_picked":["Cloak And Dagger+1","Finisher","Dagger Spray"],"picked":"SKIP","floor":46},{"not_picked":["Poisoned Stab","Outmaneuver","Quick Slash"],"picked":"SKIP","floor":46},{"not_picked":["Sucker Punch","Outmaneuver","Heel Hook+1"],"picked":"SKIP","floor":48},{"not_picked":["Acrobatics","Quick Slash","Deflect"],"picked":"SKIP","floor":48}],"player_experience":1194136,"relics_obtained":[{"floor":6,"key":"Prayer Wheel"},{"floor":8,"key":"Odd Mushroom"},{"floor":9,"key":"infinitespire:Joker Card"},{"floor":27,"key":"Pen Nib"},{"floor":27,"key":"infinitespire:Midas Blood"},{"floor":29,"key":"Mango"},{"floor":29,"key":"Ninja Scroll"},{"floor":40,"key":"Peace Pipe"},{"floor":40,"key":"Omamori"},{"floor":42,"key":"Bronze Scales"},{"floor":42,"key":"Potion Belt"},{"floor":43,"key":"Mercury Hourglass"},{"floor":45,"key":"Du-Vu Doll"}],"event_choices":[{"damage_healed":0,"gold_gain":0,"player_choice":"Fought Mushrooms","damage_taken":0,"max_hp_gain":0,"max_hp_loss":0,"event_name":"Mushrooms","floor":8,"gold_loss":0},{"damage_healed":0,"gold_gain":0,"player_choice":"Bought 0 Potions","damage_taken":0,"max_hp_gain":0,"max_hp_loss":0,"event_name":"The Woman in Blue","floor":13,"gold_loss":0},{"damage_healed":0,"gold_gain":0,"player_choice":"Ignored","damage_taken":0,"max_hp_gain":0,"max_hp_loss":0,"event_name":"Vampires","floor":21,"gold_loss":0},{"damage_healed":0,"gold_gain":0,"player_choice":"Copied","damage_taken":0,"max_hp_gain":0,"max_hp_loss":0,"event_name":"Duplicator","floor":22,"gold_loss":0,"cards_obtained":["infinitespire:Neurotoxin"]}],"is_beta":false,"boss_relics":[{"not_picked":["HoveringKite","Cursed Key"],"picked":"Black Star"},{"not_picked":["Velvet Choker","SacredBark"],"picked":"SlaversCollar"}],"items_purged_floors":[10,37],"is_endless":false,"potions_floor_spawned":[1,8,12,16,19,29,30,31,35,40,42,45,46],"ascension_level":14}}