{"host":"nnt34ungdh9fkcmy","time":1611452656,"event":{"mods":["BaseMod","Downfall","Minty Spire (QoL Compilation)","StSLib","SuperFastMode"],"gold_per_floor":[99,110,121,139,139,139,139,149,211,240,251,578,578,591,605,605,605,605],"floor_reached":16,"language":"ENG","playtime":948,"items_purged":[],"score":120,"play_id":"048c6b0b-fe6b-4233-99e2-ede6fce01e5a","local_time":"20210123184416","is_ascension_mode":true,"campfire_choices":[{"floor":1,"key":"RECALL"}],"circlet_count":0,"master_deck":["bronze:Strike","bronze:Strike","bronze:Strike","bronze:Strike","bronze:Defend+1","bronze:Defend+1","bronze:Defend","bronze:Defend","bronze:Replicate","bronze:Goto","bronze:OilSpill","bronze:Spike","bronze:AlphaBuild+1","downfall:Malfunctioning","bronze:Constructor","bronze:Repair","bronze:OilSpill","bronze:CloningBeam","bronze:HardenedForm","bronze:Iterate","bronze:ChosenStrike"],"relics":["bronze:BronzeCore","Regal Pillow","Singing Bowl","Letter Opener","HornCleat","Old Coin"],"acts_visited":["Exordium"],"potions_floor_usage":[16],"damage_taken":[{"damage":2,"enemies":"Jaw Worm","floor":2,"turns":4},{"damage":0,"enemies":"2 Louse","floor":3,"turns":3},{"damage":1,"enemies":"Cultist","floor":4,"turns":3},{"damage":4,"enemies":"Cultist","floor":5,"turns":6},{"damage":5,"enemies":"Exordium Thugs","floor":8,"turns":3},{"damage":22,"enemies":"3 Sentries","floor":9,"turns":9},{"damage":11,"enemies":"3 Sentries","floor":10,"turns":9},{"damage":0,"enemies":"2 Fungi Beasts","floor":11,"turns":2},{"damage":19,"enemies":"Lagavulin","floor":12,"turns":7},{"damage":6,"enemies":"3 Louse","floor":14,"turns":4},{"damage":14,"enemies":"Exordium Thugs","floor":15,"turns":4},{"damage":13,"enemies":"IC_STATUS_ARCHETYPE","floor":16,"turns":4}],"seed_played":"-4378485190654980977","potions_obtained":[{"floor":8,"key":"bronze:CleanCodePotion"},{"floor":10,"key":"sneckomod:MuddlingPotion"},{"floor":11,"key":"SmokeBomb"},{"floor":12,"key":"bronze:FreeFunctionsPotion"}],"is_trial":false,"path_per_floor":["R","M","M","M","?","?","T","M","?","E","M","E","?","M","M","B"],"character_chosen":"THE_AUTOMATON","items_purchased":[],"campfire_rested":0,"item_purchase_floors":[],"current_hp_per_floor":[70,68,68,67,63,63,63,58,36,32,32,22,22,16,2,0,0,0],"gold":605,"neow_bonus":"RANDOM_COMMON_RELIC","is_daily":false,"chose_seed":false,"campfire_upgraded":0,"win_rate":0.0,"timestamp":1611452656,"path_taken":["R","M","M","M","?","?","T","M","?","E","M","E","?","M","M","BOSS"],"items_purchased_type":[],"build_version":"2020-12-22","purchased_purges":0,"victory":false,"max_hp_per_floor":[70,70,70,70,70,70,70,70,70,70,70,72,72,72,72,72,72,72],"card_choices":[{"not_picked":["bronze:Constructor","bronze:Invalidate"],"picked":"bronze:OilSpill","floor":2},{"not_picked":["bronze:BuggyMess","bronze:Shield","bronze:BronzeArmor"],"picked":"SKIP","floor":3},{"not_picked":["bronze:DelayedSlice","bronze:Invalidate","bronze:Deprecate"],"picked":"SKIP","floor":4},{"not_picked":[],"picked":"bronze:Spike","floor":5},{"not_picked":["bronze:Turbo","bronze:Shield"],"picked":"bronze:AlphaBuild","floor":5},{"not_picked":["bronze:FineTuning","bronze:Deprecate"],"picked":"bronze:Constructor","floor":8},{"not_picked":["bronze:Iterate","bronze:BitShift"],"picked":"bronze:Repair","floor":9},{"not_picked":["bronze:BronzeOrb","bronze:WildBeam"],"picked":"bronze:OilSpill","floor":10},{"not_picked":["bronze:Philosophize","bronze:Invalidate"],"picked":"bronze:CloningBeam","floor":11},{"not_picked":["bronze:Library","bronze:Boost","bronze:BuggyMess"],"picked":"Singing Bowl","floor":12},{"not_picked":["bronze:BugBarrage","bronze:Deprecate"],"picked":"bronze:Iterate","floor":14},{"not_picked":["bronze:DigitalCarnage","bronze:Overheat"],"picked":"bronze:ChosenStrike","floor":15}],"player_experience":245240,"relics_obtained":[{"floor":7,"key":"Singing Bowl"},{"floor":9,"key":"Letter Opener"},{"floor":10,"key":"HornCleat"},{"floor":12,"key":"Old Coin"}],"event_choices":[],"is_beta":false,"boss_relics":[],"items_purged_floors":[],"is_endless":false,"potions_floor_spawned":[8,10,11,12,15],"killed_by":"IC_STATUS_ARCHETYPE","ascension_level":1}}