{"host":"n91w9dq5l8qws978","time":1611490590,"event":{"mods":["BaseMod","Bestiary","Challenge The Spire","Custom Start","Defuse TimeMaze Blight","Keyboard Shortcuts","Minty Spire (QoL Compilation)","MonsterHotkey","Relic Stats","StSLib","Uncapped"],"gold_per_floor":[109,109,184,195,195,195,222,222,222,24,24,56,56,75,75,152,152,167,442,460,474,95,95,128,28,28,28,28,28,56,56,56],"floor_reached":31,"language":"ENG","playtime":1208,"items_purged":["Regret","Strike_G"],"score":499,"play_id":"9b208741-8980-48a8-be4f-82f67d460f76","local_time":"20210124121630","is_ascension_mode":true,"campfire_choices":[{"data":"Dodge and Roll","floor":6.0,"key":"SMITH"},{"data":"Dash","floor":8.0,"key":"SMITH"},{"data":"Corpse Explosion","floor":11.0,"key":"SMITH"},{"data":"Cloak And Dagger","floor":13.0,"key":"SMITH"},{"data":"Survivor","floor":15.0,"key":"SMITH"},{"data":"Prepared","floor":23,"key":"SMITH"},{"data":"Blur","floor":27,"key":"SMITH"}],"circlet_count":0,"master_deck":["AscendersBane","Strike_G+1","Strike_G","Strike_G","Strike_G","Defend_G+1","Defend_G+1","Defend_G","Defend_G","Defend_G","Survivor+1","Neutralize+1","Corpse Explosion+1","Dodge and Roll+1","Dash+1","Cloak And Dagger+1","Bane+1","Backstab","Blur+1","Phantasmal Killer","PiercingWail","Prepared+1","Caltrops","Quick Slash"],"relics":["Ring of the Snake","White Beast Statue","War Paint","Lee\u0027s Waffle","Lantern","Busted Crown","Sling","Potion Belt","Whetstone","MutagenicStrength","Omamori"],"acts_visited":["Exordium","TheCity"],"potions_floor_usage":[20,21,24,30],"damage_taken":[{"damage":6.0,"enemies":"Jaw Worm","floor":1.0,"turns":5.0},{"damage":0.0,"enemies":"Small Slimes","floor":4.0,"turns":4.0},{"damage":6.0,"enemies":"3 Sentries","floor":7.0,"turns":4.0},{"damage":13.0,"enemies":"Lagavulin","floor":12.0,"turns":6.0},{"damage":0.0,"enemies":"Cultist","floor":14.0,"turns":3.0},{"damage":37.0,"enemies":"Slime Boss","floor":16.0,"turns":13.0},{"damage":3,"enemies":"2 Thieves","floor":18,"turns":3},{"damage":1,"enemies":"3 Byrds","floor":20,"turns":2},{"damage":25,"enemies":"Snecko","floor":21,"turns":6},{"damage":7,"enemies":"Slavers","floor":24,"turns":3},{"damage":40,"enemies":"Gremlin Leader","floor":30,"turns":8},{"damage":0,"enemies":"Snake Plant","floor":31,"turns":1}],"seed_played":"6187722998917002652","potions_obtained":[{"floor":7.0,"key":"BlessingOfTheForge"},{"floor":12.0,"key":"Poison Potion"},{"floor":16.0,"key":"Poison Potion"},{"floor":20,"key":"BlessingOfTheForge"},{"floor":21,"key":"BlessingOfTheForge"},{"floor":24,"key":"Dexterity Potion"},{"floor":30,"key":"Swift Potion"}],"is_trial":false,"path_per_floor":["M","?","?","M","?","R","E","R","T","$","R","E","R","M","R","B",null,"M","?","M","M","$","R","E","$","T","R","?","?","E","M"],"character_chosen":"THE_SILENT","items_purchased":["Lee\u0027s Waffle","Bane","Sling","Prepared","Caltrops"],"campfire_rested":0,"item_purchase_floors":[10,10,22,22,22],"current_hp_per_floor":[53,53,42,42,42,42,36,36,36,73,73,60,60,60,60,23,61,58,58,57,32,32,32,25,25,25,25,25,25,15,15,15],"gold":56,"neow_bonus":"ONE_RANDOM_RARE_CARD","is_daily":false,"chose_seed":false,"campfire_upgraded":7,"win_rate":0.0,"timestamp":1611490590,"path_taken":["M","?","?","M","?","R","E","R","T","$","R","E","R","M","R","BOSS","M","?","?","M","$","R","E","?","T","R","?","?","E","M"],"items_purchased_type":["Relic","Card","Relic","Card","Card"],"build_version":"2020-12-22","purchased_purges":2,"victory":false,"max_hp_per_floor":[66,66,66,66,66,66,66,66,66,73,73,73,73,73,73,73,73,73,73,73,73,73,73,73,73,73,73,73,73,73,73,73],"relic_stats":{"Lee\u0027s Waffle":37,"Busted Crown":10,"counters":[12,58],"Whetstone":["Strike_G","Bane"],"War Paint":["Defend_G","Defend_G"],"obtain_stats":[{"Potion Belt":24,"Lee\u0027s Waffle":10,"Lantern":12,"Busted Crown":17,"MutagenicStrength":29,"Omamori":30,"Whetstone":26,"War Paint":9,"Sling":22,"White Beast Statue":7,"Ring of the Snake":0},{"Potion Belt":10,"Lee\u0027s Waffle":3,"Lantern":4,"Busted Crown":6,"MutagenicStrength":10,"Omamori":11,"Whetstone":10,"War Paint":3,"Sling":9,"White Beast Statue":3,"Ring of the Snake":0},{"Potion Belt":49,"Lee\u0027s Waffle":13,"Lantern":19,"Busted Crown":35,"MutagenicStrength":49,"Omamori":57,"Whetstone":49,"War Paint":13,"Sling":46,"White Beast Statue":13,"Ring of the Snake":0}],"Ring of the Snake":[24]},"card_choices":[{"not_picked":["Slice","Acrobatics"],"picked":"Dodge and Roll","floor":1.0},{"not_picked":["Setup","Catalyst"],"picked":"Dash","floor":4.0},{"not_picked":["Sucker Punch","Blade Dance"],"picked":"Cloak And Dagger","floor":7.0},{"not_picked":["Underhanded Strike","Tactician"],"picked":"Backstab","floor":12.0},{"not_picked":["Cloak And Dagger","Quick Slash"],"picked":"Blur","floor":14.0},{"not_picked":["A Thousand Cuts","Wraith Form v2"],"picked":"Phantasmal Killer","floor":16.0},{"not_picked":["Backflip"],"picked":"SKIP","floor":18},{"not_picked":["Backflip"],"picked":"SKIP","floor":18},{"not_picked":["Outmaneuver"],"picked":"SKIP","floor":20},{"not_picked":[],"picked":"PiercingWail","floor":21},{"not_picked":["Infinite Blades"],"picked":"SKIP","floor":24},{"not_picked":["Prepared"],"picked":"SKIP","floor":30}],"player_experience":414130,"relics_obtained":[{"floor":7.0,"key":"White Beast Statue"},{"floor":9.0,"key":"War Paint"},{"floor":12.0,"key":"Lantern"},{"floor":24,"key":"Potion Belt"},{"floor":26,"key":"Whetstone"},{"floor":30,"key":"Omamori"}],"event_choices":[{"damage_healed":0.0,"max_hp_gain":0.0,"max_hp_loss":0.0,"gold_gain":0.0,"event_name":"Golden Wing","player_choice":"Ignored","floor":2.0,"gold_loss":0.0,"damage_taken":0.0},{"damage_healed":0.0,"max_hp_gain":0.0,"max_hp_loss":0.0,"gold_gain":75.0,"event_name":"World of Goop","player_choice":"Gather Gold","floor":3.0,"gold_loss":0.0,"damage_taken":11.0},{"damage_healed":0.0,"max_hp_gain":0.0,"max_hp_loss":0.0,"gold_gain":0.0,"event_name":"Living Wall","player_choice":"Grow","floor":5.0,"gold_loss":0.0,"damage_taken":0.0,"cards_upgraded":["Neutralize"]},{"damage_healed":0,"gold_gain":275,"player_choice":"Desecrate","damage_taken":0,"max_hp_gain":0,"max_hp_loss":0,"event_name":"Golden Shrine","floor":19,"gold_loss":0,"cards_obtained":["Regret"]},{"damage_healed":0,"gold_gain":0,"player_choice":"Read","damage_taken":0,"max_hp_gain":0,"max_hp_loss":0,"event_name":"The Library","floor":28,"gold_loss":0,"cards_obtained":["Quick Slash"]},{"damage_healed":0,"gold_gain":0,"player_choice":"Inject Mutagens","damage_taken":0,"relics_obtained":["MutagenicStrength"],"max_hp_gain":0,"max_hp_loss":0,"event_name":"Drug Dealer","floor":29,"gold_loss":0}],"is_beta":false,"boss_relics":[{"not_picked":["Velvet Choker","Sozu"],"picked":"Busted Crown"}],"items_purged_floors":[22,25],"is_endless":false,"potions_floor_spawned":[7,12,14,16,18,20,21,24,30],"killed_by":"Snake Plant","ascension_level":16}}