{"host":"amnup8uv961nil3y","time":1611507312,"event":{"mods":["Act Like it!","Aspiration","BaseMod","Bestiary","Better Altar","Better Match","Better Sensory Stone","Better Synergies","Better Third Choice","Block Reminder","Challenge The Spire","Colored Map","Colored Powertips","Colorless Booster Pack","Conspire","DeckTracker","Disable Question Mark Monsters","Elementarium","Energized Spire","Evolution","GifTheSpireLib","Halation","HexUI Lib","Highlight Path","Hubris","Infinite Spire","Lotus Mark","Menagerie","Minty Spire (QoL Compilation)","Pale of the Ancients","Potion Indicator Mod","Quarter Circle Forward PUNCH!","Relic Stats","Replay The Spire","Reworked Bosses","Shop Mod","Small Relic Pack","Spicy Shops","Spikes Relics","StSLib","Stuff the Spire","Swap Starting Deck Mod","The Hayseed","Trackpad","Useless Jewels Mod","Wandering Minibosses","vexMod"],"gold_per_floor":[115,128,44,44,44,69,69,100,100,133,144,28,61,61,61,162,212,228,244,302,302,111,139,139,151,151,151,164,197,197,216,216,332,432,473,518,568,568,620,693,693,765,765,828,828,522,522,566,566,566],"floor_reached":51,"language":"ENG","playtime":7363,"items_purged":["StuffTheSpire:GnomedCurse","ShadowRift","ReplayTheSpireMod:Splinters"],"score":1049,"play_id":"d5df34af-fa37-421b-8f55-734c4eac594c","local_time":"20210124165512","is_ascension_mode":true,"campfire_choices":[{"data":"conspire:Banana","floor":7.0,"key":"SMITH"},{"data":"TheSimpletonMod:Mulch","floor":15.0,"key":"SMITH"},{"data":"TheSimpletonMod:SoilSample","floor":24.0,"key":"SMITH"},{"floor":30,"key":"REST"},{"data":"TheSimpletonMod:Innovate","floor":32,"key":"SMITH"},{"data":"TheSimpletonMod:Rototilling","floor":41,"key":"SMITH"},{"data":"TheSimpletonMod:Mulch","floor":45,"key":"SMITH"},{"data":"TheSimpletonMod:Innovate","floor":47,"key":"SMITH"},{"floor":49,"key":"REST"}],"circlet_count":0,"master_deck":["TheSimpletonMod:Defend_TheSimpleton","TheSimpletonMod:Defend_TheSimpleton","TheSimpletonMod:Defend_TheSimpleton","TheSimpletonMod:Defend_TheSimpleton","TheSimpletonMod:Haymaker","TheSimpletonMod:ReapAndSow","TheSimpletonMod:CrackOfDawn+1","TheSimpletonMod:Sunseed+1","TheSimpletonMod:Innovate+1","conspire:Banana+1","Poisoned Stab","StuffTheSpire:FinalStruggle","TheSimpletonMod:Onions","TheSimpletonMod:Mulch+1","TheSimpletonMod:Rototilling+1","TheSimpletonMod:Aerate","TheSimpletonMod:BuzzBomb","TheSimpletonMod:Photosynthesis","TheSimpletonMod:SoilSample+1","TheSimpletonMod:Innovate+1","TheSimpletonMod:BumperCrop+1","TheSimpletonMod:SeedCoat","TheSimpletonMod:Mushrooms","TheSimpletonMod:Asparagus","TheSimpletonMod:Onions+1","TheSimpletonMod:Artichokes+1","TheSimpletonMod:Potatoes","TheSimpletonMod:Coffee+1","TheSimpletonMod:Corn+1","TheSimpletonMod:Strawberries+1","TheSimpletonMod:OnionBloom","infinitespire:Collect","hubris:Fate","infinitespire:FutureSight","TheSimpletonMod:Germinate","TheSimpletonMod:OnionBloom+1","TheSimpletonMod:Fecundity","TheSimpletonMod:Polyculture+1","TheSimpletonMod:Fertilaser+1","TheSimpletonMod:Mulch+1","TheSimpletonMod:Sunseed+1"],"relics":["TheSimpletonMod:SpudOfTheInnocent","TheSimpletonMod:NightSoil","TheSimpletonMod:TheHarvester","EVO:Axolotl","Menagerie:MalignantTentacle","Ornamental Fan","GiantMaggot","The Courier","MerchantsRug","StuffTheSpire:BottledEssence","Letter Opener","Dream Catcher","Replay:Mystery Machine","ReplayTheSpireMod:CursedCoin","TheSimpletonMod:HotPotato","SpikesRelics:DaevaFist","TheSimpletonMod:SpudOfTheMartyr","White Beast Statue","Cursed Key","Kunai","infinitespire:EvilPickle","Replay:Wanted Poster","StuffTheSpire:NeowsTribute","aspiration:TomeofQuesting","BicycleWheel","Garlic","halation:Diary","aspiration:AnachronicSnailShell"],"acts_visited":["Menagerie:Menagerie","TheCity","TheBeyond"],"potions_floor_usage":[29,33,33,35,39,50,50,50,50],"damage_taken":[{"damage":5.0,"enemies":"Menagerie:MonstrousExperiment","floor":1.0,"turns":5.0},{"damage":6.0,"enemies":"Menagerie:2_RABBITS","floor":2.0,"turns":3.0},{"damage":70.0,"enemies":"Menagerie:VoidReaper","floor":6.0,"turns":5.0},{"damage":53.0,"enemies":"Menagerie:MaskedSummoner","floor":8.0,"turns":6.0},{"damage":6.0,"enemies":"Menagerie:Hydra","floor":10.0,"turns":4.0},{"damage":10.0,"enemies":"Menagerie:WhisperingWraith","floor":11.0,"turns":3.0},{"damage":14.0,"enemies":"Menagerie:VoidReaper","floor":13.0,"turns":5.0},{"damage":19.0,"enemies":"Menagerie:Chimera","floor":16.0,"turns":11.0},{"damage":6.0,"enemies":"Chosen","floor":18.0,"turns":4.0},{"damage":32.0,"enemies":"Shell Parasite","floor":19.0,"turns":5.0},{"damage":33.0,"enemies":"Book of Stabbing","floor":23.0,"turns":7.0},{"damage":42.0,"enemies":"Cultist and Chosen","floor":25.0,"turns":9.0},{"damage":12.0,"enemies":"Snake Plant","floor":28.0,"turns":5.0},{"damage":3,"enemies":"conspire:Head Lice","floor":29,"turns":5},{"damage":0,"enemies":"Snecko","floor":31,"turns":6},{"damage":36,"enemies":"Pondfish","floor":33,"turns":9},{"damage":20,"enemies":"3 Darklings","floor":35,"turns":3},{"damage":86,"enemies":"2 Orb Walkers","floor":36,"turns":3},{"damage":9,"enemies":"Orb Walker","floor":37,"turns":4},{"damage":5,"enemies":"Sphere and 2 Shapes","floor":39,"turns":4},{"damage":17,"enemies":"R_Hoarder","floor":40,"turns":6},{"damage":0,"enemies":"Giant Head","floor":42,"turns":6},{"damage":34,"enemies":"3 Darklings","floor":44,"turns":4},{"damage":0,"enemies":"Transient","floor":48,"turns":5},{"damage":14,"enemies":"Awakened One","floor":50,"turns":7}],"seed_played":"3011150840348911770","potions_obtained":[{"floor":8.0,"key":"Fruit Juice"},{"floor":10.0,"key":"Regen Potion"},{"floor":11.0,"key":"TheSimpletonMod:KindlingPotion"},{"floor":13.0,"key":"Dexterity Potion"},{"floor":16.0,"key":"SpeedPotion"},{"floor":17.0,"key":"Venom Potion"},{"floor":18.0,"key":"LiquidMemories"},{"floor":20.0,"key":"Energy Potion"},{"floor":23.0,"key":"DuplicationPotion"},{"floor":28.0,"key":"FairyPotion"},{"floor":29,"key":"TheSimpletonMod:MoonshinePotion"},{"floor":31,"key":"Ancient Potion"},{"floor":33,"key":"Swift Potion"},{"floor":35,"key":"PowerPotion"},{"floor":36,"key":"SpeedPotion"},{"floor":37,"key":"CultistPotion"},{"floor":39,"key":"Fire Potion"},{"floor":40,"key":"Dexterity Potion"},{"floor":48,"key":"DuplicationPotion"}],"is_trial":false,"path_per_floor":["M","M","$","?","?","E","R","E","T","E","M","$","E","T","R_BF","B",null,"M","M","?","?","$","E","R","M","T","AVR","M","E","R","M","R","B",null,"M","?","M","?","M","E","R","E","T","M","R","$","R","M","R","B",null],"character_chosen":"THE_SIMPLETON","items_purchased":["conspire:Banana","MerchantsRug","StuffTheSpire:BottledEssence","ReplayTheSpireMod:CursedCoin","TheSimpletonMod:HotPotato","SpikesRelics:DaevaFist","halation:Diary","aspiration:AnachronicSnailShell"],"campfire_rested":2,"item_purchase_floors":[3,12,12,22,22,22,46,46],"current_hp_per_floor":[70,68,68,68,68,53,53,56,61,61,63,63,66,66,66,70,100,99,91,64,64,64,45,45,17,17,17,7,26,56,73,73,56,109,93,73,68,80,85,82,82,96,96,95,95,95,95,103,133,137],"gold":566,"neow_bonus":"ONE_RANDOM_RARE_CARD","is_daily":false,"chose_seed":false,"campfire_upgraded":7,"win_rate":0.0,"timestamp":1611507312,"path_taken":["M","M","$","?","?","E","R","E","T","E","?","$","E","?","R_BF","BOSS","M","?","?","?","$","E","R","M","T","AVR","M","E","R","M","R","BOSS","M","?","M","?","M","E","R","E","T","?","R","$","R","M","R","BOSS"],"items_purchased_type":["Card","Relic","Relic","Relic","Relic","Relic","Relic","Relic"],"build_version":"2020-12-22","purchased_purges":3,"victory":true,"max_hp_per_floor":[75,75,75,75,75,76,76,78,83,85,87,87,91,91,91,95,100,104,108,108,87,87,91,91,93,93,93,95,101,101,105,105,109,109,113,113,117,117,121,125,125,127,127,129,129,129,129,133,133,137],"relic_stats":{"Dream Catcher":2,"counters":[25,132],"Ornamental Fan":[264],"Letter Opener":[618],"Kunai":[34],"Cursed Key":1,"obtain_stats":[{"halation:Diary":46,"Tiny House":17,"hubris:CrystalStatue":23,"TheSimpletonMod:SpudOfTheMartyr":26,"aspiration:TomeofQuesting":40,"StuffTheSpire:BottledEssence":12,"EVO:Axolotl":0,"Replay:Mystery Machine":20,"Cursed Key":27,"TheSimpletonMod:TheHarvester":0,"Replay:Wanted Poster":34,"Dream Catcher":14,"aspiration:AnachronicSnailShell":46,"TheSimpletonMod:SpudOfTheInnocent":0,"Kunai":29,"TheSimpletonMod:NightSoil":0,"StuffTheSpire:NeowsTribute":36,"BicycleWheel":42,"MerchantsRug":12,"GiantMaggot":8,"ReplayTheSpireMod:CursedCoin":22,"The Courier":10,"Letter Opener":13,"TheSimpletonMod:Honeycomb":9,"White Beast Statue":27,"TheSimpletonMod:HotPotato":22,"infinitespire:EvilPickle":33,"Ornamental Fan":6,"Menagerie:MalignantTentacle":4,"SpikesRelics:DaevaFist":22,"Garlic":43},{"halation:Diary":23,"Tiny House":8,"hubris:CrystalStatue":11,"TheSimpletonMod:SpudOfTheMartyr":12,"aspiration:TomeofQuesting":21,"StuffTheSpire:BottledEssence":6,"EVO:Axolotl":0,"Replay:Mystery Machine":10,"Cursed Key":12,"TheSimpletonMod:TheHarvester":0,"Replay:Wanted Poster":16,"Dream Catcher":7,"aspiration:AnachronicSnailShell":23,"TheSimpletonMod:SpudOfTheInnocent":0,"Kunai":14,"TheSimpletonMod:NightSoil":0,"StuffTheSpire:NeowsTribute":18,"BicycleWheel":22,"MerchantsRug":6,"GiantMaggot":4,"ReplayTheSpireMod:CursedCoin":10,"The Courier":5,"Letter Opener":7,"TheSimpletonMod:Honeycomb":4,"White Beast Statue":12,"TheSimpletonMod:HotPotato":10,"infinitespire:EvilPickle":16,"Ornamental Fan":3,"Menagerie:MalignantTentacle":2,"SpikesRelics:DaevaFist":10,"Garlic":22},{"halation:Diary":120,"Tiny House":42,"hubris:CrystalStatue":57,"TheSimpletonMod:SpudOfTheMartyr":66,"aspiration:TomeofQuesting":110,"StuffTheSpire:BottledEssence":26,"EVO:Axolotl":0,"Replay:Mystery Machine":51,"Cursed Key":66,"TheSimpletonMod:TheHarvester":0,"Replay:Wanted Poster":90,"Dream Catcher":31,"aspiration:AnachronicSnailShell":120,"TheSimpletonMod:SpudOfTheInnocent":0,"Kunai":75,"TheSimpletonMod:NightSoil":0,"StuffTheSpire:NeowsTribute":96,"BicycleWheel":116,"MerchantsRug":26,"GiantMaggot":19,"ReplayTheSpireMod:CursedCoin":51,"The Courier":23,"Letter Opener":31,"TheSimpletonMod:Honeycomb":19,"White Beast Statue":66,"TheSimpletonMod:HotPotato":51,"infinitespire:EvilPickle":90,"Ornamental Fan":13,"Menagerie:MalignantTentacle":8,"SpikesRelics:DaevaFist":51,"Garlic":116}]},"card_choices":[{"not_picked":["TheSimpletonMod:Swelter","TheSimpletonMod:CloseScrape"],"picked":"TheSimpletonMod:Sunseed","floor":1.0},{"not_picked":["TheSimpletonMod:DoubleBarrel","TheSimpletonMod:DigIn"],"picked":"TheSimpletonMod:Innovate","floor":2.0},{"not_picked":["TheSimpletonMod:SlashAndBurn","TheSimpletonMod:GoToMarket"],"picked":"TheSimpletonMod:Onions","floor":6.0},{"not_picked":["TheSimpletonMod:DigIn","TheSimpletonMod:Fertilaser"],"picked":"TheSimpletonMod:Mulch","floor":8.0},{"not_picked":["TheSimpletonMod:Onions","TheSimpletonMod:DigIn"],"picked":"TheSimpletonMod:Rototilling","floor":10.0},{"not_picked":["TheSimpletonMod:SlashAndBurn","TheSimpletonMod:Fertilaser"],"picked":"TheSimpletonMod:Aerate","floor":11.0},{"not_picked":["TheSimpletonMod:RootDown","TheSimpletonMod:KeenEdge"],"picked":"TheSimpletonMod:BuzzBomb","floor":13.0},{"not_picked":["TheSimpletonMod:ResearchGrant","TheSimpletonMod:ErosionControl"],"picked":"TheSimpletonMod:Photosynthesis","floor":16.0},{"not_picked":["TheSimpletonMod:SpiceUp","TheSimpletonMod:Germinate"],"picked":"TheSimpletonMod:SoilSample","floor":17.0},{"not_picked":["TheSimpletonMod:Thresh","TheSimpletonMod:DigIn+1"],"picked":"TheSimpletonMod:Innovate","floor":18.0},{"not_picked":["TheSimpletonMod:CullingStrike+1","TheSimpletonMod:Sunchoke","TheSimpletonMod:Aerate"],"picked":"SKIP","floor":19.0},{"not_picked":["TheSimpletonMod:Rake","TheSimpletonMod:CropRotation"],"picked":"TheSimpletonMod:BumperCrop+1","floor":20.0},{"not_picked":["TheSimpletonMod:Aerate","TheSimpletonMod:Ferment"],"picked":"TheSimpletonMod:SeedCoat","floor":20.0},{"not_picked":["TheSimpletonMod:Aerate","TheSimpletonMod:Rake","TheSimpletonMod:SaladShooter+1"],"picked":"SKIP","floor":23.0},{"not_picked":["TheSimpletonMod:DoubleBarrel","TheSimpletonMod:CullingStrike"],"picked":"TheSimpletonMod:OnionBloom","floor":25.0},{"not_picked":["TheSimpletonMod:DoubleBarrel","TheSimpletonMod:Aerate"],"picked":"TheSimpletonMod:Germinate","floor":28.0},{"not_picked":["TheSimpletonMod:Rototilling","TheSimpletonMod:Asparagus"],"picked":"TheSimpletonMod:OnionBloom+1","floor":29},{"not_picked":["TheSimpletonMod:Turnips+1","TheSimpletonMod:Thresh","TheSimpletonMod:SlashAndBurn"],"picked":"SKIP","floor":31},{"not_picked":["TheSimpletonMod:Asparagus","TheSimpletonMod:Photosynthesis"],"picked":"TheSimpletonMod:Fecundity","floor":33},{"not_picked":["TheSimpletonMod:CloseScrape","TheSimpletonMod:SaladShooter+1","TheSimpletonMod:Ferment"],"picked":"SKIP","floor":35},{"not_picked":["TheSimpletonMod:StockTheCellar","TheSimpletonMod:Pruning+1"],"picked":"TheSimpletonMod:Polyculture+1","floor":36},{"not_picked":["TheSimpletonMod:SlashAndBurn+1","TheSimpletonMod:CloseScrape+1"],"picked":"TheSimpletonMod:Fertilaser+1","floor":37},{"not_picked":["TheSimpletonMod:VineRipen","TheSimpletonMod:RootDown+1","TheSimpletonMod:Innovate"],"picked":"SKIP","floor":39},{"not_picked":["TheSimpletonMod:RootDown","TheSimpletonMod:DoubleBarrel+1","TheSimpletonMod:Pruning+1"],"picked":"SKIP","floor":40},{"not_picked":["TheSimpletonMod:Onions","TheSimpletonMod:Polyculture+1"],"picked":"TheSimpletonMod:Mulch","floor":42},{"not_picked":["TheSimpletonMod:OnionBloom","TheSimpletonMod:Sunseed","TheSimpletonMod:ToughenUp+1"],"picked":"SKIP","floor":44},{"not_picked":["TheSimpletonMod:BumperCrop+1","TheSimpletonMod:Pruning+1","TheSimpletonMod:ToughenUp+1"],"picked":"SKIP","floor":48},{"not_picked":["TheSimpletonMod:ControlledBurn","TheSimpletonMod:Sunchoke"],"picked":"TheSimpletonMod:Sunseed+1","floor":49}],"player_experience":385245,"relics_obtained":[{"floor":6.0,"key":"Ornamental Fan"},{"floor":8.0,"key":"GiantMaggot"},{"floor":9.0,"key":"TheSimpletonMod:Honeycomb"},{"floor":10.0,"key":"The Courier"},{"floor":13.0,"key":"Letter Opener"},{"floor":14.0,"key":"Dream Catcher"},{"floor":20.0,"key":"Replay:Mystery Machine"},{"floor":23.0,"key":"hubris:CrystalStatue"},{"floor":26.0,"key":"TheSimpletonMod:SpudOfTheMartyr"},{"floor":29,"key":"Kunai"},{"floor":36,"key":"StuffTheSpire:NeowsTribute"},{"floor":40,"key":"aspiration:TomeofQuesting"},{"floor":42,"key":"BicycleWheel"},{"floor":43,"key":"Garlic"}],"event_choices":[{"damage_healed":0.0,"max_hp_gain":0.0,"max_hp_loss":0.0,"gold_gain":0.0,"event_name":"Menagerie:CorruptingLight","player_choice":"Enter","floor":4.0,"gold_loss":0.0,"damage_taken":0.0,"cards_upgraded":["TheSimpletonMod:Strike_TheSimpleton","TheSimpletonMod:CrackOfDawn"],"relics_obtained":["Menagerie:MalignantTentacle"]},{"damage_healed":0,"gold_gain":0,"player_choice":"Fight","damage_taken":0,"max_hp_gain":0,"max_hp_loss":0,"event_name":"Mysterious Sphere","floor":36,"gold_loss":0}],"is_beta":false,"boss_relics":[{"not_picked":["halation:PlatinumPhoenix","hubris:Stopwatch"],"picked":"Tiny House"},{"not_picked":["hubris:BlackHole","halation:Yufonium"],"picked":"Replay:Wanted Poster"}],"items_purged_floors":[22,27,46],"is_endless":false,"potions_floor_spawned":[8,10,11,13,16,18,23,28,29,31,33,35,36,37,39,40,42,44,48],"ascension_level":2}}