{"host":"minbhrtlkaoly5f0","time":1611508851,"event":{"mods":["Act Like it!","BaseMod","Colored Map","Lobotomy","LobotomyExtend","Minty Spire (QoL Compilation)","Quick Restart","StSLib"],"gold_per_floor":[114,64,77,88,104,138,148,162,173,98,114,134,146,146,170,170,170,187,187,199,199,301,301,320,395,410,422,322,322,338,338,365,365,376,376,251,267,267,267,267],"floor_reached":16,"language":"ZHS","playtime":1225,"items_purged":["SpecialBullet","SpecialBullet","UniverseFragment"],"score":126,"play_id":"23fceabc-217e-4ed8-9380-61fc562298a7","local_time":"20210125012051","is_ascension_mode":false,"campfire_choices":[],"circlet_count":0,"master_deck":["SpecialBullet","SpecialBullet","SpecialBullet","SpecialBullet","SpecialBullet","InformationCode","SecurityCode","DisciplinaryCode","BloodyDesire","Scorched","FourthMatchFlame","CrumblingArmor","GreedKing","Moonlight+1","WelfareCode","SingingMachine","Reverberation","CentralCode","FourthMatchFlame","ControlCode","TT2Protocol","RecordCode","Pinks","CurseOfTheBell","LifeForTheDareDevil","DaCapo","ExtractionCode","BodiesMountain","SpiderBud","TrainingCode"],"relics":["CogitoBucket","NeowsBlessing","Gambling Chip","ShedSkin_r","LuminousBracelet","BackwardClock","Calling Bell","Anchor","White Beast Statue","Incense Burner","LetterFromLob","FleshIdol","Dream Catcher","Moonlight_r"],"acts_visited":["Exordium","TheBeyond"],"potions_floor_usage":[3,3,16,16,16],"damage_taken":[{"damage":0.0,"enemies":"Jaw Worm","floor":1.0,"turns":1.0},{"damage":0.0,"enemies":"2 Louse","floor":3.0,"turns":1.0},{"damage":0.0,"enemies":"Cultist","floor":4.0,"turns":1.0},{"damage":12.0,"enemies":"Blue Slaver","floor":5.0,"turns":2.0},{"damage":23.0,"enemies":"Lagavulin","floor":6.0,"turns":3.0},{"damage":0.0,"enemies":"Small Slimes","floor":1.0,"turns":1.0},{"damage":0.0,"enemies":"Cultist","floor":2.0,"turns":3.0},{"damage":12.0,"enemies":"2 Louse","floor":3.0,"turns":2.0},{"damage":12.0,"enemies":"2 Fungi Beasts","floor":5.0,"turns":2.0},{"damage":0.0,"enemies":"Large Slime","floor":6.0,"turns":2.0},{"damage":23.0,"enemies":"3 Louse","floor":7.0,"turns":4.0},{"damage":10.0,"enemies":"2 Fungi Beasts","floor":12.0,"turns":2.0},{"damage":0.0,"enemies":"Exordium Wildlife","floor":14.0,"turns":1.0},{"damage":32.0,"enemies":"The Guardian","floor":16.0,"turns":7.0},{"damage":0.0,"enemies":"Small Slimes","floor":1.0,"turns":2.0},{"damage":45,"enemies":"Jaw Worm","floor":3,"turns":5},{"damage":12,"enemies":"Cultist","floor":4,"turns":3},{"damage":1,"enemies":"Looter","floor":7,"turns":1},{"damage":0,"enemies":"Blue Slaver","floor":11,"turns":2},{"damage":4,"enemies":"Large Slime","floor":14,"turns":2},{"damage":54,"enemies":"Hexaghost","floor":16,"turns":4}],"seed_played":"-7898998698347209991","potions_obtained":[{"floor":4.0,"key":"DuplicationPotion"},{"floor":5.0,"key":"Explosive Potion"},{"floor":1.0,"key":"Swift Potion"},{"floor":2.0,"key":"Fire Potion"},{"floor":7.0,"key":"Regen Potion"},{"floor":16.0,"key":"Swift Potion"},{"floor":3,"key":"Swift Potion"},{"floor":4,"key":"Ancient Potion"}],"is_trial":false,"path_per_floor":["M","?","M","M","M","E","M","M","M","M","$","M","M","M","R","T","?","R","M","R","M","R","B",null,"M","M","?","M","M","$","R","M","R","T","E","M","R","$","M","R","B"],"character_chosen":"Angela","items_purchased":[],"campfire_rested":0,"item_purchase_floors":[],"current_hp_per_floor":[70,70,70,70,66,51,87,87,83,83,79,87,85,85,85,84,84,82,82,84,84,78,84,84,73,45,42,42,42,49,49,49,30,30,30,30,43,43,0,0],"gold":267,"neow_bonus":"THREE_ENEMY_KILL","is_daily":false,"chose_seed":false,"campfire_upgraded":0,"win_rate":0.0,"timestamp":1611508851,"path_taken":["M","?","M","M","M","E","M","M","M","M","$","M","M","M","R","T","?","R","M","R","M","R","BOSS","M","M","?","M","M","$","R","?","R","T","E","M","R","$","M","R","BOSS"],"items_purchased_type":[],"build_version":"2020-12-22","purchased_purges":3,"victory":false,"max_hp_per_floor":[70,70,70,70,70,70,87,87,87,87,87,87,87,87,87,84,84,84,84,84,84,84,84,84,84,84,84,84,84,84,84,84,84,84,84,84,84,84,84,84],"card_choices":[{"not_picked":["Diffraction","RapturousDream"],"picked":"SKIP","floor":1.0},{"not_picked":["CUTE"],"picked":"BloodyDesire","floor":3.0},{"not_picked":["OSAHOGD","MeatLantern"],"picked":"Scorched","floor":3.0},{"not_picked":["SpiderBud","Yin"],"picked":"UniverseFragment","floor":4.0},{"not_picked":["Discord"],"picked":"FourthMatchFlame","floor":4.0},{"not_picked":["MeatLantern","SnowQueen"],"picked":"CrumblingArmor","floor":5.0},{"not_picked":["Wingbeat","Loneliness"],"picked":"SKIP","floor":5.0},{"not_picked":["WhitesApple","CENSORED"],"picked":"GreedKing","floor":6.0},{"not_picked":["InTheNameOfLoveAndHate","Amita"],"picked":"SKIP","floor":6.0},{"not_picked":["Justitia"],"picked":"Moonlight","floor":1.0},{"not_picked":["ScreamingWedge","MagicBullet"],"picked":"SKIP","floor":2.0},{"not_picked":["BeautyBeast","HappyTeddy"],"picked":"SingingMachine","floor":3.0},{"not_picked":["Lantern","TodaysExpression"],"picked":"SKIP","floor":3.0},{"not_picked":["RedEyes"],"picked":"Reverberation","floor":5.0},{"not_picked":["WristCuter"],"picked":"FourthMatchFlame","floor":6.0},{"not_picked":["Lantern","CUTE"],"picked":"SKIP","floor":7.0},{"not_picked":["Horn","Wingbeat"],"picked":"SKIP","floor":12.0},{"not_picked":["Justitia","Noise"],"picked":"SKIP","floor":14.0},{"not_picked":["ParadiseLost"],"picked":"Pinks","floor":16.0},{"not_picked":["Loneliness","Diffraction"],"picked":"SKIP","floor":1.0},{"not_picked":["BlueScar"],"picked":"LifeForTheDareDevil","floor":3},{"not_picked":["Galaxy","SomewhereSpear"],"picked":"SKIP","floor":4},{"not_picked":["WristCuter"],"picked":"DaCapo","floor":7},{"not_picked":["WallGazer","Variant"],"picked":"BodiesMountain","floor":11},{"not_picked":["Regret_ego","Penitence"],"picked":"SKIP","floor":11},{"not_picked":["QueenBee","RedShoes"],"picked":"SpiderBud","floor":14},{"not_picked":["SomewhereSpear","Soda"],"picked":"SKIP","floor":14}],"player_experience":46385,"relics_obtained":[{"floor":1.0,"key":"LetterFromLob"},{"floor":6.0,"key":"Gambling Chip"},{"floor":1.0,"key":"LetterFromLob"},{"floor":17.0,"key":"Anchor"},{"floor":17.0,"key":"White Beast Statue"},{"floor":17.0,"key":"Incense Burner"},{"floor":1.0,"key":"LetterFromLob"},{"floor":9,"key":"Dream Catcher"}],"event_choices":[{"cards_removed":["SpecialBullet"],"damage_healed":0.0,"max_hp_gain":0.0,"max_hp_loss":0.0,"gold_gain":0.0,"event_name":"The Cleric","player_choice":"Card Removal","floor":2.0,"gold_loss":50.0,"damage_taken":0.0},{"cards_removed":["Parasite"],"damage_healed":0.0,"max_hp_gain":0.0,"max_hp_loss":0.0,"gold_gain":0.0,"event_name":"Fountain of Cleansing","player_choice":"Removed Curses","floor":10.0,"gold_loss":0.0,"damage_taken":0.0},{"damage_healed":0.0,"max_hp_gain":0.0,"max_hp_loss":0.0,"gold_gain":75.0,"event_name":"World of Goop","player_choice":"Gather Gold","floor":2.0,"gold_loss":0.0,"damage_taken":11.0}],"is_beta":false,"boss_relics":[{"not_picked":["Astrolabe","Velvet Choker"],"picked":"Calling Bell"}],"items_purged_floors":[4,5,13],"is_endless":false,"potions_floor_spawned":[4,5,1,2,7,14,16,1,3,4,7,11,14],"killed_by":"Hexaghost","ascension_level":0}}