{"host":"t9zjxed0utvsfjwc","time":1611500620,"event":{"mods":["2.2 Compatiblity","Aspiration","BaseMod","Better Altar","Better Match","Better Note","Better Sensory Stone","Better Skull","Better Third Choice","Block Reminder","Colored Map","Colored Powertips","Custom Start","Hermit","Highlight Path","Hubris","Infinite Spire","Minty Spire (QoL Compilation)","Quick Restart","Rare Cards Sparkle","Replay The Spire","Shade Mod","StSLib","The Cursed","The Disciple","The Marked","The Runesmith","Unceasing Turn Reminder","everything is the same but u backflip on backflip"],"gold_per_floor":[115,290,4,22,22,22,22,66,90,129,129,147,185,215,215,346,346,366,366,40,54,67,67,67],"floor_reached":23,"language":"ENG","playtime":714,"items_purged":[],"score":244,"play_id":"604e9837-29b6-4a36-a932-3d1ab3a4c68d","local_time":"20210124150340","is_ascension_mode":true,"campfire_choices":[{"data":"Armaments","floor":6,"key":"SMITH"},{"data":"Flame Barrier","floor":11,"key":"SMITH"}],"circlet_count":0,"master_deck":["Strike_R","Strike_R","Strike_R","Strike_R","Strike_R","Defend_R","Defend_R","Defend_R","Bash","Armaments+1","Doubt","Flame Barrier+1","ReplayTheSpireMod:Limb From Limb","Demon Form+1","Demon Form","Burning Pact+1","ReplayTheSpireMod:Chaos Vortex+1","True Grit+1","Heavy Blade"],"relics":["Burning Blood","NeowsBlessing","Brimstone","Bag of Preparation","Golden Idol","aspiration:Lifesprig","King of Hearts","aspiration:TomeofQuesting","MealTicket","Toxic Egg 2","SacredBark","Unceasing Top"],"acts_visited":["Exordium","TheCity"],"potions_floor_usage":[10,13,18,18],"damage_taken":[{"damage":0,"enemies":"2 Louse","floor":1,"turns":1},{"damage":0,"enemies":"Small Slimes","floor":4,"turns":1},{"damage":0,"enemies":"Gremlin Nob","floor":8,"turns":1},{"damage":24,"enemies":"Lagavulin","floor":10,"turns":6},{"damage":4,"enemies":"Jaw Worm","floor":12,"turns":3},{"damage":19,"enemies":"3 Sentries","floor":13,"turns":7},{"damage":52,"enemies":"The Guardian","floor":16,"turns":5},{"damage":33,"enemies":"2 Thieves","floor":18,"turns":4},{"damage":16,"enemies":"3 Byrds","floor":21,"turns":5},{"damage":46,"enemies":"Shelled Parasite and Fungi","floor":22,"turns":6},{"damage":21,"enemies":"Slavers","floor":23,"turns":3}],"seed_played":"2445906585633653553","potions_obtained":[{"floor":4,"key":"CultistPotion"},{"floor":12,"key":"GamblersBrew"},{"floor":13,"key":"BloodPotion"},{"floor":16,"key":"LiquidMemories"},{"floor":18,"key":"Elixir"}],"is_trial":false,"path_per_floor":["M","?","$","M","?","R","?","E","T","E","R","M","E","?","R_BF","B",null,"M","?","$","M","M","E"],"character_chosen":"IRONCLAD","items_purchased":["Brimstone","Bag of Preparation","Unceasing Top","True Grit+1"],"campfire_rested":0,"item_purchase_floors":[3,3,20,20],"current_hp_per_floor":[80,80,80,80,60,60,60,66,66,48,48,50,53,53,77,31,80,53,53,68,58,18,0,0],"gold":67,"neow_bonus":"THREE_ENEMY_KILL","is_daily":false,"chose_seed":false,"campfire_upgraded":2,"win_rate":0.0,"timestamp":1611500620,"path_taken":["M","?","$","M","?","R","?","E","T","E","R","M","E","?","R_BF","BOSS","M","?","$","?","M","E"],"items_purchased_type":["Relic","Relic","Relic","Card"],"build_version":"2020-12-22","purchased_purges":0,"victory":false,"max_hp_per_floor":[80,80,80,80,80,80,80,80,80,80,80,80,80,80,80,80,80,80,80,80,80,80,80,80],"card_choices":[{"not_picked":["Replay:Undeath\u0027s Touch","True Grit"],"picked":"Armaments","floor":1},{"not_picked":["Evolve","Headbutt","Impervious"],"picked":"SKIP","floor":4},{"not_picked":["Spot Weakness","ReplayTheSpireMod:Corrosion Curse","Replay:Undeath\u0027s Touch"],"picked":"SKIP","floor":8},{"not_picked":["True Grit","Wild Strike"],"picked":"Flame Barrier","floor":10},{"not_picked":["Anger","Twin Strike"],"picked":"ReplayTheSpireMod:Limb From Limb","floor":12},{"not_picked":["Pummel","ReplayTheSpireMod:Limb From Limb"],"picked":"Demon Form","floor":13},{"not_picked":["Immolate","Offering+1"],"picked":"Demon Form","floor":16},{"not_picked":["Clash","Dual Wield+1"],"picked":"Burning Pact+1","floor":18},{"not_picked":["Wild Strike","Dual Wield+1"],"picked":"Heavy Blade","floor":21},{"not_picked":["Havoc+1","Cleave","Body Slam"],"picked":"SKIP","floor":22}],"player_experience":410767,"relics_obtained":[{"floor":8,"key":"aspiration:Lifesprig"},{"floor":9,"key":"King of Hearts"},{"floor":10,"key":"aspiration:TomeofQuesting"},{"floor":13,"key":"MealTicket"}],"event_choices":[{"damage_healed":0,"gold_gain":175,"player_choice":"AGREE","damage_taken":115,"max_hp_gain":0,"max_hp_loss":0,"event_name":"betterThird:BetterSerpent","floor":2,"gold_loss":0},{"damage_healed":0,"gold_gain":0,"player_choice":"Take Damage","damage_taken":20,"relics_obtained":["Golden Idol"],"max_hp_gain":0,"max_hp_loss":0,"event_name":"Golden Idol","floor":5,"gold_loss":0},{"cards_removed":["Defend_R"],"damage_healed":0,"gold_gain":0,"player_choice":"Forget","damage_taken":0,"max_hp_gain":0,"max_hp_loss":0,"event_name":"Living Wall","floor":7,"gold_loss":0},{"damage_healed":0,"gold_gain":30,"player_choice":"Searched \u00273\u0027 times","damage_taken":0,"relics_obtained":["Toxic Egg 2"],"max_hp_gain":0,"max_hp_loss":0,"event_name":"Dead Adventurer","floor":14,"gold_loss":0},{"cards_removed":["Demon Form"],"damage_healed":0,"gold_gain":0,"player_choice":"Take \u0026 Give","damage_taken":0,"max_hp_gain":0,"max_hp_loss":0,"event_name":"betterNote:BetterNote","floor":19,"gold_loss":0,"cards_obtained":["ReplayTheSpireMod:Chaos Vortex"]}],"is_beta":false,"boss_relics":[{"not_picked":["Pandora\u0027s Box","infinitespire:Cupcake"],"picked":"SacredBark"}],"items_purged_floors":[],"is_endless":false,"potions_floor_spawned":[4,12,13,16,18],"killed_by":"Slavers","ascension_level":1}}