{"host":"zr590xw2unlz0wv7","time":1611462687,"event":{"mods":["BaseMod","Minty Spire (QoL Compilation)","READ ME - Guardian Mod","StSLib"],"gold_per_floor":[13,13,13,0,16,16,16,16,84,100,100,138,138,157,157,278,278,293,293,68,87,108,108,108],"floor_reached":23,"language":"ZHS","playtime":759,"items_purged":["Pain"],"score":239,"play_id":"03a85be2-274a-422d-9141-4635d4f1260c","local_time":"20210124123127","is_ascension_mode":true,"campfire_choices":[{"data":"Genetic Algorithm","floor":6.0,"key":"SMITH"},{"floor":11.0,"key":"REST"},{"floor":13.0,"key":"REST"},{"floor":15.0,"key":"REST"}],"circlet_count":0,"master_deck":["Strike_B","Defend_B","Defend_B","Defend_B","Defend_B","Zap","Dualcast","Ball Lightning","Genetic Algorithm+1","Defragment","Hologram","Buffer","Thunder Strike","Electrodynamics"],"relics":["Cracked Core","Golden Idol","Ornamental Fan","Gambling Chip","Runic Pyramid","WarpedTongs"],"acts_visited":["Exordium","TheCity"],"potions_floor_usage":[23],"damage_taken":[{"damage":1.0,"enemies":"Cultist","floor":1.0,"turns":3.0},{"damage":2.0,"enemies":"Jaw Worm","floor":5.0,"turns":3.0},{"damage":21.0,"enemies":"Small Slimes","floor":8.0,"turns":3.0},{"damage":2.0,"enemies":"3 Louse","floor":10.0,"turns":3.0},{"damage":11.0,"enemies":"Gremlin Nob","floor":12.0,"turns":3.0},{"damage":11.0,"enemies":"Looter","floor":14.0,"turns":3.0},{"damage":20.0,"enemies":"Slime Boss","floor":16.0,"turns":10.0},{"damage":8.0,"enemies":"Spheric Guardian","floor":18.0,"turns":4.0},{"damage":9.0,"enemies":"Shell Parasite","floor":21.0,"turns":5.0},{"damage":41,"enemies":"Shelled Parasite and Fungi","floor":22,"turns":7},{"damage":11,"enemies":"Book of Stabbing","floor":23,"turns":4}],"seed_played":"-8802678919414438871","potions_obtained":[{"floor":10.0,"key":"Fire Potion"},{"floor":21.0,"key":"SkillPotion"}],"is_trial":false,"path_per_floor":["M","?","?","?","M","R","?","M","T","M","R","E","R","M","R","B",null,"M","?","$","M","M","E"],"character_chosen":"DEFECT","items_purchased":["Electrodynamics"],"campfire_rested":3,"item_purchase_floors":[20],"current_hp_per_floor":[74,56,49,49,47,47,40,19,19,17,39,28,50,39,61,41,67,59,59,59,50,9,0,0],"gold":108,"neow_bonus":"REMOVE_TWO","is_daily":false,"chose_seed":false,"campfire_upgraded":1,"win_rate":0.0,"timestamp":1611462687,"path_taken":["M","?","?","?","M","R","?","M","T","M","R","E","R","M","R","BOSS","M","?","$","M","M","E"],"items_purchased_type":["Card"],"build_version":"2020-12-22","purchased_purges":1,"victory":false,"max_hp_per_floor":[75,75,75,75,75,75,75,75,75,75,75,75,75,75,75,75,75,75,75,75,75,75,75,75],"card_choices":[{"not_picked":["Go for the Eyes","Sweeping Beam"],"picked":"Ball Lightning","floor":1.0},{"not_picked":["Melter","Sweeping Beam"],"picked":"Genetic Algorithm","floor":5.0},{"not_picked":["Streamline","Gash","Conserve Battery"],"picked":"SKIP","floor":8.0},{"not_picked":["Skim","Beam Cell"],"picked":"Defragment","floor":10.0},{"not_picked":["Blizzard","Rip and Tear"],"picked":"Hologram","floor":12.0},{"not_picked":["Hello World","Cold Snap"],"picked":"Buffer","floor":14.0},{"not_picked":["Hyperbeam","Seek"],"picked":"Thunder Strike","floor":16.0},{"not_picked":["Stack","Self Repair","Turbo"],"picked":"SKIP","floor":18.0},{"not_picked":["Sweeping Beam","Skim+1","Rebound"],"picked":"SKIP","floor":21.0},{"not_picked":["Rebound+1","Hologram","Steam"],"picked":"SKIP","floor":22}],"player_experience":541495,"relics_obtained":[{"floor":12.0,"key":"Gambling Chip"}],"event_choices":[{"damage_healed":0.0,"max_hp_gain":0.0,"max_hp_loss":0.0,"gold_gain":0.0,"event_name":"Golden Idol","player_choice":"Take Damage","floor":2.0,"gold_loss":0.0,"damage_taken":18.0,"relics_obtained":["Golden Idol"]},{"cards_removed":["Strike_B"],"damage_healed":0.0,"max_hp_gain":0.0,"max_hp_loss":0.0,"gold_gain":0.0,"event_name":"Golden Wing","player_choice":"Card Removal","floor":3.0,"gold_loss":0.0,"damage_taken":7.0},{"damage_healed":0.0,"max_hp_gain":0.0,"max_hp_loss":0.0,"gold_gain":0.0,"event_name":"World of Goop","player_choice":"Left Gold","floor":4.0,"gold_loss":13.0,"damage_taken":0.0},{"damage_healed":0.0,"max_hp_gain":0.0,"max_hp_loss":0.0,"gold_gain":0.0,"event_name":"Scrap Ooze","player_choice":"Success","floor":7.0,"gold_loss":0.0,"damage_taken":7.0,"relics_obtained":["Ornamental Fan"]},{"damage_healed":0.0,"max_hp_gain":0.0,"max_hp_loss":0.0,"gold_gain":0.0,"event_name":"Accursed Blacksmith","player_choice":"Rummage","floor":19.0,"gold_loss":0.0,"damage_taken":0.0,"relics_obtained":["WarpedTongs"],"cards_obtained":["Pain"]}],"is_beta":false,"boss_relics":[{"not_picked":["SlaversCollar","Snecko Eye"],"picked":"Runic Pyramid"}],"items_purged_floors":[20],"is_endless":false,"potions_floor_spawned":[8,10,21],"killed_by":"Book of Stabbing","ascension_level":5}}