{"host":"8aoim7owc9xd4zca","time":1611468037,"event":{"mods":["AchievementEnabler","BaseMod","Better Altar","Better Match","Better Note","Better Sensory Stone","Better Skull","Better Third Choice","Colored Powertips","Downfall","Highlight Path","Minty Spire (QoL Compilation)","Permanent Neow","Quick Restart","RNG Fix","Rare Cards Sparkle","Replay The Spire","StSLib","SuperFastMode","The Disciple","The Jungle","The Runesmith"],"gold_per_floor":[110,128,128,155,121,156,169,169,169,169,169,344,376,393,393,494,494,514,527,62,76,76,76,46,71,71,71,19,19,19],"floor_reached":29,"language":"ENG","playtime":2189,"items_purged":["Doubt"],"score":349,"play_id":"737a4882-ce8b-40a1-9199-c79a8e935800","local_time":"20210123220037","is_ascension_mode":false,"campfire_choices":[{"data":"Runesmith:CraftFirestone","floor":8,"key":"SMITH"},{"floor":10,"key":"REST"},{"floor":15,"key":"RECALL"},{"floor":23,"key":"REST"}],"circlet_count":0,"master_deck":["Runesmith:Strike_RS","Runesmith:Strike_RS","Runesmith:Strike_RS","Runesmith:Strike_RS","Runesmith:Defend_RS","Runesmith:Defend_RS","Runesmith:Defend_RS","Runesmith:Defend_RS","Runesmith:CraftFirestone+1","Runesmith:Fortify","Runesmith:EarthShield","Runesmith:HammerThrow","Runesmith:ChiselStab+1","Runesmith:EarthShield","Runesmith:Grindstone","Doubt","Pot Of Greed","Pot Of Greed","Runesmith:Supernova","Runesmith:ArcReactor","CommonCold","Decay","Runesmith:Reinforce+1","Runesmith:ChiselStab","Runesmith:HeatedChisel","Pot Of Greed","Runesmith:RunicBlueprint","Runesmith:Empowerment","ReplayTheSpireMod:IOU","Runesmith:Permafrost+1","Pain","Runesmith:ChaoticBlast","Runesmith:CraftProtectio"],"relics":["Runesmith:BrokenRuby","Bag of Marbles","Nunchaku","ReplayTheSpireMod:Lightbulb","Blue Doll","StoneCalendar","CultistMask","Grinning Jar","Replay:Ancient Bell","Replay:Wax Seal","Mummified Hand","Du-Vu Doll","Prayer Wheel","Orrery","WarpedTongs","Bronze Scales","Pantograph"],"acts_visited":["Exordium","Exordium"],"potions_floor_usage":[13,16,21,25,25],"damage_taken":[{"damage":0,"enemies":"2 Louse","floor":1,"turns":2},{"damage":6,"enemies":"Jaw Worm","floor":2,"turns":4},{"damage":7,"enemies":"3 Sentries","floor":6,"turns":7},{"damage":0,"enemies":"Cultist","floor":7,"turns":3},{"damage":8,"enemies":"Gremlin Nob","floor":13,"turns":4},{"damage":0,"enemies":"Lots of Slimes","floor":14,"turns":5},{"damage":9,"enemies":"The Guardian","floor":16,"turns":9},{"damage":9,"enemies":"theJungle:GiantWrat","floor":18,"turns":7},{"damage":9,"enemies":"Shell Parasite","floor":19,"turns":4},{"damage":30,"enemies":"Snake Plant","floor":21,"turns":4},{"damage":32,"enemies":"theJungle:Cassacara","floor":25,"turns":6},{"damage":4,"enemies":"theJungle:JungleHuntersEncounter","floor":29,"turns":1}],"seed_played":"-623866769920956225","potions_obtained":[{"floor":2,"key":"Energy Potion"},{"floor":6,"key":"sneckomod:MuddlingPotion"},{"floor":7,"key":"bronze:BurnAndBuffPotion"},{"floor":18,"key":"Dexterity Potion"},{"floor":24,"key":"Adrenaline Potion"},{"floor":24,"key":"Fire Potion"}],"is_trial":false,"path_per_floor":["M","M","?","T","$","E","M","R","T","R","?","?","E","M","R","B",null,"M","M","$","M","?","R","?","E","T","?","$","M"],"character_chosen":"RUNESMITH_CLASS","items_purchased":["Runesmith:ChiselStab+1","Prayer Wheel","Orrery","Runesmith:Permafrost+1","Runesmith:CraftProtectio"],"campfire_rested":2,"item_purchase_floors":[5,20,20,20,28],"current_hp_per_floor":[70,64,52,52,52,45,45,45,45,66,66,66,58,58,58,49,70,61,52,52,22,22,43,43,11,11,4,4,0,0],"gold":19,"neow_bonus":"RANDOM_COMMON_RELIC","is_daily":false,"chose_seed":false,"campfire_upgraded":1,"win_rate":0.0,"timestamp":1611468037,"path_taken":["M","M","?","?","?","E","?","R","T","R","?","?","E","M","R","BOSS","M","M","$","M","?","R","?","E","T","?","$","?"],"items_purchased_type":["Card","Relic","Relic","Card","Card"],"build_version":"2020-12-22","purchased_purges":1,"victory":false,"max_hp_per_floor":[70,70,70,70,70,70,70,70,70,70,70,70,70,70,70,70,70,70,70,70,70,70,70,70,70,70,70,70,70,70],"card_choices":[{"not_picked":["Runesmith:HeatExchange","Runesmith:Superposition"],"picked":"Runesmith:EarthShield","floor":1},{"not_picked":["Runesmith:RuneHurl","Runesmith:MakeshiftArmor"],"picked":"Runesmith:HammerThrow","floor":2},{"not_picked":["Runesmith:HammerThrow","Runesmith:Electrocute"],"picked":"Runesmith:EarthShield","floor":6},{"not_picked":["Runesmith:CraftIncendium","Runesmith:CraftSpiculum"],"picked":"Runesmith:Grindstone","floor":7},{"not_picked":["Runesmith:RuneHurl","Runesmith:DoubleUp"],"picked":"Runesmith:Supernova","floor":13},{"not_picked":["Runesmith:HammerThrow","Runesmith:MakeshiftArmor","Runesmith:Prism"],"picked":"SKIP","floor":14},{"not_picked":["Runesmith:MetallurgicalResearch","Runesmith:GenerateForcefield"],"picked":"Runesmith:ArcReactor","floor":16},{"not_picked":["ReplayTheSpireMod:Restless Dread","Delirium"],"picked":"CommonCold","floor":17},{"not_picked":["Normality","Voices"],"picked":"Doubt","floor":17},{"not_picked":["Replay:Hysterical Blindness","Parasite"],"picked":"Decay","floor":17},{"not_picked":["Runesmith:HammerThrow","Runesmith:Retool"],"picked":"Runesmith:Reinforce+1","floor":18},{"not_picked":["Runesmith:MakeshiftArmor+1","Runesmith:Repurpose"],"picked":"Runesmith:ChiselStab","floor":19},{"not_picked":["Runesmith:CraftMedicinae","Runesmith:ShiftingStrike+1"],"picked":"Runesmith:HeatedChisel","floor":20},{"not_picked":["Runesmith:ShiftingStrike","Runesmith:ChiselStab"],"picked":"Runesmith:RunicBlueprint","floor":20},{"not_picked":["Runesmith:Electrocute+1","Runesmith:UnstableHammer+1"],"picked":"Runesmith:Empowerment","floor":20},{"not_picked":["Runesmith:HeatExchange","Runesmith:Permafrost","Runesmith:MakeshiftArmor+1"],"picked":"SKIP","floor":21},{"not_picked":["Runesmith:Reinforce","Runesmith:HeatExchange","Runesmith:HammerThrow"],"picked":"SKIP","floor":21},{"not_picked":["Runesmith:EnergizedChisel","Runesmith:HammerThrow+1"],"picked":"Runesmith:ChaoticBlast","floor":25}],"player_experience":310394,"relics_obtained":[{"floor":4,"key":"ReplayTheSpireMod:Lightbulb"},{"floor":6,"key":"Blue Doll"},{"floor":9,"key":"StoneCalendar"},{"floor":13,"key":"Grinning Jar"},{"floor":25,"key":"Bronze Scales"},{"floor":26,"key":"Pantograph"}],"event_choices":[{"damage_healed":0,"gold_gain":0,"player_choice":"Relic ","damage_taken":12,"max_hp_gain":0,"max_hp_loss":0,"event_name":"betterThird:BetterScrap","floor":3,"gold_loss":0,"cards_obtained":["Burning Pact"]},{"damage_healed":0,"gold_gain":0,"player_choice":"Trade","damage_taken":0,"relics_obtained":["CultistMask"],"max_hp_gain":0,"max_hp_loss":0,"event_name":"FaceTrader","floor":11,"gold_loss":0},{"damage_healed":0,"gold_gain":175,"player_choice":"AGREE","damage_taken":169,"max_hp_gain":0,"max_hp_loss":0,"event_name":"betterThird:BetterSerpent","floor":12,"gold_loss":0},{"damage_healed":0,"gold_gain":0,"player_choice":"Rummage","damage_taken":0,"relics_obtained":["WarpedTongs"],"max_hp_gain":0,"max_hp_loss":0,"event_name":"Accursed Blacksmith","floor":22,"gold_loss":0,"cards_obtained":["Pain"]},{"damage_healed":0,"gold_gain":0,"player_choice":"Bought 2 Potions","damage_taken":0,"max_hp_gain":0,"max_hp_loss":0,"event_name":"The Woman in Blue","floor":24,"gold_loss":0},{"damage_healed":0,"gold_gain":0,"player_choice":"Damaged","damage_taken":7,"max_hp_gain":0,"max_hp_loss":0,"event_name":"Wheel of Change","floor":27,"gold_loss":0}],"is_beta":false,"boss_relics":[{"not_picked":["Replay:Grab Bag","Replay:Fungal Core"],"picked":"Replay:Ancient Bell"},{"not_picked":["Potion Belt","MawBank"],"picked":"Replay:Wax Seal"},{"not_picked":["Gremlin Horn","Molten Egg 2"],"picked":"Mummified Hand"},{"not_picked":["Runesmith:Locket","Replay:Multitool"],"picked":"Du-Vu Doll"}],"items_purged_floors":[20],"is_endless":false,"potions_floor_spawned":[2,6,7,18],"killed_by":"theJungle:JungleHuntersEncounter","ascension_level":0}}