{"host":"1zbtkd1m10h1d5gl","time":1611486437,"event":{"mods":["BaseMod","Colored Map","Downfall","Hermit","Hubris","Infinite Spire","Minty Spire (QoL Compilation)","Replay The Spire","StSLib","SuperFastMode"],"gold_per_floor":[99,110,140,28,39,39,39,57,57,81,4114,4149,4049,4049,4079,4200,4250,4250,4280,4280,4314,4314,4346,4371,4371,4419,4452,4452,4477,4477,4577,4603,4727,4727,4727,4757,4790,4825,4825,4873,4873,3801,3838,3838,3738,3789,3825,3865,3888,3888],"floor_reached":49,"language":"ENG","playtime":3260,"items_purged":["hermit:SprayPray","hermit:Defend_Hermit"],"score":711,"play_id":"a63bbdfa-8228-4f87-ae3a-33d1b1445b0b","local_time":"20210124030717","is_ascension_mode":false,"campfire_choices":[{"floor":1,"key":"RECALL"},{"data":"hermit:Showdown","floor":6,"key":"SMITH"},{"floor":13,"key":"REST"},{"data":"hermit:Snapshot","floor":18,"key":"SMITH"},{"data":"hermit:BlackWind","floor":25,"key":"SMITH"},{"data":"hermit:Headshot","floor":28,"key":"SMITH"},{"data":"hermit:Purgatory","floor":35,"key":"PURGE"}],"circlet_count":0,"master_deck":["hermit:Strike_Hermit+1","hermit:Strike_Hermit","hermit:Strike_Hermit","hermit:Strike_Hermit","hermit:Defend_Hermit","hermit:Defend_Hermit","hermit:Defend_Hermit","hermit:Snapshot+1","hermit:Covet","hermit:Feint","hermit:Ricochet","hermit:TrackingShot","expansioncontent:HyperBeam+1","hermit:Showdown+1","hermit:TrackingShot","hermit:LowProfile","hermit:CalledShot","Master of Strategy","Blind","hermit:FlashPowder","hermit:Quickdraw","hermit:Vantage","hermit:Headshot+1","hermit:Glare","Ghostly","Ghostly","Ghostly","Ghostly","Ghostly","hermit:BlackWind+1","hermit:Spite+1","hermit:Glare+1","hermit:Dive","hermit:PistolWhip+1","hermit:Roughhouse","hermit:HighCaliber+1","hermit:Horror+1","hermit:Enervate","hermit:Manifest+1","expansioncontent:DashGenerateEvil","hermit:Dive","Parasite","hermit:Scavenge+1","hermit:CursedWeapon"],"relics":["hermit:Momento","Strawberry","Shuriken","Replay:Bandana","Potion Belt","Juzu Bracelet","Frozen Eye","downfall:HeartBlessingRed","Tiny House","infinitespire:PuzzleCube","hubris:SlimyHat","ReplayTheSpireMod:Ring of Collecting","Ring of Hypnosis","hubris:TerracottaHorce","Replay:Multitool","Ring of Misfortune","PreservedInsect","Lantern","Sling","Replay:Bottled Flurry","downfall:TeleportStone","downfall:HeartBlessingGreen","MealTicket"],"acts_visited":["Exordium","TheCity","TheBeyond"],"potions_floor_usage":[11,16,16,16,16,19,21,33,33,33,38,43,47,47,47,47,47,49],"damage_taken":[{"damage":2,"enemies":"Small Slimes","floor":2,"turns":5},{"damage":5,"enemies":"downfall:FleeingMerchant","floor":4,"turns":4},{"damage":0,"enemies":"Cultist","floor":5,"turns":2},{"damage":3,"enemies":"Jaw Worm","floor":8,"turns":3},{"damage":0,"enemies":"2 Fungi Beasts","floor":10,"turns":1},{"damage":9,"enemies":"downfall:FleeingMerchant","floor":11,"turns":4},{"damage":0,"enemies":"Exordium Thugs","floor":12,"turns":3},{"damage":0,"enemies":"3 Louse","floor":15,"turns":2},{"damage":10,"enemies":"DF_ARCHETYPE_STREAMLINE","floor":16,"turns":5},{"damage":6,"enemies":"Chosen","floor":19,"turns":2},{"damage":30,"enemies":"Centurion and Healer","floor":21,"turns":4},{"damage":13,"enemies":"3 Cultists","floor":23,"turns":5},{"damage":13,"enemies":"Nightmare","floor":26,"turns":7},{"damage":6,"enemies":"Shelled Parasite and Fungi","floor":27,"turns":5},{"damage":9,"enemies":"Snecko","floor":29,"turns":7},{"damage":0,"enemies":"Centurion and Healer","floor":32,"turns":4},{"damage":5,"enemies":"IC_MUSHROOM_ARCHETYPE","floor":33,"turns":5},{"damage":6,"enemies":"3 Shapes","floor":36,"turns":3},{"damage":2,"enemies":"Orb Walker","floor":37,"turns":5},{"damage":9,"enemies":"Sphere and 2 Shapes","floor":38,"turns":4},{"damage":1,"enemies":"Reptomancer","floor":40,"turns":7},{"damage":3,"enemies":"downfall:FleeingMerchant","floor":42,"turns":4},{"damage":12,"enemies":"Writhing Mass","floor":43,"turns":4},{"damage":0,"enemies":"Giant Head","floor":46,"turns":5},{"damage":0,"enemies":"Transient","floor":47,"turns":5},{"damage":2,"enemies":"Maw","floor":48,"turns":6},{"damage":56,"enemies":"WA_ARCHETYPE_DIVINITY","floor":49,"turns":9}],"seed_played":"-3383882065105571937","potions_obtained":[{"floor":8,"key":"hexamod:SoulburnPotion"},{"floor":10,"key":"SkillPotion"},{"floor":12,"key":"Block Potion"},{"floor":15,"key":"Weak Potion"},{"floor":17,"key":"LiquidBronze"},{"floor":19,"key":"Toxic Potion"},{"floor":23,"key":"SpeedPotion"},{"floor":26,"key":"SpeedPotion"},{"floor":33,"key":"Swift Potion"},{"floor":36,"key":"Death Potion"},{"floor":38,"key":"BlessingOfTheForge"},{"floor":40,"key":"SmokeBomb"},{"floor":45,"key":"Languid Potion"},{"floor":45,"key":"Slimebound:ThreeZeroPotion"},{"floor":46,"key":"PowerPotion"}],"is_trial":false,"path_per_floor":["R","M","?","$","M","R","T","M","T","M","$","M","R","?","M","B",null,"R","M","AVR","M","?","M","T","R","NM","M","R","M","?","?","M","B",null,"R_BF","M","M","M","?","E","T","$","M","?","R","E","M","M","B"],"character_chosen":"HERMIT","items_purchased":["expansioncontent:HyperBeam","Master of Strategy","Potion Belt","Juzu Bracelet","Frozen Eye","PowerPotion","ColorlessPotion","Elixir","hermit:SprayPray","Blind","hermit:FlashPowder","Lantern","Sling","Guardian:BlockOnCardUsePotion","DistilledChaos","sneckomod:MuddlingPotion","expansioncontent:DashGenerateEvil","hermit:Dive","Replay:Bottled Flurry"],"campfire_rested":1,"item_purchase_floors":[4,11,11,11,11,11,11,11,11,11,11,42,42,42,42,42,42,42,42],"current_hp_per_floor":[75,73,80,75,75,75,75,72,72,72,63,63,82,82,82,72,87,87,81,81,51,100,87,87,87,74,68,68,59,59,59,59,54,89,89,83,81,72,72,71,71,68,56,56,56,56,56,54,0,0],"gold":3888,"neow_bonus":"THREE_CARDS","is_daily":false,"chose_seed":false,"campfire_upgraded":4,"win_rate":0.0,"timestamp":1611486437,"path_taken":["R","M","?","$","M","R","T","M","?","M","$","M","R","?","M","BOSS","R","M","AVR","M","?","M","T","R","NM","M","R","M","?","?","M","BOSS","R_BF","M","M","M","?","E","T","$","M","?","R","E","M","M","BOSS"],"items_purchased_type":["Card","Card","Relic","Relic","Relic","Potion","Potion","Potion","Card","Card","Card","Relic","Relic","Potion","Potion","Potion","Card","Card","Relic"],"build_version":"2020-12-22","purchased_purges":2,"victory":false,"max_hp_per_floor":[75,75,82,82,82,82,82,82,82,82,82,82,82,82,82,82,87,87,87,87,87,100,100,100,100,100,100,100,100,100,100,100,100,100,100,100,100,100,100,100,100,100,100,100,100,100,100,100,100,100],"card_choices":[{"not_picked":["hermit:Snipe","hermit:Headshot"],"picked":"hermit:Feint","floor":0},{"not_picked":["hermit:EyeOfTheStorm","hermit:LoneWolf"],"picked":"hermit:Ricochet","floor":2},{"not_picked":["hermit:SprayPray","hermit:CalledShot"],"picked":"hermit:TrackingShot","floor":4},{"not_picked":["hermit:Gestalt","hermit:Malice"],"picked":"hermit:Showdown","floor":5},{"not_picked":["hermit:Brawl","hermit:Glare"],"picked":"hermit:TrackingShot","floor":8},{"not_picked":["hermit:ItchyTrigger","hermit:Combo"],"picked":"hermit:LowProfile","floor":10},{"not_picked":["hermit:Roulette","hermit:Ricochet"],"picked":"hermit:CalledShot","floor":11},{"not_picked":["hermit:ItchyTrigger","hermit:Misfire"],"picked":"hermit:Quickdraw","floor":12},{"not_picked":["hermit:Feint","hermit:BigShot"],"picked":"hermit:Vantage","floor":15},{"not_picked":["hermit:Adapt","hermit:FatalDesire"],"picked":"hermit:Purgatory","floor":16},{"not_picked":["hermit:Deadeye","hermit:SprayPray"],"picked":"hermit:Headshot","floor":17},{"not_picked":["hermit:TrackingShot","hermit:HoleUp"],"picked":"hermit:Glare","floor":19},{"not_picked":["hermit:WideOpen","hermit:Glare+1"],"picked":"hermit:Dive","floor":21},{"not_picked":["hermit:HoleUp","hermit:Deadeye"],"picked":"hermit:BlackWind","floor":23},{"not_picked":["hermit:LoneWolf","hermit:Scavenge"],"picked":"hermit:Spite+1","floor":26},{"not_picked":["hermit:Headshot","hermit:Ricochet"],"picked":"hermit:Glare+1","floor":27},{"not_picked":["hermit:DeadMansHand","hermit:SprayPray+1"],"picked":"hermit:Dive","floor":29},{"not_picked":["hermit:Grudge","hermit:DeadMansHand+1"],"picked":"hermit:PistolWhip+1","floor":32},{"not_picked":["hermit:DeadOrAlive","hermit:Purgatory"],"picked":"hermit:Roughhouse","floor":33},{"not_picked":["hermit:Misfire","hermit:Dive+1"],"picked":"hermit:HighCaliber+1","floor":36},{"not_picked":["hermit:Headshot+1","hermit:Malice+1"],"picked":"hermit:Horror+1","floor":37},{"not_picked":["hermit:BigShot+1","hermit:Spite"],"picked":"hermit:Enervate","floor":38},{"not_picked":["hermit:NoHoldsBarred+1","hermit:FromBeyond"],"picked":"hermit:Manifest+1","floor":40},{"not_picked":["hermit:GhostlyPresence","hermit:Brawl+1","hermit:HoleUp+1"],"picked":"SKIP","floor":42},{"not_picked":["hermit:Glare+1","hermit:Feint"],"picked":"hermit:Scavenge+1","floor":43},{"not_picked":["hermit:Midnight+1","hermit:Dive","hermit:Horror"],"picked":"SKIP","floor":46},{"not_picked":["hermit:Midnight","hermit:Ricochet+1"],"picked":"hermit:CursedWeapon","floor":47},{"not_picked":["hermit:Horror+1","hermit:Cheat","hermit:BigShot+1"],"picked":"SKIP","floor":48}],"player_experience":11746,"relics_obtained":[{"floor":7,"key":"Shuriken"},{"floor":9,"key":"Replay:Bandana"},{"floor":24,"key":"infinitespire:PuzzleCube"},{"floor":26,"key":"hubris:SlimyHat"},{"floor":30,"key":"ReplayTheSpireMod:Ring of Collecting"},{"floor":30,"key":"Ring of Hypnosis"},{"floor":40,"key":"Replay:Multitool"},{"floor":41,"key":"Ring of Misfortune"},{"floor":41,"key":"PreservedInsect"},{"floor":46,"key":"MealTicket"}],"event_choices":[{"damage_healed":0,"gold_gain":0,"player_choice":"Became a Ghost","damage_taken":0,"max_hp_gain":0,"max_hp_loss":44,"event_name":"Ghosts","floor":22,"gold_loss":0,"cards_obtained":["Ghostly","Ghostly","Ghostly","Ghostly","Ghostly"]},{"cards_removed":["hermit:Dive"],"damage_healed":0,"gold_gain":0,"player_choice":"Removed Skill","damage_taken":0,"max_hp_gain":0,"max_hp_loss":0,"event_name":"Falling","floor":39,"gold_loss":0}],"is_beta":false,"boss_relics":[{"not_picked":["Kintsugi","hermit:BartenderGlass"],"picked":"Tiny House"},{"not_picked":["Snecko Eye","hubris:GrandSneckoEye"],"picked":"hubris:TerracottaHorce"}],"items_purged_floors":[11,42],"is_endless":true,"potions_floor_spawned":[8,10,12,15,19,23,26,33,36,38,40,46],"killed_by":"WA_ARCHETYPE_DIVINITY","ascension_level":0}}