{"host":"kpdd9z48kjnytdt3","time":1611492971,"event":{"mods":["AchievementEnabler","BaseMod","BetterRewards","Colored Map","Colored Powertips","Marisa????????","Minty Spire (QoL Compilation)","Permanent Neow","Quick Restart","StSLib","SuperFastMode","The Cursed","The Necromancer","The Servant 0.9.4","everything is the same but u backflip on backflip","slay the spire mod where everything is the same but ironclad has a cowboy hat"],"gold_per_floor":[110,185,202,215,215,215,235,235,235,198,218,218,238,238,238,333,333,344,344,360,288,288,288,321,29,29,48,60,75,75,86,86,188,188,206,7,0,19,32,32,63,75,75,75,90,90,90,90,90,90,90,90,42,72,72],"floor_reached":56,"language":"ENG","playtime":6488,"items_purged":[],"score":1364,"play_id":"50f29d95-7b01-4776-b09a-b12ca530038b","local_time":"20210124075611","is_ascension_mode":false,"campfire_choices":[{"data":"Read","floor":6.0,"key":"SMITH"},{"floor":8.0,"key":"RECALL"},{"floor":15.0,"key":"REST"},{"data":"FlawlessForm","floor":23.0,"key":"SMITH"},{"floor":30.0,"key":"REST"},{"floor":32.0,"key":"REST"},{"floor":40.0,"key":"REST"},{"floor":47.0,"key":"REST"},{"data":"KidneyShot","floor":49.0,"key":"SMITH"},{"data":"MurderousAura","floor":52.0,"key":"SMITH"}],"circlet_count":0,"master_deck":["Strike_S","Strike_S+1","Strike_S","Defend_S+1","Defend_S","Defend_S","Defend_S","KidneyShot+1","Exchange","Read+1","Starlight","DualDimension","Rewind","BottledTime","TimeWarp","GearUp","SoulSculpture","SilverBlades","FlawlessForm+1","Starlight","Revamp","ShiftingGears","SilverBlades","Ricochet","BottledTime+1","ShatteredReality+1","Sabotage","MurderousAura+1","Desolation+1","Rewind","FastForward+1","SurpressingFire+1","Sabotage+1"],"relics":["SplendidAttire","Pantograph","Enchiridion","Regal Pillow","Shuriken","Incense Burner","SacredBark","Omamori","Red Mask","Bottled Tornado","Letter Opener","Pen Nib"],"acts_visited":["Exordium","TheCity","TheBeyond","TheEnding"],"potions_floor_usage":[55],"damage_taken":[{"damage":1.0,"enemies":"Jaw Worm","floor":1.0,"turns":5.0},{"damage":4.0,"enemies":"Cultist","floor":3.0,"turns":3.0},{"damage":5.0,"enemies":"2 Louse","floor":4.0,"turns":4.0},{"damage":7.0,"enemies":"Lots of Slimes","floor":7.0,"turns":8.0},{"damage":0.0,"enemies":"Large Slime","floor":11.0,"turns":6.0},{"damage":2.0,"enemies":"Blue Slaver","floor":13.0,"turns":4.0},{"damage":44.0,"enemies":"Slime Boss","floor":16.0,"turns":25.0},{"damage":11.0,"enemies":"3 Byrds","floor":18.0,"turns":8.0},{"damage":2.0,"enemies":"Shell Parasite","floor":20.0,"turns":7.0},{"damage":12.0,"enemies":"Book of Stabbing","floor":24.0,"turns":10.0},{"damage":13.0,"enemies":"Snake Plant","floor":27.0,"turns":6.0},{"damage":2.0,"enemies":"3 Cultists","floor":28.0,"turns":5.0},{"damage":0.0,"enemies":"Centurion and Healer","floor":29.0,"turns":8.0},{"damage":27.0,"enemies":"Shelled Parasite and Fungi","floor":31.0,"turns":5.0},{"damage":35.0,"enemies":"Collector","floor":33.0,"turns":13.0},{"damage":10.0,"enemies":"Orb Walker","floor":35.0,"turns":3.0},{"damage":14.0,"enemies":"3 Shapes","floor":38.0,"turns":2.0},{"damage":28.0,"enemies":"Transient","floor":39.0,"turns":5.0},{"damage":33.0,"enemies":"Nemesis","floor":41.0,"turns":13.0},{"damage":34.0,"enemies":"Spire Growth","floor":42.0,"turns":6.0},{"damage":17.0,"enemies":"3 Darklings","floor":45.0,"turns":6.0},{"damage":62.0,"enemies":"Donu and Deca","floor":50.0,"turns":8.0},{"damage":46.0,"enemies":"Shield and Spear","floor":54.0,"turns":8.0},{"damage":61,"enemies":"The Heart","floor":55,"turns":13}],"seed_played":"8563946148750730002","potions_obtained":[{"floor":1.0,"key":"EssenceOfSteel"},{"floor":4.0,"key":"ColorlessPotion"},{"floor":13.0,"key":"Fire Potion"},{"floor":16.0,"key":"LiquidMemories"},{"floor":20.0,"key":"FairyPotion"},{"floor":29.0,"key":"Explosive Potion"},{"floor":31.0,"key":"Block Potion"},{"floor":33.0,"key":"CultistPotion"},{"floor":39.0,"key":"Block Potion"},{"floor":42.0,"key":"EntropicBrew"},{"floor":45.0,"key":"Swift Potion"}],"is_trial":false,"path_per_floor":["M","?","M","M","?","R","M","R","T","$","M","?","M","?","R","B",null,"M","?","M","$","?","R","E","$","T","M","M","M","R","M","R","B",null,"M","$","?","M","M","R","E","M","T","?","M","?","R","?","R","B",null,"R","$","E","B",null],"character_chosen":"THE_SERVANT","items_purchased":["Read","Starlight","DualDimension","GearUp","ShiftingGears","Shuriken","Ricochet","Omamori","Rewind","SteroidPotion"],"campfire_rested":5,"item_purchase_floors":[0,0,0,10,21,25,25,36,36,53],"current_hp_per_floor":[64,58,54,49,49,49,42,42,42,42,42,29,27,27,46,21,65,54,38,36,36,30,30,18,18,18,5,3,3,37,10,44,30,65,55,55,55,41,13,47,14,21,21,21,4,4,38,54,54,3,65,65,65,19,27],"gold":72,"neow_bonus":"","is_daily":false,"chose_seed":false,"campfire_upgraded":4,"win_rate":0.0,"timestamp":1611492971,"path_taken":["M","?","?","M","?","R","M","R","T","$","?","?","M","?","R","BOSS","M","?","M","$","?","R","E","$","T","M","M","?","R","M","R","BOSS","M","$","?","M","M","R","E","M","T","?","M","?","R","?","R","BOSS","R","$","E","BOSS"],"items_purchased_type":["Card","Card","Card","Card","Card","Relic","Card","Relic","Card","Potion"],"build_version":"2020-12-22","purchased_purges":0,"victory":true,"max_hp_per_floor":[65,65,65,65,65,65,65,65,65,65,65,65,65,65,65,65,65,65,65,65,65,65,65,65,65,65,65,65,65,65,65,65,65,65,65,65,65,65,65,65,65,65,65,65,65,65,65,65,65,65,65,65,65,65,65],"card_choices":[{"not_picked":["Rearm","Spin"],"picked":"Rewind","floor":1.0},{"not_picked":["Moonlight","Ricochet"],"picked":"BottledTime","floor":3.0},{"not_picked":["Gouge","Comet","Unruled"],"picked":"SKIP","floor":4.0},{"not_picked":["Rewind","Ricochet"],"picked":"TimeWarp","floor":7.0},{"not_picked":["FastForward","Rewind"],"picked":"SoulSculpture","floor":11.0},{"not_picked":["Rewind","DualDimension"],"picked":"SilverBlades","floor":13.0},{"not_picked":["Initiator","FloweringNight"],"picked":"FlawlessForm","floor":16.0},{"not_picked":["WasteNot","Defy"],"picked":"Starlight","floor":18.0},{"not_picked":["Reset","DualDimension"],"picked":"Revamp","floor":20.0},{"not_picked":["TimeWarp","DualDimension"],"picked":"SilverBlades","floor":24.0},{"not_picked":["Defy","FastForward","WasteNot"],"picked":"SKIP","floor":27.0},{"not_picked":["Rearm+1","DoubleEdge"],"picked":"BottledTime+1","floor":28.0},{"not_picked":["Rearm+1","DoubleEdge"],"picked":"ShatteredReality+1","floor":29.0},{"not_picked":["Collapse","ShatteredReality"],"picked":"Sabotage","floor":31.0},{"not_picked":["Duplication","Solidify"],"picked":"MurderousAura","floor":33.0},{"not_picked":["Rearm+1","Revamp"],"picked":"Desolation+1","floor":35.0},{"not_picked":["RealityMarble+1","Rearm+1"],"picked":"Barrier","floor":38.0},{"not_picked":["SilverBlades+1","Collapse"],"picked":"FastForward+1","floor":39.0},{"not_picked":["Starlight+1","Contraction"],"picked":"SurpressingFire+1","floor":41.0},{"not_picked":["Unruled+1","Potential+1","Sunlight"],"picked":"SKIP","floor":42.0},{"not_picked":["Rearm+1","ShatteredReality+1","Rewind"],"picked":"SKIP","floor":45.0},{"not_picked":["Barrier+1","Alleviate"],"picked":"Sabotage+1","floor":54.0}],"player_experience":93201,"relics_obtained":[{"floor":19.0,"key":"Enchiridion"},{"floor":24.0,"key":"Regal Pillow"},{"floor":26.0,"key":"Incense Burner"},{"floor":41.0,"key":"Bottled Tornado"},{"floor":43.0,"key":"Letter Opener"},{"floor":54.0,"key":"Pen Nib"}],"event_choices":[{"damage_healed":0.0,"max_hp_gain":0.0,"max_hp_loss":0.0,"gold_gain":75.0,"event_name":"FaceTrader","player_choice":"Touch","floor":2.0,"gold_loss":0.0,"damage_taken":6.0},{"cards_removed":["Strike_S"],"damage_healed":0.0,"max_hp_gain":0.0,"max_hp_loss":0.0,"gold_gain":0.0,"event_name":"Purifier","player_choice":"Purged","floor":5.0,"gold_loss":0.0,"damage_taken":0.0},{"damage_healed":0.0,"max_hp_gain":0.0,"max_hp_loss":0.0,"gold_gain":0.0,"event_name":"Shining Light","player_choice":"Entered Light","floor":12.0,"gold_loss":0.0,"damage_taken":13.0,"cards_upgraded":["Strike_S","Defend_S"]},{"damage_healed":0.0,"max_hp_gain":0.0,"max_hp_loss":0.0,"gold_gain":0.0,"event_name":"Dead Adventurer","player_choice":"Searched \u00272\u0027 times","floor":14.0,"gold_loss":0.0,"damage_taken":0.0,"relics_obtained":["Pantograph"]},{"damage_healed":0.0,"max_hp_gain":0.0,"max_hp_loss":0.0,"gold_gain":0.0,"event_name":"Cursed Tome","player_choice":"Obtained Book","floor":19.0,"gold_loss":0.0,"damage_taken":16.0},{"damage_healed":0.0,"max_hp_gain":0.0,"max_hp_loss":0.0,"gold_gain":0.0,"event_name":"Knowing Skull","player_choice":"","floor":22.0,"potions_obtained":[],"gold_loss":0.0,"damage_taken":6.0,"cards_obtained":[]},{"damage_healed":0.0,"max_hp_gain":0.0,"max_hp_loss":0.0,"gold_gain":0.0,"event_name":"Tomb of Lord Red Mask","player_choice":"Paid","floor":37.0,"gold_loss":7.0,"damage_taken":0.0,"relics_obtained":["Red Mask"]},{"damage_healed":0.0,"max_hp_gain":0.0,"max_hp_loss":0.0,"gold_gain":0.0,"event_name":"OrinTheCat","player_choice":"Ignored","floor":44.0,"gold_loss":0.0,"damage_taken":0.0},{"cards_removed":["Barrier"],"damage_healed":0.0,"max_hp_gain":0.0,"max_hp_loss":0.0,"gold_gain":0.0,"event_name":"Falling","player_choice":"Removed Skill","floor":46.0,"gold_loss":0.0,"damage_taken":0.0},{"damage_healed":16.0,"max_hp_gain":0.0,"max_hp_loss":0.0,"gold_gain":0.0,"event_name":"Winding Halls","player_choice":"Writhe","floor":48.0,"gold_loss":0.0,"damage_taken":0.0,"cards_obtained":["Writhe"]}],"is_beta":false,"boss_relics":[{"not_picked":["Empty Cage","SlaversCollar"],"picked":"SplendidAttire"},{"not_picked":["Coffee Dripper","Pandora\u0027s Box"],"picked":"SacredBark"}],"items_purged_floors":[],"is_endless":false,"potions_floor_spawned":[1,4,13,16,20,29,31,33,39,42,45,54],"ascension_level":0}}