{"host":"51fyd6gkml7xavq8","time":1611472125,"event":{"mods":["BaseMod","BetterRewards","Colored Map","Energized Spire","Infinite Spire","Minty Spire (QoL Compilation)","Replay The Spire","Shop Mod","Spicy Shops","StSLib","The Blue Laboratory","[IsaacMod]????"],"gold_per_floor":[110,110,127,0,49,49,63,98,98,98,114,129,79,141,141,236,236,248,248,258,183,45,77,87,101,149,149,165,199,199,254,254,254,254],"floor_reached":33,"language":"ENG","playtime":2921,"items_purged":["Dualcast","Strike_B"],"score":622,"play_id":"97d0be52-1c77-4d38-b121-3f8c9346428a","local_time":"20210124040845","is_ascension_mode":true,"campfire_choices":[{"floor":6.0,"key":"REST"},{"data":"Lockon","floor":10.0,"key":"SMITH"},{"data":"Zap","floor":15.0,"key":"SMITH"},{"data":"Lockon","floor":27.0,"key":"SMITH"},{"data":"Force Field","floor":30,"key":"SMITH"},{"data":"Defend_B","floor":32,"key":"SMITH"}],"circlet_count":1,"master_deck":["AscendersBane","Strike_B","Defend_B+1","Defend_B","Defend_B","Defend_B+1","Zap+1","Lockon+1","Lockon+1","Consume+1","Electrodynamics+1","CurseOfTheBell","Buffer+1","Force Field+1"],"relics":["Cracked Core","HushsDoor","MaYiHuaBei","MerchantsRug","Meat on the Bone","Vajra","Regal Pillow","Membership Card","StoneCalendar","Frozen Egg 2","Unceasing Top","Circlet","Mirror","infinitespire:WardingShard","Ginger","Carrot","Calipers","Bird Faced Urn","War Paint","GuppysPaw","Lantern","Prayer Wheel","BelialBook"],"acts_visited":["Exordium","TheCity"],"potions_floor_usage":[],"damage_taken":[{"damage":19.0,"enemies":"Small Slimes","floor":1.0,"turns":4.0},{"damage":0.0,"enemies":"Cultist","floor":3.0,"turns":3.0},{"damage":0.0,"enemies":"Jaw Worm","floor":7.0,"turns":3.0},{"damage":16.0,"enemies":"3 Sentries","floor":8.0,"turns":7.0},{"damage":13.0,"enemies":"Exordium Wildlife","floor":11.0,"turns":3.0},{"damage":5.0,"enemies":"Red Slaver","floor":12.0,"turns":3.0},{"damage":25.0,"enemies":"Lagavulin Event","floor":14.0,"turns":4.0},{"damage":39.0,"enemies":"Fading Forest","floor":16.0,"turns":11.0},{"damage":0.0,"enemies":"Chosen","floor":18.0,"turns":3.0},{"damage":12.0,"enemies":"Shell Parasite","floor":20.0,"turns":3.0},{"damage":24.0,"enemies":"Gremlin Leader","floor":23.0,"turns":4.0},{"damage":0.0,"enemies":"Cultist and Chosen","floor":24.0,"turns":4.0},{"damage":10.0,"enemies":"Snecko","floor":25.0,"turns":5.0},{"damage":17.0,"enemies":"Snake Plant","floor":28.0,"turns":2.0},{"damage":15,"enemies":"Replay:Snechameleon","floor":29,"turns":4},{"damage":63,"enemies":"Champ","floor":33,"turns":8}],"seed_played":"5365948293127120828","potions_obtained":[{"floor":1.0,"key":"EssenceOfSteel"},{"floor":3.0,"key":"blueLaboratory:LouseDecoction"},{"floor":8.0,"key":"blueLaboratory:FruitPunch"},{"floor":14.0,"key":"Languid Potion"},{"floor":18.0,"key":"blueLaboratory:BottledHope"},{"floor":23.0,"key":"blueLaboratory:FruitPreserves"}],"is_trial":false,"path_per_floor":["M","?","M","$","?","R","M","E","T","R","M","M","?","?","R","B",null,"M","?","M","?","$","E","M","M","T","R","M","E","R","T","R","B"],"character_chosen":"DEFECT","items_purchased":["MerchantsRug","Meat on the Bone","Vajra","Regal Pillow","Membership Card","Dead Branch","StoneCalendar","Frozen Egg 2","Unceasing Top","Lockon","Bird Faced Urn","War Paint"],"campfire_rested":1,"item_purchase_floors":[0,0,0,0,0,0,0,4,4,4,22,22],"current_hp_per_floor":[13,6,18,18,18,55,64,48,48,48,46,41,41,28,28,36,67,67,67,55,55,55,45,49,43,43,43,40,41,41,41,41,0,0],"gold":254,"neow_bonus":"","is_daily":false,"chose_seed":false,"campfire_upgraded":5,"win_rate":0.0,"timestamp":1611472125,"path_taken":["M","?","?","$","?","R","M","E","T","R","M","M","?","?","R","BOSS","M","?","M","?","$","E","?","M","T","R","M","E","R","?","R","BOSS"],"items_purchased_type":["Relic","Relic","Relic","Relic","Relic","Relic","Relic","Relic","Relic","Card","Relic","Relic"],"build_version":"2020-12-22","purchased_purges":2,"victory":false,"max_hp_per_floor":[75,75,75,75,75,75,75,75,75,75,77,77,77,77,77,77,77,77,77,77,77,77,77,77,77,77,77,77,77,77,77,77,77,77],"card_choices":[{"not_picked":["Gash","Capacitor"],"picked":"Lockon","floor":1.0},{"not_picked":["BasicCrystalCard","Steam Power","Glacier"],"picked":"SKIP","floor":3.0},{"not_picked":["Chaos","Darkness","BasicCrystalCard"],"picked":"SKIP","floor":7.0},{"not_picked":["Barrage","Cold Snap","Rainbow"],"picked":"SKIP","floor":8.0},{"not_picked":["Sweeping Beam","Redo"],"picked":"Consume","floor":11.0},{"not_picked":["Turbo","Coolheaded","BasicCrystalCard"],"picked":"SKIP","floor":12.0},{"not_picked":["Mirror Shield","ReplayRNGCard"],"picked":"Electrodynamics+1","floor":16.0},{"not_picked":["Sweeping Beam+1","Rebound","Conserve Battery"],"picked":"SKIP","floor":18.0},{"not_picked":["Coolheaded","Turbo","Fusion+1"],"picked":"SKIP","floor":20.0},{"not_picked":["Gash","Self Repair+1"],"picked":"Buffer+1","floor":23.0},{"not_picked":["Crystallizer+1","Turbo","Cold Snap+1"],"picked":"SKIP","floor":24.0},{"not_picked":["Rebound+1","Streamline","Cold Snap+1"],"picked":"SKIP","floor":25.0},{"not_picked":["Hello World+1","Rebound"],"picked":"Force Field","floor":28.0},{"not_picked":["Steam+1","ReplayGash","Barrage+1"],"picked":"SKIP","floor":29}],"player_experience":668705,"relics_obtained":[{"floor":8.0,"key":"Mirror"},{"floor":9.0,"key":"infinitespire:WardingShard"},{"floor":17.0,"key":"HowToJump"},{"floor":17.0,"key":"Carrot"},{"floor":17.0,"key":"Calipers"},{"floor":23.0,"key":"GuppysPaw"},{"floor":26.0,"key":"Lantern"},{"floor":29,"key":"Prayer Wheel"},{"floor":31,"key":"BelialBook"}],"event_choices":[{"cards_removed":["Strike_B"],"damage_healed":0.0,"max_hp_gain":0.0,"max_hp_loss":0.0,"gold_gain":0.0,"event_name":"Golden Wing","player_choice":"Card Removal","floor":2.0,"gold_loss":0.0,"damage_taken":7.0},{"cards_removed":["ReplayTheSpireMod:Splinters"],"damage_healed":0.0,"max_hp_gain":0.0,"max_hp_loss":0.0,"gold_gain":0.0,"event_name":"The Cleric","player_choice":"Card Removal","floor":13.0,"gold_loss":50.0,"damage_taken":0.0},{"damage_healed":0.0,"max_hp_gain":0.0,"max_hp_loss":0.0,"gold_gain":0.0,"event_name":"Dead Adventurer","player_choice":"Searched \u00272\u0027 times","floor":14.0,"gold_loss":0.0,"damage_taken":0.0,"relics_obtained":["Ginger"]},{"damage_healed":0.0,"max_hp_gain":0.0,"max_hp_loss":0.0,"gold_gain":0.0,"event_name":"Vampires","player_choice":"Ignored","floor":19.0,"gold_loss":0.0,"damage_taken":0.0},{"cards_removed":["Strike_B"],"damage_healed":0.0,"max_hp_gain":0.0,"max_hp_loss":0.0,"gold_gain":0.0,"event_name":"Beggar","player_choice":"Gave Gold","floor":21.0,"gold_loss":75.0,"damage_taken":0.0}],"is_beta":false,"boss_relics":[{"not_picked":["Coffee Dripper","ChewingGum"],"picked":"Calling Bell"},{"not_picked":[]}],"items_purged_floors":[0,0],"is_endless":false,"potions_floor_spawned":[1,3,8,14,18,23,28],"killed_by":"Champ","ascension_level":11}}