{"host":"8oad2sh1i7kph5eo","time":1611529470,"event":{"mods":["AchievementEnabler","BaseMod","Downfall","Minty Spire (QoL Compilation)","Replay The Spire","Spicy Shops","StSLib"],"gold_per_floor":[99,113,139,314,333,352,405,405,419,122,147,166,182,282,296,401,401,401,418,693,703,715,715,789,789,803,803,819,848,863,863,863,863,863],"floor_reached":32,"language":"ENG","playtime":3619,"items_purged":["CommonCold"],"score":391,"play_id":"3d655061-227a-4cb7-8951-ddb405c730d4","local_time":"20210124150430","is_ascension_mode":false,"campfire_choices":[{"data":"hexamod:Float","floor":8,"key":"SMITH"},{"data":"hexamod:FastForward","floor":23,"key":"SMITH"},{"data":"hexamod:NecessarySacrifice","floor":27,"key":"SMITH"}],"circlet_count":0,"master_deck":["hexamod:Defend","hexamod:Defend","hexamod:Defend","hexamod:Defend","hexamod:Sear","hexamod:Float+1","hexamod:NightmareStrike","hexamod:ThirdSeal","hexamod:RecurringNightmare","hexamod:ThermalTransfer","hexamod:SoulSteal","Doubt","hexamod:SoulSteal","hexamod:Firestarter","hexamod:SwordOfDarkness","hexamod:FastForward+1","hexamod:NightmareGuise","hexamod:ShieldOfDarkness","hexamod:BacktrackSmack","hexamod:Hexaguard","hexamod:Hexaguard","hexamod:Hexaguard","hexamod:Firestarter","hexamod:FourthSeal","Deep Breath","hexamod:Hexaguard","hexamod:InspiringFlames","hexamod:Again","hexamod:GhostOfSpirePast","hexamod:HauntingEcho","hexamod:BacktrackSmack","hexamod:ForkedFlame+1","hexamod:HexaLevel+1","hexamod:HexaLevel+1","hexamod:Haunt","hexamod:SwordOfDarkness+1","hexamod:NecessarySacrifice+1","Regret","hexamod:GhostOfSpireFuture","hexamod:NecessarySacrifice+1","Slimebound:Tackle+1","Slimebound:Tackle+1","Slimebound:Tackle+1","hexamod:GhostOfSpirePast","hexamod:RetreatToShadows+1","hexamod:GhostflameInferno+1","hexamod:InspiringFlames","hexamod:HauntingEcho+1","hexamod:HeatMetal","Pain"],"relics":["hexamod:SpiritBrand","PreservedInsect","ReplayTheSpireMod:Lightbulb","BargainBundle","Golden Egg","Honey Jar","Sundial","Nunchaku","WarpedTongs"],"acts_visited":["Exordium","TheCity"],"potions_floor_usage":[15,16,16,16,29,29,29],"damage_taken":[{"damage":3,"enemies":"Cultist","floor":2,"turns":5},{"damage":0,"enemies":"2 Louse","floor":5,"turns":3},{"damage":1,"enemies":"Jaw Worm","floor":6,"turns":3},{"damage":0,"enemies":"3 Louse","floor":9,"turns":3},{"damage":0,"enemies":"downfall:FleeingMerchant","floor":10,"turns":4},{"damage":0,"enemies":"Lagavulin","floor":11,"turns":5},{"damage":0,"enemies":"Red Slaver","floor":12,"turns":5},{"damage":0,"enemies":"Blue Slaver","floor":13,"turns":5},{"damage":5,"enemies":"Lots of Slimes","floor":15,"turns":4},{"damage":56,"enemies":"WA_ARCHETYPE_RETAIN","floor":16,"turns":10},{"damage":3,"enemies":"Chosen","floor":19,"turns":7},{"damage":4,"enemies":"Spheric Guardian","floor":21,"turns":5},{"damage":6,"enemies":"Snake Plant","floor":22,"turns":4},{"damage":15,"enemies":"Chosen and Byrds","floor":26,"turns":5},{"damage":24,"enemies":"Centurion and Healer","floor":28,"turns":10},{"damage":7,"enemies":"Slavers","floor":29,"turns":3},{"damage":17,"enemies":"Sentry and Sphere","floor":30,"turns":4},{"damage":3,"enemies":"Snecko","floor":32,"turns":1}],"seed_played":"6593686040601004679","potions_obtained":[{"floor":5,"key":"ColorlessPotion"},{"floor":15,"key":"hexamod:InfernoChargePotion"},{"floor":21,"key":"SpeedPotion"},{"floor":26,"key":"AttackPotion"},{"floor":28,"key":"Ancient Potion"},{"floor":28,"key":"hexamod:DoubleChargePotion"},{"floor":29,"key":"FearPotion"}],"is_trial":false,"path_per_floor":["R","M","T","?","M","M","T","R","M","$","E","M","M","?","M","B",null,"R","M","?","M","M","R","T","?","M","R","M","E","M","?","M"],"character_chosen":"THE_SPIRIT","items_purchased":["BargainBundle","hexamod:Hexaguard","hexamod:Incineration","hexamod:Firestarter","hexamod:FourthSeal","Deep Breath","champ:CounterPotion","Block Potion"],"campfire_rested":0,"item_purchase_floors":[10,10,10,10,10,10,10,10],"current_hp_per_floor":[77,74,74,74,74,73,73,73,73,73,73,73,73,73,68,12,77,77,74,74,70,64,64,64,64,49,49,25,18,1,1,0,0,0],"gold":863,"neow_bonus":"TEN_PERCENT_HP_BONUS","is_daily":false,"chose_seed":false,"campfire_upgraded":3,"win_rate":0.0,"timestamp":1611529470,"path_taken":["R","M","?","?","M","?","T","R","M","$","E","M","M","?","M","BOSS","R","M","?","?","M","R","T","?","M","R","M","E","M","?","M"],"items_purchased_type":["Relic","Card","Card","Card","Card","Card","Potion","Potion"],"build_version":"2020-12-22","purchased_purges":1,"victory":false,"max_hp_per_floor":[77,77,77,77,77,77,77,77,77,77,77,77,77,77,77,77,77,77,77,77,77,77,77,77,77,77,77,77,77,77,77,77,77,77],"card_choices":[{"not_picked":["hexamod:FastForward","hexamod:GhostShield"],"picked":"hexamod:ThermalTransfer","floor":2},{"not_picked":["hexamod:ChargedBarrage","hexamod:ShieldOfDarkness"],"picked":"hexamod:SoulSteal","floor":2},{"not_picked":["hexamod:ShieldOfDarkness","hexamod:Firestarter"],"picked":"hexamod:SoulSteal","floor":5},{"not_picked":["hexamod:GhostLash","hexamod:NightmareStrike"],"picked":"hexamod:Firestarter","floor":5},{"not_picked":["hexamod:SpectersWail","hexamod:Incineration"],"picked":"hexamod:SwordOfDarkness","floor":6},{"not_picked":["hexamod:BurningTouch","hexamod:ForkedFlame"],"picked":"hexamod:FastForward","floor":6},{"not_picked":["hexamod:FastForward","hexamod:SoulSteal"],"picked":"hexamod:NightmareGuise","floor":9},{"not_picked":["hexamod:HeatMetal","hexamod:FastForward"],"picked":"hexamod:ShieldOfDarkness","floor":9},{"not_picked":["hexamod:ThermalTransfer","hexamod:SpectralAdrenaline"],"picked":"hexamod:BacktrackSmack","floor":10},{"not_picked":["hexamod:HauntingEcho","hexamod:ShieldOfDarkness"],"picked":"hexamod:Hexaguard","floor":10},{"not_picked":["hexamod:GhostLash","hexamod:BacktrackSmack"],"picked":"hexamod:Hexaguard","floor":11},{"not_picked":["hexamod:DynamicBlow","hexamod:NightmareStrike"],"picked":"hexamod:InspiringFlames","floor":11},{"not_picked":["hexamod:Haunt","hexamod:FastForward"],"picked":"hexamod:Again","floor":12},{"not_picked":["hexamod:TimeOfNeed","hexamod:BacktrackSmack"],"picked":"hexamod:GhostOfSpirePast","floor":12},{"not_picked":["hexamod:ThermalTransfer","hexamod:SwordOfDarkness"],"picked":"hexamod:HauntingEcho","floor":13},{"not_picked":["hexamod:RainOfEmbers","hexamod:SwordOfDarkness"],"picked":"hexamod:BacktrackSmack","floor":13},{"not_picked":["hexamod:FastForward","hexamod:AdvancingGuard"],"picked":"hexamod:ForkedFlame","floor":15},{"not_picked":["hexamod:SixthSeal","hexamod:GhostOfSpirePresent"],"picked":"hexamod:HexaLevel","floor":16},{"not_picked":["hexamod:TurnItUp","hexamod:TimeWarp"],"picked":"hexamod:HexaLevel","floor":16},{"not_picked":["hexamod:FastForward+1","hexamod:SpectersWail","hexamod:ChargedBarrage"],"picked":"hexamod:SwordOfDarkness+1","floor":19},{"not_picked":["hexamod:RecurringNightmare+1","hexamod:InspiringFlames","hexamod:DynamicBlow"],"picked":"hexamod:NecessarySacrifice","floor":19},{"not_picked":["hexamod:GhostflameBarrier","hexamod:RecurringNightmare","hexamod:RainOfEmbers+1"],"picked":"hexamod:GhostOfSpireFuture","floor":21},{"not_picked":["hexamod:GhostLash+1","hexamod:RainOfEmbers","hexamod:DynamicBlow"],"picked":"hexamod:NecessarySacrifice+1","floor":22},{"not_picked":["hexamod:RetreatToShadows+1","hexamod:EmpoweredFlame","hexamod:NecessarySacrifice"],"picked":"hexamod:GhostOfSpirePast","floor":26},{"not_picked":["hexamod:Firestarter+1","hexamod:BacktrackSmack","hexamod:Haunt"],"picked":"hexamod:RetreatToShadows+1","floor":28},{"not_picked":["hexamod:TimeOfNeed","hexamod:SpectersWail","hexamod:AdvancingGuard+1"],"picked":"hexamod:GhostflameInferno","floor":29},{"not_picked":["hexamod:HeatShield","hexamod:AdvancingGuard","hexamod:BurningTouch"],"picked":"hexamod:InspiringFlames","floor":29},{"not_picked":["hexamod:InspiringFlames","hexamod:Firestarter+1","hexamod:GhostLash"],"picked":"hexamod:HauntingEcho+1","floor":30},{"not_picked":["hexamod:RainOfEmbers+1","hexamod:InspiringFlames","hexamod:Haunt+1"],"picked":"hexamod:HeatMetal","floor":30}],"player_experience":174449,"relics_obtained":[{"floor":3,"key":"PreservedInsect"},{"floor":7,"key":"ReplayTheSpireMod:Lightbulb"},{"floor":11,"key":"Golden Egg"},{"floor":24,"key":"Sundial"},{"floor":29,"key":"Nunchaku"}],"event_choices":[{"damage_healed":0,"gold_gain":0,"player_choice":"Rummage","damage_taken":0,"relics_obtained":["WarpedTongs"],"max_hp_gain":0,"max_hp_loss":0,"event_name":"Accursed Blacksmith","floor":31,"gold_loss":0,"cards_obtained":["Pain"]}],"is_beta":false,"boss_relics":[{"not_picked":["Philosopher\u0027s Stone","Replay:Grab Bag"],"picked":"Honey Jar"}],"items_purged_floors":[10],"is_endless":false,"potions_floor_spawned":[5,12,13,15,26,28],"killed_by":"Snecko","ascension_level":0}}