{"host":"xp5rvh2jwe2ejyfm","time":1611516261,"event":{"mods":["BaseMod","Downfall","Duelist Mod","GifTheSpireLib","Gremlin Mod","Hermit","Hubris","Minty Spire (QoL Compilation)","Robot Space Explorer","StSLib","The Blackbeard","The Clintock","The Construct","The Cursed","The Disciple","The Forsaken","The Hierophant","The Necromancer","The Runesmith","The Servant 0.9.4"],"gold_per_floor":[214,225,39,56,131,164,176,176,176,176,189,189,45,71,71,170,170,186,197,197,209,209,209,227,227,227],"floor_reached":25,"language":"ENG","playtime":1114,"items_purged":[],"score":213,"play_id":"a91e433d-0bd2-40ca-b88c-e668ae3db6fe","local_time":"20210124142421","is_ascension_mode":false,"campfire_choices":[{"floor":8,"key":"REST"},{"data":"RobotSpaceExplorer:MiniLasers","floor":10,"key":"SMITH"},{"data":"RobotSpaceExplorer:LaserBurst","floor":12,"key":"SMITH"},{"floor":15,"key":"REST"},{"floor":23,"key":"REST"}],"circlet_count":0,"master_deck":["RobotSpaceExplorer:Strike","RobotSpaceExplorer:Strike","RobotSpaceExplorer:Strike","RobotSpaceExplorer:Strike","RobotSpaceExplorer:Defend","RobotSpaceExplorer:Defend","RobotSpaceExplorer:Defend","RobotSpaceExplorer:Defend","RobotSpaceExplorer:Scan","RobotSpaceExplorer:MiniLasers+1","RobotSpaceExplorer:PowerCollector","RobotSpaceExplorer:IronShell","RobotSpaceExplorer:PowerGlove","RobotSpaceExplorer:ScrapShield","RobotSpaceExplorer:Blitz","RobotSpaceExplorer:LaserBurst+1","RobotSpaceExplorer:MetalStrike","RobotSpaceExplorer:ScrapMissile","RobotSpaceExplorer:Scanner","RobotSpaceExplorer:Autoloader","RobotSpaceExplorer:SurgingStrike","RobotSpaceExplorer:ImprovisedAttack","Pain","RobotSpaceExplorer:ScrapToss","RobotSpaceExplorer:LuckyStrike","RobotSpaceExplorer:Multitool"],"relics":["RobotSpaceExplorer:RoboCore","RobotSpaceExplorer:SlideRule","hubris:GlazedTorus","theForsaken:Lifeblossom","Tiny Chest","Dream Catcher","hubris:HollowSoul","WarpedTongs","hubris:EvacipatedBox"],"acts_visited":["Exordium","TheCity"],"potions_floor_usage":[6,16,19,21,24],"damage_taken":[{"damage":0,"enemies":"Small Slimes","floor":1,"turns":5},{"damage":8,"enemies":"Jaw Worm","floor":2,"turns":5},{"damage":1,"enemies":"Cultist","floor":4,"turns":4},{"damage":4,"enemies":"Lagavulin","floor":6,"turns":10},{"damage":16,"enemies":"Lots of Slimes","floor":7,"turns":6},{"damage":5,"enemies":"Large Slime","floor":11,"turns":5},{"damage":6,"enemies":"Gremlin Nob","floor":14,"turns":4},{"damage":28,"enemies":"Hexaghost","floor":16,"turns":7},{"damage":10,"enemies":"3 Byrds","floor":18,"turns":3},{"damage":14,"enemies":"2 Thieves","floor":19,"turns":3},{"damage":25,"enemies":"3 Cultists","floor":21,"turns":4},{"damage":41,"enemies":"Shelled Parasite and Fungi","floor":24,"turns":4},{"damage":0,"enemies":"Centurion and Healer","floor":25,"turns":2}],"seed_played":"-1669839334463404793","potions_obtained":[{"floor":2,"key":"sneckomod:MuddlingPotion"},{"floor":4,"key":"ColorlessPotion"},{"floor":6,"key":"bronze:BurnAndBuffPotion"},{"floor":11,"key":"sneckomod:MuddlingPotion"},{"floor":16,"key":"Energy Potion"},{"floor":19,"key":"ColorlessPotion"},{"floor":21,"key":"PowerPotion"}],"is_trial":false,"path_per_floor":["M","M","$","M","?","E","M","R","T","R","M","R","$","E","R","B",null,"M","M","?","M","$","R","M","M"],"character_chosen":"RobotSpaceExplorer","items_purchased":["RobotSpaceExplorer:PowerGlove","RobotSpaceExplorer:SlideRule","Tiny Chest","hubris:EvacipatedBox"],"campfire_rested":3,"item_purchase_floors":[3,3,13,22],"current_hp_per_floor":[75,67,67,66,55,51,35,57,57,57,58,58,58,58,75,48,75,67,58,58,39,20,42,7,10,10],"gold":227,"neow_bonus":"HUNDRED_GOLD","is_daily":false,"chose_seed":false,"campfire_upgraded":2,"win_rate":0.0,"timestamp":1611516261,"path_taken":["M","M","$","M","?","E","M","R","T","R","M","R","$","E","R","BOSS","M","M","?","M","?","R","M","M"],"items_purchased_type":["Card","Relic","Relic","Relic"],"build_version":"2020-12-22","purchased_purges":0,"victory":false,"max_hp_per_floor":[75,75,75,75,75,75,75,75,75,75,75,75,75,75,75,75,75,75,75,75,75,75,75,75,75,75],"card_choices":[{"not_picked":["RobotSpaceExplorer:Electropulse","RobotSpaceExplorer:StunGrenade"],"picked":"RobotSpaceExplorer:PowerCollector","floor":1},{"not_picked":["RobotSpaceExplorer:FrostMissile","RobotSpaceExplorer:SlimeMissile"],"picked":"RobotSpaceExplorer:IronShell","floor":2},{"not_picked":["RobotSpaceExplorer:GearShield","RobotSpaceExplorer:SlimeMissile"],"picked":"RobotSpaceExplorer:ScrapShield","floor":4},{"not_picked":["RobotSpaceExplorer:PlasmaMissile","RobotSpaceExplorer:ScrapToss"],"picked":"RobotSpaceExplorer:Blitz","floor":6},{"not_picked":["RobotSpaceExplorer:Counterblock","RobotSpaceExplorer:SlimeMissile"],"picked":"RobotSpaceExplorer:LaserBurst","floor":7},{"not_picked":["RobotSpaceExplorer:ImprovisedAttack","RobotSpaceExplorer:ShockKick"],"picked":"RobotSpaceExplorer:MetalStrike","floor":11},{"not_picked":["RobotSpaceExplorer:LaserBurst","RobotSpaceExplorer:ExhaustFan"],"picked":"RobotSpaceExplorer:ScrapMissile","floor":14},{"not_picked":["RobotSpaceExplorer:Discharger","RobotSpaceExplorer:Calculate"],"picked":"RobotSpaceExplorer:Scanner","floor":15},{"not_picked":["RobotSpaceExplorer:HighVoltage","RobotSpaceExplorer:ShockMissile"],"picked":"RobotSpaceExplorer:Autoloader","floor":16},{"not_picked":["RobotSpaceExplorer:ScrapMissile+1","RobotSpaceExplorer:Probe+1"],"picked":"RobotSpaceExplorer:SurgingStrike","floor":18},{"not_picked":["RobotSpaceExplorer:SwiftStep","RobotSpaceExplorer:SurgingStrike"],"picked":"RobotSpaceExplorer:ImprovisedAttack","floor":19},{"not_picked":["RobotSpaceExplorer:ShockKick+1","RobotSpaceExplorer:GlueShot+1"],"picked":"RobotSpaceExplorer:ScrapToss","floor":21},{"not_picked":["RobotSpaceExplorer:Electropulse+1","RobotSpaceExplorer:SelfCleaning"],"picked":"RobotSpaceExplorer:LuckyStrike","floor":23},{"not_picked":["RobotSpaceExplorer:Ammunition","RobotSpaceExplorer:ImprovisedAttack"],"picked":"RobotSpaceExplorer:Multitool","floor":24}],"player_experience":308883,"relics_obtained":[{"floor":6,"key":"hubris:GlazedTorus"},{"floor":9,"key":"theForsaken:Lifeblossom"},{"floor":14,"key":"Dream Catcher"}],"event_choices":[{"damage_healed":0,"gold_gain":75,"player_choice":"Gather Gold","damage_taken":11,"max_hp_gain":0,"max_hp_loss":0,"event_name":"World of Goop","floor":5,"gold_loss":0},{"damage_healed":0,"gold_gain":0,"player_choice":"Rummage","damage_taken":0,"relics_obtained":["WarpedTongs"],"max_hp_gain":0,"max_hp_loss":0,"event_name":"Accursed Blacksmith","floor":20,"gold_loss":0,"cards_obtained":["Pain"]}],"is_beta":false,"boss_relics":[{"not_picked":["RobotSpaceExplorer:TurboCore","hubris:TerracottaHorce"],"picked":"hubris:HollowSoul"}],"items_purged_floors":[],"is_endless":false,"potions_floor_spawned":[2,4,6,11,16,19,21],"killed_by":"Centurion and Healer","ascension_level":0}}