{"host":"gvmmh8a4dbuurnvz","time":1611455972,"event":{"mods":["AchievementEnabler","Aspiration","BaseMod","Better Vampires","BetterRewards","Colored Powertips","Highlight Path","Minty Spire (QoL Compilation)","MostiFishMod","Spicy Shops","StSLib","¡¾ÒÅÎï¿¨ÅÆ¡¿REMEMod"],"gold_per_floor":[109,109,122,141,66,94,94,126,126,138,138,138,158,175,175,249,249,266,283,283,298,298,298,298,318,318,318,518,550,550,560,560,634,634,651,651,376,391,405,405,417,444,444,461,479,479,154,154,154,154,154,154,154,186,186],"floor_reached":56,"language":"ZHS","playtime":1807,"items_purged":["Strike_R","Strike_R","Strike_R","Strike_R","Bash","Defend_R","Defend_R","Decay","Dropkick+1","Dropkick+1","Defend_R+1"],"score":3443,"play_id":"76f956a6-2868-4187-8a0a-fbb0d16aa1bb","local_time":"20210124103932","is_ascension_mode":true,"campfire_choices":[{"floor":7,"key":"RECALL"},{"data":"REME_Cut","floor":15,"key":"SMITH"},{"data":"Defend_R","floor":23,"key":"SMITH"},{"floor":30,"key":"REST"},{"floor":32,"key":"REST"},{"floor":40,"key":"REST"},{"floor":49,"key":"REST"},{"floor":52,"key":"REST"}],"circlet_count":0,"master_deck":["AscendersBane","Rampage+1","REME_ACTH+1","MostiFishMod:RacingGame+1","Thunderclap+1","Panache+1","MostiFishMod:HellRitual+1"],"relics":["Burning Blood","DaveBox","REME_ComplimentaryCards","JellyFishMachine","ClockworkSouvenir","Ornamental Fan","TheAbacus","aspiration:SeaSaltIceCream","DiscerningMonocle","Blue Candle","DianDianMeat","Dodecahedron","SynthV","Sundial","Pear","Pocketwatch","aspiration:HatOfInfinitePower","Medical Kit","Molten Egg 2","Potion Belt","Paper Frog","Thread and Needle","BrkXgEgg","Vajra","Calipers","aspiration:AnachronicSnailShell","SynthV:TestCard","Singing Bowl","Ancient Tea Set","CombinedTypeHook","Busted Crown","Shuriken","Nunchaku","Mummified Hand","Anchor","aspiration:PoetsPen_weak","Akabeko","PreservedInsect","Gremlin Horn","ThornShield","HandDrill","Civilization"],"acts_visited":["Exordium","TheCity","TheBeyond","TheEnding"],"potions_floor_usage":[12,55,55,55],"damage_taken":[{"damage":4,"enemies":"2 Louse","floor":1,"turns":2},{"damage":0,"enemies":"Cultist","floor":3,"turns":1},{"damage":0,"enemies":"Small Slimes","floor":4,"turns":1},{"damage":0,"enemies":"Lagavulin","floor":6,"turns":2},{"damage":0,"enemies":"3 Sentries","floor":8,"turns":1},{"damage":0,"enemies":"Exordium Thugs","floor":10,"turns":1},{"damage":4,"enemies":"2 Fungi Beasts","floor":13,"turns":1},{"damage":0,"enemies":"Exordium Wildlife","floor":14,"turns":1},{"damage":0,"enemies":"The Guardian","floor":16,"turns":1},{"damage":0,"enemies":"Shell Parasite","floor":18,"turns":1},{"damage":0,"enemies":"Chosen","floor":19,"turns":2},{"damage":0,"enemies":"Shelled Parasite and Fungi","floor":21,"turns":1},{"damage":0,"enemies":"Sentry and Sphere","floor":25,"turns":1},{"damage":0,"enemies":"Book of Stabbing","floor":29,"turns":1},{"damage":0,"enemies":"Chosen and Byrds","floor":31,"turns":1},{"damage":0,"enemies":"Collector","floor":33,"turns":1},{"damage":0,"enemies":"3 Shapes","floor":35,"turns":1},{"damage":0,"enemies":"3 Darklings","floor":38,"turns":1},{"damage":2,"enemies":"4 Shapes","floor":39,"turns":1},{"damage":0,"enemies":"Sphere and 2 Shapes","floor":41,"turns":1},{"damage":0,"enemies":"Giant Head","floor":42,"turns":1},{"damage":0,"enemies":"Maw","floor":44,"turns":1},{"damage":0,"enemies":"3 Darklings","floor":45,"turns":2},{"damage":0,"enemies":"Donu and Deca","floor":50,"turns":1},{"damage":0,"enemies":"Shield and Spear","floor":54,"turns":1},{"damage":0,"enemies":"The Heart","floor":55,"turns":5}],"seed_played":"-4046224378569602915","potions_obtained":[{"floor":4,"key":"EssenceOfSteel"},{"floor":8,"key":"SkillPotion"},{"floor":10,"key":"BloodPotion"},{"floor":29,"key":"DistilledChaos"}],"is_trial":false,"path_per_floor":["M","$","M","M","?","E","R","E","T","M","?","$","M","M","R","B",null,"M","M","$","M","?","R","?","M","T","$","?","E","R","M","R","B",null,"M","?","$","M","M","R","M","E","T","M","M","?","$","?","R","B",null,"R","$","E","B",null],"character_chosen":"IRONCLAD","items_purchased":["ClockworkSouvenir","Ornamental Fan","TheAbacus","aspiration:SeaSaltIceCream","Blue Candle","Dodecahedron","SynthV","Sundial","Pear","Pocketwatch","Medical Kit","Molten Egg 2","Potion Belt","Paper Frog","BrkXgEgg","Vajra","Singing Bowl","Ancient Tea Set","REME_Cut","Rampage+1","REME_ACTH+1","Panache+1","REME_GoldPotion","Shuriken","Nunchaku","Mummified Hand","Akabeko","ThornShield","HandDrill","Civilization"],"campfire_rested":5,"item_purchase_floors":[0,0,0,0,0,0,0,0,0,0,0,0,0,0,0,0,2,2,2,2,2,12,12,20,20,20,37,47,47,53],"current_hp_per_floor":[80,86,93,95,95,99,99,104,104,110,110,117,119,121,121,123,123,125,127,127,129,129,129,129,131,131,131,131,133,133,135,135,137,137,139,147,147,149,151,151,153,155,155,157,159,159,159,151,151,151,151,151,151,162,165],"gold":186,"neow_bonus":"","is_daily":false,"chose_seed":false,"campfire_upgraded":2,"win_rate":0.0,"timestamp":1611455972,"path_taken":["M","$","M","M","?","E","R","E","T","M","?","$","M","?","R","BOSS","M","M","$","M","?","R","?","?","T","$","?","E","R","M","R","BOSS","M","?","$","M","M","R","M","E","T","M","?","?","$","?","R","BOSS","R","$","E","BOSS"],"items_purchased_type":["Relic","Relic","Relic","Relic","Relic","Relic","Relic","Relic","Relic","Relic","Relic","Relic","Relic","Relic","Relic","Relic","Relic","Relic","Card","Card","Card","Card","Potion","Relic","Relic","Relic","Relic","Relic","Relic","Relic"],"build_version":"2020-12-22","purchased_purges":11,"victory":true,"max_hp_per_floor":[85,91,93,95,95,99,99,104,104,110,110,117,119,121,121,123,123,125,127,127,129,129,129,129,131,131,131,131,133,133,135,135,137,137,139,147,147,149,151,151,153,155,155,157,159,159,159,151,151,151,151,151,151,162,165],"card_choices":[{"not_picked":["True Grit","Body Slam+1","Havoc"],"picked":"SKIP","floor":1},{"not_picked":["Iron Wave+1","Pommel Strike+1","Heavy Blade+1","Perfected Strike+1","MostiFishMod:TemporaryOutbreak+1"],"picked":"Singing Bowl","floor":3},{"not_picked":["Pommel Strike+1","Shrug It Off","Havoc","Burning Pact","Anger+1"],"picked":"Singing Bowl","floor":4},{"not_picked":["Havoc","Clash+1","Metallicize","True Grit"],"picked":"MostiFishMod:RacingGame+1","floor":6},{"not_picked":["Dark Embrace","Body Slam+1","Pommel Strike+1","Flex"],"picked":"Thunderclap+1","floor":8},{"not_picked":["Warcry","Body Slam+1","MostiFishMod:#F4004","Inflame"],"picked":"Dropkick+1","floor":10},{"not_picked":["MostiFishMod:FlyOverUtopia+1","True Grit","Armaments","Warcry","Perfected Strike+1"],"picked":"Singing Bowl","floor":13},{"not_picked":["Rupture","Twin Strike+1","Blood for Blood+1","Infernal Blade","Perfected Strike+1"],"picked":"Singing Bowl","floor":14},{"not_picked":["Exhume+1","MostiFishMod:CullingBlade+1","Feed+1","MostiFishMod:WingOfPhoenix+1","MostiFishMod:NewArrival+1"],"picked":"Singing Bowl","floor":16},{"not_picked":["Clothesline+1","Dropkick+1","Dual Wield"],"picked":"Singing Bowl","floor":18},{"not_picked":["Clash+1","Armaments","True Grit"],"picked":"Singing Bowl","floor":19},{"not_picked":["Headbutt+1","Combust","Perfected Strike+1"],"picked":"Singing Bowl","floor":21},{"not_picked":["Carnage+1","Flex","Havoc"],"picked":"Singing Bowl","floor":25},{"not_picked":["Searing Blow+1","Armaments","MostiFishMod:#F4004"],"picked":"Singing Bowl","floor":29},{"not_picked":["Havoc","Anger+1","Iron Wave+1"],"picked":"Singing Bowl","floor":31},{"not_picked":["Berserk+1","REME_TheLastStrike+1","Double Tap+1"],"picked":"Singing Bowl","floor":33},{"not_picked":["Anger+1","Cleave+1","Hemokinesis+1"],"picked":"Singing Bowl","floor":35},{"not_picked":["REME_SingleHolding","Anger+1","Shockwave"],"picked":"Singing Bowl","floor":38},{"not_picked":["Headbutt+1","Burning Pact","Cleave+1"],"picked":"Singing Bowl","floor":39},{"not_picked":["Iron Wave+1","Carnage+1","Clothesline+1"],"picked":"Singing Bowl","floor":41},{"not_picked":["MostiFishMod:BrandingRite","Warcry+1","MostiFishMod:#F4004+1"],"picked":"Singing Bowl","floor":42},{"not_picked":["Anger+1","True Grit","Dual Wield"],"picked":"Singing Bowl","floor":44},{"not_picked":["Flex","Iron Wave+1","Inflame+1"],"picked":"Singing Bowl","floor":45},{"not_picked":["MostiFishMod:NewArrival+1","Feel No Pain+1"],"picked":"MostiFishMod:HellRitual+1","floor":54}],"player_experience":297584,"relics_obtained":[{"floor":1,"key":"SynthV:TestCard"},{"floor":6,"key":"CombinedTypeHook"},{"floor":26,"key":"Anchor"},{"floor":42,"key":"PreservedInsect"},{"floor":43,"key":"Gremlin Horn"}],"event_choices":[{"cards_removed":["Strike_R"],"damage_healed":0,"gold_gain":0,"player_choice":"Card Removal","damage_taken":0,"max_hp_gain":0,"max_hp_loss":0,"event_name":"The Cleric","floor":5,"gold_loss":75},{"damage_healed":0,"gold_gain":0,"player_choice":"Forge","damage_taken":0,"max_hp_gain":0,"max_hp_loss":0,"event_name":"Accursed Blacksmith","floor":11,"gold_loss":0,"cards_upgraded":["Dropkick"]},{"damage_healed":0,"gold_gain":0,"player_choice":"Ignored","damage_taken":0,"max_hp_gain":0,"max_hp_loss":0,"event_name":"Vampires","floor":22,"gold_loss":0},{"cards_removed":["Defend_R"],"damage_healed":0,"gold_gain":0,"player_choice":"Purged","damage_taken":0,"max_hp_gain":0,"max_hp_loss":0,"event_name":"Purifier","floor":24,"gold_loss":0},{"damage_healed":0,"gold_gain":250,"player_choice":"Bet on Owner","damage_taken":0,"max_hp_gain":0,"max_hp_loss":0,"event_name":"The Joust","floor":28,"gold_loss":50},{"damage_healed":0,"gold_gain":0,"player_choice":"Cursed","damage_taken":0,"max_hp_gain":0,"max_hp_loss":0,"event_name":"Wheel of Change","floor":36,"gold_loss":0,"cards_obtained":["Decay"]},{"cards_removed":["REME_Cut"],"damage_healed":0,"gold_gain":0,"player_choice":"Removed Power","damage_taken":0,"max_hp_gain":0,"max_hp_loss":0,"event_name":"Falling","floor":46,"gold_loss":0},{"damage_healed":0,"gold_gain":0,"player_choice":"Max HP","damage_taken":0,"max_hp_gain":0,"max_hp_loss":8,"event_name":"Winding Halls","floor":48,"gold_loss":0}],"is_beta":false,"boss_relics":[{"not_picked":["Calling Bell","Mark of Pain"],"picked":"Busted Crown"},{"not_picked":["GuanYuAspect","BloodWine"],"picked":"aspiration:PoetsPen_weak"}],"items_purged_floors":[0,0,0,2,12,20,27,37,37,47,47],"is_endless":false,"potions_floor_spawned":[4,8,10,13,14,25,29,31,39,41,45,54],"ascension_level":19}}