{"host":"5kerkh94hj8hofz6","time":1611526264,"event":{"mods":["AchievementEnabler","BaseMod","Colored Powertips","Minty Spire (QoL Compilation)","StSLib","The Cursed"],"gold_per_floor":[111,286,298,34,34,34,115,152,152,179,144,144,182,182,182,305,305,319,354,203,240,240,274,274,349,349,409,444,6,6,56,56,182,182,227,77,77,90,131,131,185,185,185,238,256,256,326,121,121,121,121,121,121,150,150],"floor_reached":56,"language":"ENG","playtime":3424,"items_purged":["Doubt","TheCursedMod:SurpriseAttack","TheCursedMod:StingEye+1","TheCursedMod:Mangle+1"],"score":1572,"play_id":"446a1354-21d1-4845-a541-5ee056384a48","local_time":"20210125111104","is_ascension_mode":true,"campfire_choices":[{"data":"HandOfGreed","floor":6.0,"key":"SMITH"},{"data":"TheCursedMod:HellfireBreathing","floor":12.0,"key":"SMITH"},{"floor":15.0,"key":"DIG"},{"floor":24.0,"key":"DIG"},{"data":"TheCursedMod:NeowsMight","floor":32.0,"key":"SMITH"},{"floor":40.0,"key":"DIG"},{"floor":46.0,"key":"RECALL"},{"data":"TheCursedMod:HellfireBreathing","floor":49.0,"key":"SMITH"},{"floor":52.0,"key":"DIG"}],"circlet_count":0,"master_deck":["TheCursedMod:CleanUpWorkshop","TheCursedMod:RapidMovement","HandOfGreed+1","TheCursedMod:CursedSpellbook","TheCursedMod:HellfireBreathing+1","TheCursedMod:NeowsMight+1","TheCursedMod:CursedRelics+1","TheCursedMod:HellfireBreathing+1","TheCursedMod:CursedArmor","TheCursedMod:CursedAmulet","TheCursedMod:CursedSpellbook","TheCursedMod:SurpriseAttack+1","TheCursedMod:CircleOfBlood","TheCursedMod:WearCloak","TheCursedMod:SoulReap+1","TheCursedMod:EmpowerCircles+1","TheCursedMod:SoulCrush+1","TheCursedMod:CircleOfAbyss","TheCursedMod:SpitefulPlan","TheCursedMod:HellsGateOpen","TheCursedMod:DemonSword+1","TheCursedMod:StunningStrike+1","TheCursedMod:StunningStrike+1"],"relics":["TheCursedMod:BlackMagic101","Shovel","Molten Egg 2","Potion Belt","Matryoshka","Centennial Puzzle","Blue Candle","Pandora\u0027s Box","Lizard Tail","Ancient Tea Set","Bottled Lightning","Tiny Chest","Question Card","Sundial","Eternal Feather","ClockworkSouvenir","Mercury Hourglass","SlaversCollar","Toy Ornithopter","Blood Vial","Akabeko","The Courier","Happy Flower","Incense Burner","TheCursedMod:DemonicMark","InkBottle","Gremlin Horn"],"acts_visited":["Exordium","TheCity","TheBeyond","TheEnding"],"potions_floor_usage":[55,55,55,55,55],"damage_taken":[{"damage":1.0,"enemies":"Jaw Worm","floor":1.0,"turns":4.0},{"damage":0.0,"enemies":"2 Louse","floor":3.0,"turns":3.0},{"damage":17.0,"enemies":"3 Sentries","floor":7.0,"turns":10.0},{"damage":0.0,"enemies":"Small Slimes","floor":8.0,"turns":2.0},{"damage":22.0,"enemies":"Lagavulin","floor":10.0,"turns":6.0},{"damage":0.0,"enemies":"Looter","floor":13.0,"turns":2.0},{"damage":27.0,"enemies":"The Guardian","floor":16.0,"turns":15.0},{"damage":1.0,"enemies":"3 Byrds","floor":18.0,"turns":2.0},{"damage":0.0,"enemies":"Chosen","floor":19.0,"turns":2.0},{"damage":5.0,"enemies":"Snecko","floor":21.0,"turns":3.0},{"damage":4.0,"enemies":"Gremlin Leader","floor":23.0,"turns":5.0},{"damage":1.0,"enemies":"Slavers","floor":25.0,"turns":3.0},{"damage":4.0,"enemies":"Sentry and Sphere","floor":27.0,"turns":4.0},{"damage":3.0,"enemies":"Book of Stabbing","floor":28.0,"turns":5.0},{"damage":0.0,"enemies":"Gremlin Leader","floor":31.0,"turns":4.0},{"damage":10.0,"enemies":"Collector","floor":33.0,"turns":4.0},{"damage":10.0,"enemies":"3 Shapes","floor":35.0,"turns":3.0},{"damage":13.0,"enemies":"3 Darklings","floor":38.0,"turns":4.0},{"damage":10.0,"enemies":"Sphere and 2 Shapes","floor":39.0,"turns":3.0},{"damage":2.0,"enemies":"Nemesis","floor":41.0,"turns":5.0},{"damage":3.0,"enemies":"Giant Head","floor":44.0,"turns":6.0},{"damage":6.0,"enemies":"Transient","floor":45.0,"turns":5.0},{"damage":23.0,"enemies":"2 Orb Walkers","floor":47.0,"turns":4.0},{"damage":38.0,"enemies":"Time Eater","floor":50.0,"turns":6.0},{"damage":11.0,"enemies":"Shield and Spear","floor":54.0,"turns":5.0},{"damage":77,"enemies":"The Heart","floor":55,"turns":7}],"seed_played":"-2218896089030558439","potions_obtained":[{"floor":3.0,"key":"Regen Potion"},{"floor":10.0,"key":"SkillPotion"},{"floor":13.0,"key":"Fruit Juice"},{"floor":23.0,"key":"SpeedPotion"},{"floor":25.0,"key":"Dexterity Potion"},{"floor":28.0,"key":"Ancient Potion"},{"floor":31.0,"key":"DuplicationPotion"},{"floor":33.0,"key":"Fruit Juice"},{"floor":38.0,"key":"SteroidPotion"},{"floor":39.0,"key":"PowerPotion"},{"floor":45.0,"key":"Weak Potion"},{"floor":47.0,"key":"EssenceOfSteel"}],"is_trial":false,"path_per_floor":["M","?","M","$","?","R","E","M","T","E","?","R","M","?","R","B",null,"M","M","$","M","?","E","R","E","T","M","E","$","?","E","R","B",null,"M","$","?","M","M","R","E","T","T","E","M","R","?","$","R","B",null,"R","$","E","B",null],"character_chosen":"THE_CURSED","items_purchased":["HandOfGreed","Strength Potion","TheCursedMod:CircleOfAbyss","ClockworkSouvenir","TheCursedMod:SpitefulPlan","TheCursedMod:DemonicMark"],"campfire_rested":0,"item_purchase_floors":[4,20,29,29,29,48],"current_hp_per_floor":[67,67,67,67,55,55,38,38,38,16,33,33,33,38,38,11,73,72,73,78,73,73,78,78,77,77,74,75,75,75,77,78,73,83,75,75,75,70,69,81,81,81,81,80,81,83,60,60,72,45,83,83,83,82,24],"gold":150,"neow_bonus":"ONE_RARE_RELIC","is_daily":false,"chose_seed":false,"campfire_upgraded":4,"win_rate":0.0,"timestamp":1611526264,"path_taken":["M","?","M","$","?","R","E","M","T","E","?","R","M","?","R","BOSS","M","M","$","M","?","E","R","E","T","M","E","$","?","E","R","BOSS","M","$","?","?","M","R","E","?","T","E","M","R","?","?","R","BOSS","R","$","E","BOSS"],"items_purchased_type":["Card","Potion","Card","Relic","Card","Relic"],"build_version":"2020-12-22","purchased_purges":4,"victory":true,"max_hp_per_floor":[68,68,68,68,68,68,68,68,68,68,68,68,68,73,73,73,73,73,73,78,78,78,78,78,78,78,78,78,78,78,78,78,83,83,83,83,83,83,83,83,83,83,83,83,83,83,83,83,83,83,83,83,83,83,83],"card_choices":[{"not_picked":["TheCursedMod:RavingStaff","TheCursedMod:CircleOfCorruption"],"picked":"TheCursedMod:SurpriseAttack","floor":1.0},{"not_picked":["TheCursedMod:Torture","TheCursedMod:VitalStrike"],"picked":"TheCursedMod:RapidMovement","floor":3.0},{"not_picked":["TheCursedMod:DoubleShield","TheCursedMod:VitalStrike+1"],"picked":"TheCursedMod:CursedSpellbook","floor":7.0},{"not_picked":["TheCursedMod:WearCloak","TheCursedMod:RapidMovement","TheCursedMod:Obscuration"],"picked":"SKIP","floor":8.0},{"not_picked":["TheCursedMod:ReleasedKnowledge","TheCursedMod:SpitefulStrike+1"],"picked":"TheCursedMod:HellfireBreathing","floor":10.0},{"not_picked":["TheCursedMod:BlessingInDisguise","TheCursedMod:RavingStaff+1","TheCursedMod:Stretching"],"picked":"SKIP","floor":13.0},{"not_picked":["TheCursedMod:CursedRelics+1","TheCursedMod:Neurasthenia"],"picked":"TheCursedMod:NeowsMight","floor":16.0},{"not_picked":["TheCursedMod:SurpriseAttack+1","TheCursedMod:Obscuration+1"],"picked":"TheCursedMod:WearCloak","floor":18.0},{"not_picked":["TheCursedMod:SoulCrush+1","TheCursedMod:Mangle+1","TheCursedMod:SurpriseAttack+1"],"picked":"SKIP","floor":19.0},{"not_picked":["TheCursedMod:TacticalStrike+1","TheCursedMod:VitalStrike+1"],"picked":"TheCursedMod:SoulReap+1","floor":21.0},{"not_picked":["TheCursedMod:CursedSpellbook","TheCursedMod:AbyssShockwave+1"],"picked":"TheCursedMod:EmpowerCircles+1","floor":23.0},{"not_picked":["TheCursedMod:Obscuration","TheCursedMod:SoulReap+1","TheCursedMod:CursedShiv+1"],"picked":"SKIP","floor":25.0},{"not_picked":["TheCursedMod:Torture+1","TheCursedMod:CircleOfWindfury+1","TheCursedMod:Stigma+1"],"picked":"TheCursedMod:StingEye+1","floor":27.0},{"not_picked":["TheCursedMod:AbyssShockwave+1","TheCursedMod:Torture","TheCursedMod:Grudge+1"],"picked":"TheCursedMod:SoulCrush+1","floor":28.0},{"not_picked":["TheCursedMod:SurpriseAttack+1","TheCursedMod:OutForBlood","TheCursedMod:TacticalStrike+1"],"picked":"TheCursedMod:DemonSword+1","floor":31.0},{"not_picked":["TheCursedMod:UltimatePain","TheCursedMod:DarkBarrier","TheCursedMod:ParallelWorld"],"picked":"TheCursedMod:StunningStrike+1","floor":33.0},{"not_picked":["TheCursedMod:CursedAmulet","TheCursedMod:CircleOfFlame+1","TheCursedMod:CircleOfFocus","TheCursedMod:ReleasedStrength"],"picked":"SKIP","floor":35.0},{"not_picked":["TheCursedMod:CursedArmor","TheCursedMod:RavingStaff+1","TheCursedMod:VitalStrike+1","TheCursedMod:TacticalStrike+1"],"picked":"SKIP","floor":38.0},{"not_picked":["TheCursedMod:StingEye+1","TheCursedMod:CursedBoomerang+1","TheCursedMod:HellsGateOpen","TheCursedMod:AbyssShockwave+1"],"picked":"SKIP","floor":39.0},{"not_picked":["TheCursedMod:Torture+1","TheCursedMod:StingEye+1","TheCursedMod:PrepareRite+1","TheCursedMod:SurpriseAttack+1"],"picked":"SKIP","floor":41.0},{"not_picked":["TheCursedMod:DemonSword+1","TheCursedMod:BlessingInDisguise+1","TheCursedMod:Stretching+1","TheCursedMod:CursedStaff+1"],"picked":"SKIP","floor":44.0},{"not_picked":["TheCursedMod:Stigma+1","TheCursedMod:CursedBlade+1","TheCursedMod:AshesToAshes","TheCursedMod:SmokeScreen"],"picked":"SKIP","floor":45.0},{"not_picked":["TheCursedMod:Hemoplague+1","TheCursedMod:FleshFromBone+1","TheCursedMod:RavingStaff+1"],"picked":"TheCursedMod:StunningStrike+1","floor":54.0}],"player_experience":405174,"relics_obtained":[{"floor":7.0,"key":"Potion Belt"},{"floor":9.0,"key":"Matryoshka"},{"floor":10.0,"key":"Centennial Puzzle"},{"floor":15.0,"key":"Blue Candle"},{"floor":23.0,"key":"Ancient Tea Set"},{"floor":24.0,"key":"Bottled Lightning"},{"floor":25.0,"key":"Tiny Chest"},{"floor":26.0,"key":"Question Card"},{"floor":26.0,"key":"Sundial"},{"floor":28.0,"key":"Eternal Feather"},{"floor":31.0,"key":"Mercury Hourglass"},{"floor":40.0,"key":"Toy Ornithopter"},{"floor":41.0,"key":"Blood Vial"},{"floor":42.0,"key":"Akabeko"},{"floor":42.0,"key":"The Courier"},{"floor":44.0,"key":"Happy Flower"},{"floor":47.0,"key":"Incense Burner"},{"floor":52.0,"key":"InkBottle"},{"floor":54.0,"key":"Gremlin Horn"}],"event_choices":[{"damage_healed":0.0,"max_hp_gain":0.0,"max_hp_loss":0.0,"gold_gain":175.0,"event_name":"Liars Game","player_choice":"AGREE","floor":2.0,"gold_loss":0.0,"damage_taken":0.0,"cards_obtained":["Doubt"]},{"damage_healed":0.0,"max_hp_gain":0.0,"max_hp_loss":0.0,"gold_gain":0.0,"event_name":"Scrap Ooze","player_choice":"Success","floor":5.0,"gold_loss":0.0,"damage_taken":12.0,"relics_obtained":["Molten Egg 2"]},{"damage_healed":17.0,"max_hp_gain":0.0,"max_hp_loss":0.0,"gold_gain":0.0,"event_name":"The Cleric","player_choice":"Healed","floor":11.0,"gold_loss":35.0,"damage_taken":0.0},{"damage_healed":0.0,"max_hp_gain":5.0,"max_hp_loss":0.0,"gold_gain":0.0,"event_name":"Big Fish","player_choice":"Donut","floor":14.0,"gold_loss":0.0,"damage_taken":0.0},{"damage_healed":0.0,"max_hp_gain":0.0,"max_hp_loss":0.0,"gold_gain":0.0,"event_name":"Addict","player_choice":"Stole Relic","floor":22.0,"gold_loss":0.0,"damage_taken":0.0,"relics_obtained":["Lizard Tail"],"cards_obtained":["Shame"]},{"damage_healed":0.0,"max_hp_gain":0.0,"max_hp_loss":0.0,"gold_gain":0.0,"cards_transformed":["TheCursedMod:CursedWand","TheCursedMod:Wield"],"event_name":"Drug Dealer","player_choice":"Became Test Subject","floor":30.0,"gold_loss":0.0,"damage_taken":0.0,"cards_obtained":["TheCursedMod:HellsGateOpen","TheCursedMod:Mangle"]},{"cards_removed":["Shame","TheCursedMod:Dregs"],"damage_healed":0.0,"max_hp_gain":0.0,"max_hp_loss":0.0,"gold_gain":0.0,"event_name":"Fountain of Cleansing","player_choice":"Removed Curses","floor":37.0,"gold_loss":0.0,"damage_taken":0.0},{"damage_healed":0.0,"max_hp_gain":0.0,"max_hp_loss":0.0,"gold_gain":0.0,"event_name":"Mysterious Sphere","player_choice":"Fight","floor":47.0,"gold_loss":0.0,"damage_taken":0.0}],"is_beta":false,"boss_relics":[{"not_picked":["TheCursedMod:BlackMagicAdvanced","Sozu"],"picked":"Pandora\u0027s Box"},{"not_picked":["Runic Pyramid","TheCursedMod:FourLeafCloverCharm"],"picked":"SlaversCollar"}],"items_purged_floors":[4,20,29,36],"is_endless":false,"potions_floor_spawned":[3,10,13,23,25,28,31,33,38,39,45,47],"ascension_level":1}}