{"host":"2hlhnd4tei6r1t0s","time":1611461524,"event":{"mods":["100% Spire Juice","ATMod(阿瑾Mod)","Act Like it!","Arknights The Spire","Aspiration","Astrologer","Bard","BaseMod","Conspire","Dota2Spire","Downfall","Energized Spire","Evolution","Gensokyo","Gremlin Mod","Hallownest","HololiveMod","HumanHunterMod(怪物杀人mod)","Jedi Mod","Jorbs\u0027s Wanderer Trilogy","KinomotoSakuraMod(木之本樱)","Koishi","Lobotomy","LobotomyExtend","Luminous","Mari Mod (Legacy)","Mari\u0027s V1 Patch","Minty Spire (QoL Compilation)","MostiFishMod","Pale of the Ancients","Potionbrewer","Prisma Mod","Quick Restart","Reimu（博丽灵梦）","Replay The Spire","Robot Space Explorer","RumiaBox-露米娅的神秘盒子","Spicy Shops","StSLib","TestMod","The Administrix","The Alterego","The Animator","The Blackbeard","The Construct","The Cursed","The Forsaken","The Gatherer","The Hayseed","The Marked","The Mystic","The Runesmith","The Saiyan","The Senshi","The Showman","TheHeartMod","TheWitcher","Uncapped","WarShipGirlsR/战舰少女R mod","Yakumo Yukari mod","Yuyuko","[GremlinLeader]The Maniac","[IsaacMod]以撒尖塔","noobMod","vexMod","【功能Mod】混沌之环修复补丁","【功能Mod】聪明的最终Boss","【遗物卡牌】REMEMod","残留之物"],"gold_per_floor":[1000000,1000000,1000000,998448,998459,998459,996898,996876,996894,996925,996925,996941,996941,994718,994718,994718,992971,993023,993023,993126,993126,993139,993139,991516,991551,991564,991564,989778,989792,989819,989819,989829,989845,989903,989903,989903,989903,989903],"floor_reached":33,"language":"ZHS","playtime":4635,"items_purged":["BettingIsNotGood","Regret","PrismaMod:IllyaCommonDefend","PrismaMod:IllyaCarnivalDefend+1","PrismaMod:IllyaInstallCaster","PrismaMod:IllyaBride","PrismaMod:IllyaBoysLove","PrismaMod:IllyaBlindPoisonToss","Panacea","PrismaMod:IllyaEvokeAll","PrismaMod:IllyaUpgradeOrbs","blackbeard:GoldenRain","PrismaMod:IllyaFriendMaker"],"score":655,"play_id":"95e27e8e-57e5-4cf3-b34e-8f11e3edab63","local_time":"20210124121204","is_ascension_mode":false,"campfire_choices":[{"floor":12,"key":"DIG"},{"floor":15,"key":"DIG"},{"floor":23,"key":"DIG"},{"floor":27,"key":"DIG"},{"floor":32,"key":"DIG"}],"circlet_count":0,"master_deck":["PrismaMod:IllyaAOECommonAttack","PrismaMod:IllyaStunPoison","PrismaMod:IllyaUncommonAttack+1","AT_LightSaberMaster+1","Gremlin:IrksomeBlow+1","PrismaMod:IllyaGun+1","PrismaMod:IllyaCarnivalAttack","PrismaMod:IllyaGun","testmod-BackupPower+1","PrismaMod:IllyaInstallBerserker","PrismaMod:IllyaPoisonTippedWeapons+1","PrismaMod:IllyaGun","PrismaMod:IllyaGun","PrismaMod:IllyaUpgradeOrbs+1","PrismaMod:IllyaPoisonTippedWeapons","PrismaMod:IllyaCommonEvoke+1","PrismaMod:IllyaPoisonTippedWeapons","PrismaMod:IllyaMaid","PrismaMod:IllyaBerserCAR+1","PrismaMod:IllyaCarnivalAttack+1","PrismaMod:IllyaCarnivalPrismaAstolfo","PrismaMod:IllyaCarnivalOrbs+1","PrismaMod:IllyaCarnivalPrismaAstolfo","PrismaMod:IllyaUberAttackChannel","testmod-Provocation","PrismaMod:IllyaPoisonTippedWeapons+1","PrismaMod:IllyaCommonEvoke+1","PrismaMod:IllyaEvokeAll+1","PrismaMod:IllyaMinorRapidFire","PrismaMod:IllyaStunPoison","testmod-BackupPower","PrismaMod:IllyaPoisonTippedWeapons","PrismaMod:IllyaCheapChannelAttack","PrismaMod:IllyaCarnivalOrbs+1","PrismaMod:IllyaEvokeAll","PrismaMod:IllyaCarnivalAttack","PrismaMod:IllyaAOECommonAttack+1","PrismaMod:IllyaGun","PrismaMod:IllyaPoisonTippedWeapons","Pride","PrismaMod:IllyaGun","PrismaMod:IllyaUncommonAttack","PrismaMod:IllyaGun","PrismaMod:IllyaBerserCAR","PrismaMod:IllyaPartialInstallAssassin+1","PrismaMod:IllyaCommonEvoke","PrismaMod:IllyaPartialInstallAssassin+1","PrismaMod:IllyaAOECommonAttack"],"relics":["EVO:Axolotl","ice","testmod-TestBox","DaveBox","HushsDoor","AT_ATBox","SharpPlug","DSteel32","testmod-PortableAltar","testmod-Fanaticism","SynthV:TestCard","REME_ComplimentaryCards","StrikeDummy","AT_BellDemon","Replay:Mystery Machine","ClockworkSouvenir","Chemical X","testmod-TurbochargingSystem","AT_BladeRuinedKing","ShedSkin_r","HonorFeather","Moonlight_r","ice","Bag of Preparation","SynthV:TestCard","LetterFromLob","Ying","Shovel","DeadEye","Dota2Spire:ArmletOfMordiggian","Dodecahedron","theForsaken:Gavel","ReplayFunnel","Art of War","potionbrewer:RamsHorn","Pen Nib","AnarchistCookbook","SnafuTest:CatRelic","REME_HandOfSuture","SumBook","jedi:cryingmask","MetatronsCube","RuthlessExorcism:ReiMu","testmod-OneHitWonder","Kunai","Dota2Spire:AghanimScepter","PillsDrop","Toolbox","testmod-MagicalMallet","CaptainsWheel","conspire:Dentures","jedi:angrymask","Letter Opener","ShadowXiaoBlade","Runesmith:AutoHammer","REME_PuzzleBoxRelic","Mirror","ChiLing","Chi","Ling","testmod-Register","Matryoshka","Dota2Spire:EchoSabre","Replay:Towering Pillar of Hats","SynthV:C4","conspire:TopHat","Tiny Chest","AT_ChloranthyRing","Dream Catcher","conspire:GlowingRock","vexMod:TimeEaterHat","testmod-Justice","conspire:DecoderRing","vexMod:MemoryStick","InkBottle","Replay:Baseball","vexMod:BarristanHead","potionbrewer:Torch"],"acts_visited":["Exordium","TheBeyond"],"potions_floor_usage":[14,33],"damage_taken":[{"damage":8,"enemies":"conspire:RoseBush","floor":1,"turns":2},{"damage":169,"enemies":"Small Slimes","floor":5,"turns":5},{"damage":47,"enemies":"2 Louse","floor":1,"turns":2},{"damage":72,"enemies":"Small Slimes","floor":5,"turns":5},{"damage":31,"enemies":"3 Sentries","floor":6,"turns":3},{"damage":63,"enemies":"Jaw Worm","floor":8,"turns":4},{"damage":0,"enemies":"Gremlin Nob","floor":14,"turns":5},{"damage":2,"enemies":"Slime Boss","floor":16,"turns":9},{"damage":0,"enemies":"Orb Walker","floor":18,"turns":3},{"damage":21,"enemies":"3 Shapes","floor":21,"turns":3},{"damage":280,"enemies":"Jaw Worm Horde","floor":22,"turns":6},{"damage":144,"enemies":"Writhing Mass","floor":25,"turns":4},{"damage":2,"enemies":"Transient","floor":28,"turns":2},{"damage":180,"enemies":"Jaw Worm Horde","floor":29,"turns":5},{"damage":29094,"enemies":"Awakened One","floor":33,"turns":4}],"seed_played":"-5768807497444161594","potions_obtained":[{"floor":1,"key":"Adrenaline Potion"},{"floor":5,"key":"construct:ShiftPotion"},{"floor":14,"key":"Energy Potion"},{"floor":22,"key":"SkillPotion"}],"is_trial":false,"path_per_floor":["M","?","T","$","M","M","?","$","?","M","E","?","M","T","$","?","R","$","E","R","B",null,"M","?","$","M","M","R","$","M","T","R","M","M","?","?","R","B"],"character_chosen":"ILLYA","items_purchased":["AT_BellDemon","Replay:Mystery Machine","ClockworkSouvenir","Chemical X","testmod-TurbochargingSystem","AT_BladeRuinedKing","PrismaMod:IllyaCarnivalAttack","PrismaMod:IllyaGun","testmod-BackupPower","PrismaMod:IllyaInstallBerserker","Ying","Shovel","DeadEye","Dota2Spire:ArmletOfMordiggian","Dodecahedron","theForsaken:Gavel","PrismaMod:IllyaGun","PrismaMod:IllyaUpgradeOrbs","PrismaMod:IllyaPoisonTippedWeapons","PrismaMod:IllyaCommonEvoke","Panacea","SnafuTest:CatRelic","REME_HandOfSuture","SumBook","jedi:cryingmask","MetatronsCube","testmod-Provocation","PrismaMod:IllyaPoisonTippedWeapons","PrismaMod:IllyaCommonEvoke","testmod-OneHitWonder","Kunai","Dota2Spire:AghanimScepter","PillsDrop","Toolbox","PrismaMod:IllyaStunPoison","PrismaMod:IllyaFriendMaker","testmod-BackupPower","testmod-MagicalMallet","PrismaMod:IllyaPoisonTippedWeapons","PrismaMod:IllyaEvokeAll","PrismaMod:IllyaCarnivalAttack","REME_PuzzleBoxRelic","Mirror","ChiLing","testmod-Register","Matryoshka","PrismaMod:IllyaGun","PrismaMod:IllyaUpgradeOrbs","PrismaMod:IllyaEvokeAll","PrismaMod:IllyaPoisonTippedWeapons","Dota2Spire:EchoSabre","Tiny Chest","AT_ChloranthyRing","Dream Catcher","conspire:GlowingRock","vexMod:TimeEaterHat","PrismaMod:IllyaGun","PrismaMod:IllyaBerserCAR"],"campfire_rested":0,"item_purchase_floors":[4,4,4,4,4,4,4,4,4,4,3,3,3,3,3,3,3,3,3,3,3,10,10,10,10,10,10,10,10,13,13,13,13,13,13,13,13,13,13,17,17,20,20,20,20,20,20,20,20,20,20,24,24,24,24,24,24,24],"current_hp_per_floor":[67,67,67,67,74,58,58,58,74,73,73,75,74,73,72,71,70,148,147,241,228,384,345,345,1629,2774,2773,2772,3811,3810,3809,3829,5490,5474,5474,5487,0,0],"gold":989903,"neow_bonus":"BOSS_RELIC","is_daily":false,"chose_seed":false,"campfire_upgraded":0,"win_rate":0.0,"timestamp":1611461524,"path_taken":["M","?","?","$","M","M","?","$","?","M","E","?","M","T","$","?","R","$","E","R","BOSS","M","?","$","M","M","R","$","M","T","R","M","?","?","?","R","BOSS"],"items_purchased_type":["Relic","Relic","Relic","Relic","Relic","Relic","Card","Card","Card","Card","Relic","Relic","Relic","Relic","Relic","Relic","Card","Card","Card","Card","Card","Relic","Relic","Relic","Relic","Relic","Card","Card","Card","Relic","Relic","Relic","Relic","Relic","Card","Card","Card","Relic","Card","Card","Card","Relic","Relic","Relic","Relic","Relic","Card","Card","Card","Card","Relic","Relic","Relic","Relic","Relic","Relic","Card","Card"],"build_version":"2020-12-22","purchased_purges":13,"victory":false,"max_hp_per_floor":[74,73,72,71,74,73,72,71,74,74,73,75,74,73,72,71,70,148,147,241,228,384,383,382,1629,2774,2773,2772,3811,3810,3809,3829,5490,5489,5488,5487,19119,19119],"card_choices":[{"not_picked":[],"picked":"BettingIsNotGood","floor":0},{"not_picked":["PrismaMod:IllyaRubysPotion","PrismaMod:IllyaBoysLove"],"picked":"PrismaMod:IllyaGun","floor":1},{"not_picked":["PrismaMod:IllyaHassanGift","PrismaMod:IllyaCheapChannelDefend","PrismaMod:IllyaFriendMaker","PrismaMod:IllyaRubysPotion"],"picked":"PrismaMod:IllyaPoisonTippedWeapons","floor":1},{"not_picked":["PrismaMod:IllyaFriendMaker","PrismaMod:IllyaCheapChannelAttack","PrismaMod:IllyaMinorZwei","PrismaMod:IllyaSaphire","PrismaMod:IllyaInstallSaber","PrismaMod:IllyaBlindPoisonToss"],"picked":"PrismaMod:IllyaPoisonTippedWeapons","floor":5},{"not_picked":["PrismaMod:IllyaUncommonEvoke","PrismaMod:IllyaGrailKun","PrismaMod:IllyaCheapChannelDefend","PrismaMod:IllyaDevil","PrismaMod:IllyaBlindPoisonToss","PrismaMod:IllyaInstallMoonCancer"],"picked":"PrismaMod:IllyaMaid","floor":6},{"not_picked":["PrismaMod:IllyaPoisonTippedWeapons","PrismaMod:IllyaBlindPoisonToss","PrismaMod:IllyaGrailKun","PrismaMod:IllyaBoysLove","PrismaMod:IllyaUncommonAOEAttack","PrismaMod:IllyaSaphire"],"picked":"PrismaMod:IllyaBerserCAR","floor":8},{"not_picked":["PrismaMod:IllyaUncommonDefend","PrismaMod:IllyaCheapChannelPoison","PrismaMod:IllyaInstallForeigner","PrismaMod:IllyaInstallArcher","PrismaMod:IllyaCommandSeal","PrismaMod:IllyaCheapAttack"],"picked":"PrismaMod:IllyaCheapChannelAttack","floor":14},{"not_picked":["PrismaMod:IllyaInstallCaster","PrismaMod:IllyaInstallSaber","PrismaMod:IllyaUberDefendChannel","PrismaMod:IllyaCarnivalAttack","PrismaMod:IllyaInstallBerserker","PrismaMod:IllyaUberPoisonChannel"],"picked":"PrismaMod:IllyaCarnivalOrbs","floor":16},{"not_picked":["PrismaMod:IllyaDetonatingBlow+1","PrismaMod:IllyaUberChannel","PrismaMod:IllyaCommonEvoke+1","PrismaMod:IllyaCommandSeal","PrismaMod:IllyaUpgradeOrbs+1","PrismaMod:IllyaBride"],"picked":"PrismaMod:IllyaAOECommonAttack+1","floor":18},{"not_picked":["PrismaMod:IllyaUpgradeOrbs+1","PrismaMod:IllyaCheapChannelDefend","PrismaMod:IllyaBlindPoisonToss+1","PrismaMod:IllyaFriendMaker+1","PrismaMod:IllyaCheapDefend+1","PrismaMod:IllyaCommonEvoke"],"picked":"PrismaMod:IllyaGun","floor":21},{"not_picked":["PrismaMod:IllyaBoysLove","PrismaMod:IllyaPartialInstallAssassin","PrismaMod:IllyaUpgradeOrbs","PrismaMod:IllyaFriendMaker+1","PrismaMod:IllyaFeed","PrismaMod:IllyaEvokeAll"],"picked":"PrismaMod:IllyaUncommonAttack","floor":22},{"not_picked":["PrismaMod:IllyaUberDefendChannel","PrismaMod:IllyaFriendMaker","PrismaMod:IllyaSaphire+1","PrismaMod:IllyaBride+1","PrismaMod:IllyaBoysLove+1","PrismaMod:IllyaMaid+1"],"picked":"PrismaMod:IllyaPartialInstallAssassin","floor":25},{"not_picked":["PrismaMod:IllyaFeed","PrismaMod:IllyaGrail+1","PrismaMod:IllyaUpgradeOrbs","PrismaMod:IllyaFriendMaker","PrismaMod:IllyaGrailKun+1","PrismaMod:IllyaReinForce+1"],"picked":"PrismaMod:IllyaCommonEvoke","floor":28},{"not_picked":["PrismaMod:IllyaRapidFire","PrismaMod:IllyaDualEvoke+1","PrismaMod:IllyaInstallRider","PrismaMod:IllyaUncommonEvoke","PrismaMod:IllyaRussianRoulette+1","PrismaMod:IllyaEvokeAll"],"picked":"PrismaMod:IllyaPartialInstallAssassin+1","floor":29}],"player_experience":144951,"relics_obtained":[{"floor":1,"key":"SynthV:TestCard"},{"floor":1,"key":"LetterFromLob"},{"floor":3,"key":"StrikeDummy"},{"floor":1,"key":"Bag of Preparation"},{"floor":1,"key":"SynthV:TestCard"},{"floor":1,"key":"LetterFromLob"},{"floor":5,"key":"ReplayFunnel"},{"floor":6,"key":"Art of War"},{"floor":6,"key":"potionbrewer:RamsHorn"},{"floor":8,"key":"Pen Nib"},{"floor":9,"key":"AnarchistCookbook"},{"floor":12,"key":"RuthlessExorcism:ReiMu"},{"floor":14,"key":"CaptainsWheel"},{"floor":14,"key":"conspire:Dentures"},{"floor":15,"key":"jedi:angrymask"},{"floor":16,"key":"Letter Opener"},{"floor":18,"key":"Runesmith:AutoHammer"},{"floor":21,"key":"Replay:Towering Pillar of Hats"},{"floor":22,"key":"SynthV:C4"},{"floor":23,"key":"conspire:TopHat"},{"floor":25,"key":"testmod-Justice"},{"floor":26,"key":"conspire:DecoderRing"},{"floor":26,"key":"vexMod:MemoryStick"},{"floor":27,"key":"InkBottle"},{"floor":28,"key":"Replay:Baseball"},{"floor":29,"key":"vexMod:BarristanHead"},{"floor":32,"key":"potionbrewer:Torch"}],"event_choices":[{"damage_healed":0,"gold_gain":0,"player_choice":"Swap Relic","damage_taken":0,"relics_obtained":["REME_ComplimentaryCards"],"max_hp_gain":0,"max_hp_loss":0,"event_name":"给自己的盒子","floor":2,"relics_lost":["REME_ComplimentaryCards"],"gold_loss":0},{"damage_healed":0,"gold_gain":0,"player_choice":"Entered Light","damage_taken":15,"max_hp_gain":0,"max_hp_loss":0,"event_name":"Shining Light","floor":2,"gold_loss":0,"cards_upgraded":["PrismaMod:IllyaCommonDefend","PrismaMod:IllyaUncommonAttack"]},{"damage_healed":0,"gold_gain":0,"player_choice":"Left Gold","damage_taken":0,"max_hp_gain":0,"max_hp_loss":0,"event_name":"World of Goop","floor":4,"gold_loss":22},{"damage_healed":0,"gold_gain":0,"player_choice":"Leave","damage_taken":0,"max_hp_gain":0,"max_hp_loss":0,"event_name":"conspire:Investor","floor":7,"gold_loss":0},{"damage_healed":0,"gold_gain":0,"player_choice":"Ignored","damage_taken":38,"max_hp_gain":0,"max_hp_loss":0,"event_name":"恩洛斯的盘子","floor":19,"gold_loss":0},{"damage_healed":0,"gold_gain":0,"cards_transformed":["PrismaMod:IllyaUncommonDefend"],"player_choice":"Transformed","damage_taken":0,"max_hp_gain":0,"max_hp_loss":0,"event_name":"Transmorgrifier","floor":31,"gold_loss":0,"cards_obtained":["PrismaMod:IllyaAOECommonAttack"]}],"is_beta":false,"boss_relics":[{"not_picked":["aspiration:RunesmithSkillbook","EE1DDrone"],"picked":"ShadowXiaoBlade"},{"not_picked":[]}],"items_purged_floors":[4,3,3,10,10,13,13,17,20,20,24,24,24],"is_endless":false,"potions_floor_spawned":[5,1,5,14,22,25],"killed_by":"Awakened One","ascension_level":0}}