{"host":"nia1zwr35jsu5y7h","time":1611492629,"event":{"mods":["2.2 Compatiblity","Abigail Mod","Bard","BaseMod","Colored Map","Conspire","Downfall","Friendly Minions","Hermit","Highlight Path","Hubris","Infinite Spire","Kiyohime????","Koishi","Marisa????????","Minty Spire (QoL Compilation)","Quick Restart","Replay The Spire","Shade Mod","Shop Mod","StSLib","The Administrix","The Animator","The Construct","The Cursed","The Disciple","The Mystic","The Necromancer","The Servant 0.9.4"],"gold_per_floor":[364,382,72,102,102,133,143,173,173,208,208,222,236,256,256,256,256],"floor_reached":16,"language":"ENG","playtime":1463,"items_purged":[],"score":122,"play_id":"9975e97c-1d9f-43a4-b889-6c377acf874b","local_time":"20210124045029","is_ascension_mode":true,"campfire_choices":[],"circlet_count":0,"master_deck":["animator:Strike_Katanagatari","animator:Defend_Katanagatari","animator:Strike","animator:Strike","animator:Defend","animator:Defend","animator:Defend","animator:Azekura","animator:Emonzaemon","animator:KrulTepes","animator:Ara","animator:TanyaDegurechaff","animator:Guren","animator:Shizu","animator:HigakiRinne","animator:Geryuganshoop","animator:HiiragiShinya","animator:Shizu","animator:Laby+1","animator:Laby+1","animator:FielNirvalen+1","animator:AcuraShin"],"relics":["animator:LivingPicture","animator:TheMissingPiece","animator:PurgingStone","Potion Belt","ReplayTheSpireMod:Shallot","Frozen Egg 2"],"acts_visited":["Exordium"],"potions_floor_usage":[12,13,16],"damage_taken":[{"damage":0,"enemies":"Cultist","floor":1,"turns":5},{"damage":4,"enemies":"Jaw Worm","floor":2,"turns":5},{"damage":0,"enemies":"Small Slimes","floor":4,"turns":3},{"damage":2,"enemies":"Blue Slaver","floor":6,"turns":5},{"damage":0,"enemies":"Red Slaver","floor":7,"turns":3},{"damage":6,"enemies":"Gremlin Nob","floor":8,"turns":3},{"damage":27,"enemies":"Lagavulin","floor":10,"turns":7},{"damage":3,"enemies":"Lots of Slimes","floor":12,"turns":6},{"damage":0,"enemies":"Gremlin Gang","floor":13,"turns":4},{"damage":4,"enemies":"3 Louse","floor":14,"turns":3},{"damage":15,"enemies":"Slime Boss","floor":16,"turns":10}],"seed_played":"-7574896183425389462","potions_obtained":[{"floor":1,"key":"Fire Potion"},{"floor":10,"key":"Adrenaline Potion"},{"floor":13,"key":"SkillPotion"},{"floor":14,"key":"Languid Potion"}],"is_trial":false,"path_per_floor":["M","M","$","M","?","M","M","E","T","E","?","M","M","M","R_BF","B"],"character_chosen":"THE_ANIMATOR","items_purchased":["animator:TanyaDegurechaff","animator:Guren"],"campfire_rested":0,"item_purchase_floors":[3,3],"current_hp_per_floor":[60,56,56,56,56,54,54,48,48,21,21,18,18,14,14,0,0],"gold":256,"neow_bonus":"TWO_FIFTY_GOLD","is_daily":false,"chose_seed":false,"campfire_upgraded":0,"win_rate":0.0,"timestamp":1611492629,"path_taken":["M","M","$","M","?","M","?","E","T","E","?","M","M","?","R_BF","BOSS"],"items_purchased_type":["Card","Card"],"build_version":"2020-12-22","purchased_purges":0,"victory":false,"max_hp_per_floor":[60,60,60,60,60,60,60,60,60,60,60,60,60,60,60,60,60],"card_choices":[{"not_picked":["animator:Shigure","animator:DolaStephanie"],"picked":"animator:KrulTepes","floor":1},{"not_picked":["animator:Archer","animator:Tyuule"],"picked":"animator:Ara","floor":2},{"not_picked":["animator:Millim","animator:HiiragiShinya"],"picked":"animator:Shizu","floor":4},{"not_picked":["animator:Togame","animator:Shichika"],"picked":"animator:HigakiRinne","floor":6},{"not_picked":["animator:Mikaela","animator:Kuribayashi"],"picked":"animator:Geryuganshoop","floor":7},{"not_picked":["animator:ChlammyZell","animator:Arpeggio"],"picked":"animator:HiiragiShinya","floor":8},{"not_picked":["animator:Arpeggio+1","animator:Shigure","animator:Berserker"],"picked":"SKIP","floor":10},{"not_picked":["animator:Shion","animator:Shuna"],"picked":"animator:Laby+1","floor":13},{"not_picked":["animator:Tyuule","animator:Laby+1"],"picked":"animator:FielNirvalen+1","floor":14}],"player_experience":2251038,"relics_obtained":[{"floor":8,"key":"Potion Belt"},{"floor":9,"key":"ReplayTheSpireMod:Shallot"},{"floor":10,"key":"Frozen Egg 2"}],"event_choices":[{"damage_healed":0,"gold_gain":0,"player_choice":"Bought 0 Potions","damage_taken":0,"max_hp_gain":0,"max_hp_loss":0,"event_name":"The Woman in Blue","floor":5,"gold_loss":0},{"damage_healed":0,"gold_gain":0,"player_choice":"2 cards matched","damage_taken":0,"max_hp_gain":0,"max_hp_loss":0,"event_name":"Match and Keep!","floor":11,"gold_loss":0,"cards_obtained":["animator:Shizu","animator:Laby"]}],"is_beta":false,"boss_relics":[],"items_purged_floors":[],"is_endless":false,"potions_floor_spawned":[1,10,13,14],"killed_by":"Slime Boss","ascension_level":1}}