{"host":"oehe2dxjvdgux73m","time":1611478453,"event":{"mods":["AchievementEnabler","BaseMod","Colored Map","Colored Powertips","DeckTracker","Keyboard Shortcuts","Minty Spire (QoL Compilation)","Permanent Neow","Quick Restart","StSLib","SuperFastMode"],"gold_per_floor":[362,41,41,41,57,57,88,59,59,92,92,112,125,150,150,150,150],"floor_reached":16,"language":"KOR","playtime":305,"items_purged":["Defend_R"],"score":198,"play_id":"1c253bcf-2b52-4f7e-beb9-a5acfabfaab9","local_time":"20210124175413","is_ascension_mode":true,"campfire_choices":[{"data":"Perfected Strike","floor":6.0,"key":"SMITH"},{"data":"Carnage","floor":15.0,"key":"SMITH"}],"circlet_count":0,"master_deck":["AscendersBane","Strike_R","Strike_R","Strike_R","Strike_R","Strike_R","Defend_R","Defend_R","Defend_R","Perfected Strike+1","Wild Strike","Carnage+1","Wild Strike","Shrug It Off","Bludgeon+1","Burning Pact"],"relics":["Burning Blood","Membership Card","Potion Belt","Golden Idol","Question Card","Bottled Lightning","Mango"],"acts_visited":["Exordium"],"potions_floor_usage":[16,16],"damage_taken":[{"damage":9.0,"enemies":"Small Slimes","floor":1.0,"turns":4.0},{"damage":0.0,"enemies":"2 Louse","floor":5.0,"turns":2.0},{"damage":35.0,"enemies":"3 Sentries","floor":7.0,"turns":7.0},{"damage":30.0,"enemies":"Gremlin Nob","floor":10.0,"turns":4.0},{"damage":0.0,"enemies":"Cultist","floor":12.0,"turns":2.0},{"damage":6.0,"enemies":"Exordium Thugs","floor":13.0,"turns":3.0},{"damage":0.0,"enemies":"Exordium Wildlife","floor":14.0,"turns":2.0},{"damage":52,"enemies":"The Guardian","floor":16,"turns":9}],"seed_played":"3850022189484363418","potions_obtained":[{"floor":1.0,"key":"BloodPotion"},{"floor":10.0,"key":"Block Potion"},{"floor":12.0,"key":"SpeedPotion"},{"floor":13.0,"key":"Explosive Potion"},{"floor":14.0,"key":"Fruit Juice"}],"is_trial":false,"path_per_floor":["M","$","?","?","M","R","E","$","T","E","?","M","M","M","R","B"],"character_chosen":"IRONCLAD","items_purchased":["Membership Card","Wild Strike","Potion Belt","Shrug It Off"],"campfire_rested":0,"item_purchase_floors":[2,2,2,8],"current_hp_per_floor":[65,65,58,58,62,62,45,45,45,35,35,41,41,47,47,0,0],"gold":150,"neow_bonus":"TWO_FIFTY_GOLD","is_daily":false,"chose_seed":false,"campfire_upgraded":2,"win_rate":0.0,"timestamp":1611478453,"path_taken":["M","$","?","?","M","R","E","$","T","E","?","M","M","M","R","BOSS"],"items_purchased_type":["Relic","Card","Relic","Card"],"build_version":"2020-12-22","purchased_purges":1,"victory":false,"max_hp_per_floor":[68,68,68,62,62,62,62,62,62,76,76,76,76,76,76,81,81],"card_choices":[{"not_picked":["Entrench","Havoc"],"picked":"Perfected Strike","floor":1.0},{"not_picked":["Feel No Pain","True Grit"],"picked":"Carnage","floor":5.0},{"not_picked":["Power Through","Sword Boomerang"],"picked":"Wild Strike","floor":7.0},{"not_picked":["Sever Soul","Whirlwind","Inflame"],"picked":"Bludgeon","floor":10.0},{"not_picked":["Clothesline","Thunderclap","Carnage","Havoc"],"picked":"SKIP","floor":12.0},{"not_picked":["Flex","Second Wind","Headbutt"],"picked":"Burning Pact","floor":13.0},{"not_picked":["Infernal Blade","Heavy Blade","Carnage","Body Slam"],"picked":"SKIP","floor":14.0}],"player_experience":312566,"relics_obtained":[{"floor":7.0,"key":"Question Card"},{"floor":9.0,"key":"Bottled Lightning"},{"floor":10.0,"key":"Mango"}],"event_choices":[{"cards_removed":["Bash"],"damage_healed":0.0,"max_hp_gain":0.0,"max_hp_loss":0.0,"gold_gain":0.0,"event_name":"Golden Wing","player_choice":"Card Removal","floor":3.0,"gold_loss":0.0,"damage_taken":7.0},{"damage_healed":0.0,"max_hp_gain":0.0,"max_hp_loss":6.0,"gold_gain":0.0,"event_name":"Golden Idol","player_choice":"Lose Max HP","floor":4.0,"gold_loss":0.0,"damage_taken":0.0,"relics_obtained":["Golden Idol"]},{"damage_healed":0.0,"max_hp_gain":0.0,"max_hp_loss":0.0,"gold_gain":0.0,"event_name":"Living Wall","player_choice":"Grow","floor":11.0,"gold_loss":0.0,"damage_taken":0.0,"cards_upgraded":["Bludgeon"]}],"is_beta":false,"boss_relics":[],"items_purged_floors":[2],"is_endless":false,"potions_floor_spawned":[1,10,12,13,14],"killed_by":"The Guardian","ascension_level":16}}