{"host":"8inpc3yxphy2r27y","time":1611466939,"event":{"mods":["100% Spire Juice","ATMod(阿瑾Mod)","Aspiration","Bard","BaseMod","Better Synergies","Better Vampires","Challenge The Spire","Conspire","Downfall","Energized Spire","FutureSeer","Gremlin Mod","GungeonMod","Highlight Path","KinomotoSakuraMod(木之本樱)","Lobotomy","LobotomyExtend","Minty Spire (QoL Compilation)","Quick Restart","READ ME - Guardian Mod","Relic Stats","Replay The Spire","RumiaBox-露米娅的神秘盒子","Ryuuou龙王","SIMod","Shop Mod","Spicy Shops","StSLib","TestMod","The Construct","The Cursed","The Gatherer","The Hierophant","The Poker Player","UnlockEverythingMod","Waifu the Spire","[IsaacMod]以撒尖塔","[JumpMod]舞动尖塔","noobMod","vexMod","【遗物卡牌】REMEMod","残留之物","篝火指南"],"gold_per_floor":[99,114,114,214,489,504,504,519,534,564,5,35,4,4,19,119,119,119,134,6,21,121,151,151,151,166,196,36,51,51,51,51],"floor_reached":30,"language":"ZHS","playtime":2394,"items_purged":[],"score":528,"play_id":"136d7657-978b-4881-9e75-570a7533803b","local_time":"20210124134219","daily_mods":["Specialized","Vintage","downfall:WorldOfGoo"],"is_ascension_mode":false,"metric_token":2838,"campfire_choices":[{"floor":1.0,"key":"RECALL"},{"data":"PokerPlayerMod:CardPrinter","floor":18.0,"key":"SMITH"}],"circlet_count":0,"master_deck":["PokerPlayerMod:Diamond2","PokerPlayerMod:Diamond3","PokerPlayerMod:Diamond4","PokerPlayerMod:Diamond6","PokerPlayerMod:Spade1","PokerPlayerMod:Spade2","PokerPlayerMod:Spade3","PokerPlayerMod:Spade4","PokerPlayerMod:Club2","PokerPlayerMod:Club2","PokerPlayerMod:Heart2","PokerPlayerMod:TrumpStrike","PokerPlayerMod:BadJoker","PokerPlayerMod:Mulligan","EpicFetus+1","PokerPlayerMod:CloakAndDiamond+1","PokerPlayerMod:CloakAndDiamond+1","PokerPlayerMod:CloakAndDiamond+1","PokerPlayerMod:CloakAndDiamond+1","PokerPlayerMod:CloakAndDiamond+1","AT_ShadowStep","LessonLearned","PokerPlayerMod:ClubsClub","Regret","PokerPlayerMod:WildCard","PokerPlayerMod:ClubShade","PokerPlayerMod:ItsShowtime","PokerPlayerMod:GamblerForm","PokerPlayerMod:CardPrinter+1","PokerPlayerMod:WasteCollection","PokerPlayerMod:SpadeStrike+1","PokerPlayerMod:Overdeal+1","PokerPlayerMod:Harden","PokerPlayerMod:CardBurn","SuicideKing"],"relics":["PokerPlayerMod:DeckCase","HushsDoor","REME_ComplimentaryCards","testmod-TestBox","AT_ATBox","HowToJump","ice","testmod-HarvestTotem","PillsDrop","Pet Ghost","LetterFromLob","DemoMod:ClearGuonStone","Blue Candle","downfall:HeartBlessingRed","downfall:HeartBlessingBlue","DemoMod:GnawedKey","MerchantsRug","Toolbox","REME_LimitBreaker","LastBattle","Molten Egg 2","SoulBox","GuppysCollar","Nunchaku","conspire:TreasureMap","Replay:PocketPolymizer","testmod-HeartOfStrike","AT_DeathDance","AT_ChloranthyRing","aspiration:Nostalgia","m_BurningSludge","Replay:Bottled Eggs"],"acts_visited":["Exordium","TheCity"],"potions_floor_usage":[28],"damage_taken":[{"damage":2.0,"enemies":"conspire:RoseBush","floor":2.0,"turns":2.0},{"damage":0.0,"enemies":"Small Slimes","floor":6.0,"turns":3.0},{"damage":12.0,"enemies":"Jaw Worm","floor":8.0,"turns":3.0},{"damage":9.0,"enemies":"Lots of Slimes","floor":9.0,"turns":3.0},{"damage":29.0,"enemies":"Gremlin Nob","floor":10.0,"turns":4.0},{"damage":5.0,"enemies":"3 Sentries","floor":12.0,"turns":4.0},{"damage":0.0,"enemies":"Gremlin Gang","floor":15.0,"turns":1.0},{"damage":10.0,"enemies":"Fading Forest","floor":16.0,"turns":11.0},{"damage":0.0,"enemies":"Chosen","floor":19.0,"turns":4.0},{"damage":0.0,"enemies":"downfall:FleeingMerchant","floor":20.0,"turns":4.0},{"damage":11.0,"enemies":"Centurion and Healer","floor":21.0,"turns":8.0},{"damage":21.0,"enemies":"Colosseum Nobs","floor":22.0,"turns":6.0},{"damage":24.0,"enemies":"REME_1_Revenger","floor":23.0,"turns":5.0},{"damage":5.0,"enemies":"Snake Plant","floor":26.0,"turns":6.0},{"damage":0.0,"enemies":"Slavers","floor":27.0,"turns":2.0},{"damage":0,"enemies":"downfall:FleeingMerchant","floor":28,"turns":4},{"damage":13,"enemies":"Cultist and Chosen","floor":29,"turns":5},{"damage":10,"enemies":"Centurion and Healer","floor":30,"turns":7}],"seed_played":"-992185634128019100","potions_obtained":[{"floor":6.0,"key":"Guardian:BlockOnCardUsePotion"},{"floor":9.0,"key":"SkillPotion"},{"floor":12.0,"key":"Dexterity Potion"},{"floor":15.0,"key":"FearPotion"},{"floor":21.0,"key":"Adrenaline Potion"},{"floor":23.0,"key":"LiquidMemories"},{"floor":27.0,"key":"SkillPotion"}],"is_trial":false,"path_per_floor":["R","M","?","?","?","M","T","M","M","E","R","E","R","?","M","B",null,"R","M","$","M","?","E","T","?","M","E","$","M","M"],"character_chosen":"THE_POKER_PLAYER","items_purchased":["DemoMod:GnawedKey","MerchantsRug","Toolbox","PokerPlayerMod:ItsShowtime","PokerPlayerMod:CardPrinter","GuppysCollar","conspire:TreasureMap","aspiration:Nostalgia","SuicideKing"],"campfire_rested":0,"item_purchase_floors":[11,11,11,13,17,17,20,28,28],"current_hp_per_floor":[104,99,79,79,79,79,79,71,66,41,81,80,80,73,73,95,103,103,103,103,105,92,80,80,80,79,91,105,108,102,102,102],"gold":51,"neow_bonus":"","is_daily":true,"chose_seed":false,"campfire_upgraded":1,"win_rate":0.0,"timestamp":1611466939,"path_taken":["R","M","?","?","?","M","T","?","M","E","R","E","R","?","M","BOSS","R","M","$","M","?","E","T","?","M","E","?","?","M"],"items_purchased_type":["Relic","Relic","Relic","Card","Card","Relic","Relic","Relic","Card"],"build_version":"2020-12-22","purchased_purges":0,"victory":false,"max_hp_per_floor":[104,99,99,99,99,99,99,99,99,99,119,119,119,119,119,119,103,103,103,103,109,109,115,115,115,115,121,121,127,127,127,127],"relic_stats":{"Nunchaku":[3],"counters":[18,81],"Blue Candle":[7],"obtain_stats":[{"AnarchistCookbook":22,"testmod-HeartOfStrike":23,"Replay:Accelerometer":26,"vexMod:MemoryStick":9,"AT_ATBox":0,"Replay:PocketPolymizer":22,"DemoMod:GlassGuonStoneRelic":10,"SoulBox":17,"ice":0,"Pet Ghost":2,"PokerPlayerMod:DeckCase":0,"Nunchaku":19,"downfall:HeartBlessingBlue":11,"PillsDrop":0,"Toolbox":11,"DemoMod:GnawedKey":11,"DemoMod:ClearGuonStone":8,"Replay:Bottled Eggs":29,"KeepersGift":0,"AT_ChloranthyRing":27,"MerchantsRug":11,"conspire:TreasureMap":20,"testmod-TestBox":0,"PunchingBag":21,"HowToJump":0,"downfall:HeartBlessingRed":11,"aspiration:Nostalgia":28,"Blue Candle":10,"testmod-HarvestTotem":0,"REME_LimitBreaker":12,"LastBattle":14,"Akabeko":6,"Molten Egg 2":15,"LetterFromLob":2,"AT_DeathDance":24,"HushsDoor":0,"GuppysCollar":17,"REME_ComplimentaryCards":0,"m_BurningSludge":28},{"AnarchistCookbook":12,"testmod-HeartOfStrike":13,"Replay:Accelerometer":14,"vexMod:MemoryStick":4,"AT_ATBox":0,"Replay:PocketPolymizer":12,"DemoMod:GlassGuonStoneRelic":5,"SoulBox":8,"ice":0,"Pet Ghost":1,"PokerPlayerMod:DeckCase":0,"Nunchaku":9,"downfall:HeartBlessingBlue":5,"PillsDrop":0,"Toolbox":5,"DemoMod:GnawedKey":5,"DemoMod:ClearGuonStone":3,"Replay:Bottled Eggs":17,"KeepersGift":0,"AT_ChloranthyRing":15,"MerchantsRug":5,"conspire:TreasureMap":10,"testmod-TestBox":0,"PunchingBag":11,"HowToJump":0,"downfall:HeartBlessingRed":5,"aspiration:Nostalgia":16,"Blue Candle":5,"testmod-HarvestTotem":0,"REME_LimitBreaker":6,"LastBattle":6,"Akabeko":2,"Molten Egg 2":7,"LetterFromLob":1,"AT_DeathDance":13,"HushsDoor":0,"GuppysCollar":8,"REME_ComplimentaryCards":0,"m_BurningSludge":16},{"AnarchistCookbook":53,"testmod-HeartOfStrike":58,"Replay:Accelerometer":64,"vexMod:MemoryStick":11,"AT_ATBox":0,"Replay:PocketPolymizer":53,"DemoMod:GlassGuonStoneRelic":15,"SoulBox":31,"ice":0,"Pet Ghost":2,"PokerPlayerMod:DeckCase":0,"Nunchaku":35,"downfall:HeartBlessingBlue":15,"PillsDrop":0,"Toolbox":15,"DemoMod:GnawedKey":15,"DemoMod:ClearGuonStone":8,"Replay:Bottled Eggs":75,"KeepersGift":0,"AT_ChloranthyRing":66,"MerchantsRug":15,"conspire:TreasureMap":39,"testmod-TestBox":0,"PunchingBag":47,"HowToJump":0,"downfall:HeartBlessingRed":15,"aspiration:Nostalgia":70,"Blue Candle":15,"testmod-HarvestTotem":0,"REME_LimitBreaker":19,"LastBattle":19,"Akabeko":5,"Molten Egg 2":20,"LetterFromLob":2,"AT_DeathDance":58,"HushsDoor":0,"GuppysCollar":31,"REME_ComplimentaryCards":0,"m_BurningSludge":70}]},"card_choices":[{"not_picked":[],"picked":"EpicFetus","floor":0.0},{"not_picked":["PokerPlayerMod:Diamond5","PokerPlayerMod:Heart2"],"picked":"PokerPlayerMod:ClubsClub","floor":4.0},{"not_picked":["PokerPlayerMod:Diamond4","PokerPlayerMod:Diamond7"],"picked":"PokerPlayerMod:WildCard","floor":10.0},{"not_picked":["PokerPlayerMod:DartThrow","PokerPlayerMod:Diamond2"],"picked":"PokerPlayerMod:ClubShade","floor":12.0},{"not_picked":["PokerPlayerMod:Diamond8","PokerPlayerMod:Club8"],"picked":"PokerPlayerMod:GamblerForm","floor":16.0},{"not_picked":["PokerPlayerMod:SpadeStrike+1","PokerPlayerMod:Spade6"],"picked":"PokerPlayerMod:WasteCollection","floor":20.0},{"not_picked":["PokerPlayerMod:Diamond1","PokerPlayerMod:Diamond2"],"picked":"PokerPlayerMod:SpadeStrike+1","floor":22.0},{"not_picked":["PokerPlayerMod:Spade5","PokerPlayerMod:MagicTrick"],"picked":"PokerPlayerMod:Overdeal+1","floor":23.0},{"not_picked":["PokerPlayerMod:ClubsClub+1","PokerPlayerMod:Spade2"],"picked":"PokerPlayerMod:Harden","floor":27.0},{"not_picked":["PokerPlayerMod:Spade3","PokerPlayerMod:Club1"],"picked":"PokerPlayerMod:CardBurn","floor":28}],"player_experience":67667,"relics_obtained":[{"floor":2.0,"key":"Pet Ghost"},{"floor":2.0,"key":"LetterFromLob"},{"floor":6.0,"key":"Akabeko"},{"floor":8.0,"key":"DemoMod:ClearGuonStone"},{"floor":9.0,"key":"vexMod:MemoryStick"},{"floor":10.0,"key":"Blue Candle"},{"floor":12.0,"key":"REME_LimitBreaker"},{"floor":15.0,"key":"Molten Egg 2"},{"floor":19.0,"key":"Nunchaku"},{"floor":21.0,"key":"PunchingBag"},{"floor":22.0,"key":"Replay:PocketPolymizer"},{"floor":22.0,"key":"AnarchistCookbook"},{"floor":23.0,"key":"testmod-HeartOfStrike"},{"floor":24.0,"key":"AT_DeathDance"},{"floor":26.0,"key":"Replay:Accelerometer"},{"floor":27.0,"key":"AT_ChloranthyRing"},{"floor":29,"key":"Replay:Bottled Eggs"}],"event_choices":[{"damage_healed":0.0,"max_hp_gain":0.0,"max_hp_loss":0.0,"gold_gain":0.0,"event_name":"Shining Light","player_choice":"Entered Light","floor":3.0,"gold_loss":0.0,"damage_taken":20.0,"cards_upgraded":["PokerPlayerMod:Diamond6","EpicFetus"]},{"damage_healed":0.0,"max_hp_gain":0.0,"max_hp_loss":0.0,"gold_gain":275.0,"event_name":"Golden Shrine","player_choice":"Desecrate","floor":5.0,"gold_loss":0.0,"damage_taken":0.0,"cards_obtained":["Regret"]},{"damage_healed":0.0,"max_hp_gain":0.0,"max_hp_loss":0.0,"gold_gain":0.0,"event_name":"Scrap Ooze","player_choice":"Success","floor":14.0,"gold_loss":0.0,"damage_taken":7.0,"relics_obtained":["LastBattle"]},{"cards_removed":["PokerPlayerMod:Diamond1"],"damage_healed":0.0,"max_hp_gain":0.0,"max_hp_loss":0.0,"gold_gain":0.0,"event_name":"PokerPlayerMod:BackToBasicsPoker","player_choice":"Elegance","floor":25.0,"gold_loss":0.0,"damage_taken":0.0}],"is_beta":false,"boss_relics":[{"not_picked":["vexMod:BigBerry","Replay:Ancient Bell"],"picked":"SoulBox"},{"not_picked":[]}],"items_purged_floors":[],"is_endless":false,"potions_floor_spawned":[6,9,12,15,21,23,27],"killed_by":"Centurion and Healer","ascension_level":0}}