{"host":"cgwysqtmt736mr58","time":1611464508,"event":{"mods":["2.2 Compatiblity","Aspiration","BaseMod","Beaked The Cultist","Colored Map","Colored Powertips","Downfall","Googly Eyes","Halation","Hermit","Hubris","Infinite Spire","Lobotomy","LobotomyExtend","Marisa????????","Minty Spire (QoL Compilation)","Relic Stats","Replay The Spire","Shade Mod","StSLib","The Bug Knight","The Construct","The Cursed","The Disciple","The Exalted","The Jungle","The Necromancer","The Runesmith","The Servant 0.9.4","The Wild Card","Waifu the Spire","Yuri Mod","[IsaacMod]????"],"gold_per_floor":[199,214,364,297,314,330,330,342,355,255,269,286,286,286,298,403,403,403,421,421,436,273,273,300,300,300,300,300,313,348,360,380,475,475,475,488,508,527,200,200,254,273,273,288,288,288,307,23,40,40,40],"floor_reached":52,"language":"ENG","playtime":3241,"items_purged":["downfall:Icky"],"score":720,"play_id":"aa4ad256-4e71-42fb-8f0c-f6622df00b39","local_time":"20210124160148","is_ascension_mode":false,"campfire_choices":[{"floor":1,"key":"RECALL"},{"data":"bronze:Separator","floor":10,"key":"SMITH"},{"data":"bronze:WhirlingStrike","floor":18,"key":"SMITH"},{"data":"bronze:HardenedForm","floor":23,"key":"SMITH"},{"data":"bronze:BronzeOrb","floor":25,"key":"SMITH"},{"data":"infinitespire:TheBestDefense","floor":46,"key":"SMITH"}],"circlet_count":0,"master_deck":["bronze:Strike","bronze:Strike","bronze:Strike","bronze:Strike","bronze:Defend","bronze:Defend","bronze:Defend","bronze:Defend","bronze:Replicate","bronze:Goto","bronze:Repair+1","bronze:DelayedSlice","bronze:WildBeam","bronze:Separator+1","bronze:BronzeOrb+1","bronze:Repulsor","bronze:WhirlingStrike+1","bronze:HardenedForm+1","bronze:Constructor","infinitespire:Starlight","bronze:OilSpill","bronze:Repair","Pot Of Greed","Pot Of Greed","bronze:DelayedGuard+1","Pot Of Greed","bronze:CloningBeam","bronze:SpaghettiCode+1","bronze:WildBeam","bronze:ClassDefault+1","expansioncontent:StudyTheSpire","bronze:HardenedForm","infinitespire:TheBestDefense+1","bronze:ItsAFeature","infinitespire:Starlight","bronze:HardenedForm","bronze:WhirlingStrike"],"relics":["bronze:BronzeCore","HushsDoor","BookofShadows","LetterFromLob","hubris:CrystalStatue","downfall:HeartBlessingRed","halation:EternalFortune","Black Star","hubris:Metronome","ReplayTheSpireMod:TigerMarble","Anchor","Nilry\u0027s Codex","halation:PinkSoulGem","Grinning Jar","infinitespire:Beetle Shell","MagicMushroom","Guide Book","Boot","Omamori","Replay:WaspNest","DollysMirror"],"acts_visited":["Exordium","TheCity","TheBeyond"],"potions_floor_usage":[16,16,29,30,31,32,33,33,50,50,50],"damage_taken":[{"damage":6,"enemies":"Jaw Worm","floor":2,"turns":5},{"damage":0,"enemies":"downfall:FleeingMerchant","floor":4,"turns":4},{"damage":1,"enemies":"Cultist","floor":5,"turns":4},{"damage":0,"enemies":"2 Louse","floor":6,"turns":3},{"damage":0,"enemies":"Blue Slaver","floor":8,"turns":3},{"damage":5,"enemies":"Large Slime","floor":9,"turns":4},{"damage":0,"enemies":"Exordium Wildlife","floor":11,"turns":2},{"damage":0,"enemies":"Lots of Slimes","floor":12,"turns":2},{"damage":0,"enemies":"3 Louse","floor":15,"turns":2},{"damage":18,"enemies":"SI_SHIV_ARCHETYPE","floor":16,"turns":7},{"damage":17,"enemies":"3 Byrds","floor":19,"turns":6},{"damage":0,"enemies":"Chosen","floor":21,"turns":4},{"damage":5,"enemies":"downfall:FleeingMerchant","floor":22,"turns":4},{"damage":26,"enemies":"Snecko","floor":29,"turns":5},{"damage":14,"enemies":"Nightmare","floor":30,"turns":8},{"damage":8,"enemies":"Shelled Parasite and Fungi","floor":31,"turns":3},{"damage":13,"enemies":"3 Cultists","floor":32,"turns":3},{"damage":24,"enemies":"WA_ARCHETYPE_CALM","floor":33,"turns":9},{"damage":0,"enemies":"3 Shapes","floor":36,"turns":3},{"damage":0,"enemies":"Orb Walker","floor":37,"turns":3},{"damage":6,"enemies":"3 Darklings","floor":38,"turns":4},{"damage":0,"enemies":"downfall:FleeingMerchant","floor":39,"turns":4},{"damage":0,"enemies":"Transient","floor":42,"turns":5},{"damage":0,"enemies":"4 Shapes","floor":44,"turns":3},{"damage":0,"enemies":"Sphere and 2 Shapes","floor":47,"turns":3},{"damage":0,"enemies":"downfall:FleeingMerchant","floor":48,"turns":2},{"damage":0,"enemies":"Jaw Worm Horde","floor":49,"turns":4},{"damage":92,"enemies":"IC_BLOCK_ARCHETYPE","floor":50,"turns":14}],"seed_played":"-3255790178998099398","potions_obtained":[{"floor":5,"key":"Swift Potion"},{"floor":6,"key":"sneckomod:MuddlingPotion"},{"floor":8,"key":"Dexterity Potion"},{"floor":9,"key":"Toxic Potion"},{"floor":16,"key":"SneckoOil"},{"floor":21,"key":"Cursed Concoction"},{"floor":29,"key":"champ:CounterPotion"},{"floor":30,"key":"LiquidBronze"},{"floor":32,"key":"hexamod:SoulburnPotion"},{"floor":35,"key":"Slimebound:ThreeZeroPotion"},{"floor":35,"key":"champ:CounterPotion"},{"floor":36,"key":"ColorlessPotion"},{"floor":37,"key":"PowerPotion"}],"is_trial":false,"path_per_floor":["R_BF","M","?","$","M","M","T","M","M","R","M","M","E","?","M","B",null,"R","M","AVR","M","$","R","T","R","?","?","?","M","NM","M","M","B",null,"R_BF","M","M","M","$","?","T","M","?","M","AVR","R","M","$","M","B",null,null],"character_chosen":"THE_AUTOMATON","items_purchased":["bronze:DelayedSlice","ReplayTheSpireMod:TigerMarble","Guide Book","expansioncontent:StudyTheSpire","Replay:WaspNest","DollysMirror","bronze:HardenedForm"],"campfire_rested":0,"item_purchase_floors":[4,22,39,39,48,48,48],"current_hp_per_floor":[70,64,64,70,69,70,70,70,65,65,70,70,70,73,73,55,73,73,56,56,73,68,68,68,68,52,52,52,33,36,45,49,42,80,80,83,83,77,78,78,78,83,83,83,83,83,83,86,86,22,22],"gold":40,"neow_bonus":"HUNDRED_GOLD","is_daily":false,"chose_seed":false,"campfire_upgraded":5,"win_rate":0.0,"timestamp":1611464508,"path_taken":["R_BF","M","?","$","M","M","T","M","M","R","?","M","E","?","M","BOSS","R","M","AVR","M","$","R","T","R","?","?","?","?","NM","?","M","BOSS","R_BF","M","M","M","$","?","T","M","?","M","AVR","R","M","$","M","BOSS"],"items_purchased_type":["Card","Relic","Relic","Card","Relic","Relic","Card"],"build_version":"2020-12-22","purchased_purges":1,"victory":true,"max_hp_per_floor":[70,70,70,70,70,70,70,70,70,70,70,70,70,73,73,73,73,73,73,73,73,73,73,73,73,73,73,73,73,73,73,73,73,80,80,83,83,83,83,83,83,83,83,83,83,83,83,86,86,86,86],"relic_stats":{"counters":[28,123],"Black Star":1,"Boot":[10],"obtain_stats":[{"KeepersGift":0,"BookofShadows":2,"hubris:Metronome":20,"bronze:BronzeCore":0,"hubris:CrystalStatue":7,"downfall:HeartBlessingRed":10,"Nilry\u0027s Codex":26,"Guide Book":39,"infinitespire:Beetle Shell":30,"Replay:WaspNest":48,"Omamori":45,"Boot":41,"Anchor":24,"DollysMirror":48,"halation:EternalFortune":14,"MagicMushroom":34,"LetterFromLob":2,"Black Star":17,"ReplayTheSpireMod:TigerMarble":22,"Grinning Jar":30,"HushsDoor":0,"halation:PinkSoulGem":28},{"KeepersGift":0,"BookofShadows":1,"hubris:Metronome":11,"bronze:BronzeCore":0,"hubris:CrystalStatue":4,"downfall:HeartBlessingRed":6,"Nilry\u0027s Codex":13,"Guide Book":22,"infinitespire:Beetle Shell":15,"Replay:WaspNest":26,"Omamori":24,"Boot":22,"Anchor":13,"DollysMirror":26,"halation:EternalFortune":8,"MagicMushroom":18,"LetterFromLob":1,"Black Star":10,"ReplayTheSpireMod:TigerMarble":13,"Grinning Jar":15,"HushsDoor":0,"halation:PinkSoulGem":13},{"KeepersGift":0,"BookofShadows":3,"hubris:Metronome":42,"bronze:BronzeCore":0,"hubris:CrystalStatue":16,"downfall:HeartBlessingRed":23,"Nilry\u0027s Codex":50,"Guide Book":92,"infinitespire:Beetle Shell":63,"Replay:WaspNest":105,"Omamori":100,"Boot":92,"Anchor":50,"DollysMirror":105,"halation:EternalFortune":27,"MagicMushroom":78,"LetterFromLob":5,"Black Star":36,"ReplayTheSpireMod:TigerMarble":50,"Grinning Jar":63,"HushsDoor":0,"halation:PinkSoulGem":50}]},"card_choices":[{"not_picked":["bronze:ForceShield","bronze:BuggyMess"],"picked":"bronze:Repair","floor":2},{"not_picked":["bronze:Turbo","bronze:Constructor","bronze:MaxOutput"],"picked":"SKIP","floor":4},{"not_picked":["bronze:FollowUp","bronze:Separator"],"picked":"bronze:WildBeam","floor":5},{"not_picked":["Bomb","bronze:BuggyMess"],"picked":"bronze:Separator","floor":6},{"not_picked":["Bomb","bronze:ShipIt"],"picked":"bronze:BronzeOrb","floor":8},{"not_picked":["Bomb","bronze:ForLoop"],"picked":"bronze:Repulsor","floor":9},{"not_picked":["bronze:Shell","bronze:Deprecate","bronze:CutThrough"],"picked":"SKIP","floor":11},{"not_picked":["Bomb","bronze:BronzeArmor","bronze:Turbo"],"picked":"SKIP","floor":12},{"not_picked":["bronze:Shield","bronze:Iterate"],"picked":"bronze:WhirlingStrike","floor":15},{"not_picked":["bronze:FindAndReplace","bronze:Format"],"picked":"bronze:HardenedForm","floor":16},{"not_picked":["bronze:DarkDash","bronze:BugBarrage"],"picked":"bronze:Constructor","floor":19},{"not_picked":["bronze:MaxOutput","bronze:ForLoop","bronze:BugBarrage"],"picked":"SKIP","floor":21},{"not_picked":["bronze:Frontload","bronze:Repulsor"],"picked":"bronze:OilSpill","floor":22},{"not_picked":["bronze:Overheat","bronze:Deprecate"],"picked":"bronze:Repair","floor":29},{"not_picked":["bronze:Return+1","bronze:Frontload","bronze:Repulsor"],"picked":"SKIP","floor":30},{"not_picked":["bronze:Invalidate","bronze:BugBarrage+1"],"picked":"bronze:DelayedGuard+1","floor":31},{"not_picked":["bronze:Terminator","bronze:Branch"],"picked":"bronze:CloningBeam","floor":32},{"not_picked":["bronze:CleanCode","bronze:ShipIt"],"picked":"bronze:SpaghettiCode","floor":33},{"not_picked":["bronze:Shield","bronze:Safeguard"],"picked":"bronze:WildBeam","floor":36},{"not_picked":["bronze:CloningBeam","bronze:Overload"],"picked":"bronze:ClassDefault+1","floor":37},{"not_picked":["bronze:ChildClass","bronze:Overheat+1","bronze:BitShift+1"],"picked":"SKIP","floor":38},{"not_picked":["bronze:Overheat","bronze:FollowUp","bronze:MaxOutput"],"picked":"SKIP","floor":39},{"not_picked":["bronze:DarkDash","bronze:Overheat"],"picked":"bronze:HardenedForm","floor":42},{"not_picked":["bronze:Iterate","bronze:Frontload","bronze:DelayedSlice"],"picked":"SKIP","floor":44},{"not_picked":["bronze:NullPointer","bronze:WildBeam+1","bronze:Shell"],"picked":"SKIP","floor":47},{"not_picked":["bronze:FollowUp+1","bronze:FineTuning+1"],"picked":"bronze:ItsAFeature","floor":48},{"not_picked":["bronze:Invalidate+1","bronze:DarkDash"],"picked":"bronze:WhirlingStrike","floor":49}],"player_experience":1025660,"relics_obtained":[{"floor":2,"key":"LetterFromLob"},{"floor":7,"key":"hubris:CrystalStatue"},{"floor":24,"key":"Anchor"},{"floor":26,"key":"Nilry\u0027s Codex"},{"floor":30,"key":"Grinning Jar"},{"floor":30,"key":"infinitespire:Beetle Shell"},{"floor":36,"key":"halation:EternalFortune"},{"floor":41,"key":"Boot"},{"floor":48,"key":"halation:EternalFortune"}],"event_choices":[],"is_beta":false,"boss_relics":[{"not_picked":["Pandora\u0027s Box","Replay:Drink Me"],"picked":"Black Star"},{"not_picked":[]},{"not_picked":["Busted Crown","Coffee Dripper"],"picked":"MagicMushroom"},{"not_picked":[]}],"items_purged_floors":[48],"is_endless":false,"potions_floor_spawned":[5,6,8,9,15,16,21,29,30,32,36,37,42,47],"ascension_level":0}}