{"host":"ujw6l3a2nhn97ib9","time":1611494293,"event":{"mods":["BaseMod","Hermit","Koishi","Lobotomy","Minty Spire (QoL Compilation)","Replay The Spire","StSLib","The Bug Knight","The Cursed","The Dragon Tamer","The Hierophant","The Jungle","The Poker Player","The Runesmith"],"gold_per_floor":[113,113,113,125,137,179,202,389,449,474,486,514,133,146,146,241,241,252,269,269,292,292,292],"floor_reached":22,"language":"KOR","playtime":837,"items_purged":["Doubt"],"score":184,"play_id":"1ba569b3-f2c6-4167-93bf-2649700ba8c6","local_time":"20210124221813","is_ascension_mode":false,"campfire_choices":[{"data":"hermit:BigShot","floor":11.0,"key":"SMITH"},{"floor":15.0,"key":"REST"}],"circlet_count":0,"master_deck":["hermit:Strike_Hermit","hermit:Strike_Hermit","hermit:Strike_Hermit+1","hermit:Strike_Hermit","hermit:Defend_Hermit","hermit:Defend_Hermit","hermit:Snapshot","hermit:Covet","hermit:Enervate","hermit:BigShot+1","hermit:Midnight","hermit:BigShot","hermit:Enervate+1","hermit:Gambit","hermit:Ricochet+1","hermit:EyeOfTheStorm"],"relics":["Empty Cage","Ring of Fury","ReplayTheSpireMod:Ring of Exchange","MawBank","Runesmith:Locket","Tiny Chest","Molten Egg 2","Black Star","Gremlin Food"],"acts_visited":["Exordium","Exordium"],"potions_floor_usage":[22,22,22],"damage_taken":[{"damage":11.0,"enemies":"Jaw Worm","floor":1.0,"turns":2.0},{"damage":16.0,"enemies":"Replay:BlueRogue","floor":6.0,"turns":5.0},{"damage":3.0,"enemies":"Small Slimes","floor":7.0,"turns":2.0},{"damage":0.0,"enemies":"2 Louse","floor":10.0,"turns":1.0},{"damage":13.0,"enemies":"Red Slaver","floor":12.0,"turns":2.0},{"damage":15.0,"enemies":"Blue Slaver","floor":14.0,"turns":3.0},{"damage":13.0,"enemies":"Slime Boss","floor":16.0,"turns":6.0},{"damage":25.0,"enemies":"theJungle:MUSHROOMGANG","floor":18.0,"turns":3.0},{"damage":12.0,"enemies":"theJungle:GiantWrat","floor":19.0,"turns":3.0}],"seed_played":"4318403334918355602","potions_obtained":[{"floor":6.0,"key":"Languid Potion"},{"floor":12.0,"key":"PowerPotion"},{"floor":14.0,"key":"PowerPotion"},{"floor":16.0,"key":"AttackPotion"},{"floor":19.0,"key":"AttackPotion"}],"is_trial":false,"path_per_floor":["M","?","T","?","?","E","M","?","T","M","R","M","$","M","R","B",null,"M","M","?","T","M"],"character_chosen":"HERMIT","items_purchased":["Molten Egg 2","hermit:BigShot"],"campfire_rested":1,"item_purchase_floors":[13,13],"current_hp_per_floor":[64,64,64,64,64,48,45,45,45,45,45,32,32,17,39,26,75,50,38,33,33,0,0],"gold":292,"neow_bonus":"BOSS_RELIC","is_daily":false,"chose_seed":false,"campfire_upgraded":1,"win_rate":0.0,"timestamp":1611494293,"path_taken":["M","?","?","?","?","E","?","?","T","M","R","M","$","M","R","BOSS","M","M","?","?","M"],"items_purchased_type":["Relic","Card"],"build_version":"2020-12-22","purchased_purges":1,"victory":false,"max_hp_per_floor":[75,75,75,75,75,75,75,75,75,75,75,75,75,75,75,75,75,75,75,80,80,80,80],"card_choices":[{"not_picked":["hermit:LowProfile","hermit:SprayPray","hermit:Glare"],"picked":"SKIP","floor":1.0},{"not_picked":["hermit:Cheat","hermit:NoHoldsBarred"],"picked":"hermit:Enervate","floor":6.0},{"not_picked":["hermit:Glare","hermit:HoleUp","hermit:BodyArmor"],"picked":"SKIP","floor":7.0},{"not_picked":["hermit:CalledShot","hermit:Vantage"],"picked":"hermit:BigShot","floor":10.0},{"not_picked":["hermit:Roulette","hermit:Feint"],"picked":"hermit:Midnight","floor":12.0},{"not_picked":["hermit:BigShot","hermit:GhostlyPresence"],"picked":"hermit:Enervate+1","floor":14.0},{"not_picked":["hermit:EternalForm","hermit:BlackWind+1"],"picked":"hermit:Gambit","floor":16.0},{"not_picked":["hermit:Vantage","hermit:Manifest"],"picked":"hermit:Ricochet+1","floor":18.0},{"not_picked":["hermit:Coalescence+1","hermit:Horror"],"picked":"hermit:EyeOfTheStorm","floor":19.0}],"player_experience":487173,"relics_obtained":[{"floor":2.0,"key":"Ring of Fury"},{"floor":2.0,"key":"ReplayTheSpireMod:Ring of Exchange"},{"floor":3.0,"key":"MawBank"},{"floor":6.0,"key":"Runesmith:Locket"},{"floor":9.0,"key":"Tiny Chest"},{"floor":21,"key":"Gremlin Food"}],"event_choices":[{"cards_removed":["Spreading Infection"],"damage_healed":0.0,"max_hp_gain":0.0,"max_hp_loss":0.0,"gold_gain":0.0,"event_name":"Fountain of Cleansing","player_choice":"Removed Curses","floor":5.0,"gold_loss":0.0,"damage_taken":0.0},{"damage_healed":0.0,"max_hp_gain":0.0,"max_hp_loss":0.0,"gold_gain":175.0,"event_name":"Liars Game","player_choice":"AGREE","floor":8.0,"gold_loss":0.0,"damage_taken":0.0,"cards_obtained":["Doubt"]}],"is_beta":false,"boss_relics":[{"not_picked":["Fusion Hammer","Replay:Bronze Core"],"picked":"Black Star"}],"items_purged_floors":[13],"is_endless":false,"potions_floor_spawned":[6,12,14,16,19],"killed_by":"theJungle:2_Flameangoes","ascension_level":0}}