{"host":"y1oqg7uy0jc6f5mb","time":1611513460,"event":{"mods":["BaseMod","Better Altar","Better Match","Better Note","Better Sensory Stone","Better Skull","Better Third Choice","BetterRewards","Block Reminder","Colored Map","Colored Powertips","Custom Start","DeckTracker","Displayed Cursed Tome","Highlight Path","Ironclad Rager","Minty Spire (QoL Compilation)","Permanent Neow","Quick Restart","Relic Sorter","Relic Stats","Shop Mod","StSLib"],"gold_per_floor":[118,118,118,132,151,151,184,202,202,202,43,43,43,59,59,160,160,175,175,0,14,24,24,40,58,58,69,69,85,95,124,124,224,224,238,238,251,271,271,271,305,305,305,318,332,332,342,28,28,28,28],"floor_reached":50,"language":"ENG","playtime":6321,"items_purged":["Defend_P","Pain","Evaluate+1"],"score":573,"play_id":"599e6b10-4562-472f-80b6-0fd5fda17600","local_time":"20210125023740","is_ascension_mode":false,"campfire_choices":[{"data":"Eruption","floor":6.0,"key":"SMITH"},{"data":"Immolate","floor":10.0,"key":"SMITH"},{"data":"Adaptation","floor":12.0,"key":"SMITH"},{"data":"ConjureBlade","floor":15.0,"key":"SMITH"},{"data":"TalkToTheHand","floor":23.0,"key":"SMITH"},{"data":"Fasting2","floor":28.0,"key":"SMITH"},{"data":"EmptyBody","floor":32.0,"key":"SMITH"},{"data":"EmptyFist","floor":40,"key":"SMITH"},{"data":"Establishment","floor":42,"key":"SMITH"},{"data":"LikeWater","floor":46,"key":"SMITH"},{"floor":49,"key":"REST"}],"circlet_count":0,"master_deck":["Strike_P","Strike_P","Strike_P","Defend_P","Defend_P","Defend_P","Eruption+1","Vigilance","ConjureBlade+1","TalkToTheHand+1","Immolate+1","EmptyBody+1","EmptyFist+1","BattleHymn","Adaptation+1","Halt+1","WreathOfFlame+1","Halt+1","Vault+1","Protect+1","Conclude+1","Consecrate+1","InnerPeace+1","Vengeance+1","FollowUp+1","Establishment+1","Swivel+1","CrushJoints+1","FollowUp+1","ThirdEye+1","LikeWater+1","Meditate+1","Indignation+1","Ragnarok"],"relics":["HolyWater","Toy Ornithopter","Gambling Chip","Toxic Egg 2","Runic Pyramid","WarpedTongs","Singing Bowl","Meat on the Bone","Potion Belt","Lizard Tail"],"acts_visited":["Exordium","TheCity","TheBeyond"],"potions_floor_usage":[41,45],"damage_taken":[{"damage":0.0,"enemies":"Cultist","floor":1.0,"turns":3.0},{"damage":0.0,"enemies":"Jaw Worm","floor":4.0,"turns":2.0},{"damage":0.0,"enemies":"2 Louse","floor":5.0,"turns":1.0},{"damage":0.0,"enemies":"Gremlin Nob","floor":7.0,"turns":2.0},{"damage":0.0,"enemies":"Exordium Thugs","floor":8.0,"turns":1.0},{"damage":0.0,"enemies":"Lots of Slimes","floor":14.0,"turns":2.0},{"damage":0.0,"enemies":"Slime Boss","floor":16.0,"turns":3.0},{"damage":0.0,"enemies":"2 Thieves","floor":18.0,"turns":1.0},{"damage":0.0,"enemies":"Spheric Guardian","floor":21.0,"turns":3.0},{"damage":0.0,"enemies":"Snake Plant","floor":22.0,"turns":3.0},{"damage":0.0,"enemies":"Snecko","floor":24.0,"turns":3.0},{"damage":0.0,"enemies":"Sentry and Sphere","floor":25.0,"turns":3.0},{"damage":19.0,"enemies":"Centurion and Healer","floor":27.0,"turns":4.0},{"damage":0.0,"enemies":"3 Cultists","floor":29.0,"turns":4.0},{"damage":18.0,"enemies":"Shelled Parasite and Fungi","floor":30.0,"turns":7.0},{"damage":4.0,"enemies":"Gremlin Leader","floor":31.0,"turns":5.0},{"damage":42,"enemies":"Champ","floor":33,"turns":13},{"damage":0,"enemies":"3 Shapes","floor":35,"turns":3},{"damage":0,"enemies":"3 Darklings","floor":37,"turns":4},{"damage":25,"enemies":"Writhing Mass","floor":38,"turns":6},{"damage":18,"enemies":"Giant Head","floor":41,"turns":8},{"damage":0,"enemies":"Transient","floor":44,"turns":5},{"damage":10,"enemies":"Jaw Worm Horde","floor":45,"turns":3},{"damage":19,"enemies":"Writhing Mass","floor":47,"turns":7},{"damage":128,"enemies":"Donu and Deca","floor":50,"turns":8}],"seed_played":"-3901102862156580568","potions_obtained":[{"floor":4.0,"key":"SteroidPotion"},{"floor":5.0,"key":"Energy Potion"},{"floor":8.0,"key":"Regen Potion"},{"floor":18.0,"key":"LiquidBronze"},{"floor":27.0,"key":"BottledMiracle"},{"floor":37,"key":"Energy Potion"},{"floor":41,"key":"Block Potion"}],"is_trial":false,"path_per_floor":["M","?","?","M","M","R","E","M","T","R","$","R","$","M","R","B",null,"M","?","$","M","M","R","M","M","T","M","R","M","M","E","R","B",null,"M","?","M","M","$","R","E","R","T","M","M","R","M","$","R","B"],"character_chosen":"WATCHER","items_purchased":["Halt+1","WreathOfFlame+1","Fasting2","Indignation+1","Ragnarok"],"campfire_rested":1,"item_purchase_floors":[11,11,20,48,48],"current_hp_per_floor":[72,72,56,56,56,56,61,61,61,61,61,61,61,61,61,61,72,72,72,72,72,72,72,72,72,72,62,62,64,46,57,57,27,76,76,76,76,53,53,53,40,40,40,40,47,47,40,40,63,0,0],"gold":28,"neow_bonus":"TRANSFORM_CARD","is_daily":false,"chose_seed":false,"campfire_upgraded":10,"win_rate":0.0,"timestamp":1611513460,"path_taken":["M","?","?","M","M","R","E","M","T","R","$","R","?","M","R","BOSS","M","?","$","M","M","R","M","?","T","M","R","?","M","E","R","BOSS","M","?","M","M","$","R","E","R","T","M","M","R","M","$","R","BOSS"],"items_purchased_type":["Card","Card","Card","Card","Card"],"build_version":"2020-12-22","purchased_purges":3,"victory":false,"max_hp_per_floor":[72,72,72,72,72,72,72,72,72,72,72,72,72,72,72,72,72,72,72,72,72,72,72,72,72,72,74,74,76,76,76,76,76,76,76,76,76,78,78,78,78,78,78,78,78,78,78,78,78,78,78],"relic_stats":{"Lizard Tail":39,"Singing Bowl":6,"counters":[25,104],"Gambling Chip":[64],"obtain_stats":[{"Potion Belt":41,"Lizard Tail":43,"Singing Bowl":26,"Gambling Chip":7,"HolyWater":34,"PureWater":0,"Toxic Egg 2":9,"Toy Ornithopter":3,"Runic Pyramid":17,"WarpedTongs":19,"Meat on the Bone":31},{"Potion Belt":21,"Lizard Tail":21,"Singing Bowl":12,"Gambling Chip":4,"HolyWater":17,"PureWater":0,"Toxic Egg 2":5,"Toy Ornithopter":1,"Runic Pyramid":7,"WarpedTongs":8,"Meat on the Bone":16},{"Potion Belt":81,"Lizard Tail":81,"Singing Bowl":27,"Gambling Chip":8,"HolyWater":60,"PureWater":0,"Toxic Egg 2":9,"Toy Ornithopter":3,"Runic Pyramid":14,"WarpedTongs":15,"Meat on the Bone":47}],"Toy Ornithopter":35,"WarpedTongs":[89],"Meat on the Bone":36},"card_choices":[{"not_picked":["FollowUp","Meditate"],"picked":"TalkToTheHand","floor":1.0},{"not_picked":["Consecrate","JustLucky"],"picked":"EmptyBody","floor":4.0},{"not_picked":["BowlingBash","Protect"],"picked":"EmptyFist","floor":5.0},{"not_picked":["Evaluate","EmptyFist"],"picked":"BattleHymn","floor":7.0},{"not_picked":["EmptyFist","FollowUp"],"picked":"Adaptation","floor":8.0},{"not_picked":["ClearTheMind+1","PathToVictory+1"],"picked":"Halt+1","floor":14.0},{"not_picked":["Scrawl+1","LessonLearned"],"picked":"Vault+1","floor":16.0},{"not_picked":["SashWhip","ClearTheMind+1"],"picked":"Protect+1","floor":18.0},{"not_picked":["TalkToTheHand+1","Wallop"],"picked":"Evaluate+1","floor":21.0},{"not_picked":["FlyingSleeves+1","Vengeance+1"],"picked":"Conclude+1","floor":22.0},{"not_picked":["EmptyBody+1","CrushJoints+1"],"picked":"Consecrate+1","floor":24.0},{"not_picked":["Meditate+1","WindmillStrike"],"picked":"InnerPeace+1","floor":25.0},{"not_picked":["EmptyBody+1","CrushJoints","Consecrate"],"picked":"Singing Bowl","floor":27.0},{"not_picked":["SandsOfTime+1","WindmillStrike","EmptyBody+1"],"picked":"Singing Bowl","floor":29.0},{"not_picked":["ClearTheMind+1","Indignation+1"],"picked":"Vengeance+1","floor":30.0},{"not_picked":["BowlingBash","WreathOfFlame+1"],"picked":"FollowUp+1","floor":31.0},{"not_picked":["DeusExMachina+1","ConjureBlade+1"],"picked":"Establishment","floor":33},{"not_picked":["Vengeance+1","ThirdEye+1"],"picked":"Swivel+1","floor":35},{"not_picked":["Consecrate+1","FlyingSleeves+1"],"picked":"CrushJoints+1","floor":37},{"not_picked":["WindmillStrike","FlurryOfBlows","EmptyBody+1"],"picked":"Singing Bowl","floor":38},{"not_picked":["Conclude+1","ClearTheMind+1"],"picked":"FollowUp+1","floor":41},{"not_picked":["EmptyFist","FlurryOfBlows"],"picked":"ThirdEye+1","floor":44},{"not_picked":["FlurryOfBlows","CutThroughFate+1"],"picked":"LikeWater","floor":45},{"not_picked":["Consecrate+1","CrushJoints"],"picked":"Meditate+1","floor":47}],"player_experience":189606,"relics_obtained":[{"floor":7.0,"key":"Gambling Chip"},{"floor":9.0,"key":"Toxic Egg 2"},{"floor":26.0,"key":"Singing Bowl"},{"floor":31.0,"key":"Meat on the Bone"},{"floor":41,"key":"Potion Belt"},{"floor":43,"key":"Lizard Tail"}],"event_choices":[{"damage_healed":0.0,"max_hp_gain":0.0,"max_hp_loss":0.0,"gold_gain":0.0,"event_name":"betterThird:BetterSerpent","player_choice":"Ignored","floor":2.0,"gold_loss":0.0,"damage_taken":118.0},{"damage_healed":0.0,"max_hp_gain":0.0,"max_hp_loss":0.0,"gold_gain":0.0,"event_name":"Accursed Blacksmith","player_choice":"Rummage","floor":19.0,"gold_loss":0.0,"damage_taken":0.0,"relics_obtained":["WarpedTongs"],"cards_obtained":["Pain"]},{"cards_removed":["Fasting2"],"damage_healed":0,"gold_gain":0,"player_choice":"Removed Power","damage_taken":0,"max_hp_gain":0,"max_hp_loss":0,"event_name":"Falling","floor":36,"gold_loss":0}],"is_beta":false,"boss_relics":[{"not_picked":["Velvet Choker","SacredBark"],"picked":"Runic Pyramid"},{"not_picked":["VioletLotus","Black Star"],"picked":"HolyWater"}],"items_purged_floors":[11,20,48],"is_endless":false,"potions_floor_spawned":[4,5,8,18,24,27,29,30,37,41],"killed_by":"Donu and Deca","ascension_level":0}}