{"host":"aj7el8l5kufbk20z","time":1611459960,"event":{"mods":["AchievementEnabler","BaseMod","Colored Map","Colored Powertips","Curses Come First","Highlight Path","Minty Spire (QoL Compilation)","Permanent Neow","Poor People Problems","Quick Restart","Rare Cards Sparkle","Relic Stats","StSLib","SuperFastMode","Waifu the Spire"],"gold_per_floor":[360,377,225,225,150,190,190,209,209,40,40,54,75,90,90,183,183,199,199,193,193,193],"floor_reached":21,"language":"ZHS","playtime":879,"items_purged":["Strike_R"],"score":317,"play_id":"010f3e56-344f-4a6e-be84-49436c022e75","local_time":"20210124114600","is_ascension_mode":true,"campfire_choices":[{"data":"Fire Breathing","floor":7.0,"key":"SMITH"},{"data":"Armaments","floor":11.0,"key":"SMITH"},{"floor":15.0,"key":"REST"}],"circlet_count":0,"master_deck":["AscendersBane","Strike_R","Strike_R","Strike_R","Strike_R","Defend_R","Defend_R","Defend_R","Defend_R","Bash","Pommel Strike","Spot Weakness","Fire Breathing+1","Armaments+1","Reckless Charge","Pummel","Iron Wave","Warcry","Demon Form","Disarm+1","Iron Wave"],"relics":["Burning Blood","Medical Kit","Golden Idol","Kunai","Matryoshka","Membership Card","Runic Cube"],"acts_visited":["Exordium","TheCity"],"potions_floor_usage":[],"damage_taken":[{"damage":9.0,"enemies":"2 Louse","floor":1.0,"turns":3.0},{"damage":10.0,"enemies":"Small Slimes","floor":2.0,"turns":3.0},{"damage":36.0,"enemies":"Gremlin Nob","floor":6.0,"turns":5.0},{"damage":0.0,"enemies":"Cultist","floor":8.0,"turns":4.0},{"damage":2.0,"enemies":"2 Fungi Beasts","floor":12.0,"turns":4.0},{"damage":11.0,"enemies":"Exordium Wildlife","floor":13.0,"turns":3.0},{"damage":11.0,"enemies":"3 Louse","floor":14.0,"turns":2.0},{"damage":24.0,"enemies":"Hexaghost","floor":16.0,"turns":9.0},{"damage":34,"enemies":"Spheric Guardian","floor":18,"turns":6},{"damage":24,"enemies":"2 Thieves","floor":20,"turns":4},{"damage":0,"enemies":"Shelled Parasite and Fungi","floor":21,"turns":1}],"seed_played":"-7255989600823748891","potions_obtained":[{"floor":6.0,"key":"EssenceOfSteel"},{"floor":8.0,"key":"SteroidPotion"},{"floor":16.0,"key":"Swift Potion"}],"is_trial":false,"path_per_floor":["M","M","$","?","$","E","R","M","T","$","R","M","M","M","R","B",null,"M","?","M","M"],"character_chosen":"IRONCLAD","items_purchased":["Medical Kit","Membership Card","Reckless Charge"],"campfire_rested":1,"item_purchase_floors":[3,10,10],"current_hp_per_floor":[65,61,61,61,61,31,31,37,37,37,37,41,36,31,51,33,59,31,31,13,13,13],"gold":193,"neow_bonus":"TWO_FIFTY_GOLD","is_daily":false,"chose_seed":false,"campfire_upgraded":2,"win_rate":0.0,"timestamp":1611459960,"path_taken":["M","M","$","?","$","E","R","M","T","$","R","M","M","M","R","BOSS","M","?","M","?"],"items_purchased_type":["Relic","Relic","Card"],"build_version":"2020-12-22","purchased_purges":1,"victory":false,"max_hp_per_floor":[68,68,68,68,68,68,68,68,68,68,68,68,68,68,68,68,68,68,68,68,68,68],"relic_stats":{"counters":[11,44],"Golden Idol":49,"Kunai":[6],"Medical Kit":[7],"obtain_stats":[{"Matryoshka":9,"Golden Idol":4,"Kunai":6,"Membership Card":10,"Medical Kit":3,"Burning Blood":0,"Runic Cube":17},{"Matryoshka":4,"Golden Idol":2,"Kunai":3,"Membership Card":4,"Medical Kit":2,"Burning Blood":0,"Runic Cube":8},{"Matryoshka":15,"Golden Idol":6,"Kunai":11,"Membership Card":15,"Medical Kit":6,"Burning Blood":0,"Runic Cube":33}],"Burning Blood":60,"Runic Cube":[9]},"card_choices":[{"not_picked":["Anger","Wild Strike"],"picked":"Pommel Strike","floor":1.0},{"not_picked":["Anger","Warcry"],"picked":"Spot Weakness","floor":2.0},{"not_picked":["Headbutt","Thunderclap"],"picked":"Fire Breathing","floor":6.0},{"not_picked":["Perfected Strike","Anger"],"picked":"Armaments","floor":8.0},{"not_picked":["Anger","Pommel Strike"],"picked":"Pummel","floor":12.0},{"not_picked":["Offering","Combust"],"picked":"Iron Wave","floor":13.0},{"not_picked":["Clash","Headbutt"],"picked":"Warcry","floor":14.0},{"not_picked":["Reaper","Fiend Fire"],"picked":"Demon Form","floor":16.0},{"not_picked":["Warcry","Anger"],"picked":"Disarm+1","floor":18},{"not_picked":["Dual Wield","Clash"],"picked":"Iron Wave","floor":20}],"player_experience":367618,"relics_obtained":[{"floor":6.0,"key":"Kunai"},{"floor":9.0,"key":"Matryoshka"}],"event_choices":[{"damage_healed":0.0,"max_hp_gain":0.0,"max_hp_loss":0.0,"gold_gain":0.0,"event_name":"Golden Idol","player_choice":"Take Wound","floor":4.0,"gold_loss":0.0,"damage_taken":0.0,"relics_obtained":["Golden Idol"],"cards_obtained":["Injury"]},{"cards_removed":["Injury"],"damage_healed":0,"gold_gain":0,"player_choice":"Purged","damage_taken":0,"max_hp_gain":0,"max_hp_loss":0,"event_name":"Purifier","floor":19,"gold_loss":0}],"is_beta":false,"boss_relics":[{"not_picked":["Coffee Dripper","Ectoplasm"],"picked":"Runic Cube"}],"items_purged_floors":[5],"is_endless":false,"potions_floor_spawned":[6,8,16],"killed_by":"Shelled Parasite and Fungi","ascension_level":15}}