{"host":"nh70f3bv2bgakzh3","time":1611520584,"event":{"mods":["BaseMod","Downfall","Minty Spire (QoL Compilation)","StSLib","The Construct","The Mystic"],"gold_per_floor":[99,110,125,125,145,160,209,209,1,12,47,62,62,62,73,73,73,73],"floor_reached":16,"language":"ENG","playtime":1681,"items_purged":[],"score":104,"play_id":"bf4fb4a8-3ac0-4610-ba04-e372bcb4c3ca","local_time":"20210124153624","is_ascension_mode":false,"campfire_choices":[{"data":"Slimebound:Overexert","floor":1,"key":"SMITH"},{"data":"Slimebound:Split","floor":8,"key":"SMITH"},{"data":"expansioncontent:StudyTheSpire","floor":13,"key":"SMITH"}],"circlet_count":0,"master_deck":["Slimebound:Strike_Slimebound","Slimebound:Strike_Slimebound","Slimebound:Strike_Slimebound","Slimebound:Tackle","Slimebound:Defend_Slimebound","Slimebound:Defend_Slimebound","Slimebound:Defend_Slimebound","Slimebound:Defend_Slimebound","Slimebound:Split+1","Slimebound:CorrosiveSpit","Slimebound:Overexert+1","Slimebound:SlimeTap","Slimebound:SplitMire","Slimebound:SplitMire","expansioncontent:StudyTheSpire+1","Slimebound:SplitLeeching","Slimebound:PressTheAttack","Slimebound:Repurpose","Slimebound:SplitLeeching"],"relics":["Slimebound:AbsorbEndCombat","Nunchaku","Regal Pillow"],"acts_visited":["Exordium"],"potions_floor_usage":[10,11,16],"damage_taken":[{"damage":9,"enemies":"Jaw Worm","floor":2,"turns":3},{"damage":1,"enemies":"2 Louse","floor":3,"turns":2},{"damage":8,"enemies":"Small Slimes","floor":5,"turns":4},{"damage":3,"enemies":"Exordium Thugs","floor":6,"turns":4},{"damage":3,"enemies":"downfall:FleeingMerchant","floor":9,"turns":4},{"damage":25,"enemies":"Large Slime","floor":10,"turns":3},{"damage":9,"enemies":"3 Sentries","floor":11,"turns":4},{"damage":12,"enemies":"Blue Slaver","floor":12,"turns":3},{"damage":3,"enemies":"2 Fungi Beasts","floor":15,"turns":3},{"damage":26,"enemies":"SI_SHIV_ARCHETYPE","floor":16,"turns":7}],"seed_played":"-5691610088076657829","potions_obtained":[{"floor":5,"key":"PowerPotion"},{"floor":10,"key":"Fire Potion"},{"floor":11,"key":"Dexterity Potion"}],"is_trial":false,"path_per_floor":["R","M","M","?","M","M","T","R","$","M","E","M","R","?","M","B"],"character_chosen":"SLIMEBOUND","items_purchased":["expansioncontent:StudyTheSpire"],"campfire_rested":0,"item_purchase_floors":[9],"current_hp_per_floor":[65,58,57,57,51,54,54,54,55,32,27,17,17,17,20,0,0,0],"gold":73,"neow_bonus":"THREE_RARE_CARDS","is_daily":false,"chose_seed":false,"campfire_upgraded":3,"win_rate":0.0,"timestamp":1611520584,"path_taken":["R","M","M","?","M","M","T","R","$","M","E","M","R","?","M","BOSS"],"items_purchased_type":["Card"],"build_version":"2020-12-22","purchased_purges":0,"victory":false,"max_hp_per_floor":[65,65,65,65,65,65,65,65,65,65,65,65,65,65,65,65,65,65],"card_choices":[{"not_picked":["Slimebound:OozeBath","Slimebound:OneTwoCombo"],"picked":"Slimebound:Overexert","floor":0},{"not_picked":["Slimebound:Schlurp","Slimebound:MegaLick"],"picked":"Slimebound:SlimeTap","floor":2},{"not_picked":["Slimebound:ItLooksTasty","Slimebound:GrowthPunch","Slimebound:TongueLash"],"picked":"SKIP","floor":3},{"not_picked":["Slimebound:Gluttony","Slimebound:LeechEnergy"],"picked":"Slimebound:SplitMire","floor":5},{"not_picked":["Slimebound:AcidTongue","Slimebound:Grow","Slimebound:HauntingLick"],"picked":"SKIP","floor":6},{"not_picked":["Slimebound:GoopTackle","Slimebound:DisruptingSlam"],"picked":"Slimebound:SplitMire","floor":9},{"not_picked":["Slimebound:SlimeTap","Slimebound:DuplicatedForm"],"picked":"Slimebound:SplitLeeching","floor":10},{"not_picked":["Slimebound:LeechEnergy","Slimebound:Schlurp"],"picked":"Slimebound:PressTheAttack","floor":11},{"not_picked":["Slimebound:SpikyOuterGoop","Slimebound:Schlurp"],"picked":"Slimebound:Repurpose","floor":12},{"not_picked":["Slimebound:AcidTongue","Slimebound:RejuvenatingLick"],"picked":"Slimebound:SplitLeeching","floor":15}],"player_experience":73677,"relics_obtained":[{"floor":7,"key":"Nunchaku"},{"floor":11,"key":"Regal Pillow"}],"event_choices":[{"cards_removed":["downfall:Malfunctioning"],"damage_healed":0,"gold_gain":0,"player_choice":"Card Removal","damage_taken":0,"max_hp_gain":0,"max_hp_loss":0,"event_name":"The Cleric","floor":4,"gold_loss":0}],"is_beta":false,"boss_relics":[],"items_purged_floors":[],"is_endless":false,"potions_floor_spawned":[5,10,11],"killed_by":"SI_SHIV_ARCHETYPE","ascension_level":0}}