{"host":"bplbr8uekuotory4","time":1611467947,"event":{"mods":["Act Like it!","BaseMod","Custom Start","Gensokyo","GungeonMod","Hermit","KinomotoSakuraMod(木之本樱)","Marisa（F雨　魔理沙）","Minty Spire (QoL Compilation)","Prisma Mod","Quick Restart","Reimu（博丽灵梦）","Replay The Spire","SOS（斯巴达之子）","Spicy Shops","StSLib","TestMod","The Blackbeard","The Cursed","The Mystic","The Poker Player","The Runesmith","The Saiyan","The Senshi","The Servant 0.9.4","Yuri Mod","[IsaacMod]以撒尖塔"],"gold_per_floor":[111,124,124,11,11,11,39,39,39,67,67,96,96,108,108,215,224,243,263,263,263,362,362,394,181,236,236,98,125,50,65,65,166,166,194,245,257,270,670,670,729,758,805,822,725,739,558,558,558,558,558,558,78,108,108],"floor_reached":56,"language":"ZHS","playtime":1338,"items_purged":["Defend_G","Strike_G","Strike_G","Defend_G","Defend_G","Defend_G","Strike_G"],"score":2406,"play_id":"d9842d44-ab8b-49bc-a56f-98e1912521b8","local_time":"20210124135907","is_ascension_mode":true,"campfire_choices":[{"data":"Cloak And Dagger","floor":6,"key":"SMITH"},{"data":"Terror","floor":11,"key":"SMITH"},{"data":"Neutralize","floor":15,"key":"SMITH"},{"data":"Burst","floor":23,"key":"SMITH"},{"data":"Blade Dance","floor":27,"key":"SMITH"},{"data":"Backstab","floor":32,"key":"SMITH"},{"floor":40,"key":"RECALL"},{"data":"Finisher","floor":49,"key":"SMITH"},{"data":"Hidden Blade","floor":52,"key":"SMITH"}],"circlet_count":0,"master_deck":["AscendersBane","Survivor+1","Neutralize+1","Cloak And Dagger+1","Terror+1","Burst+1","Storm of Steel+1","Backstab+1","Blade Dance+1","Slice+1","Hidden Blade+1","Finisher+1"],"relics":["Ring of the Snake","HushsDoor","SteamSale","testmod-ObsoleteBoomerang","testmod-ThousandKnives","BookofShadows","Blue Candle","CeramicFish","GnawedLeaf","DemoMod:GlassGuonStoneRelic","testmod-IncinerationGenerator","StoneCalendar","DemoMod:MeatBun","testmod-ArcanaOfDestiny","Replay:Wax Seal","Thread and Needle","Red Mask","Empty Cage","testmod-EqualTreatment","Girya","Regal Pillow","DemoMod:MonsterBlood","BargainBundle","testmod-IndustrialRevolution","ReplayTheSpireMod:Ninjato","ClockworkSouvenir","DemoMod:ChaffGrenade","Dead Branch","TwistedFunnel","Iron Hammer"],"acts_visited":["Exordium","TheCity","TheBeyond","TheEnding"],"potions_floor_usage":[16,16,55],"damage_taken":[{"damage":2,"enemies":"Jaw Worm","floor":1,"turns":3},{"damage":0,"enemies":"2 Louse","floor":2,"turns":2},{"damage":14,"enemies":"Lagavulin","floor":7,"turns":4},{"damage":9,"enemies":"3 Sentries","floor":10,"turns":5},{"damage":6,"enemies":"Replay:BlueRogue","floor":12,"turns":3},{"damage":0,"enemies":"Cultist","floor":14,"turns":2},{"damage":0,"enemies":"Fading Forest","floor":16,"turns":8},{"damage":0,"enemies":"3 Byrds","floor":18,"turns":3},{"damage":0,"enemies":"Spheric Guardian","floor":19,"turns":1},{"damage":0,"enemies":"Replay:Snechameleon","floor":24,"turns":3},{"damage":0,"enemies":"Masked Bandits","floor":29,"turns":1},{"damage":0,"enemies":"Shelled Parasite and Fungi","floor":31,"turns":1},{"damage":0,"enemies":"Automaton","floor":33,"turns":1},{"damage":0,"enemies":"Orb Walker","floor":35,"turns":1},{"damage":0,"enemies":"2 Orb Walkers","floor":36,"turns":1},{"damage":0,"enemies":"3 Darklings","floor":37,"turns":1},{"damage":0,"enemies":"Maw","floor":38,"turns":1},{"damage":0,"enemies":"Mind Bloom Boss Battle","floor":41,"turns":1},{"damage":0,"enemies":"R_Hoarder","floor":42,"turns":1},{"damage":0,"enemies":"4 Shapes","floor":44,"turns":1},{"damage":0,"enemies":"Spire Growth","floor":46,"turns":1},{"damage":0,"enemies":"Donu and Deca","floor":50,"turns":1},{"damage":0,"enemies":"Shield and Spear","floor":54,"turns":1},{"damage":0,"enemies":"The Heart","floor":55,"turns":2}],"seed_played":"-1216600989776384479","potions_obtained":[{"floor":1,"key":"Elixir"},{"floor":10,"key":"Strength Potion"},{"floor":18,"key":"DistilledChaos"},{"floor":19,"key":"SteroidPotion"}],"is_trial":false,"path_per_floor":["M","M","?","$","?","R","E","T","T","E","R","E","T","M","R","B",null,"M","M","?","?","?","R","E","$","T","R","$","?","?","M","R","B",null,"M","?","M","M","?","R","?","E","T","M","$","M","$","?","R","B",null,"R","$","E","B",null],"character_chosen":"THE_SILENT","items_purchased":["testmod-ThousandKnives","Storm of Steel","DemoMod:MeatBun","testmod-ArcanaOfDestiny","Thread and Needle","BargainBundle","testmod-IndustrialRevolution","Finisher","ReplayTheSpireMod:Ninjato","ClockworkSouvenir","DemoMod:ChaffGrenade","Dead Branch","TwistedFunnel","testmod-TestPotion"],"campfire_rested":0,"item_purchase_floors":[4,17,25,25,28,45,47,47,53,53,53,53,53,53],"current_hp_per_floor":[68,68,68,68,61,61,47,47,47,38,38,32,32,32,32,32,59,59,59,59,59,59,59,59,68,68,68,68,68,68,68,68,68,61,61,61,61,61,61,61,61,61,68,68,68,68,68,68,68,68,68,68,68,68,68],"gold":108,"neow_bonus":"TEN_PERCENT_HP_BONUS","is_daily":false,"chose_seed":false,"campfire_upgraded":8,"win_rate":0.0,"timestamp":1611467947,"path_taken":["M","M","?","$","?","R","E","?","T","E","R","E","?","?","R","BOSS","M","M","?","?","?","R","E","$","T","R","$","?","?","M","R","BOSS","M","?","M","M","?","R","?","E","T","M","$","M","$","?","R","BOSS","R","$","E","BOSS"],"items_purchased_type":["Relic","Card","Relic","Relic","Relic","Relic","Relic","Card","Relic","Relic","Relic","Relic","Relic","Potion"],"build_version":"2020-12-22","purchased_purges":7,"victory":true,"max_hp_per_floor":[77,77,77,77,77,77,77,77,77,77,77,77,77,77,77,77,68,68,68,68,68,68,68,68,68,68,68,68,68,68,68,68,68,61,61,61,61,61,61,61,61,61,68,68,68,68,68,68,68,68,68,68,68,68,68],"card_choices":[{"not_picked":["Acrobatics","Slice"],"picked":"Cloak And Dagger","floor":1},{"not_picked":["Sucker Punch","Predator","Dagger Spray"],"picked":"SKIP","floor":2},{"not_picked":["Blade Dance","Replay:Bag of Tricks"],"picked":"Terror","floor":7},{"not_picked":["Dodge and Roll","Caltrops"],"picked":"Bomb","floor":10},{"not_picked":["Outmaneuver","Riddle With Holes","Grand Finale"],"picked":"SKIP","floor":12},{"not_picked":["Setup","Bane","Sucker Punch"],"picked":"SKIP","floor":14},{"not_picked":["Atom Bomb","A Thousand Cuts"],"picked":"Burst","floor":16},{"not_picked":["Backflip","Poisoned Stab"],"picked":"Backstab","floor":18},{"not_picked":["Deadly Poison+1","Cloak And Dagger"],"picked":"Blade Dance","floor":19},{"not_picked":["Deflect","Flying Knee","Flechettes+1"],"picked":"SKIP","floor":24},{"not_picked":["Dodge and Roll","Outmaneuver","Dagger Spray"],"picked":"SKIP","floor":31},{"not_picked":["Backflip","Fluid Movement"],"picked":"Slice+1","floor":35},{"not_picked":["ReplayTheSpireMod:Scrap Shanks","Slice","Dagger Throw"],"picked":"SKIP","floor":37},{"not_picked":["Masterful Stab+1","Replay:Bag of Tricks","Outmaneuver"],"picked":"SKIP","floor":38},{"not_picked":["Underhanded Strike+1","Blade Dance"],"picked":"Hidden Blade","floor":41},{"not_picked":["Concentrate","Flying Knee","Heel Hook"],"picked":"SKIP","floor":42},{"not_picked":["Prepared","Outmaneuver+1","Sucker Punch+1"],"picked":"SKIP","floor":44},{"not_picked":["Dodge and Roll+1","Slice","Storm of Steel"],"picked":"SKIP","floor":46},{"not_picked":["Underhanded Strike","Dodge and Roll","Leg Sweep"],"picked":"SKIP","floor":54}],"player_experience":1191421,"relics_obtained":[{"floor":8,"key":"BookofShadows"},{"floor":10,"key":"Blue Candle"},{"floor":12,"key":"CeramicFish"},{"floor":13,"key":"GnawedLeaf"},{"floor":24,"key":"StoneCalendar"},{"floor":26,"key":"DemoMod:WeirdEgg"},{"floor":29,"key":"Red Mask"},{"floor":36,"key":"testmod-EqualTreatment"},{"floor":41,"key":"Girya"},{"floor":42,"key":"Regal Pillow"},{"floor":43,"key":"DemoMod:MonsterBlood"},{"floor":54,"key":"Iron Hammer"}],"event_choices":[{"damage_healed":0,"gold_gain":0,"player_choice":"Damaged","damage_taken":7,"max_hp_gain":0,"max_hp_loss":0,"event_name":"Wheel of Change","floor":5,"gold_loss":0},{"damage_healed":0,"gold_gain":0,"player_choice":"Ignored","damage_taken":0,"max_hp_gain":0,"max_hp_loss":0,"event_name":"Vampires","floor":20,"gold_loss":0},{"damage_healed":0,"gold_gain":0,"player_choice":"Upgraded","damage_taken":0,"max_hp_gain":0,"max_hp_loss":0,"event_name":"Upgrade Shrine","floor":21,"gold_loss":0,"cards_upgraded":["Storm of Steel"]},{"damage_healed":0,"gold_gain":99,"player_choice":"Stole From Cult","damage_taken":0,"max_hp_gain":0,"max_hp_loss":0,"event_name":"Nest","floor":22,"gold_loss":0},{"damage_healed":0,"gold_gain":0,"player_choice":"Fought Bandits","damage_taken":0,"max_hp_gain":0,"max_hp_loss":0,"event_name":"Masked Bandits","floor":29,"gold_loss":0},{"cards_removed":["Strike_G"],"damage_healed":0,"gold_gain":0,"player_choice":"Gave Gold","damage_taken":0,"max_hp_gain":0,"max_hp_loss":0,"event_name":"Beggar","floor":30,"gold_loss":75},{"damage_healed":0,"gold_gain":0,"player_choice":"Fight","damage_taken":0,"max_hp_gain":0,"max_hp_loss":0,"event_name":"Mysterious Sphere","floor":36,"gold_loss":0},{"damage_healed":0,"gold_gain":400,"player_choice":"Sell","damage_taken":0,"max_hp_gain":0,"max_hp_loss":0,"event_name":"恩洛斯的盘子","floor":39,"relics_lost":["testmod-TestBox"],"gold_loss":0},{"damage_healed":0,"gold_gain":0,"player_choice":"Fight","damage_taken":0,"max_hp_gain":0,"max_hp_loss":0,"event_name":"MindBloom","floor":41,"gold_loss":0},{"damage_healed":0,"gold_gain":0,"player_choice":"Memory 1","damage_taken":0,"max_hp_gain":0,"max_hp_loss":0,"event_name":"SensoryStone","floor":48,"gold_loss":0}],"is_beta":false,"boss_relics":[{"not_picked":["SacredBark","Kintsugi"],"picked":"testmod-IncinerationGenerator"},{"not_picked":[]},{"not_picked":["testmod-NegativeEmotionEnhancer","testmod-EnergyCheck"],"picked":"Empty Cage"},{"not_picked":[]}],"items_purged_floors":[4,17,25,28,34,45,47],"is_endless":false,"potions_floor_spawned":[1,10,18,19,24,36,42,46],"ascension_level":12}}