{"host":"bxn2em57qlx5u4i0","time":1611524384,"event":{"mods":["BaseMod","Colored Map","Colored Powertips","Highlight Path","Minty Spire (QoL Compilation)","Random Character Button","Relic Sorter","Relic Stats","StSLib","SuperFastMode"],"gold_per_floor":[110,21,31,31,42,42,74,74,74,93,93,93,122,47,47,118,118,130,146,164,183,10,43,43,78,133,166,178,178,205,28,28,102,102,118,172,18,32,51,86,86,116,197,197,211,230,230,230],"floor_reached":47,"language":"ENG","playtime":1764,"items_purged":["Pain","Strike_G","Strike_G"],"score":1296,"play_id":"d1efc548-fc14-4b87-8183-e59ca8da9cd5","local_time":"20210124163944","is_ascension_mode":true,"campfire_choices":[{"data":"Footwork","floor":6.0,"key":"SMITH"},{"data":"Neutralize","floor":8.0,"key":"SMITH"},{"data":"Quick Slash","floor":11.0,"key":"SMITH"},{"data":"Corpse Explosion","floor":15.0,"key":"SMITH"},{"data":"Burst","floor":24.0,"key":"SMITH"},{"data":"Crippling Poison","floor":29.0,"key":"SMITH"},{"data":"Noxious Fumes","floor":32,"key":"SMITH"},{"data":"Night Terror","floor":41,"key":"SMITH"},{"data":"After Image","floor":44,"key":"SMITH"}],"circlet_count":0,"master_deck":["AscendersBane","Strike_G","Strike_G","Strike_G","Defend_G","Defend_G","Defend_G","Defend_G","Defend_G","Survivor","Neutralize+1","Footwork+1","Infinite Blades","Backstab","Escape Plan","Quick Slash+1","Corpse Explosion+1","Burst+1","PiercingWail","Blur","Deflect","Backflip","Crippling Poison+1","Dodge and Roll","Noxious Fumes+1","Night Terror+1","Leg Sweep","Deflect","Deflect","Backflip","After Image+1","Escape Plan"],"relics":["Ring of the Serpent","NeowsBlessing","Meat on the Bone","Centennial Puzzle","Snake Skull","WarpedTongs","Turnip","Sozu","PreservedInsect","Oddly Smooth Stone","Dream Catcher","Bag of Marbles","Bag of Preparation","Ginger","Orichalcum","Blood Vial","HornCleat"],"acts_visited":["Exordium","TheCity","TheBeyond"],"potions_floor_usage":[33],"damage_taken":[{"damage":0.0,"enemies":"Jaw Worm","floor":1.0,"turns":1.0},{"damage":0.0,"enemies":"Cultist","floor":3.0,"turns":1.0},{"damage":0.0,"enemies":"2 Louse","floor":5.0,"turns":1.0},{"damage":41.0,"enemies":"Gremlin Nob","floor":7.0,"turns":6.0},{"damage":0.0,"enemies":"Lots of Slimes","floor":10.0,"turns":7.0},{"damage":18.0,"enemies":"Lagavulin","floor":13.0,"turns":10.0},{"damage":28.0,"enemies":"The Guardian","floor":16.0,"turns":10.0},{"damage":12.0,"enemies":"Chosen","floor":18.0,"turns":6.0},{"damage":4.0,"enemies":"3 Byrds","floor":19.0,"turns":3.0},{"damage":0.0,"enemies":"3 Cultists","floor":20.0,"turns":3.0},{"damage":18.0,"enemies":"Centurion and Healer","floor":21.0,"turns":6.0},{"damage":23.0,"enemies":"Book of Stabbing","floor":23.0,"turns":7.0},{"damage":3.0,"enemies":"Slavers","floor":25.0,"turns":3.0},{"damage":21.0,"enemies":"Gremlin Leader","floor":27.0,"turns":7.0},{"damage":0.0,"enemies":"Snake Plant","floor":28.0,"turns":4.0},{"damage":0.0,"enemies":"Book of Stabbing","floor":30.0,"turns":6.0},{"damage":31,"enemies":"Automaton","floor":33,"turns":11},{"damage":0,"enemies":"3 Darklings","floor":35,"turns":2},{"damage":38,"enemies":"2 Orb Walkers","floor":36,"turns":4},{"damage":2,"enemies":"Orb Walker","floor":38,"turns":4},{"damage":0,"enemies":"4 Shapes","floor":39,"turns":3},{"damage":0,"enemies":"Nemesis","floor":40,"turns":7},{"damage":16,"enemies":"Giant Head","floor":42,"turns":13},{"damage":0,"enemies":"3 Darklings","floor":45,"turns":3},{"damage":0,"enemies":"Maw","floor":46,"turns":10},{"damage":41,"enemies":"Reptomancer","floor":47,"turns":3}],"seed_played":"8655083287146998145","potions_obtained":[{"floor":1.0,"key":"Fire Potion"},{"floor":13.0,"key":"Ancient Potion"},{"floor":16.0,"key":"SpeedPotion"}],"is_trial":false,"path_per_floor":["M","?","M","$","M","R","E","R","T","M","R","?","E","$","R","B",null,"M","M","M","M","$","E","R","E","T","E","M","R","E","$","R","B",null,"M","?","$","M","M","E","R","E","T","R","M","M","E"],"character_chosen":"THE_SILENT","items_purchased":["PreservedInsect","Noxious Fumes","Deflect"],"campfire_rested":0,"item_purchase_floors":[22,31,37],"current_hp_per_floor":[59,59,59,59,59,59,30,30,30,42,42,42,36,36,36,20,55,43,39,39,33,33,22,22,31,31,22,34,34,34,34,34,15,53,53,27,27,37,37,37,37,33,33,33,35,37,0,0],"gold":230,"neow_bonus":"THREE_ENEMY_KILL","is_daily":false,"chose_seed":false,"campfire_upgraded":9,"win_rate":0.0,"timestamp":1611524384,"path_taken":["M","?","M","?","M","R","E","R","T","M","R","?","E","$","R","BOSS","M","M","?","M","$","E","R","E","T","E","M","R","E","$","R","BOSS","M","?","$","M","M","E","R","E","T","R","M","M","E"],"items_purchased_type":["Relic","Card","Card"],"build_version":"2020-12-22","purchased_purges":3,"victory":false,"max_hp_per_floor":[66,66,66,66,66,66,66,66,66,66,66,66,66,66,66,66,66,66,66,66,66,66,66,66,66,66,66,66,66,66,66,66,66,66,66,66,66,66,66,66,66,66,66,66,66,66,66,66],"relic_stats":{"counters":[26,141],"Snake Skull":[97],"PreservedInsect":417,"Bag of Preparation":[20],"Ginger":[7],"Orichalcum":[0],"WarpedTongs":[125],"Sozu":8,"Blood Vial":6,"Centennial Puzzle":[39],"Dream Catcher":0,"Turnip":[11],"obtain_stats":[{"NeowsBlessing":0,"Oddly Smooth Stone":23,"Snake Skull":9,"PreservedInsect":22,"Bag of Preparation":30,"Ginger":36,"Orichalcum":40,"WarpedTongs":12,"Sozu":17,"Blood Vial":42,"Centennial Puzzle":7,"Dream Catcher":25,"HornCleat":43,"Turnip":13,"Bag of Marbles":27,"Ring of the Serpent":34,"Ring of the Snake":0,"Meat on the Bone":2},{"NeowsBlessing":0,"Oddly Smooth Stone":12,"Snake Skull":4,"PreservedInsect":11,"Bag of Preparation":16,"Ginger":19,"Orichalcum":22,"WarpedTongs":5,"Sozu":7,"Blood Vial":23,"Centennial Puzzle":4,"Dream Catcher":13,"HornCleat":23,"Turnip":6,"Bag of Marbles":14,"Ring of the Serpent":17,"Ring of the Snake":0,"Meat on the Bone":1},{"NeowsBlessing":0,"Oddly Smooth Stone":61,"Snake Skull":9,"PreservedInsect":54,"Bag of Preparation":81,"Ginger":98,"Orichalcum":112,"WarpedTongs":16,"Sozu":36,"Blood Vial":125,"Centennial Puzzle":9,"Dream Catcher":64,"HornCleat":125,"Turnip":26,"Bag of Marbles":71,"Ring of the Serpent":92,"Ring of the Snake":0,"Meat on the Bone":1}],"Meat on the Bone":156},"card_choices":[{"not_picked":["Skewer","Blur"],"picked":"Footwork","floor":1.0},{"not_picked":["Eviscerate","PiercingWail"],"picked":"Infinite Blades","floor":3.0},{"not_picked":["Blade Dance","Masterful Stab"],"picked":"Backstab","floor":5.0},{"not_picked":["Finisher","Outmaneuver"],"picked":"Escape Plan","floor":7.0},{"not_picked":["Flying Knee","Slice"],"picked":"Quick Slash","floor":10.0},{"not_picked":["Reflex","Crippling Poison"],"picked":"Corpse Explosion","floor":13.0},{"not_picked":["Grand Finale","Tools of the Trade"],"picked":"Burst","floor":16.0},{"not_picked":["Deflect","Underhanded Strike"],"picked":"PiercingWail","floor":18.0},{"not_picked":["Acrobatics","Flying Knee"],"picked":"Blur","floor":19.0},{"not_picked":["Blade Dance","Outmaneuver","Flechettes"],"picked":"SKIP","floor":20.0},{"not_picked":["PiercingWail","Terror"],"picked":"Deflect","floor":21.0},{"not_picked":["Dash+1","Deflect","Quick Slash+1"],"picked":"SKIP","floor":23.0},{"not_picked":["Endless Agony","Finisher","Skewer"],"picked":"SKIP","floor":25.0},{"not_picked":["Tools of the Trade","Blade Dance"],"picked":"Backflip","floor":27.0},{"not_picked":["Skewer","Infinite Blades"],"picked":"Crippling Poison","floor":28.0},{"not_picked":["Prepared","Skewer"],"picked":"Dodge and Roll","floor":30.0},{"not_picked":["Bullet Time","Storm of Steel"],"picked":"Night Terror","floor":33},{"not_picked":["PiercingWail","Quick Slash"],"picked":"Leg Sweep","floor":35},{"not_picked":["Terror","Choke"],"picked":"Deflect","floor":36},{"not_picked":["Slice+1","Distraction"],"picked":"Backflip","floor":38},{"not_picked":["PiercingWail+1","Infinite Blades","Backflip"],"picked":"SKIP","floor":39},{"not_picked":["Expertise+1","Prepared+1","Caltrops"],"picked":"SKIP","floor":40},{"not_picked":["Cloak And Dagger+1","Glass Knife"],"picked":"After Image","floor":42},{"not_picked":["Sucker Punch+1","Bane","Deadly Poison"],"picked":"SKIP","floor":45},{"not_picked":["Bane","Masterful Stab"],"picked":"Escape Plan","floor":46}],"player_experience":2927354,"relics_obtained":[{"floor":7.0,"key":"Centennial Puzzle"},{"floor":9.0,"key":"Snake Skull"},{"floor":13.0,"key":"Turnip"},{"floor":23.0,"key":"Oddly Smooth Stone"},{"floor":25.0,"key":"Dream Catcher"},{"floor":27.0,"key":"Bag of Marbles"},{"floor":30.0,"key":"Bag of Preparation"},{"floor":36,"key":"Ginger"},{"floor":40,"key":"Orichalcum"},{"floor":42,"key":"Blood Vial"},{"floor":43,"key":"HornCleat"}],"event_choices":[{"damage_healed":0.0,"max_hp_gain":0.0,"max_hp_loss":0.0,"gold_gain":0.0,"event_name":"WeMeetAgain","player_choice":"Paid Gold","floor":2.0,"gold_loss":89.0,"damage_taken":0.0,"relics_obtained":["Meat on the Bone"]},{"damage_healed":0.0,"max_hp_gain":0.0,"max_hp_loss":0.0,"gold_gain":0.0,"event_name":"Accursed Blacksmith","player_choice":"Rummage","floor":12.0,"gold_loss":0.0,"damage_taken":0.0,"relics_obtained":["WarpedTongs"],"cards_obtained":["Pain"]},{"damage_healed":0,"gold_gain":0,"player_choice":"Fight","damage_taken":0,"max_hp_gain":0,"max_hp_loss":0,"event_name":"Mysterious Sphere","floor":36,"gold_loss":0}],"is_beta":false,"boss_relics":[{"not_picked":["Calling Bell","SacredBark"],"picked":"Sozu"},{"not_picked":["Velvet Choker","Black Star"],"picked":"Ring of the Serpent"}],"items_purged_floors":[14,31,37],"is_endless":false,"potions_floor_spawned":[1,13,16,18,20,21,27,36,40,42,46],"killed_by":"Reptomancer","ascension_level":20}}