{"host":"b4vwm7jq6jdk6nca","time":1611503333,"event":{"mods":["Act Like it!","BaseMod","Downfall","Minty Spire (QoL Compilation)","Quick Restart","StSLib","TestMod","The Cursed","[IsaacMod]ÒÔÈö¼âËþ","vexMod"],"gold_per_floor":[111,111,36,52,67,111,131,193,193,193,368,368,368,368,368,487,487,505,505,505],"floor_reached":19,"language":"ZHS","playtime":495,"items_purged":["Defend_G"],"score":312,"play_id":"7c0eb5dd-7542-4927-9ccf-42014074147d","local_time":"20210124234853","is_ascension_mode":true,"campfire_choices":[{"floor":10.0,"key":"REST"},{"data":"Catalyst","floor":12.0,"key":"SMITH"},{"data":"Strike_G","floor":15.0,"key":"PURGE"}],"circlet_count":0,"master_deck":["Strike_G","Strike_G","Strike_G","Strike_G","Defend_G","Defend_G","Defend_G","Defend_G","Survivor","Neutralize","Backflip","Catalyst+1","Backstab","Bane","Wraith Form v2+1","After Image+1","Adrenaline","Glass Knife","Escape Plan+1"],"relics":["Ring of the Snake","testmod-TestBox","HushsDoor","DeathBook","testmod-InfectionSource","NeowsBlessing","Golden Idol","Frozen Egg 2","Peace Pipe","WristBlade","Damocles","GuppysHead","Shuriken"],"acts_visited":["Exordium","TheCity"],"potions_floor_usage":[],"damage_taken":[{"damage":0.0,"enemies":"2 Louse","floor":1.0,"turns":1.0},{"damage":0.0,"enemies":"Jaw Worm","floor":4.0,"turns":1.0},{"damage":0.0,"enemies":"Cultist","floor":5.0,"turns":1.0},{"damage":9.0,"enemies":"Gremlin Nob","floor":6.0,"turns":4.0},{"damage":4.0,"enemies":"Blue Slaver","floor":7.0,"turns":3.0},{"damage":0.0,"enemies":"The Guardian","floor":16.0,"turns":5.0},{"damage":0,"enemies":"Spheric Guardian","floor":18,"turns":3},{"damage":34,"enemies":"Masked Bandits","floor":19,"turns":4}],"seed_played":"-6909145813401413771","potions_obtained":[{"floor":1.0,"key":"Explosive Potion"},{"floor":16.0,"key":"Energy Potion"}],"is_trial":false,"path_per_floor":["M","?","$","M","M","E","M","?","T","R","?","R","?","T","R","B",null,"M","?"],"character_chosen":"THE_SILENT","items_purchased":["Damocles","GuppysHead","After Image+1","Adrenaline","Glass Knife"],"campfire_rested":1,"item_purchase_floors":[17,17,17,17,17],"current_hp_per_floor":[63,46,46,46,46,37,33,18,18,39,39,39,39,39,39,39,38,38,4,4],"gold":505,"neow_bonus":"THREE_ENEMY_KILL","is_daily":false,"chose_seed":false,"campfire_upgraded":1,"win_rate":0.0,"timestamp":1611503333,"path_taken":["M","?","$","M","M","E","M","?","T","R","?","R","?","?","R","BOSS","M","?"],"items_purchased_type":["Relic","Relic","Card","Card","Card"],"build_version":"2020-12-22","purchased_purges":1,"victory":false,"max_hp_per_floor":[70,70,70,70,70,70,70,70,70,70,70,70,70,70,70,70,38,38,38,38],"card_choices":[{"not_picked":["Outmaneuver","Underhanded Strike","Deadly Poison"],"picked":"SKIP","floor":1.0},{"not_picked":["Poisoned Stab","Predator"],"picked":"Backflip","floor":4.0},{"not_picked":["Flechettes","PiercingWail"],"picked":"Catalyst","floor":5.0},{"not_picked":["Flying Knee","Reflex"],"picked":"Backstab","floor":6.0},{"not_picked":["Slice","Prepared"],"picked":"Bane","floor":7.0},{"not_picked":["Unload","Corpse Explosion"],"picked":"Wraith Form v2+1","floor":16.0},{"not_picked":["Caltrops+1","Flechettes"],"picked":"Escape Plan+1","floor":18}],"player_experience":258962,"relics_obtained":[{"floor":6.0,"key":"Frozen Egg 2"},{"floor":14.0,"key":"Peace Pipe"},{"floor":18,"key":"Shuriken"}],"event_choices":[{"damage_healed":0.0,"max_hp_gain":0.0,"max_hp_loss":0.0,"gold_gain":0.0,"event_name":"Golden Idol","player_choice":"Take Damage","floor":2.0,"gold_loss":0.0,"damage_taken":17.0,"relics_obtained":["Golden Idol"]},{"damage_healed":0.0,"max_hp_gain":0.0,"max_hp_loss":0.0,"gold_gain":175.0,"event_name":"Liars Game","player_choice":"AGREE","floor":11.0,"gold_loss":0.0,"damage_taken":0.0,"cards_obtained":["Doubt"]},{"cards_removed":["Doubt"],"damage_healed":0.0,"max_hp_gain":0.0,"max_hp_loss":0.0,"gold_gain":0.0,"event_name":"Living Wall","player_choice":"Forget","floor":13.0,"gold_loss":0.0,"damage_taken":0.0},{"damage_healed":0,"gold_gain":0,"player_choice":"Fought Bandits","damage_taken":0,"max_hp_gain":0,"max_hp_loss":0,"event_name":"Masked Bandits","floor":19,"gold_loss":0}],"is_beta":false,"boss_relics":[{"not_picked":["Snecko Eye","testmod-Nine"],"picked":"WristBlade"},{"not_picked":[]}],"items_purged_floors":[3],"is_endless":false,"potions_floor_spawned":[1,16],"killed_by":"Masked Bandits","ascension_level":9}}