{"host":"Jitters","time":1611530826,"event":{"mods":["BaseMod","Colored Powertips","Curses Come First","Dark Map","Downfall","Minty Spire (QoL Compilation)","Quick Restart","Relic Stats","Reliquary","Shop Mod","StSLib","SuperFastMode"],"gold_per_floor":[99,114,114,128,65,65,65,83,101,118,150,166,166,201,218,313,313,213,227,238,238,31,62,62,62,62,80,115,25,25,25,25],"floor_reached":30,"language":"ENG","playtime":1282,"items_purged":["Writhe"],"score":336,"play_id":"5b3019d2-0152-40be-ab57-f419cea06c97","local_time":"20210124182706","is_ascension_mode":true,"campfire_choices":[{"data":"bronze:Replicate","floor":1.0,"key":"SMITH"},{"data":"bronze:DelayedSlice","floor":6.0,"key":"SMITH"},{"floor":18.0,"key":"DIG"}],"circlet_count":0,"master_deck":["bronze:Strike","bronze:Strike","bronze:Strike","bronze:Strike","bronze:Defend","bronze:Defend","bronze:Defend","bronze:Defend","bronze:Replicate+1","bronze:Goto","bronze:Shield","bronze:Iterate","bronze:WhirlingStrike","bronze:DelayedSlice+1","bronze:DelayedSlice","bronze:FineTuning","bronze:Backtrace","bronze:FollowUp","bronze:Fortify+1","bronze:DelayedSlice+1","bronze:Library","bronze:CutThrough","bronze:Frontload","bronze:Flail+1","bronze:CloningBeam+1","bronze:GetLatest","bronze:Frontload","bronze:Shield+1"],"relics":["bronze:BronzeCore","reliquary:RedPaperclip","downfall:HeartBlessingGreen","hexamod:CandleOfCauterizing","MerchantsRug","Dead Branch","Incense Burner","Prayer Wheel","reliquary:TuningFork","reliquary:SilkGlove"],"acts_visited":["Exordium","TheCity"],"potions_floor_usage":[],"damage_taken":[{"damage":6.0,"enemies":"Cultist","floor":2.0,"turns":4.0},{"damage":12.0,"enemies":"Small Slimes","floor":4.0,"turns":4.0},{"damage":5.0,"enemies":"downfall:FleeingMerchant","floor":5.0,"turns":4.0},{"damage":0.0,"enemies":"2 Louse","floor":8.0,"turns":2.0},{"damage":8.0,"enemies":"Blue Slaver","floor":9.0,"turns":2.0},{"damage":0.0,"enemies":"2 Fungi Beasts","floor":10.0,"turns":2.0},{"damage":9.0,"enemies":"3 Sentries","floor":11.0,"turns":3.0},{"damage":3.0,"enemies":"Blue Slaver","floor":12.0,"turns":2.0},{"damage":4.0,"enemies":"Gremlin Nob","floor":14.0,"turns":3.0},{"damage":0.0,"enemies":"Large Slime","floor":15.0,"turns":2.0},{"damage":17.0,"enemies":"WA_ARCHETYPE_RETAIN","floor":16.0,"turns":8.0},{"damage":11.0,"enemies":"Spheric Guardian","floor":19.0,"turns":3.0},{"damage":14.0,"enemies":"Shell Parasite","floor":20.0,"turns":2.0},{"damage":0.0,"enemies":"downfall:FleeingMerchant","floor":22.0,"turns":4.0},{"damage":0.0,"enemies":"Gremlin Leader","floor":23.0,"turns":4.0},{"damage":6,"enemies":"Chosen and Byrds","floor":27,"turns":2},{"damage":34,"enemies":"Slavers","floor":28,"turns":3},{"damage":0,"enemies":"downfall:FleeingMerchant","floor":29,"turns":4},{"damage":3,"enemies":"Book of Stabbing","floor":30,"turns":1}],"seed_played":"810214571574417651","potions_obtained":[{"floor":2.0,"key":"Explosive Potion"},{"floor":8.0,"key":"champ:CounterPotion"},{"floor":12.0,"key":"Energy Potion"},{"floor":14.0,"key":"AttackPotion"},{"floor":20.0,"key":"bronze:CleanCodePotion"},{"floor":28,"key":"bronze:FreeFunctionsPotion"}],"is_trial":false,"path_per_floor":["R","M","T","M","$","R","T","M","M","M","E","M","?","E","M","B",null,"R","M","M","?","$","E","T","?","?","M","E","$","E"],"character_chosen":"THE_AUTOMATON","items_purchased":["bronze:DelayedSlice","MerchantsRug","Dead Branch"],"campfire_rested":0,"item_purchase_floors":[5,22,22],"current_hp_per_floor":[77,71,71,59,54,54,54,54,46,46,49,46,46,42,42,37,77,77,66,52,42,42,42,42,42,42,36,2,2,0,0,0],"gold":25,"neow_bonus":"TEN_PERCENT_HP_BONUS","is_daily":false,"chose_seed":false,"campfire_upgraded":2,"win_rate":0.0,"timestamp":1611530826,"path_taken":["R","M","?","M","?","R","T","M","M","M","E","?","?","E","M","BOSS","R","M","M","?","$","E","T","?","?","M","E","$","E"],"items_purchased_type":["Card","Relic","Relic"],"build_version":"2020-11-17","purchased_purges":1,"victory":false,"max_hp_per_floor":[77,77,77,77,77,77,77,77,77,77,77,77,77,77,77,77,77,77,77,77,83,83,83,83,83,83,83,83,83,83,83,83],"relic_stats":{"counters":[19,59],"Dead Branch":[13],"Prayer Wheel":1,"obtain_stats":[{"Darkstone Periapt":11,"MerchantsRug":22,"hexamod:CandleOfCauterizing":18,"bronze:BronzeCore":0,"reliquary:SilkGlove":28,"Dead Branch":22,"downfall:HeartBlessingGreen":18,"Incense Burner":23,"Shovel":7,"downfall:BrokenWingStatue":13,"reliquary:RedPaperclip":17,"Molten Egg 2":14,"Prayer Wheel":24,"Necronomicon":21,"reliquary:TuningFork":26,"Meat on the Bone":3},{"Darkstone Periapt":7,"MerchantsRug":14,"hexamod:CandleOfCauterizing":11,"bronze:BronzeCore":0,"reliquary:SilkGlove":17,"Dead Branch":14,"downfall:HeartBlessingGreen":11,"Incense Burner":15,"Shovel":3,"downfall:BrokenWingStatue":8,"reliquary:RedPaperclip":11,"Molten Egg 2":9,"Prayer Wheel":15,"Necronomicon":13,"reliquary:TuningFork":15,"Meat on the Bone":1},{"Darkstone Periapt":21,"MerchantsRug":45,"hexamod:CandleOfCauterizing":36,"bronze:BronzeCore":0,"reliquary:SilkGlove":54,"Dead Branch":45,"downfall:HeartBlessingGreen":36,"Incense Burner":49,"Shovel":12,"downfall:BrokenWingStatue":23,"reliquary:RedPaperclip":36,"Molten Egg 2":26,"Prayer Wheel":49,"Necronomicon":41,"reliquary:TuningFork":49,"Meat on the Bone":4}]},"card_choices":[{"not_picked":["bronze:Terminator","bronze:Constructor"],"picked":"bronze:Shield","floor":2.0},{"not_picked":["bronze:Overheat","bronze:Turbo"],"picked":"bronze:Iterate","floor":4.0},{"not_picked":["bronze:BugBarrage","bronze:FollowUp"],"picked":"bronze:WhirlingStrike","floor":5.0},{"not_picked":["bronze:Constructor","bronze:OilSpill"],"picked":"bronze:DelayedSlice","floor":8.0},{"not_picked":["bronze:BugBarrage","bronze:InfiniteBeams","bronze:AlphaBuild"],"picked":"SKIP","floor":9.0},{"not_picked":["bronze:DelayedGuard","bronze:Turbo"],"picked":"bronze:FineTuning","floor":10.0},{"not_picked":["bronze:BitShift","bronze:Branch"],"picked":"bronze:Backtrace","floor":11.0},{"not_picked":["bronze:OilSpill","bronze:BugBarrage"],"picked":"bronze:FollowUp","floor":12.0},{"not_picked":["bronze:Separator+1","bronze:HardenedForm"],"picked":"bronze:Fortify+1","floor":14.0},{"not_picked":["bronze:WhirlingStrike+1","bronze:Separator+1"],"picked":"bronze:DelayedSlice+1","floor":15.0},{"not_picked":["bronze:Hardcode","bronze:SpaghettiCode"],"picked":"bronze:Library","floor":16.0},{"not_picked":["bronze:NullPointer","bronze:WildBeam"],"picked":"bronze:CutThrough","floor":19.0},{"not_picked":["bronze:Overheat","bronze:Deprecate","bronze:NullPointer+1"],"picked":"SKIP","floor":20.0},{"not_picked":["bronze:CutThrough","bronze:ItsAFeature"],"picked":"bronze:Frontload","floor":22.0},{"not_picked":["bronze:BuggyMess+1","bronze:TinkerersToolbox"],"picked":"bronze:Flail+1","floor":23.0},{"not_picked":["bronze:DelayedSlice","bronze:Return"],"picked":"bronze:CloningBeam+1","floor":27},{"not_picked":["bronze:Constructor","bronze:Overheat"],"picked":"bronze:GetLatest","floor":27},{"not_picked":["bronze:Backtrace","bronze:Iterate"],"picked":"bronze:Frontload","floor":28},{"not_picked":["bronze:Separator","bronze:Terminator"],"picked":"bronze:Shield+1","floor":29}],"player_experience":193276,"relics_obtained":[{"floor":3.0,"key":"Meat on the Bone"},{"floor":7.0,"key":"Shovel"},{"floor":11.0,"key":"Darkstone Periapt"},{"floor":14.0,"key":"Molten Egg 2"},{"floor":18.0,"key":"hexamod:CandleOfCauterizing"},{"floor":21.0,"key":"Necronomicon"},{"floor":23.0,"key":"Incense Burner"},{"floor":24.0,"key":"Prayer Wheel"},{"floor":28,"key":"reliquary:SilkGlove"}],"event_choices":[],"is_beta":true,"boss_relics":[{"not_picked":["Tiny House","Fusion Hammer"],"picked":"reliquary:RedPaperclip"}],"items_purged_floors":[29],"is_endless":false,"potions_floor_spawned":[2,8,12,14,20,28],"killed_by":"Book of Stabbing","ascension_level":2}}