{"host":"hk3n60c9tb8azi3z","time":1611456007,"event":{"mods":["AchievementEnabler","BaseMod","Minty Spire (QoL Compilation)","Relic Sorter","Relic Stats"],"gold_per_floor":[118,136,286,286,286,314,274,307,334,348,348,361,361,374,374,374,374],"floor_reached":16,"language":"ENG","playtime":535,"items_purged":[],"score":270,"play_id":"823a3c76-cb75-4878-9563-9d70e6b71d01","local_time":"20210124034007","is_ascension_mode":true,"campfire_choices":[{"floor":11,"key":"REST"},{"floor":15,"key":"REST"}],"circlet_count":0,"master_deck":["AscendersBane","Strike_B","Strike_B","Strike_B","Strike_B","Defend_B+1","Defend_B","Defend_B","Defend_B","Zap+1","Dualcast","Beam Cell","Capacitor","Gash","Gash","Coolheaded","Ball Lightning","Gash"],"relics":["Cracked Core","NeowsBlessing","Potion Belt","Bag of Marbles","Lantern","Blood Vial"],"acts_visited":["Exordium"],"potions_floor_usage":[8,8,8,8,12,14],"damage_taken":[{"damage":0,"enemies":"Cultist","floor":1,"turns":1},{"damage":0,"enemies":"Jaw Worm","floor":2,"turns":1},{"damage":0,"enemies":"Lagavulin","floor":6,"turns":2},{"damage":32,"enemies":"Gremlin Nob","floor":8,"turns":5},{"damage":0,"enemies":"Small Slimes","floor":10,"turns":2},{"damage":12,"enemies":"3 Louse","floor":12,"turns":3},{"damage":10,"enemies":"Large Slime","floor":14,"turns":2},{"damage":42,"enemies":"Slime Boss","floor":16,"turns":5}],"seed_played":"8263568917502343408","potions_obtained":[{"floor":2,"key":"EssenceOfSteel"},{"floor":7,"key":"PowerPotion"},{"floor":7,"key":"Block Potion"},{"floor":7,"key":"Ancient Potion"},{"floor":8,"key":"FocusPotion"},{"floor":10,"key":"GamblersBrew"}],"is_trial":false,"path_per_floor":["M","M","?","?","?","E","?","E","T","M","R","M","?","M","R","B"],"character_chosen":"DEFECT","items_purchased":[],"campfire_rested":2,"item_purchase_floors":[],"current_hp_per_floor":[64,64,64,64,43,43,43,11,11,11,32,20,20,12,33,0,0],"gold":374,"neow_bonus":"THREE_ENEMY_KILL","is_daily":false,"chose_seed":false,"campfire_upgraded":0,"win_rate":0.0,"timestamp":1611456007,"path_taken":["M","?","?","?","?","E","?","E","T","?","R","M","?","M","R","BOSS"],"items_purchased_type":[],"build_version":"2020-12-22","purchased_purges":0,"victory":false,"max_hp_per_floor":[71,71,71,71,71,71,71,71,71,71,71,71,71,71,71,71,71],"relic_stats":{"Blood Vial":4,"counters":[8,21],"obtain_stats":[{"Potion Belt":6,"Blood Vial":13,"Lantern":9,"NeowsBlessing":0,"Bag of Marbles":8,"Cracked Core":0},{"Potion Belt":3,"Blood Vial":6,"Lantern":4,"NeowsBlessing":0,"Bag of Marbles":4,"Cracked Core":0},{"Potion Belt":4,"Blood Vial":14,"Lantern":9,"NeowsBlessing":0,"Bag of Marbles":9,"Cracked Core":0}]},"card_choices":[{"not_picked":["Leap","Melter"],"picked":"Beam Cell","floor":1},{"not_picked":["Beam Cell","Blizzard"],"picked":"Capacitor","floor":2},{"not_picked":["Tempest","BootSequence"],"picked":"Gash","floor":6},{"not_picked":["Steam","Go for the Eyes"],"picked":"Gash","floor":8},{"not_picked":["Conserve Battery","Hologram"],"picked":"Coolheaded","floor":10},{"not_picked":["Hologram","Melter"],"picked":"Ball Lightning","floor":12},{"not_picked":["Meteor Strike","Ball Lightning"],"picked":"Gash","floor":14}],"player_experience":1590379,"relics_obtained":[{"floor":6,"key":"Potion Belt"},{"floor":8,"key":"Bag of Marbles"},{"floor":9,"key":"Lantern"}],"event_choices":[{"damage_healed":0,"gold_gain":150,"player_choice":"AGREE","damage_taken":0,"max_hp_gain":0,"max_hp_loss":0,"event_name":"Liars Game","floor":3,"gold_loss":0,"cards_obtained":["Doubt"]},{"cards_removed":["Doubt"],"damage_healed":0,"gold_gain":0,"player_choice":"Forget","damage_taken":0,"max_hp_gain":0,"max_hp_loss":0,"event_name":"Living Wall","floor":4,"gold_loss":0},{"damage_healed":0,"gold_gain":0,"player_choice":"Entered Light","damage_taken":21,"max_hp_gain":0,"max_hp_loss":0,"event_name":"Shining Light","floor":5,"gold_loss":0,"cards_upgraded":["Defend_B","Zap"]},{"damage_healed":0,"gold_gain":0,"player_choice":"Bought 3 Potions","damage_taken":0,"max_hp_gain":0,"max_hp_loss":0,"event_name":"The Woman in Blue","floor":7,"gold_loss":0},{"damage_healed":0,"gold_gain":0,"player_choice":"Searched \u00271\u0027 times","damage_taken":0,"relics_obtained":["Blood Vial"],"max_hp_gain":0,"max_hp_loss":0,"event_name":"Dead Adventurer","floor":13,"gold_loss":0}],"is_beta":false,"boss_relics":[],"items_purged_floors":[],"is_endless":false,"potions_floor_spawned":[2,8,10],"killed_by":"Slime Boss","ascension_level":20}}