{"host":"359hz4210ybch7ku","time":1611467410,"event":{"mods":["BaseMod","Block Reminder","Colored Map","Colored Powertips","Highlight Path","Minty Spire (QoL Compilation)","Slay the Relics Exporter","StSLib"],"gold_per_floor":[113,83,102,116,48,83,83,8,8,20,37,37,37,51,51,148,148,163,181,191,191,191],"floor_reached":21,"language":"ENG","playtime":1357,"items_purged":["Defend_R"],"score":201,"play_id":"fc42932c-72e2-443b-9b2a-5f0b10135a32","local_time":"20210123215010","is_ascension_mode":true,"campfire_choices":[{"data":"Dual Wield","floor":7,"key":"SMITH"},{"data":"Rage","floor":12,"key":"SMITH"},{"data":"Pommel Strike","floor":15,"key":"SMITH"}],"circlet_count":0,"master_deck":["Strike_R","Strike_R+1","Strike_R","Strike_R","Strike_R","Defend_R","Defend_R","Defend_R","Bash","Dual Wield+1","Anger+1","Armaments","Rage+1","Armaments","Pommel Strike+1","Headbutt","Brutality+1"],"relics":["Burning Blood","NeowsBlessing","Whetstone","Frozen Egg 2","Busted Crown"],"acts_visited":["Exordium","TheCity"],"potions_floor_usage":[6,16,19,21,21],"damage_taken":[{"damage":0,"enemies":"Jaw Worm","floor":1,"turns":1},{"damage":0,"enemies":"Cultist","floor":3,"turns":1},{"damage":0,"enemies":"2 Louse","floor":4,"turns":1},{"damage":25,"enemies":"3 Sentries","floor":6,"turns":8},{"damage":9,"enemies":"Red Slaver","floor":10,"turns":3},{"damage":14,"enemies":"Exordium Wildlife","floor":11,"turns":5},{"damage":14,"enemies":"3 Louse","floor":14,"turns":3},{"damage":9,"enemies":"Hexaghost","floor":16,"turns":9},{"damage":23,"enemies":"3 Byrds","floor":18,"turns":5},{"damage":17,"enemies":"2 Thieves","floor":19,"turns":4},{"damage":34,"enemies":"3 Cultists","floor":20,"turns":6},{"damage":26,"enemies":"Snake Plant","floor":21,"turns":3}],"seed_played":"8188312132567910466","potions_obtained":[{"floor":1,"key":"SkillPotion"},{"floor":2,"key":"BlessingOfTheForge"},{"floor":2,"key":"Dexterity Potion"},{"floor":10,"key":"SpeedPotion"},{"floor":11,"key":"BloodPotion"},{"floor":16,"key":"ColorlessPotion"}],"is_trial":false,"path_per_floor":["M","?","M","M","$","E","R","$","T","M","M","R","$","M","R","B",null,"M","M","M","M"],"character_chosen":"IRONCLAD","items_purchased":["Rage"],"campfire_rested":0,"item_purchase_floors":[5],"current_hp_per_floor":[80,80,80,80,80,61,61,61,61,58,50,50,50,42,42,55,80,63,52,24,0,0],"gold":191,"neow_bonus":"THREE_ENEMY_KILL","is_daily":false,"chose_seed":false,"campfire_upgraded":3,"win_rate":0.0,"timestamp":1611467410,"path_taken":["M","?","M","M","$","E","R","$","T","M","M","R","?","M","R","BOSS","M","M","?","M"],"items_purchased_type":["Card"],"build_version":"2020-12-22","purchased_purges":1,"victory":false,"max_hp_per_floor":[80,80,80,80,80,80,80,80,80,80,80,80,80,80,80,80,80,80,80,80,80,80],"card_choices":[{"not_picked":["Anger","Clothesline"],"picked":"Dual Wield","floor":1},{"not_picked":["Flex","Perfected Strike"],"picked":"Anger","floor":3},{"not_picked":["Iron Wave","Clothesline"],"picked":"Armaments","floor":4},{"not_picked":["Rampage","Rupture"],"picked":"Armaments","floor":6},{"not_picked":["Fire Breathing+1","Demon Form+1"],"picked":"Pommel Strike","floor":10},{"not_picked":["Disarm","Thunderclap","Flex"],"picked":"SKIP","floor":11},{"not_picked":["Anger","Wild Strike"],"picked":"Headbutt","floor":14},{"not_picked":["Bludgeon","Fiend Fire"],"picked":"Brutality+1","floor":16},{"not_picked":["Reckless Charge+1"],"picked":"SKIP","floor":18},{"not_picked":["Sword Boomerang"],"picked":"SKIP","floor":19},{"not_picked":["Cleave+1"],"picked":"SKIP","floor":20}],"player_experience":270847,"relics_obtained":[{"floor":6,"key":"Whetstone"},{"floor":9,"key":"Frozen Egg 2"}],"event_choices":[{"damage_healed":0,"gold_gain":0,"player_choice":"Bought 2 Potions","damage_taken":0,"max_hp_gain":0,"max_hp_loss":0,"event_name":"The Woman in Blue","floor":2,"gold_loss":0}],"is_beta":false,"boss_relics":[{"not_picked":["Black Blood","Coffee Dripper"],"picked":"Busted Crown"}],"items_purged_floors":[8],"is_endless":false,"potions_floor_spawned":[1,4,10,11,16],"killed_by":"Snake Plant","ascension_level":2}}