{"host":"1tl36azeqm6yhdgj","time":1611528669,"event":{"mods":["AchievementEnabler","BaseMod","Minty Spire (QoL Compilation)","StSLib","The IronCluck","everything is the same but u backflip on backflip"],"gold_per_floor":[116,116,126,145,162,188,201,201,201],"floor_reached":8,"language":"ENG","playtime":344,"items_purged":[],"score":120,"play_id":"35c56b26-35ee-422a-b56c-e47c318d8bb3","local_time":"20210124175109","is_ascension_mode":true,"campfire_choices":[],"circlet_count":0,"master_deck":["AscendersBane","Strike_R","Strike_R","Strike_R","Strike_R","Defend_R","Defend_R","Defend_R","Defend_R","Bash","Cleave","Anger","Dark Embrace","Thunderclap","Clothesline","Infernal Blade"],"relics":["Burning Blood","NeowsBlessing","Nunchaku"],"acts_visited":["Exordium"],"potions_floor_usage":[7,7,8],"damage_taken":[{"damage":0.0,"enemies":"Jaw Worm","floor":1.0,"turns":1.0},{"damage":0.0,"enemies":"Cultist","floor":3.0,"turns":1.0},{"damage":0.0,"enemies":"2 Louse","floor":4.0,"turns":1.0},{"damage":23.0,"enemies":"Exordium Wildlife","floor":5.0,"turns":4.0},{"damage":34.0,"enemies":"Gremlin Nob","floor":6.0,"turns":4.0},{"damage":7,"enemies":"Looter","floor":7,"turns":3},{"damage":39,"enemies":"3 Sentries","floor":8,"turns":6}],"seed_played":"-7533419903402625431","potions_obtained":[{"floor":4.0,"key":"AttackPotion"},{"floor":5.0,"key":"Dexterity Potion"},{"floor":6.0,"key":"LiquidBronze"},{"floor":7,"key":"Fruit Juice"}],"is_trial":false,"path_per_floor":["M","?","M","M","M","E","M","E"],"character_chosen":"IRONCLAD","items_purchased":[],"campfire_rested":0,"item_purchase_floors":[],"current_hp_per_floor":[74,74,75,75,58,30,34,0,0],"gold":201,"neow_bonus":"THREE_ENEMY_KILL","is_daily":false,"chose_seed":false,"campfire_upgraded":0,"win_rate":0.0,"timestamp":1611528669,"path_taken":["M","?","?","M","M","E","M","E"],"items_purchased_type":[],"build_version":"2020-12-22","purchased_purges":0,"victory":false,"max_hp_per_floor":[75,75,75,75,75,75,80,80,80],"card_choices":[{"not_picked":["Perfected Strike","Wild Strike"],"picked":"Cleave","floor":1.0},{"not_picked":["Armaments","True Grit"],"picked":"Anger","floor":3.0},{"not_picked":["Anger","Clash"],"picked":"Dark Embrace","floor":4.0},{"not_picked":["Seeing Red","True Grit"],"picked":"Thunderclap","floor":5.0},{"not_picked":["Shrug It Off","Armaments"],"picked":"Clothesline","floor":6.0},{"not_picked":["Twin Strike","Havoc"],"picked":"Infernal Blade","floor":7}],"player_experience":2029635,"relics_obtained":[{"floor":6.0,"key":"Nunchaku"}],"event_choices":[{"cards_removed":["Strike_R"],"damage_healed":0.0,"max_hp_gain":0.0,"max_hp_loss":0.0,"gold_gain":0.0,"event_name":"Bonfire Elementals","player_choice":"Offered Basic","floor":2.0,"gold_loss":0.0,"damage_taken":0.0}],"is_beta":false,"boss_relics":[],"items_purged_floors":[],"is_endless":false,"potions_floor_spawned":[4,5,6,7],"killed_by":"3 Sentries","ascension_level":20}}