{"host":"h1qktzcccqnez8tx","time":1611454512,"event":{"mods":["BaseMod","Block Reminder","Colored Map","Colored Powertips","Curses Come First","Highlight Path","Infinite Spire","Minty Spire (QoL Compilation)","Permanent Neow","Quick Restart","Replay The Spire","StSLib","The Jungle"],"gold_per_floor":[211,286,250,250,266,291,311,324,372,372,387,401,413,338,338,441,441,455,466,285,285,285,285,299,324,393,424,424,757,775,793,793,895,895,905,648,693,657,673,706,725,744,744,820,820,834,849,849,849],"floor_reached":48,"language":"ENG","playtime":2224,"items_purged":["Defend_R","Strike_R","Defend_R"],"score":762,"play_id":"03fa240b-ddfc-4655-9500-c0ad59db53b3","local_time":"20210124031512","is_ascension_mode":true,"campfire_choices":[{"floor":10.0,"key":"REST"},{"floor":15.0,"key":"REST"},{"data":"Feed","floor":23.0,"key":"SMITH"},{"data":"Flex","floor":32.0,"key":"SMITH"},{"floor":45.0,"key":"RECALL"}],"circlet_count":0,"master_deck":["Defend_R","Defend_R","Bash","Pommel Strike","Flex+1","Body Slam","Clothesline","ReplayTheSpireMod:Stacked","Pommel Strike","Body Slam","Iron Wave","Clothesline","Impervious","Armaments+1","Pommel Strike","Feed+1","Flex+1","RitualDagger","Second Wind+1","Perfected Strike+1","Bite+1","Bite+1","Bite+1","Bite+1","Bite+1","Flex+1","Pommel Strike+1","Reaper+1","Run Through+1","Heavy Blade+1","Whirlwind+1","Flex+1","Pummel+1","Ghostly Armor+1"],"relics":["Replay:Wanted Poster","Onion Ring","Orichalcum","Black Star","Lantern","Mark of Pain","ReplayTheSpireMod:Lightbulb","Juzu Bracelet","Molten Egg 2","Darkstone Periapt","Tiny Chest","Old Coin","Charon\u0027s Ashes","Ring of Chaos","Brimstone","Replay:Bottled Steam","Replay:Wax Seal","Incense Burner","Snack Pack"],"acts_visited":["Exordium","TheCity","TheBeyond"],"potions_floor_usage":[],"damage_taken":[{"damage":0.0,"enemies":"Small Slimes","floor":1.0,"turns":3.0},{"damage":2.0,"enemies":"Jaw Worm","floor":5.0,"turns":3.0},{"damage":44.0,"enemies":"3 Sentries","floor":6.0,"turns":10.0},{"damage":0.0,"enemies":"Cultist","floor":7.0,"turns":3.0},{"damage":10.0,"enemies":"Exordium Wildlife","floor":8.0,"turns":2.0},{"damage":0.0,"enemies":"3 Louse","floor":11.0,"turns":2.0},{"damage":2.0,"enemies":"2 Fungi Beasts","floor":12.0,"turns":2.0},{"damage":0.0,"enemies":"Exordium Thugs","floor":13.0,"turns":3.0},{"damage":34.0,"enemies":"The Guardian","floor":16.0,"turns":14.0},{"damage":10.0,"enemies":"Shell Parasite","floor":18.0,"turns":5.0},{"damage":0.0,"enemies":"Spheric Guardian","floor":19.0,"turns":3.0},{"damage":1.0,"enemies":"Centurion and Healer","floor":24.0,"turns":7.0},{"damage":23.0,"enemies":"Slavers","floor":25.0,"turns":7.0},{"damage":18.0,"enemies":"Gremlin Leader","floor":27.0,"turns":7.0},{"damage":17.0,"enemies":"Replay:Snechameleon","floor":29.0,"turns":2.0},{"damage":3.0,"enemies":"3 Cultists","floor":30.0,"turns":4.0},{"damage":9.0,"enemies":"Shelled Parasite and Fungi","floor":31.0,"turns":4.0},{"damage":82.0,"enemies":"Automaton","floor":33.0,"turns":12.0},{"damage":28.0,"enemies":"3 Darklings","floor":35.0,"turns":7.0},{"damage":24.0,"enemies":"3 Shapes","floor":39.0,"turns":2.0},{"damage":0.0,"enemies":"R_Hoarder","floor":40.0,"turns":2.0},{"damage":19.0,"enemies":"Transient","floor":41.0,"turns":5.0},{"damage":0.0,"enemies":"Jaw Worm Horde","floor":42.0,"turns":1.0},{"damage":32.0,"enemies":"Spire Growth","floor":46.0,"turns":3.0},{"damage":36.0,"enemies":"4 Shapes","floor":47.0,"turns":1.0},{"damage":15,"enemies":"Writhing Mass","floor":48,"turns":1}],"seed_played":"-7953863345063840305","potions_obtained":[{"floor":6.0,"key":"SteroidPotion"},{"floor":7.0,"key":"Elixir"},{"floor":8.0,"key":"SpeedPotion"},{"floor":29.0,"key":"BloodPotion"},{"floor":30.0,"key":"Regen Potion"},{"floor":41.0,"key":"Explosive Potion"},{"floor":46.0,"key":"SteroidPotion"}],"is_trial":false,"path_per_floor":["M","?","$","?","M","E","M","M","T","R","M","M","M","$","R","B",null,"M","M","$","?","AVR","R","M","E","T","E","?","E","M","M","R","B",null,"M","$","?","$","M","E","M","M","T","T","R","M","M","M"],"character_chosen":"IRONCLAD","items_purchased":["Flex+1","Feed","Flex","Brimstone","Whirlwind+1"],"campfire_rested":2,"item_purchase_floors":[3,20,20,36,38],"current_hp_per_floor":[80,69,69,69,67,23,23,13,13,37,37,35,35,35,59,25,80,70,70,70,64,64,64,67,48,48,34,34,20,49,52,52,31,72,62,62,62,62,52,55,58,58,58,58,58,43,7,0,0],"gold":849,"neow_bonus":"BOSS_RELIC","is_daily":false,"chose_seed":false,"campfire_upgraded":2,"win_rate":0.0,"timestamp":1611454512,"path_taken":["M","?","$","?","M","E","M","M","T","R","M","M","M","$","R","BOSS","M","M","$","?","AVR","R","M","E","T","E","?","E","M","M","R","BOSS","M","$","?","?","M","E","M","M","T","?","R","M","M","M"],"items_purchased_type":["Card","Card","Card","Relic","Card"],"build_version":"2020-12-22","purchased_purges":3,"victory":false,"max_hp_per_floor":[80,80,80,80,80,80,80,80,80,80,80,80,80,80,80,80,80,80,80,80,80,80,80,84,88,88,92,64,64,68,68,68,72,72,72,72,72,72,72,72,72,72,72,72,72,76,76,76,76],"card_choices":[{"not_picked":["Sword Boomerang","Body Slam"],"picked":"Pommel Strike","floor":1.0},{"not_picked":["Sever Soul","Thunderclap"],"picked":"Clothesline","floor":5.0},{"not_picked":["Warcry","Rage"],"picked":"ReplayTheSpireMod:Stacked","floor":6.0},{"not_picked":["Iron Wave","Sword Boomerang"],"picked":"Pommel Strike","floor":7.0},{"not_picked":["ReplayTheSpireMod:Corrosion Curse","Run Through"],"picked":"Body Slam","floor":8.0},{"not_picked":["Sentinel","Infernal Blade"],"picked":"Iron Wave","floor":11.0},{"not_picked":["Hemokinesis","Dropkick","Second Wind"],"picked":"SKIP","floor":12.0},{"not_picked":["Bloodletting","Sword Boomerang"],"picked":"Clothesline","floor":13.0},{"not_picked":["Limit Break","Eclipse"],"picked":"Impervious","floor":16.0},{"not_picked":["Pommel Strike","Warcry"],"picked":"Armaments+1","floor":18.0},{"not_picked":["Clash","Armaments"],"picked":"Pommel Strike","floor":19.0},{"not_picked":["Demon Form","Clash","Thunderclap"],"picked":"SKIP","floor":24.0},{"not_picked":["Fire Breathing","Blood for Blood"],"picked":"Second Wind+1","floor":25.0},{"not_picked":["Clothesline+1","Inflame"],"picked":"Perfected Strike+1","floor":27.0},{"not_picked":["Limit Break","Shrug It Off"],"picked":"Flex+1","floor":29.0},{"not_picked":["Anger+1","Havoc"],"picked":"Pommel Strike+1","floor":30.0},{"not_picked":["Pommel Strike+1","Evolve","Heavy Blade+1"],"picked":"SKIP","floor":31.0},{"not_picked":["Eclipse","Demonic Infusion"],"picked":"Reaper+1","floor":33.0},{"not_picked":["ReplayTheSpireMod:Strike From Hell+1","Cleave+1","Feel No Pain"],"picked":"SKIP","floor":35.0},{"not_picked":["Life Link","Havoc"],"picked":"Run Through+1","floor":37.0},{"not_picked":["Havoc","Replay:Undeath\u0027s Touch+1"],"picked":"Heavy Blade+1","floor":37.0},{"not_picked":["Run Through+1","ReplayReversal"],"picked":"Flex+1","floor":39.0},{"not_picked":["Pommel Strike+1","ReplayTheSpireMod:Strike From Hell+1","Twin Strike+1"],"picked":"SKIP","floor":40.0},{"not_picked":["Barricade","Headbutt+1"],"picked":"Pummel+1","floor":41.0},{"not_picked":["Replay:Undeath\u0027s Touch+1","Body Slam+1"],"picked":"Ghostly Armor+1","floor":42.0},{"not_picked":["Clothesline+1","Iron Wave+1","Clash+1"],"picked":"SKIP","floor":46.0},{"not_picked":["True Grit","Havoc","Demon Form"],"picked":"SKIP","floor":47.0}],"player_experience":116134,"relics_obtained":[{"floor":6.0,"key":"Onion Ring"},{"floor":9.0,"key":"Orichalcum"},{"floor":25.0,"key":"ReplayTheSpireMod:Lightbulb"},{"floor":25.0,"key":"Juzu Bracelet"},{"floor":26.0,"key":"Molten Egg 2"},{"floor":27.0,"key":"Darkstone Periapt"},{"floor":27.0,"key":"Tiny Chest"},{"floor":29.0,"key":"Old Coin"},{"floor":29.0,"key":"Charon\u0027s Ashes"},{"floor":37.0,"key":"Replay:Bottled Steam"},{"floor":40.0,"key":"Replay:Wax Seal"},{"floor":40.0,"key":"Incense Burner"},{"floor":43.0,"key":"Snack Pack"}],"event_choices":[{"damage_healed":0.0,"max_hp_gain":0.0,"max_hp_loss":0.0,"gold_gain":75.0,"event_name":"World of Goop","player_choice":"Gather Gold","floor":2.0,"gold_loss":0.0,"damage_taken":11.0},{"damage_healed":0.0,"max_hp_gain":0.0,"max_hp_loss":0.0,"gold_gain":0.0,"cards_transformed":["Strike_R"],"event_name":"Transmorgrifier","player_choice":"Transformed","floor":4.0,"gold_loss":0.0,"damage_taken":0.0,"cards_obtained":["Body Slam"]},{"damage_healed":0.0,"max_hp_gain":0.0,"max_hp_loss":0.0,"gold_gain":0.0,"event_name":"Nest","player_choice":"Joined the Cult","floor":21.0,"gold_loss":0.0,"damage_taken":6.0,"cards_obtained":["RitualDagger"]},{"damage_healed":0.0,"max_hp_gain":0.0,"max_hp_loss":28.0,"gold_gain":0.0,"event_name":"Vampires","player_choice":"Became a vampire","floor":28.0,"gold_loss":0.0,"damage_taken":0.0,"cards_obtained":["Bite","Bite","Bite","Bite","Bite"]}],"is_beta":false,"boss_relics":[{"not_picked":["Replay:Bronze Core","ReplayTheSpireMod:SealedPack"],"picked":"Black Star"},{"not_picked":["Kintsugi","Sozu"],"picked":"Ring of Chaos"}],"items_purged_floors":[14,22,36],"is_endless":false,"potions_floor_spawned":[6,7,8,12,16,18,25,27,29,30,41,46,47],"killed_by":"Writhing Mass","ascension_level":3}}