{"host":"mdbnki27vzqujy5q","time":1611472928,"event":{"mods":["BaseMod","Better Note","Better Skull","Colored Map","Colored Powertips","DeckTracker","Highlight Path","Minty Spire (QoL Compilation)","Quick Restart","Rare Cards Sparkle","StSLib"],"gold_per_floor":[109,120,120,120,139,168,168,185,185,200,52,52,152,170,170,266,266,278,290,33,49,49,49,149,175,175,211,240,109,137,166,166,274,274,293,317,317,376,404,404,442,442,442,54,34,63,99,158,158,158,158,158,33,67,67],"floor_reached":56,"language":"ENG","playtime":2717,"items_purged":["Strike_B","Defend_B","Strike_B"],"score":1464,"play_id":"00ecda1f-75ec-4977-82f3-dccc8d0b8010","local_time":"20210123232208","is_ascension_mode":true,"campfire_choices":[{"data":"White Noise","floor":7.0,"key":"SMITH"},{"floor":15.0,"key":"REST"},{"floor":23.0,"key":"REST"},{"floor":32.0,"key":"REST"},{"floor":40,"key":"RECALL"},{"floor":42,"key":"REST"},{"floor":49,"key":"REST"},{"floor":52,"key":"REST"}],"circlet_count":0,"master_deck":["Strike_B","Strike_B","Defend_B","Defend_B","Zap+1","Dualcast","Doom and Gloom","Sweeping Beam","Conserve Battery","White Noise+1","Rebound","Auto Shields","Loop","Gash","Machine Learning","Hologram+1","Defragment","Machine Learning","Stack","Gash","Self Repair","Heatsinks","Storm","Conserve Battery","Static Discharge+1","Rainbow","Lockon+1","Coolheaded+1","Cold Snap","Force Field+1","Barrage+1","Defragment","Consume","Gash","Gash","Capacitor+1","Electrodynamics"],"relics":["Cracked Core","NeowsBlessing","Vajra","Letter Opener","Eternal Feather","Fusion Hammer","Mummified Hand","Shuriken","Mango","CeramicFish","Inserter","Lizard Tail","Bottled Lightning","Bird Faced Urn","Mercury Hourglass","Ginger","Blood Vial"],"acts_visited":["Exordium","TheCity","TheBeyond","TheEnding"],"potions_floor_usage":[38,38,47,50,55,55],"damage_taken":[{"damage":0.0,"enemies":"Small Slimes","floor":1.0,"turns":1.0},{"damage":0.0,"enemies":"Jaw Worm","floor":2.0,"turns":1.0},{"damage":0.0,"enemies":"Cultist","floor":5.0,"turns":1.0},{"damage":38.0,"enemies":"Lagavulin","floor":6.0,"turns":7.0},{"damage":13.0,"enemies":"Blue Slaver","floor":8.0,"turns":2.0},{"damage":0.0,"enemies":"Lots of Slimes","floor":10.0,"turns":1.0},{"damage":0.0,"enemies":"Gremlin Gang","floor":14.0,"turns":3.0},{"damage":36.0,"enemies":"Hexaghost","floor":16.0,"turns":7.0},{"damage":11.0,"enemies":"Spheric Guardian","floor":18.0,"turns":4.0},{"damage":15.0,"enemies":"2 Thieves","floor":19.0,"turns":4.0},{"damage":28.0,"enemies":"Centurion and Healer","floor":21.0,"turns":5.0},{"damage":0.0,"enemies":"Gremlin Leader","floor":25.0,"turns":6.0},{"damage":35.0,"enemies":"Slavers","floor":27.0,"turns":4.0},{"damage":17.0,"enemies":"Snake Plant","floor":28.0,"turns":4.0},{"damage":11.0,"enemies":"Snecko","floor":30.0,"turns":3.0},{"damage":6.0,"enemies":"Sentry and Sphere","floor":31.0,"turns":4.0},{"damage":35.0,"enemies":"Champ","floor":33.0,"turns":7.0},{"damage":5,"enemies":"3 Shapes","floor":35,"turns":2},{"damage":10,"enemies":"Orb Walker","floor":36,"turns":3},{"damage":40,"enemies":"2 Orb Walkers","floor":38,"turns":4},{"damage":24,"enemies":"3 Darklings","floor":39,"turns":4},{"damage":3,"enemies":"Giant Head","floor":41,"turns":7},{"damage":8,"enemies":"Transient","floor":46,"turns":5},{"damage":38,"enemies":"Reptomancer","floor":47,"turns":5},{"damage":0,"enemies":"Mind Bloom Boss Battle","floor":48,"turns":5},{"damage":67,"enemies":"Time Eater","floor":50,"turns":7},{"damage":65,"enemies":"Shield and Spear","floor":54,"turns":5},{"damage":103,"enemies":"The Heart","floor":55,"turns":8}],"seed_played":"-6226898326786539440","potions_obtained":[{"floor":2.0,"key":"DistilledChaos"},{"floor":5.0,"key":"BlessingOfTheForge"},{"floor":10.0,"key":"Swift Potion"},{"floor":16.0,"key":"PotionOfCapacity"},{"floor":21.0,"key":"Energy Potion"},{"floor":27.0,"key":"Block Potion"},{"floor":28.0,"key":"BlessingOfTheForge"},{"floor":30.0,"key":"Block Potion"},{"floor":35,"key":"FairyPotion"},{"floor":39,"key":"Ancient Potion"},{"floor":45,"key":"FearPotion"},{"floor":46,"key":"DuplicationPotion"},{"floor":47,"key":"AttackPotion"},{"floor":54,"key":"EssenceOfSteel"}],"is_trial":false,"path_per_floor":["M","M","?","?","M","E","R","M","T","M","$","T","?","M","R","B",null,"M","M","$","M","?","R","?","E","T","E","M","$","M","M","R","B",null,"M","M","?","?","M","R","E","R","T","$","?","M","E","?","R","B",null,"R","$","E","B",null],"character_chosen":"DEFECT","items_purchased":["Loop","Mummified Hand","Storm","Bird Faced Urn","Defragment","Consume"],"campfire_rested":6,"item_purchase_floors":[11,20,29,44,44,44],"current_hp_per_floor":[75,75,75,68,68,30,30,17,17,17,17,17,17,17,48,12,75,64,49,49,21,21,55,55,55,69,34,24,24,20,21,62,34,89,89,86,86,46,29,47,51,89,89,89,89,89,64,89,89,38,89,89,89,47,24],"gold":67,"neow_bonus":"THREE_ENEMY_KILL","is_daily":false,"chose_seed":false,"campfire_upgraded":1,"win_rate":0.0,"timestamp":1611472928,"path_taken":["M","M","?","?","?","E","R","M","T","M","$","?","?","?","R","BOSS","M","M","$","?","?","R","?","E","T","E","M","$","?","M","R","BOSS","M","M","?","?","M","R","E","R","T","$","?","?","E","?","R","BOSS","R","$","E","BOSS"],"items_purchased_type":["Card","Relic","Card","Relic","Card","Card"],"build_version":"2020-12-22","purchased_purges":3,"victory":true,"max_hp_per_floor":[75,75,75,75,75,75,75,75,75,75,75,75,75,75,75,75,75,75,75,75,75,75,75,75,75,89,89,89,89,89,89,89,89,89,89,89,89,89,89,89,89,89,89,89,89,89,89,89,89,89,89,89,89,89,89],"card_choices":[{"not_picked":["Ball Lightning","Coolheaded"],"picked":"Doom and Gloom","floor":1.0},{"not_picked":["Steam","Sunder"],"picked":"Sweeping Beam","floor":2.0},{"not_picked":["Sweeping Beam","Leap"],"picked":"Conserve Battery","floor":5.0},{"not_picked":["Conserve Battery","Force Field"],"picked":"White Noise","floor":6.0},{"not_picked":["Steam Power","Machine Learning"],"picked":"Rebound","floor":8.0},{"not_picked":["Streamline","Cold Snap"],"picked":"Auto Shields","floor":10.0},{"not_picked":["Beam Cell","Barrage"],"picked":"Gash","floor":14.0},{"not_picked":["Hyperbeam","Creative AI"],"picked":"Machine Learning","floor":16.0},{"not_picked":["Steam","Sweeping Beam"],"picked":"Hologram+1","floor":18.0},{"not_picked":["Sweeping Beam","Hologram+1"],"picked":"Defragment","floor":19.0},{"not_picked":["Blizzard","Sweeping Beam","Compile Driver"],"picked":"SKIP","floor":21.0},{"not_picked":["Beam Cell","Ball Lightning"],"picked":"Gash","floor":25.0},{"not_picked":["Hologram","Reprogram"],"picked":"Self Repair","floor":27.0},{"not_picked":["Coolheaded","Buffer"],"picked":"Heatsinks","floor":28.0},{"not_picked":["Compile Driver","Auto Shields"],"picked":"Conserve Battery","floor":30.0},{"not_picked":["Doom and Gloom+1","Recycle"],"picked":"Static Discharge+1","floor":31.0},{"not_picked":["Fission","Seek"],"picked":"Rainbow","floor":33.0},{"not_picked":["Chill+1","Barrage"],"picked":"Lockon+1","floor":35},{"not_picked":["Chaos+1","Lockon+1"],"picked":"Coolheaded+1","floor":36},{"not_picked":["Blizzard","Tempest"],"picked":"Cold Snap","floor":38},{"not_picked":["Stack","Blizzard+1"],"picked":"Force Field+1","floor":39},{"not_picked":["Force Field+1","Chaos"],"picked":"Barrage+1","floor":41},{"not_picked":["Fusion+1","Coolheaded"],"picked":"Gash","floor":46},{"not_picked":["Scrape","Hologram+1"],"picked":"Gash","floor":47},{"not_picked":["Hologram+1","Auto Shields"],"picked":"Capacitor+1","floor":48},{"not_picked":["Leap","Barrage"],"picked":"Electrodynamics","floor":54}],"player_experience":112658,"relics_obtained":[{"floor":6.0,"key":"Vajra"},{"floor":9.0,"key":"Letter Opener"},{"floor":12.0,"key":"Eternal Feather"},{"floor":25.0,"key":"Shuriken"},{"floor":26.0,"key":"Mango"},{"floor":27.0,"key":"CeramicFish"},{"floor":38,"key":"Lizard Tail"},{"floor":41,"key":"Bottled Lightning"},{"floor":47,"key":"Mercury Hourglass"},{"floor":48,"key":"Ginger"},{"floor":54,"key":"Blood Vial"}],"event_choices":[{"damage_healed":0.0,"max_hp_gain":0.0,"max_hp_loss":0.0,"gold_gain":0.0,"event_name":"Living Wall","player_choice":"Grow","floor":3.0,"gold_loss":0.0,"damage_taken":0.0,"cards_upgraded":["Zap"]},{"cards_removed":["Defend_B"],"damage_healed":0.0,"max_hp_gain":0.0,"max_hp_loss":0.0,"gold_gain":0.0,"event_name":"Golden Wing","player_choice":"Card Removal","floor":4.0,"gold_loss":0.0,"damage_taken":7.0},{"damage_healed":0.0,"max_hp_gain":0.0,"max_hp_loss":0.0,"gold_gain":100.0,"event_name":"Golden Shrine","player_choice":"Pray","floor":13.0,"gold_loss":0.0,"damage_taken":0.0},{"damage_healed":0.0,"max_hp_gain":0.0,"max_hp_loss":0.0,"gold_gain":0.0,"event_name":"Match and Keep!","player_choice":"2 cards matched","floor":22.0,"gold_loss":0.0,"damage_taken":0.0,"cards_obtained":["Machine Learning","Stack"]},{"damage_healed":0.0,"max_hp_gain":0.0,"max_hp_loss":0.0,"gold_gain":100.0,"event_name":"Golden Shrine","player_choice":"Pray","floor":24.0,"gold_loss":0.0,"damage_taken":0.0},{"damage_healed":0,"gold_gain":0,"player_choice":"Ignored","damage_taken":0,"max_hp_gain":0,"max_hp_loss":0,"event_name":"Tomb of Lord Red Mask","floor":37,"gold_loss":0},{"damage_healed":0,"gold_gain":0,"player_choice":"Fight","damage_taken":0,"max_hp_gain":0,"max_hp_loss":0,"event_name":"Mysterious Sphere","floor":38,"gold_loss":0},{"damage_healed":0,"gold_gain":0,"player_choice":"Bought 1 Potion","damage_taken":0,"max_hp_gain":0,"max_hp_loss":0,"event_name":"The Woman in Blue","floor":45,"gold_loss":0},{"damage_healed":0,"gold_gain":0,"player_choice":"Fight","damage_taken":0,"max_hp_gain":0,"max_hp_loss":0,"event_name":"MindBloom","floor":48,"gold_loss":0}],"is_beta":false,"boss_relics":[{"not_picked":["Ectoplasm","Snecko Eye"],"picked":"Fusion Hammer"},{"not_picked":["Tiny House","Cursed Key"],"picked":"Inserter"}],"items_purged_floors":[11,29,53],"is_endless":false,"potions_floor_spawned":[2,5,10,16,21,27,28,30,35,39,46,47,54],"ascension_level":3}}