{"host":"bw00wb7p5bw58om7","time":1611511719,"event":{"mods":["100% Spire Juice","Act Like it!","BaseMod","Better Third Choice","CapriCore","Chen","Downfall","Gensokyo","Koishi","KomeijiMod","Marisa????????","Minty Spire (QoL Compilation)","Onozuka Komachi Mod","Permanent Neow","Prisma Mod","Reimu??????","Remilia??????","StSLib","The Administrix","The Immortal","The Senshi","The Servant 0.9.4","Yakumo Yukari mod"],"gold_per_floor":[111,121,121,136,151,182,182,209,209,209,228,241,241,271,271,369,369,395,287,311,323,350,362,374,374],"floor_reached":24,"language":"ENG","playtime":1625,"items_purged":[],"score":254,"play_id":"699987df-b700-411e-8a65-ed951b1139b1","local_time":"20210124180839","is_ascension_mode":true,"campfire_choices":[{"data":"MissingPower","floor":7,"key":"SMITH"},{"floor":13,"key":"REST"},{"data":"TenguhouSokujitsuken","floor":15,"key":"SMITH"},{"floor":23,"key":"REST"}],"circlet_count":0,"master_deck":["Strike_Komeiji","Strike_Komeiji","Strike_Komeiji","Strike_Komeiji","Defend_Komeiji","Defend_Komeiji","Defend_Komeiji","Defend_Komeiji","Dash_Komeiji","SeekerDolls","MissingPower+1","SeishiRoten+1","Mishyaguji+1","KeiseiJin+1","HelanNingyou","Sabishigari+1","Clumsy","CS_Komachi","RikonNoKama+1","SuitokuNoKyoryu","TenguhouSokujitsuken+1","SemiAutomaton","CurseOfTheBell","HagoromoKu","NingyouOkisou+1","MissingPower","HagoromoKu"],"relics":["KomeijisEye","SpellCardsRule","MusicBox","CrystalOfMemory","Tiny Chest","PreservedInsect","Gensokyo:NagashiBinaDoll","Mummified Hand","Calling Bell","MawBank","MigarariNingyou","KyoryuNoHagoromo","Gensokyo:DemonMask","Frozen Eye"],"acts_visited":["Gensokyo:Gensokyo","Gensokyo:Gensokyoer"],"potions_floor_usage":[16],"damage_taken":[{"damage":8,"enemies":"Gensokyo:3_Fairies","floor":1,"turns":7},{"damage":9,"enemies":"Gensokyo:Gryphon","floor":2,"turns":5},{"damage":0,"enemies":"Gensokyo:2_Kodama","floor":4,"turns":2},{"damage":6,"enemies":"Gensokyo:LivingMonolith","floor":5,"turns":6},{"damage":9,"enemies":"Gensokyo:Aya","floor":6,"turns":5},{"damage":0,"enemies":"Gensokyo:Mamizou","floor":8,"turns":17},{"damage":14,"enemies":"Gensokyo:Gryphon_and_Rabbit","floor":11,"turns":5},{"damage":9,"enemies":"Gensokyo:2_Rabbits","floor":12,"turns":5},{"damage":3,"enemies":"Gensokyo:Cirno","floor":14,"turns":12},{"damage":11,"enemies":"Gensokyo:Reimu","floor":16,"turns":8},{"damage":11,"enemies":"Gensokyo:Chomper","floor":18,"turns":6},{"damage":22,"enemies":"Gensokyo:3_Dogs","floor":20,"turns":5},{"damage":16,"enemies":"Gensokyo:Wraith","floor":22,"turns":6},{"damage":27,"enemies":"Gensokyo:Koishi","floor":24,"turns":8}],"seed_played":"5381844198623042480","potions_obtained":[{"floor":4,"key":"EssenceOfSteel"},{"floor":5,"key":"SkillPotion"},{"floor":6,"key":"Guardian:BlockOnCardUsePotion"}],"is_trial":false,"path_per_floor":["M","M","?","M","M","E","R","E","T","?","M","M","R","E","R","B",null,"M","?","M","?","M","R","E"],"character_chosen":"KomeijiSatori","items_purchased":[],"campfire_rested":2,"item_purchase_floors":[],"current_hp_per_floor":[42,33,48,48,42,33,33,33,33,33,19,13,28,33,33,28,50,41,41,23,23,7,22,0,0],"gold":374,"neow_bonus":"THREE_CARDS","is_daily":false,"chose_seed":false,"campfire_upgraded":2,"win_rate":0.0,"timestamp":1611511719,"path_taken":["M","M","?","M","M","E","R","E","T","?","M","M","R","E","R","BOSS","M","?","M","?","M","R","E"],"items_purchased_type":[],"build_version":"2020-12-22","purchased_purges":0,"victory":false,"max_hp_per_floor":[50,50,50,50,50,50,50,50,50,50,50,50,50,50,50,50,50,50,50,50,50,50,50,50,50],"card_choices":[{"not_picked":["NingyouFukuhei+1","ShyakuBuku"],"picked":"SeekerDolls","floor":0},{"not_picked":["SeekerDolls","ArtfulChanter"],"picked":"MissingPower","floor":1},{"not_picked":["Melting","ShyakuBuku"],"picked":"SeishiRoten+1","floor":2},{"not_picked":["Agarareta+1","Melting"],"picked":"Mishyaguji+1","floor":4},{"not_picked":["DemonLordCradle","SeekerDolls"],"picked":"KeiseiJin+1","floor":5},{"not_picked":["YoukiSo+1","NingyouKasou+1"],"picked":"HelanNingyou","floor":6},{"not_picked":["DochyakuKami+1","ShyakuBuku"],"picked":"Sabishigari+1","floor":8},{"not_picked":["KinbakuJin+1","WumiGaWareru"],"picked":"RikonNoKama+1","floor":11},{"not_picked":["KimairaNoYoku","Melting"],"picked":"SuitokuNoKyoryu","floor":12},{"not_picked":["NingyouFukuhei+1","KokorosuKi+1"],"picked":"TenguhouSokujitsuken","floor":14},{"not_picked":["TenguhouSokujitsuken","LunaDial"],"picked":"SemiAutomaton","floor":16},{"not_picked":["SeekerDolls","NingyouChiyari+1"],"picked":"HagoromoKu","floor":18},{"not_picked":["Melting","JyouchiJin+1"],"picked":"NingyouOkisou+1","floor":20},{"not_picked":["KouPou+1","Mishyaguji+1"],"picked":"HagoromoKu","floor":22}],"player_experience":283123,"relics_obtained":[{"floor":6,"key":"CrystalOfMemory"},{"floor":8,"key":"Tiny Chest"},{"floor":9,"key":"PreservedInsect"},{"floor":14,"key":"Mummified Hand"},{"floor":17,"key":"MawBank"},{"floor":17,"key":"MigarariNingyou"},{"floor":17,"key":"KyoryuNoHagoromo"}],"event_choices":[],"is_beta":false,"boss_relics":[{"not_picked":["SlaversCollar","ReiryokuShyu"],"picked":"Calling Bell"}],"items_purged_floors":[],"is_endless":false,"potions_floor_spawned":[4,5,6,8,14],"killed_by":"Gensokyo:Koishi","ascension_level":1}}