{"host":"wud4w7nw8qmq6f33","time":1611525707,"event":{"mods":["2.2 Compatiblity","Act Like it!","BaseMod","Better Third Choice","BetterRewards","Colored Map","Colored Powertips","Downfall","Energized Spire","Gremlin Skip","Minty Spire (QoL Compilation)","Permanent Neow","Quick Restart","Rare Cards Sparkle","StSLib","The Animator","everything is the same but u backflip on backflip","slay the spire mod where everything is the same but ironclad has a cowboy hat"],"gold_per_floor":[99,118,131,161,178,205,279,279,299,314,314,19,19,48,59,155,155,155,171,171,187,200,226,301,118,118,134,49,34,34,48,66,66,66,66],"floor_reached":33,"language":"ENG","playtime":1831,"items_purged":["Guardian:Strike_Guardian","Guardian:Strike_Guardian+1"],"score":304,"play_id":"1ec681be-e825-43cd-8d82-78c1fb764b82","local_time":"20210124170147","is_ascension_mode":false,"campfire_choices":[{"data":"Guardian:TwinSlam","floor":1.0,"key":"SMITH"},{"data":"Guardian:RefractedBeam","floor":11.0,"key":"SMITH"},{"data":"Guardian:RefractedBeam+1","floor":13.0,"key":"SMITH"},{"data":"Guardian:RefractedBeam+2","floor":18,"key":"SMITH"},{"data":"Guardian:RefractedBeam+3","floor":26,"key":"SMITH"}],"circlet_count":0,"master_deck":["Guardian:Defend_Guardian","Guardian:Defend_Guardian","Guardian:Defend_Guardian","Guardian:Defend_Guardian","Guardian:CurlUp","Guardian:TwinSlam+1","Guardian:RefractedBeam+4","Guardian:RollAttack","Guardian:RevengeProtocol","Guardian:HyperBeam_Guardian+1","Guardian:PrismaticBeam","Guardian:Harden","Guardian:ArmoredProtocol","Guardian:Gem_Blue","Guardian:Gem_Green","Guardian:ShieldSpikes+1"],"relics":["Guardian:ModeShifter","Happy Flower","Boot","Meat on the Bone","Whetstone","Empty Cage","Nloth\u0027s Gift","Toy Ornithopter","Pantograph"],"acts_visited":["Exordium","TheCity"],"potions_floor_usage":[16,21,22,22],"damage_taken":[{"damage":1.0,"enemies":"Cultist","floor":2.0,"turns":3.0},{"damage":0.0,"enemies":"Small Slimes","floor":3.0,"turns":3.0},{"damage":5.0,"enemies":"2 Louse","floor":5.0,"turns":3.0},{"damage":14.0,"enemies":"Lagavulin","floor":6.0,"turns":9.0},{"damage":12.0,"enemies":"Exordium Wildlife","floor":9.0,"turns":4.0},{"damage":5.0,"enemies":"Exordium Thugs","floor":10.0,"turns":2.0},{"damage":0.0,"enemies":"downfall:FleeingMerchant","floor":12.0,"turns":4.0},{"damage":0.0,"enemies":"3 Sentries","floor":14.0,"turns":3.0},{"damage":0.0,"enemies":"Blue Slaver","floor":15.0,"turns":1.0},{"damage":14,"enemies":"SI_SHIV_ARCHETYPE","floor":16,"turns":6},{"damage":0,"enemies":"Chosen","floor":19,"turns":4},{"damage":12,"enemies":"Shell Parasite","floor":21,"turns":3},{"damage":12,"enemies":"Snecko","floor":22,"turns":6},{"damage":39,"enemies":"Book of Stabbing","floor":23,"turns":8},{"damage":15,"enemies":"downfall:FleeingMerchant","floor":25,"turns":4},{"damage":5,"enemies":"Cultist and Chosen","floor":27,"turns":5},{"damage":0,"enemies":"downfall:FleeingMerchant","floor":28,"turns":4},{"damage":0,"enemies":"downfall:FleeingMerchant","floor":29,"turns":4},{"damage":18,"enemies":"3 Cultists","floor":31,"turns":3},{"damage":0,"enemies":"Chosen and Byrds","floor":32,"turns":5},{"damage":71,"enemies":"WA_ARCHETYPE_CALM","floor":33,"turns":16}],"seed_played":"-233344615548548093","potions_obtained":[{"floor":2.0,"key":"Energy Potion"},{"floor":3.0,"key":"ColorlessPotion"},{"floor":6.0,"key":"AttackPotion"},{"floor":15.0,"key":"AttackPotion"},{"floor":16,"key":"Block Potion"},{"floor":19,"key":"Weak Potion"},{"floor":21,"key":"Fruit Juice"},{"floor":31,"key":"Guardian:StasisDiscoveryPotion"},{"floor":32,"key":"Fire Potion"}],"is_trial":false,"path_per_floor":["R","M","M","?","M","E","T","?","M","M","R","$","R","E","M","B",null,"R","M","?","M","M","E","T","$","R","M","$","$","T","M","M","B"],"character_chosen":"GUARDIAN","items_purchased":["Whetstone","AttackPotion","Guardian:ArmoredProtocol","Guardian:Gem_Blue"],"campfire_rested":0,"item_purchase_floors":[12,12,25,28],"current_hp_per_floor":[80,79,79,79,74,60,60,60,48,43,43,43,43,43,43,41,80,80,80,80,73,61,34,34,31,31,38,50,50,50,44,44,0,0,0],"gold":66,"neow_bonus":"RANDOM_COMMON_RELIC","is_daily":false,"chose_seed":false,"campfire_upgraded":5,"win_rate":0.0,"timestamp":1611525707,"path_taken":["R","M","?","?","M","E","T","?","M","M","R","$","R","E","M","BOSS","R","M","?","M","M","E","T","?","R","M","?","$","?","M","M","BOSS"],"items_purchased_type":["Relic","Potion","Card","Card"],"build_version":"2020-12-22","purchased_purges":2,"victory":false,"max_hp_per_floor":[80,80,80,80,80,80,80,80,80,80,80,80,80,80,80,80,80,80,80,80,85,85,85,85,85,85,85,85,85,85,85,85,85,85,85],"card_choices":[{"not_picked":["Guardian:Emergency","Guardian:WalkerClaw"],"picked":"Guardian:RefractedBeam","floor":2.0},{"not_picked":["Guardian:Gem_Lightblue","Guardian:Recover"],"picked":"Guardian:BronzeArmor","floor":3.0},{"not_picked":["Guardian:Gem_Lightblue","Guardian:TemporalStrike","Guardian:RefractedBeam"],"picked":"SKIP","floor":5.0},{"not_picked":["Guardian:Planning","Guardian:Emergency"],"picked":"Guardian:RollAttack","floor":6.0},{"not_picked":["Guardian:Gem_Fragmented","Guardian:DecasProtection"],"picked":"Guardian:Gem_Crimson","floor":9.0},{"not_picked":["Guardian:Suspension","Guardian:ChargeCore"],"picked":"Guardian:RevengeProtocol","floor":10.0},{"not_picked":["Guardian:Reroute","Guardian:WalkerClaw"],"picked":"Guardian:HyperBeam_Guardian","floor":12.0},{"not_picked":["Guardian:ShieldCharger","Guardian:Gem_Lightblue","Guardian:Clone"],"picked":"SKIP","floor":14.0},{"not_picked":["Guardian:PiercingHide","Guardian:VentSteam"],"picked":"Guardian:PrismaticBeam","floor":15.0},{"not_picked":["Guardian:GatlingBeam","Guardian:RevengeProtocol"],"picked":"Guardian:Gem_Orange","floor":16},{"not_picked":["Guardian:Gem_Fragmented","Guardian:Planning+1"],"picked":"Guardian:Gem_Blue","floor":19},{"not_picked":["Guardian:PrimingBeam","Guardian:GuardianWhirl","Guardian:Incinerate"],"picked":"SKIP","floor":21},{"not_picked":["Guardian:ChargeCore","Guardian:GuardianWhirl"],"picked":"Guardian:Harden","floor":22},{"not_picked":["Guardian:DonusPower","Guardian:RevengeProtocol"],"picked":"Guardian:Gem_Blue","floor":23},{"not_picked":["Guardian:TimeCapacitor","Guardian:RollAttack+1","Guardian:ChargeUp"],"picked":"SKIP","floor":25},{"not_picked":["Guardian:WalkerClaw","Guardian:BronzeOrb","Guardian:TimeSifter"],"picked":"SKIP","floor":27},{"not_picked":["Guardian:BaubleBeam","Guardian:VentSteam","Guardian:GuardianWhirl"],"picked":"SKIP","floor":28},{"not_picked":["Guardian:FloatingOrbs","Guardian:VentSteam"],"picked":"Guardian:Gem_Green","floor":29},{"not_picked":["Guardian:PrismaticBarrier","Guardian:ShieldCharger"],"picked":"Guardian:ShieldSpikes+1","floor":31},{"not_picked":["Guardian:Planning","Guardian:PiercingHide+1","Guardian:TemporalShield"],"picked":"SKIP","floor":32}],"player_experience":656648,"relics_obtained":[{"floor":6.0,"key":"Boot"},{"floor":7.0,"key":"Meat on the Bone"},{"floor":14.0,"key":"Centennial Puzzle"},{"floor":23,"key":"Toy Ornithopter"},{"floor":30,"key":"Pantograph"}],"event_choices":[],"is_beta":false,"boss_relics":[{"not_picked":["energizedSpire:RedRose","Black Star"],"picked":"Empty Cage"}],"items_purged_floors":[12,25],"is_endless":false,"potions_floor_spawned":[2,3,6,15,16,19,21,31,32],"killed_by":"WA_ARCHETYPE_CALM","ascension_level":0}}