{"host":"xhd4yuu3rnu1c5xc","time":1611470722,"event":{"mods":["ATMod(°¢èªMod)","Act Like it!","Aspiration","BaseMod","Better Altar","Better Note","Better Sensory Stone","Better Skull","Better Third Choice","Better Vampires","Better-Laid Plans","Conspire","Displayed Cursed Tome","Dota2Spire","Downfall","Emptier Cage","Energized Spire","Gensokyo","GungeonMod","Hubris","Lobotomy","Marisa£¨ìFÓê¡¡Ä§ÀíÉ³£©","Minty Spire (QoL Compilation)","Mirrors Mod","MostiFishMod","Pale of the Ancients","Potion Indicator Mod","Quick Restart","Relic Stats","Reorder Act Four","Replay The Spire","RumiaBox-Â¶Ã×æ«µÄÉñÃØºÐ×Ó","SacredBarkPlus","StSLib","TestMod","The Jungle","Transform Curses","Uncapped","[IsaacMod]ÒÔÈö¼âËþ","vexMod","¡¾¹¦ÄÜMod¡¿»ìãçÖ®»·ÐÞ¸´²¹¶¡","¡¾ÒÅÎï¿¨ÅÆ¡¿REMEMod","óô»ðÖ¸ÄÏ"],"gold_per_floor":[156,156,228,242,308,333,349,349,373,373,386,404,238,263,263,338,338,351,363,313,323,323,323,323],"floor_reached":23,"language":"ZHS","playtime":806,"items_purged":["Strike_R","Strike_R","Strike_R"],"score":652,"play_id":"fa28ab9e-9e88-4c1c-b4a6-cd67e454af7e","local_time":"20210124144522","is_ascension_mode":true,"campfire_choices":[{"data":"Uppercut","floor":8,"key":"SMITH"},{"data":"Feel No Pain","floor":15,"key":"SMITH"}],"circlet_count":0,"master_deck":["AscendersBane","Strike_R","Defend_R","Defend_R","Defend_R","Defend_R","Bash","Uppercut+1","Feel No Pain+1","Body Slam","Disarm","Second Wind","MostiFishMod:NewArrival","Pommel Strike","Armaments"],"relics":["Burning Blood","HushsDoor","Membership Card","testmod-Nyarlathotep","BloodBag","SynthV:TestCard","Vajra","hubris:Metronome","Void","The Courier","Quantum Egg","aspiration:HummingbirdHeart","DemoMod:JetPack","JellyFishMachine","betterThird:NestCultRelic"],"acts_visited":["Exordium","TheCity"],"potions_floor_usage":[16],"damage_taken":[{"damage":0,"enemies":"2 Louse","floor":1,"turns":1},{"damage":0,"enemies":"FloatingMirror","floor":4,"turns":1},{"damage":0,"enemies":"Replay:BlueRogue","floor":6,"turns":1},{"damage":0,"enemies":"Cultist","floor":7,"turns":3},{"damage":9,"enemies":"3 Louse","floor":11,"turns":5},{"damage":0,"enemies":"Blue Slaver","floor":12,"turns":1},{"damage":0,"enemies":"3 Sentries","floor":14,"turns":1},{"damage":0,"enemies":"Hexaghost","floor":16,"turns":9},{"damage":0,"enemies":"conspire:FuzzyDice","floor":18,"turns":6},{"damage":0,"enemies":"Spheric Guardian","floor":19,"turns":2},{"damage":2,"enemies":"Chosen and Byrds","floor":21,"turns":5},{"damage":0,"enemies":"REME_1_Revenger","floor":23,"turns":2}],"seed_played":"-3961985276436827780","potions_obtained":[{"floor":5,"key":"HeartOfIron"},{"floor":6,"key":"Weak Potion"},{"floor":16,"key":"Block Potion"}],"is_trial":false,"path_per_floor":["M","?","?","M","?","E","M","R","T","$","M","M","$","E","R","B",null,"M","M","$","M","?","E"],"character_chosen":"IRONCLAD","items_purchased":["The Courier","Quantum Egg","aspiration:HummingbirdHeart","Disarm"],"campfire_rested":0,"item_purchase_floors":[10,10,13,13],"current_hp_per_floor":[74,74,59,65,38,44,50,50,50,19,16,22,22,28,28,34,66,72,77,77,77,77,77,77],"gold":323,"neow_bonus":"THREE_ENEMY_KILL","is_daily":false,"chose_seed":false,"campfire_upgraded":2,"win_rate":0.0,"timestamp":1611470722,"path_taken":["M","?","?","M","?","E","M","R","T","?","M","M","$","E","R","BOSS","M","?","$","?","?","E"],"items_purchased_type":["Relic","Relic","Relic","Card"],"build_version":"2020-12-22","purchased_purges":3,"victory":false,"max_hp_per_floor":[82,82,82,82,82,82,82,82,82,82,82,82,82,82,82,82,77,77,77,77,77,77,77,77],"relic_stats":{"counters":[12,37],"obtain_stats":[{"KeepersGift":0,"hubris:Metronome":6,"testmod-TestBox":0,"AT_ATBox":0,"DaveBox":0,"NeowsBlessing":0,"JellyFishMachine":17,"Quantum Egg":10,"Vajra":5,"DemoMod:GlassGuonStoneRelic":6,"The Courier":10,"betterThird:NestCultRelic":22,"aspiration:HummingbirdHeart":13,"testmod-Nyarlathotep":0,"BloodBag":0,"Burning Blood":0,"SynthV:TestCard":1,"Membership Card":0,"Void":9,"HushsDoor":0,"DemoMod:JetPack":14,"REME_ComplimentaryCards":0,"BloodDonationMachine":0},{"KeepersGift":0,"hubris:Metronome":3,"testmod-TestBox":0,"AT_ATBox":0,"DaveBox":0,"NeowsBlessing":0,"JellyFishMachine":8,"Quantum Egg":4,"Vajra":2,"DemoMod:GlassGuonStoneRelic":3,"The Courier":4,"betterThird:NestCultRelic":11,"aspiration:HummingbirdHeart":6,"testmod-Nyarlathotep":0,"BloodBag":0,"Burning Blood":0,"SynthV:TestCard":1,"Membership Card":0,"Void":4,"HushsDoor":0,"DemoMod:JetPack":7,"REME_ComplimentaryCards":0,"BloodDonationMachine":0},{"KeepersGift":0,"hubris:Metronome":3,"testmod-TestBox":0,"AT_ATBox":0,"DaveBox":0,"NeowsBlessing":0,"JellyFishMachine":22,"Quantum Egg":6,"Vajra":2,"DemoMod:GlassGuonStoneRelic":3,"The Courier":6,"betterThird:NestCultRelic":35,"aspiration:HummingbirdHeart":12,"testmod-Nyarlathotep":0,"BloodBag":0,"Burning Blood":0,"SynthV:TestCard":1,"Membership Card":0,"Void":6,"HushsDoor":0,"DemoMod:JetPack":13,"REME_ComplimentaryCards":0,"BloodDonationMachine":0}],"Burning Blood":61},"card_choices":[{"not_picked":["AT_BodySlamDance","Iron Wave","Uppercut"],"picked":"SKIP","floor":1},{"not_picked":["AT_BodySlamDance","Iron Wave"],"picked":"Uppercut","floor":1},{"not_picked":["Dropkick","conspire:Purge","conspire:Charge","Pommel Strike","hubris:SharpeningStone"],"picked":"SKIP","floor":4},{"not_picked":["Body Slam","Clothesline","Ghostly Armor","Shrug It Off"],"picked":"Feel No Pain","floor":6},{"not_picked":["Searing Blow","Dropkick","Body Slam","MostiFishMod:OrdinaryWorld"],"picked":"Bomb","floor":7},{"not_picked":["Thunderclap","Warcry","Uppercut","Replay:Undeath\u0027s Touch"],"picked":"Bomb","floor":11},{"not_picked":["Flame Barrier","AT_BodySlamDance","Cleave","Wild Strike"],"picked":"Body Slam","floor":12},{"not_picked":["Searing Blow","Warcry","Whirlwind","Disarm"],"picked":"Second Wind","floor":14},{"not_picked":["MostiFishMod:UltimateDefense","Replay:Many Hands","MostiFishMod:OrdinaryWorld","MostiFishMod:TemporaryOutbreak"],"picked":"MostiFishMod:NewArrival","floor":16},{"not_picked":["Warcry","Twin Strike","Clash+1","MostiFishMod:FlyOverUtopia"],"picked":"Pommel Strike","floor":18},{"not_picked":["Metallicize","Anger","Clash","Heavy Blade"],"picked":"Armaments","floor":19},{"not_picked":["Body Slam","Shrug It Off","Sword Boomerang","hubris:ReadiedAction","Clash"],"picked":"SKIP","floor":21}],"player_experience":1963116,"relics_obtained":[{"floor":1,"key":"SynthV:TestCard"},{"floor":5,"key":"Vajra"},{"floor":6,"key":"hubris:Metronome"},{"floor":9,"key":"Void"},{"floor":14,"key":"DemoMod:JetPack"}],"event_choices":[{"damage_healed":0,"gold_gain":0,"player_choice":"Madness","damage_taken":0,"relics_obtained":["betterThird:NestCultRelic"],"max_hp_gain":0,"max_hp_loss":0,"event_name":"betterThird:BetterNest","floor":22,"gold_loss":0}],"is_beta":false,"boss_relics":[{"not_picked":["SynthV:MejaisSoulstealer","Kintsugi"],"picked":"JellyFishMachine"},{"not_picked":[]}],"items_purged_floors":[13,17,20],"is_endless":false,"potions_floor_spawned":[6,7,11,14,16,18],"killed_by":"REME_1_Revenger","ascension_level":20}}