{"host":"u1dfzl6o6mfmauc3","time":1611464652,"event":{"mods":["2.2 Compatiblity","AchievementEnabler","BaseMod","Block Reminder","Challenge The Spire","Dark Map","Hermit","Minty Spire (QoL Compilation)","Relic Stats","Robot Space Explorer","StSLib","The Disciple"],"gold_per_floor":[112,126,46,46,46,73,73,99,126,126,143,176,32,32,32,132,132,145,70,86,185,33,33,83,101,101,119,119,119],"floor_reached":28,"language":"ENG","playtime":1024,"items_purged":[],"score":337,"play_id":"7318cf6b-5d55-4996-a004-64c130788832","local_time":"20210124000412","is_ascension_mode":true,"campfire_choices":[{"floor":7,"key":"REST"},{"floor":10,"key":"REST"},{"floor":15,"key":"REST"},{"floor":23,"key":"REST"}],"circlet_count":0,"master_deck":["Strike_B","Strike_B","Strike_B","Defend_B","Defend_B","Defend_B","Defend_B","Zap","Dualcast","Conserve Battery","Cold Snap","Defragment+1","Loop","Creative AI","FTL","Melter","Electrodynamics","Coolheaded","Stack+1"],"relics":["Sozu","Pen Nib","Bag of Marbles","Ancient Tea Set","Tiny Chest","PreservedInsect","Inserter","Happy Flower","Oddly Smooth Stone","Kunai"],"acts_visited":["Exordium","TheCity"],"potions_floor_usage":[],"damage_taken":[{"damage":0,"enemies":"Cultist","floor":1,"turns":3},{"damage":9,"enemies":"Small Slimes","floor":2,"turns":4},{"damage":18,"enemies":"3 Sentries","floor":6,"turns":9},{"damage":30,"enemies":"Gremlin Nob","floor":8,"turns":5},{"damage":0,"enemies":"2 Louse","floor":11,"turns":3},{"damage":0,"enemies":"Lagavulin","floor":12,"turns":7},{"damage":12,"enemies":"Hexaghost","floor":16,"turns":9},{"damage":11,"enemies":"Shell Parasite","floor":18,"turns":4},{"damage":30,"enemies":"2 Thieves","floor":20,"turns":4},{"damage":22,"enemies":"Snake Plant","floor":25,"turns":4},{"damage":15,"enemies":"Snecko","floor":27,"turns":7},{"damage":18,"enemies":"Book of Stabbing","floor":28,"turns":2}],"seed_played":"-2962612771919349637","potions_obtained":[],"is_trial":false,"path_per_floor":["M","M","$","?","?","E","R","E","T","R","M","E","$","?","R","B",null,"M","?","M","?","$","R","T","M","T","M","E"],"character_chosen":"DEFECT","items_purchased":["Defragment","PreservedInsect","Happy Flower"],"campfire_rested":4,"item_purchase_floors":[3,13,22],"current_hp_per_floor":[68,59,59,41,41,23,45,15,15,37,37,37,37,37,59,47,68,57,57,27,27,27,49,49,27,27,12,0,0],"gold":119,"neow_bonus":"BOSS_RELIC","is_daily":false,"chose_seed":false,"campfire_upgraded":0,"win_rate":0.0,"timestamp":1611464652,"path_taken":["M","M","?","?","?","E","R","E","T","R","M","E","$","?","R","BOSS","M","?","M","?","$","R","?","M","T","M","E"],"items_purchased_type":["Card","Relic","Relic"],"build_version":"2020-12-22","purchased_purges":0,"victory":false,"max_hp_per_floor":[75,75,75,75,75,75,75,75,75,75,75,75,75,75,75,75,75,75,75,75,75,75,75,75,75,75,75,75,75],"relic_stats":{"Sozu":5,"Inserter":[10],"Happy Flower":[4],"counters":[12,60],"Tiny Chest":1,"Pen Nib":[7],"PreservedInsect":41,"Kunai":[1],"obtain_stats":[{"Sozu":0,"Inserter":17,"Happy Flower":22,"Oddly Smooth Stone":24,"Tiny Chest":12,"Pen Nib":4,"PreservedInsect":13,"Bag of Marbles":6,"Kunai":26,"Cracked Core":0,"Ancient Tea Set":8},{"Sozu":0,"Inserter":7,"Happy Flower":9,"Oddly Smooth Stone":9,"Tiny Chest":6,"Pen Nib":2,"PreservedInsect":6,"Bag of Marbles":3,"Kunai":10,"Cracked Core":0,"Ancient Tea Set":4},{"Sozu":0,"Inserter":39,"Happy Flower":47,"Oddly Smooth Stone":47,"Tiny Chest":30,"Pen Nib":7,"PreservedInsect":30,"Bag of Marbles":16,"Kunai":51,"Cracked Core":0,"Ancient Tea Set":20}]},"card_choices":[{"not_picked":["Steam","Static Discharge"],"picked":"Conserve Battery","floor":1},{"not_picked":["Conserve Battery","Hologram"],"picked":"Cold Snap","floor":2},{"not_picked":["Stack","Compile Driver"],"picked":"Loop","floor":6},{"not_picked":["Barrage","Rebound"],"picked":"Creative AI","floor":8},{"not_picked":["Rebound","Consume"],"picked":"FTL","floor":11},{"not_picked":["Force Field","Turbo"],"picked":"Melter","floor":12},{"not_picked":["Meteor Strike","Thunder Strike"],"picked":"Electrodynamics","floor":16},{"not_picked":["Skim","FTL"],"picked":"Coolheaded","floor":18},{"not_picked":["Beam Cell+1","Redo"],"picked":"Stack+1","floor":20},{"not_picked":["Loop","Beam Cell","Melter"],"picked":"SKIP","floor":25},{"not_picked":["Fusion","Stack","Gash"],"picked":"SKIP","floor":27}],"player_experience":141795,"relics_obtained":[{"floor":6,"key":"Bag of Marbles"},{"floor":8,"key":"Ancient Tea Set"},{"floor":12,"key":"Tiny Chest"},{"floor":24,"key":"Oddly Smooth Stone"},{"floor":26,"key":"Kunai"}],"event_choices":[{"damage_healed":0,"gold_gain":0,"player_choice":"Success","damage_taken":18,"relics_obtained":["Pen Nib"],"max_hp_gain":0,"max_hp_loss":0,"event_name":"Scrap Ooze","floor":4,"gold_loss":0},{"damage_healed":0,"gold_gain":0,"player_choice":"Grow","damage_taken":0,"max_hp_gain":0,"max_hp_loss":0,"event_name":"Living Wall","floor":5,"gold_loss":0,"cards_upgraded":["Defragment"]},{"damage_healed":0,"gold_gain":0,"player_choice":"Ignored","damage_taken":0,"max_hp_gain":0,"max_hp_loss":0,"event_name":"Liars Game","floor":14,"gold_loss":0},{"cards_removed":["Strike_B"],"damage_healed":0,"gold_gain":0,"player_choice":"Gave Gold","damage_taken":0,"max_hp_gain":0,"max_hp_loss":0,"event_name":"Beggar","floor":19,"gold_loss":75},{"damage_healed":0,"gold_gain":99,"player_choice":"Stole From Cult","damage_taken":0,"max_hp_gain":0,"max_hp_loss":0,"event_name":"Nest","floor":21,"gold_loss":0}],"is_beta":false,"boss_relics":[{"not_picked":["Coffee Dripper","Snecko Eye"],"picked":"Inserter"}],"items_purged_floors":[],"is_endless":false,"potions_floor_spawned":[6,12,16,25,27],"killed_by":"Book of Stabbing","ascension_level":6}}