{"host":"njo8qgvy2a57fcny","time":1611465791,"event":{"mods":["Ascension Unlocker","Aspiration","BaseMod","BetterRewards","CCEM","Colored Map","Colored Powertips","Conspire","Custom Start","Downfall","Energized Spire","GifTheSpireLib","Halation","Hermit","Hubris","Infinite Spire","Jedi Mod","Jorbs\u0027s Wanderer Trilogy","Mimic Mod","Minty Spire (QoL Compilation)","Quick Restart","Random Character Button","Random Character Mod","Rare Cards Sparkle","Relic Sorter","Replay The Spire","Shop Mod","StSLib","Stuff the Spire","The Animator","The Jungle","The Runesmith","The Servant 0.9.4","Unceasing Turn Reminder","thorton","vexMod"],"gold_per_floor":[112,112,131,131,146,146,146],"floor_reached":6,"language":"ENG","playtime":325,"items_purged":[],"score":72,"play_id":"3d8c100d-5475-4709-bc64-81d3265622de","local_time":"20210124162311","is_ascension_mode":true,"campfire_choices":[{"data":"FastForward","floor":4,"key":"SMITH"}],"circlet_count":0,"master_deck":["AscendersBane","Strike_S","Strike_S","Strike_S","Strike_S","Defend_S","Defend_S","Defend_S","Defend_S","KidneyShot","Exchange","stsjorbsmod:Amnesia","Poisoned Strike","StarChef","Regret","FastForward+1","Replace"],"relics":["Uniform","jedi:arcanewood"],"acts_visited":["Exordium"],"potions_floor_usage":[6],"damage_taken":[{"damage":6,"enemies":"2 Louse","floor":1,"turns":3},{"damage":22,"enemies":"Jaw Worm","floor":3,"turns":6},{"damage":12,"enemies":"Cultist","floor":5,"turns":5},{"damage":14,"enemies":"3 Sentries","floor":6,"turns":2}],"seed_played":"6145517357046929670","potions_obtained":[{"floor":5,"key":"Venom Potion"}],"is_trial":false,"path_per_floor":["M","?","M","R","M","E"],"character_chosen":"THE_SERVANT","items_purchased":[],"campfire_rested":0,"item_purchase_floors":[],"current_hp_per_floor":[48,48,26,26,14,0,0],"gold":146,"neow_bonus":"RANDOM_COLORLESS_2","is_daily":false,"chose_seed":false,"campfire_upgraded":1,"win_rate":0.0,"timestamp":1611465791,"path_taken":["M","?","?","?","M","E"],"items_purchased_type":[],"build_version":"2020-12-22","purchased_purges":0,"victory":false,"max_hp_per_floor":[60,60,60,60,60,60,60],"card_choices":[{"not_picked":["Master of Strategy","Mayhem"],"picked":"Poisoned Strike","floor":0},{"not_picked":["TimeWarp","Ricochet"],"picked":"StarChef","floor":1},{"not_picked":["Revamp","TimeWarp"],"picked":"FastForward","floor":3},{"not_picked":["Rewind","Ricochet"],"picked":"Replace","floor":5}],"player_experience":680452,"relics_obtained":[],"event_choices":[{"damage_healed":0,"gold_gain":0,"player_choice":"Box","damage_taken":0,"relics_obtained":["jedi:arcanewood"],"max_hp_gain":0,"max_hp_loss":0,"event_name":"Big Fish","floor":2,"gold_loss":0,"cards_obtained":["Regret"]}],"is_beta":false,"boss_relics":[],"items_purged_floors":[],"is_endless":false,"potions_floor_spawned":[5],"killed_by":"3 Sentries","ascension_level":20}}