{"host":"up2ld7cwom0c6tq3","time":1611479325,"event":{"mods":["Act Like it!","BaseMod","Conspire","Downfall","Gensokyo","Minty Spire (QoL Compilation)","StSLib","The Blackbeard","The Mystic","The Servant 0.9.4","Yuyuko"],"gold_per_floor":[99,116,128,128,128,159,240,260,260,170,170,195,210,210,225,327,327,327,327,327,327,47,47,98,131,131,148,181,198,198,198,208,305,305,317,348,373,402,431,477,489,501,513,513,513],"floor_reached":43,"language":"ZHS","playtime":5906,"items_purged":["Slimebound:Strike_Slimebound","Slimebound:Defend_Slimebound"],"score":654,"play_id":"ca5349c5-e077-406e-8f59-640d4e008e74","local_time":"20210124170844","is_ascension_mode":false,"campfire_choices":[{"data":"Slimebound:Split","floor":1,"key":"SMITH"},{"data":"Slimebound:CorrosiveSpit","floor":11,"key":"SMITH"},{"data":"Slimebound:LeechEnergy","floor":18,"key":"SMITH"},{"data":"Slimebound:SamplingLick","floor":23,"key":"SMITH"},{"data":"Slimebound:TongueLash","floor":26,"key":"SMITH"},{"data":"Slimebound:MassFeed","floor":30,"key":"SMITH"},{"data":"Bite","floor":35,"key":"PURGE"}],"circlet_count":0,"master_deck":["Slimebound:Defend_Slimebound","Slimebound:Defend_Slimebound","Slimebound:Defend_Slimebound","Slimebound:Split+1","Slimebound:CorrosiveSpit+1","Slimebound:Gluttony","Slimebound:Equalize","Slimebound:LeechEnergy+1","Slimebound:SamplingLick+1","Clumsy","Slimebound:RainOfGoop","Slimebound:SplitMire+1","Slimebound:GoopSpray+1","Slimebound:SplitMire+1","Slimebound:PrepareCrush+1","Pride","Bite","Bite","Bite+1","Bite+1","downfall:Bewildered","Slimebound:Dissolve+1","Slimebound:FirmFortitude+1","Madness+1","Slimebound:TongueLash+1","Slimebound:Schlurp+1","Slimebound:MassFeed+1","Slimebound:HauntingLick+1","Slimebound:CheckThePlaybook+1","downfall:Icky","Slimebound:Equalize+1","Slimebound:MinionMaster+1","CurseOfTheBell","Slimebound:HauntingLick+1","Slimebound:RejuvenatingLick+1","Slimebound:PrepareCrush+1"],"relics":["Slimebound:AbsorbEndCombatUpgraded","NeowsBlessing","Toy Ornithopter","Du-Vu Doll","Mercury Hourglass","Gensokyo:NagashiBinaDoll","Toxic Egg 2","Happy Flower","Bronze Scales","sneckomod:BabySnecko","PreservedInsect","Anchor","Frozen Egg 2","Calling Bell","MawBank","Ornamental Fan","Peace Pipe","Whetstone","Slimebound:MaxSlimesRelic"],"acts_visited":["Gensokyo:Gensokyo","TheCity","TheBeyond"],"potions_floor_usage":[],"damage_taken":[{"damage":0,"enemies":"Gensokyo:Python","floor":2,"turns":1},{"damage":0,"enemies":"Gensokyo:3_Fairies","floor":3,"turns":2},{"damage":0,"enemies":"Gensokyo:Cirno","floor":6,"turns":2},{"damage":7,"enemies":"Gensokyo:Gryphon","floor":8,"turns":4},{"damage":1,"enemies":"downfall:FleeingMerchant","floor":10,"turns":4},{"damage":5,"enemies":"Gensokyo:Aya","floor":12,"turns":4},{"damage":7,"enemies":"Gensokyo:3_Kodama","floor":13,"turns":3},{"damage":0,"enemies":"Gensokyo:CorruptedTreant","floor":15,"turns":3},{"damage":33,"enemies":"DF_ARCHETYPE_STREAMLINE","floor":16,"turns":8},{"damage":15,"enemies":"downfall:FleeingMerchant","floor":22,"turns":4},{"damage":43,"enemies":"Slavers","floor":25,"turns":3},{"damage":0,"enemies":"Chosen","floor":27,"turns":3},{"damage":27,"enemies":"Gremlin Leader","floor":28,"turns":4},{"damage":5,"enemies":"3 Byrds","floor":29,"turns":2},{"damage":18,"enemies":"conspire:HollyBat","floor":32,"turns":7},{"damage":44,"enemies":"WA_ARCHETYPE_CALM","floor":33,"turns":7},{"damage":0,"enemies":"3 Shapes","floor":36,"turns":4},{"damage":21,"enemies":"3 Darklings","floor":37,"turns":3},{"damage":22,"enemies":"Spire Growth","floor":38,"turns":4},{"damage":29,"enemies":"Sphere and 2 Shapes","floor":39,"turns":4},{"damage":24,"enemies":"Nemesis","floor":40,"turns":3},{"damage":28,"enemies":"Jaw Worm Horde","floor":43,"turns":1}],"seed_played":"-6987451803969683828","potions_obtained":[{"floor":3,"key":"SteroidPotion"},{"floor":6,"key":"Swift Potion"},{"floor":13,"key":"DuplicationPotion"},{"floor":16,"key":"Fire Potion"},{"floor":33,"key":"DuplicationPotion"}],"is_trial":false,"path_per_floor":["R","M","M","?","?","E","T","M","?","$","R","E","M","?","M","B",null,"R","?","?","?","$","R","T","E","R","M","E","M","R","?","M","B",null,"R","M","M","M","M","E","T","?","M"],"character_chosen":"SLIMEBOUND","items_purchased":["Slimebound:FirmFortitude+1","Madness+1"],"campfire_rested":0,"item_purchase_floors":[22,22],"current_hp_per_floor":[65,65,65,71,57,59,59,64,64,71,71,69,68,68,71,42,71,71,71,49,49,39,39,39,17,17,29,19,24,24,24,37,28,52,52,52,37,43,28,22,22,22,0,0,0],"gold":513,"neow_bonus":"THREE_ENEMY_KILL","is_daily":false,"chose_seed":false,"campfire_upgraded":6,"win_rate":0.0,"timestamp":1611479324,"path_taken":["R","M","M","?","?","E","T","?","?","$","R","E","?","?","M","BOSS","R","?","?","?","?","R","T","E","R","M","E","?","R","?","M","BOSS","R","M","M","M","M","E","T","?","M"],"items_purchased_type":["Card","Card"],"build_version":"2020-12-22","purchased_purges":2,"victory":false,"max_hp_per_floor":[65,65,65,71,71,71,71,71,71,71,71,71,71,71,71,71,71,71,71,49,49,49,49,49,49,49,49,49,52,52,52,52,52,52,52,52,52,56,56,56,56,56,56,56,56],"card_choices":[{"not_picked":["Slimebound:Prepare","Slimebound:SlimeTap"],"picked":"Slimebound:Gluttony","floor":2},{"not_picked":["Slimebound:LeechingTouch","Slimebound:SlimeBarrage"],"picked":"Slimebound:Equalize","floor":3},{"not_picked":["Slimebound:ProtectTheBoss","Slimebound:GoopTackle"],"picked":"Slimebound:LeechEnergy","floor":6},{"not_picked":["Slimebound:PressTheAttack","Slimebound:ItLooksTasty"],"picked":"Slimebound:SamplingLick","floor":8},{"not_picked":["Slimebound:GoopSpray","Slimebound:ForwardTackle"],"picked":"Slimebound:RainOfGoop","floor":10},{"not_picked":["Slimebound:SplitAcid+1","Slimebound:LeechLife"],"picked":"Slimebound:SplitMire+1","floor":12},{"not_picked":["Slimebound:ComboTackle","Slimebound:LeechingTouch"],"picked":"Slimebound:GoopSpray+1","floor":13},{"not_picked":["Slimebound:Prepare+1","Slimebound:LeechingTouch"],"picked":"Slimebound:SplitMire+1","floor":15},{"not_picked":["Slimebound:Teamwork+1","Slimebound:LeechLife"],"picked":"Slimebound:PrepareCrush+1","floor":16},{"not_picked":["Slimebound:SlimeBarrage","Slimebound:LeadByExample"],"picked":"Slimebound:Dissolve+1","floor":22},{"not_picked":["Slimebound:GrowthPunch","Slimebound:Grow"],"picked":"Slimebound:TongueLash","floor":25},{"not_picked":["Slimebound:SlimeSpikes+1","Slimebound:GoopSpray+1"],"picked":"Slimebound:Schlurp+1","floor":27},{"not_picked":["Slimebound:RollThrough+1","Slimebound:ComboTackle"],"picked":"Slimebound:MassFeed","floor":28},{"not_picked":["Slimebound:ViciousTackle+1","Slimebound:LivingWall+1"],"picked":"Slimebound:HauntingLick+1","floor":29},{"not_picked":["Slimebound:LeechEnergy+1","Slimebound:ComboTackle"],"picked":"Slimebound:Equalize+1","floor":32},{"not_picked":["Slimebound:FirmFortitude+1","Slimebound:SelfFormingGoo+1"],"picked":"Slimebound:MinionMaster+1","floor":33},{"not_picked":["Slimebound:LeechingTouch+1","Slimebound:ViciousTackle","Slimebound:RollThrough"],"picked":"SKIP","floor":36},{"not_picked":["Slimebound:LeechingTouch","Slimebound:FlameTackle+1","Slimebound:LeechEnergy+1"],"picked":"SKIP","floor":37},{"not_picked":["Slimebound:RollThrough+1","Slimebound:RainOfGoop+1"],"picked":"Slimebound:HauntingLick+1","floor":38},{"not_picked":["Slimebound:PressTheAttack","Slimebound:SamplingLick+1"],"picked":"Slimebound:RejuvenatingLick+1","floor":39},{"not_picked":["Slimebound:SplitAcid+1","Slimebound:MegaLick+1"],"picked":"Slimebound:PrepareCrush+1","floor":40}],"player_experience":44242,"relics_obtained":[{"floor":6,"key":"Du-Vu Doll"},{"floor":7,"key":"Mercury Hourglass"},{"floor":12,"key":"Toxic Egg 2"},{"floor":24,"key":"PreservedInsect"},{"floor":25,"key":"Anchor"},{"floor":28,"key":"Frozen Egg 2"},{"floor":34,"key":"MawBank"},{"floor":34,"key":"Ornamental Fan"},{"floor":34,"key":"Peace Pipe"},{"floor":40,"key":"Whetstone"},{"floor":41,"key":"Slimebound:MaxSlimesRelic"}],"event_choices":[{"damage_healed":0,"gold_gain":0,"player_choice":"Stole Relic","damage_taken":0,"relics_obtained":["Bronze Scales"],"max_hp_gain":0,"max_hp_loss":0,"event_name":"Addict","floor":19,"gold_loss":0,"cards_obtained":["Pride"]},{"damage_healed":0,"gold_gain":0,"player_choice":"Became a vampire","damage_taken":0,"max_hp_gain":0,"max_hp_loss":22,"event_name":"Vampires","floor":20,"gold_loss":0,"cards_obtained":["Bite","Bite","Bite","Bite","Bite"]},{"damage_healed":0,"gold_gain":0,"player_choice":"Leave","damage_taken":0,"max_hp_gain":0,"max_hp_loss":0,"event_name":"conspire:Investor","floor":42,"gold_loss":0}],"is_beta":false,"boss_relics":[{"not_picked":["conspire:RoyalGoblet","conspire:RunicOctahedron"],"picked":"Slimebound:AbsorbEndCombatUpgraded"},{"not_picked":["Runic Dome","Velvet Choker"],"picked":"Calling Bell"}],"items_purged_floors":[10,22],"is_endless":false,"potions_floor_spawned":[3,6,13,16,28,29,33,39,40],"killed_by":"Jaw Worm Horde","ascension_level":0}}