{"host":"8inpc3yxphy2r27y","time":1611499071,"event":{"mods":["100% Spire Juice","ATMod(阿瑾Mod)","Aspiration","Bard","BaseMod","Better Synergies","Better Vampires","Challenge The Spire","Conspire","Downfall","Energized Spire","FutureSeer","Gremlin Mod","GungeonMod","Highlight Path","KinomotoSakuraMod(木之本樱)","Lobotomy","LobotomyExtend","Minty Spire (QoL Compilation)","Quick Restart","READ ME - Guardian Mod","Relic Stats","Replay The Spire","RumiaBox-露米娅的神秘盒子","Ryuuou龙王","SIMod","Shop Mod","Spicy Shops","StSLib","TestMod","The Construct","The Cursed","The Gatherer","The Hierophant","The Poker Player","UnlockEverythingMod","Waifu the Spire","[IsaacMod]以撒尖塔","[JumpMod]舞动尖塔","noobMod","vexMod","【遗物卡牌】REMEMod","残留之物","篝火指南"],"gold_per_floor":[110,158,175,350,362,397,409,439,439,450,460,460,475,528,42,137,137,148,164,259,279,295,132,83,443,443],"floor_reached":25,"language":"ZHS","playtime":4378,"items_purged":["Moonworks:AngelHand"],"score":373,"play_id":"798a1187-b55a-46ca-b575-2923855103c3","local_time":"20210124223751","is_ascension_mode":false,"campfire_choices":[{"floor":12.0,"key":"RECALL"}],"circlet_count":0,"master_deck":["SakuraCardTheLight+","SakuraCardTheShield+","SakuraCardTheDream+","ClowCardTheSword","ClowCardTheSword","ClowCardTheSword","ClowCardTheShield","ClowCardTheShield","ClowCardTheShield","SpellCardSeal","SpellCardRelease","AT_FamilyPortrait","ClowCardTheFloat","ClowCardTheSweet","ClowCardTheDream","ClowCardTheSleep","ClowCardTheJump","ClowCardTheMove","ClowCardTheVoice","ClowCardTheDream","ClowCardTheFreeze","ClowCardTheLittle","ClowCardTheRain","ClowCardTheErase","ClowCardTheLoop","ClowCardTheMirror","ClowCardTheSleep","ClowCardTheArrow","ClowCardTheEarthy","ClowCardTheCloud"],"relics":["KSMOD_SealedBook","KSMOD_SealedWand","HushsDoor","REME_ComplimentaryCards","testmod-TestBox","AT_ATBox","HowToJump","ice","GuppysHead","testmod-D_4","DemoMod:Dog","LetterFromLob","Baka2","MealTicket","PunchingBag","LastBattle","REME_HandOfSuture","REME_HourglassOfDeath","MerchantsRug","DemoMod:GnawedKey","testmod-Faith","vexMod:DeviousBotling","MomsKnife","TuHaoJin","ReplayTheSpireMod:Lightbulb","aspiration:HiddenCompartment","Chaos","DemoMod:Bottle"],"acts_visited":["Exordium","TheCity"],"potions_floor_usage":[],"damage_taken":[{"damage":9.0,"enemies":"Jaw Worm","floor":1.0,"turns":4.0},{"damage":5.0,"enemies":"conspire:RoseBush","floor":2.0,"turns":3.0},{"damage":0.0,"enemies":"Cultist","floor":3.0,"turns":2.0},{"damage":3.0,"enemies":"2 Fungi Beasts","floor":5.0,"turns":4.0},{"damage":14.0,"enemies":"Gremlin Nob","floor":6.0,"turns":3.0},{"damage":0.0,"enemies":"Gremlin Gang","floor":7.0,"turns":7.0},{"damage":10.0,"enemies":"Lagavulin","floor":8.0,"turns":15.0},{"damage":2.0,"enemies":"Lots of Slimes","floor":10.0,"turns":19.0},{"damage":16.0,"enemies":"3 Louse","floor":11.0,"turns":4.0},{"damage":8.0,"enemies":"Gremlin Gang","floor":13.0,"turns":3.0},{"damage":0.0,"enemies":"Lots of Slimes","floor":14.0,"turns":3.0},{"damage":20.0,"enemies":"The Guardian","floor":16.0,"turns":9.0},{"damage":0,"enemies":"2 Thieves","floor":18,"turns":6},{"damage":14,"enemies":"3 Byrds","floor":19,"turns":3},{"damage":5,"enemies":"Hiden Room Battle","floor":20,"turns":4},{"damage":21,"enemies":"Snake Plant","floor":21,"turns":3},{"damage":9,"enemies":"Cultist and Chosen","floor":22,"turns":2},{"damage":109,"enemies":"conspire:HollyBat","floor":24,"turns":7}],"seed_played":"8541925441038070414","potions_obtained":[{"floor":2.0,"key":"SpeedPotion"},{"floor":3.0,"key":"Regen Potion"},{"floor":3.0,"key":"BlessingOfTheForge"},{"floor":10.0,"key":"DemoMod:LeadSkinPotion"},{"floor":18,"key":"Energy Potion"}],"is_trial":false,"path_per_floor":["M","M","M","?","M","E","M","E","T","M","M","R","M","M","R","B",null,"M","M","?","M","M","R","M","?"],"character_chosen":"KINOMOTOSAKURA","items_purchased":["MerchantsRug","DemoMod:GnawedKey","construct:FoamFinger","testmod-Faith","MomsKnife","aspiration:HiddenCompartment","Chaos"],"campfire_rested":0,"item_purchase_floors":[15,15,15,15,17,23,23],"current_hp_per_floor":[61,56,56,56,63,41,48,58,58,58,42,42,25,25,25,35,48,54,40,30,54,45,45,36,0,0],"gold":443,"neow_bonus":"NOSTALGIA","is_daily":false,"chose_seed":false,"campfire_upgraded":0,"win_rate":0.0,"timestamp":1611499071,"path_taken":["M","M","M","?","M","E","M","E","T","M","M","R","M","?","R","BOSS","M","M","?","M","M","R","M","?"],"items_purchased_type":["Relic","Relic","Relic","Relic","Relic","Relic","Card"],"build_version":"2020-12-22","purchased_purges":1,"victory":false,"max_hp_per_floor":[70,70,70,70,70,78,78,78,78,78,78,78,86,86,86,80,48,54,54,54,54,56,56,59,59,59],"relic_stats":{"counters":[18,99],"MealTicket":0,"obtain_stats":[{"Chaos":23,"AT_ATBox":0,"construct:FoamFinger":15,"DemoMod:GlassGuonStoneRelic":2,"ice":0,"MomsKnife":17,"Baka2":2,"MealTicket":6,"KSMOD_SealedWand":0,"vexMod:DeviousBotling":17,"TuHaoJin":20,"DemoMod:GnawedKey":15,"KeepersGift":0,"MerchantsRug":15,"testmod-TestBox":0,"PunchingBag":8,"HowToJump":0,"DemoMod:Dog":0,"KSMOD_SealedBook":0,"aspiration:Nostalgia":0,"Baka":1,"LastBattle":11,"aspiration:HiddenCompartment":23,"conspire:GiftBox":2,"testmod-D_4":0,"REME_HourglassOfDeath":13,"REME_HandOfSuture":13,"LetterFromLob":1,"testmod-Faith":15,"GuppysHead":0,"HushsDoor":0,"ReplayTheSpireMod:Lightbulb":20,"DemoMod:Bottle":24,"REME_ComplimentaryCards":0},{"Chaos":17,"AT_ATBox":0,"construct:FoamFinger":11,"DemoMod:GlassGuonStoneRelic":2,"ice":0,"MomsKnife":12,"Baka2":2,"MealTicket":5,"KSMOD_SealedWand":0,"vexMod:DeviousBotling":12,"TuHaoJin":15,"DemoMod:GnawedKey":11,"KeepersGift":0,"MerchantsRug":11,"testmod-TestBox":0,"PunchingBag":7,"HowToJump":0,"DemoMod:Dog":0,"KSMOD_SealedBook":0,"aspiration:Nostalgia":0,"Baka":1,"LastBattle":9,"aspiration:HiddenCompartment":17,"conspire:GiftBox":2,"testmod-D_4":0,"REME_HourglassOfDeath":10,"REME_HandOfSuture":10,"LetterFromLob":1,"testmod-Faith":11,"GuppysHead":0,"HushsDoor":0,"ReplayTheSpireMod:Lightbulb":15,"DemoMod:Bottle":18,"REME_ComplimentaryCards":0},{"Chaos":92,"AT_ATBox":0,"construct:FoamFinger":66,"DemoMod:GlassGuonStoneRelic":7,"ice":0,"MomsKnife":75,"Baka2":7,"MealTicket":16,"KSMOD_SealedWand":0,"vexMod:DeviousBotling":75,"TuHaoJin":87,"DemoMod:GnawedKey":66,"KeepersGift":0,"MerchantsRug":66,"testmod-TestBox":0,"PunchingBag":38,"HowToJump":0,"DemoMod:Dog":0,"KSMOD_SealedBook":0,"aspiration:Nostalgia":0,"Baka":4,"LastBattle":61,"aspiration:HiddenCompartment":92,"conspire:GiftBox":7,"testmod-D_4":0,"REME_HourglassOfDeath":64,"REME_HandOfSuture":64,"LetterFromLob":4,"testmod-Faith":66,"GuppysHead":0,"HushsDoor":0,"ReplayTheSpireMod:Lightbulb":87,"DemoMod:Bottle":99,"REME_ComplimentaryCards":0}]},"card_choices":[{"not_picked":[],"picked":"ChaosCard","floor":0.0},{"not_picked":["ClowCardTheShot","ClowCardTheSand"],"picked":"ClowCardTheFloat","floor":1.0},{"not_picked":["ClowCardTheThrough","ClowCardTheDash"],"picked":"ClowCardTheCreate","floor":2.0},{"not_picked":["ClowCardTheSong","ClowCardTheFly"],"picked":"ClowCardTheSweet","floor":2.0},{"not_picked":["ClowCardTheSweet","ClowCardTheShadow"],"picked":"ClowCardTheDream","floor":3.0},{"not_picked":["ClowCardTheShot","ClowCardTheThrough"],"picked":"ClowCardTheSleep","floor":5.0},{"not_picked":["ClowCardTheErase","ClowCardTheSilent"],"picked":"ClowCardTheJump","floor":6.0},{"not_picked":["ClowCardTheSilent","ClowCardThePower"],"picked":"ClowCardTheMove","floor":7.0},{"not_picked":["ClowCardTheFirey","ClowCardTheRain"],"picked":"ClowCardTheVoice","floor":8.0},{"not_picked":["ClowCardThePower","ClowCardTheErase"],"picked":"ClowCardTheDream","floor":10.0},{"not_picked":["ClowCardTheSilent","ClowCardTheShot"],"picked":"ClowCardTheFreeze","floor":11.0},{"not_picked":["ClowCardTheErase","ClowCardTheVoice"],"picked":"ClowCardTheLittle","floor":13.0},{"not_picked":["ClowCardTheDream","ClowCardTheLittle"],"picked":"ClowCardTheRain","floor":14.0},{"not_picked":["ClowCardTheTime","ClowCardTheThrough"],"picked":"ClowCardTheCreate","floor":16.0},{"not_picked":["ClowCardTheThrough","ClowCardTheFight"],"picked":"ClowCardTheLight","floor":16.0},{"not_picked":["ClowCardTheWindy","ClowCardTheFirey"],"picked":"ClowCardTheErase","floor":18},{"not_picked":["ClowCardTheSnow","ClowCardTheWave"],"picked":"ClowCardTheLoop","floor":19},{"not_picked":["ClowCardTheMist","ClowCardTheMaze"],"picked":"ClowCardTheMirror","floor":20},{"not_picked":["ClowCardTheCloud","ClowCardTheChange"],"picked":"ClowCardTheSleep","floor":21},{"not_picked":["ClowCardThePower","ClowCardTheFreeze"],"picked":"ClowCardTheArrow","floor":21},{"not_picked":["ClowCardTheErase","ClowCardTheSand+1"],"picked":"ClowCardTheEarthy","floor":22},{"not_picked":["ClowCardTheWindy","ClowCardTheShadow"],"picked":"ClowCardTheCloud","floor":24}],"player_experience":77766,"relics_obtained":[{"floor":1.0,"key":"Baka"},{"floor":1.0,"key":"LetterFromLob"},{"floor":2.0,"key":"Baka2"},{"floor":2.0,"key":"conspire:GiftBox"},{"floor":6.0,"key":"MealTicket"},{"floor":8.0,"key":"PunchingBag"},{"floor":11.0,"key":"LastBattle"},{"floor":13.0,"key":"REME_HandOfSuture"},{"floor":13.0,"key":"REME_HourglassOfDeath"},{"floor":20,"key":"TuHaoJin"},{"floor":20,"key":"ReplayTheSpireMod:Lightbulb"},{"floor":24,"key":"DemoMod:Bottle"}],"event_choices":[{"damage_healed":0.0,"max_hp_gain":0.0,"max_hp_loss":0.0,"gold_gain":175.0,"event_name":"Liars Game","player_choice":"AGREE","floor":4.0,"gold_loss":0.0,"damage_taken":0.0,"cards_obtained":["Doubt"]},{"damage_healed":0,"gold_gain":0,"player_choice":"Fight","damage_taken":0,"max_hp_gain":0,"max_hp_loss":0,"event_name":"HidenRoomEvent","floor":20,"gold_loss":0}],"is_beta":false,"boss_relics":[{"not_picked":["aspiration:PoetsPen_weak","vexMod:NewClearReactor"],"picked":"vexMod:DeviousBotling"},{"not_picked":[]}],"items_purged_floors":[15],"is_endless":false,"potions_floor_spawned":[2,3,3,10,11,18,21,22],"ascension_level":0}}