{"host":"a5lz0e76zb3fcwkm","time":1611495384,"event":{"mods":["AchievementEnabler","BaseMod","Colored Map","Colored Powertips","Minty Spire (QoL Compilation)","StSLib","SuperFastMode"],"gold_per_floor":[115,40,40,107,157,186,186,386,386,5,34,84,134,148,148,224,224,238,138,188,113,182,211,211,242,242,292,342,369,429,440,440,512,512,529,604,654,504,554,291,91,156,156,217,231,257,257,270,270,270,270,270,270,45,71,71],"floor_reached":57,"language":"KOR","playtime":1608,"items_purged":["Doubt","Defend_R","Strike_R","Anger","Hemokinesis","Strike_R+1","Rupture+1"],"score":3088,"play_id":"5e6eed8a-e021-4547-9e96-32f03056e396","local_time":"20210124223624","is_ascension_mode":true,"campfire_choices":[{"data":"Armaments","floor":7.0,"key":"SMITH"},{"data":"Rupture","floor":15.0,"key":"SMITH"},{"data":"1","floor":24.0,"key":"LIFT"},{"floor":32.0,"key":"REST"},{"floor":47,"key":"RECALL"},{"data":"2","floor":49,"key":"LIFT"},{"data":"3","floor":53,"key":"LIFT"}],"circlet_count":0,"master_deck":["AscendersBane","Defend_R","Defend_R","Defend_R","Bash+1","Armaments+1","Pommel Strike+1","Shrug It Off","Second Wind","Havoc+1","Fiend Fire","Burning Pact+1","Battle Trance+1","Burning Pact+1"],"relics":["Burning Blood","NeowsBlessing","SsserpentHead","Meat on the Bone","Du-Vu Doll","White Beast Statue","PreservedInsect","Fusion Hammer","Girya","HornCleat","Sundial","Toxic Egg 2","Busted Crown","WingedGreaves","Frozen Egg 2","Gremlin Horn","Champion Belt","Bronze Scales"],"acts_visited":["Exordium","TheCity","TheBeyond","TheEnding"],"potions_floor_usage":[46,56,56],"damage_taken":[{"damage":0.0,"enemies":"Jaw Worm","floor":1.0,"turns":1.0},{"damage":0.0,"enemies":"Cultist","floor":4.0,"turns":1.0},{"damage":0.0,"enemies":"Gremlin Nob","floor":6.0,"turns":1.0},{"damage":21.0,"enemies":"3 Sentries","floor":11.0,"turns":7.0},{"damage":0.0,"enemies":"Small Slimes","floor":14.0,"turns":2.0},{"damage":48.0,"enemies":"Hexaghost","floor":16.0,"turns":6.0},{"damage":24.0,"enemies":"Shell Parasite","floor":18.0,"turns":3.0},{"damage":10.0,"enemies":"Spheric Guardian","floor":22.0,"turns":4.0},{"damage":29.0,"enemies":"Gremlin Leader","floor":23.0,"turns":5.0},{"damage":27.0,"enemies":"Book of Stabbing","floor":25.0,"turns":4.0},{"damage":21.0,"enemies":"Gremlin Leader","floor":29.0,"turns":5.0},{"damage":2.0,"enemies":"Snake Plant","floor":30.0,"turns":4.0},{"damage":16.0,"enemies":"Centurion and Healer","floor":31.0,"turns":4.0},{"damage":2.0,"enemies":"Collector","floor":33.0,"turns":4.0},{"damage":39.0,"enemies":"3 Shapes","floor":35.0,"turns":7.0},{"damage":6.0,"enemies":"Mind Bloom Boss Battle","floor":36.0,"turns":4.0},{"damage":0.0,"enemies":"3 Darklings","floor":42.0,"turns":2.0},{"damage":0.0,"enemies":"Spire Growth","floor":44.0,"turns":2.0},{"damage":0.0,"enemies":"Maw","floor":45.0,"turns":2.0},{"damage":0,"enemies":"Reptomancer","floor":46,"turns":2},{"damage":5,"enemies":"Jaw Worm Horde","floor":48,"turns":2},{"damage":16,"enemies":"Donu and Deca","floor":50,"turns":2},{"damage":0,"enemies":"Awakened One","floor":51,"turns":3},{"damage":0,"enemies":"Shield and Spear","floor":55,"turns":2},{"damage":46,"enemies":"The Heart","floor":56,"turns":6}],"seed_played":"3026185899380125138","potions_obtained":[{"floor":4.0,"key":"Regen Potion"},{"floor":11.0,"key":"SpeedPotion"},{"floor":14.0,"key":"FearPotion"},{"floor":16.0,"key":"EssenceOfSteel"},{"floor":18.0,"key":"Dexterity Potion"},{"floor":22.0,"key":"SpeedPotion"},{"floor":23.0,"key":"GamblersBrew"},{"floor":30.0,"key":"SmokeBomb"},{"floor":31.0,"key":"CultistPotion"},{"floor":33.0,"key":"ColorlessPotion"},{"floor":35.0,"key":"Fire Potion"},{"floor":36.0,"key":"LiquidBronze"},{"floor":46,"key":"GamblersBrew"},{"floor":48,"key":"BloodPotion"}],"is_trial":false,"path_per_floor":["M","?","?","M","?","E","R","?","T","$","E","$","?","M","R","B",null,"M","$","?","$","M","E","R","E","T","T","?","E","M","M","R","B",null,"M","?","T","$","?","$","$","M","T","M","M","E","R","M","R","B","B",null,"R","$","E","B",null],"character_chosen":"IRONCLAD","items_purchased":["White Beast Statue","Hemokinesis","Burning Pact+1"],"campfire_rested":1,"item_purchase_floors":[10,10,40],"current_hp_per_floor":[74,74,74,75,52,58,58,58,58,58,55,55,55,61,61,43,67,49,49,49,49,45,34,34,25,25,25,25,22,38,40,62,66,73,52,52,52,52,48,48,48,54,54,60,66,72,72,73,73,63,69,74,74,74,75,50],"gold":71,"neow_bonus":"THREE_ENEMY_KILL","is_daily":false,"chose_seed":false,"campfire_upgraded":2,"win_rate":0.0,"timestamp":1611495384,"path_taken":["M","?","?","?","?","E","R","?","T","$","E","?","?","M","R","BOSS","M","$","?","?","?","E","R","E","T","?","?","E","?","M","R","BOSS","M","?","?","$","?","$","$","?","T","?","M","E","R","M","R","BOSS","BOSS","R","$","E","BOSS"],"items_purchased_type":["Relic","Card","Card"],"build_version":"2020-12-22","purchased_purges":7,"victory":true,"max_hp_per_floor":[75,75,75,75,75,75,75,75,75,75,75,75,75,75,75,75,75,75,75,75,75,75,75,75,75,75,75,75,75,75,75,75,75,75,75,75,75,75,75,75,75,75,75,75,75,75,75,75,75,75,75,75,75,75,75,75],"card_choices":[{"not_picked":["Warcry","Perfected Strike","Headbutt"],"picked":"SKIP","floor":1.0},{"not_picked":["Bloodletting","Clash"],"picked":"Armaments","floor":4.0},{"not_picked":["Reaper","Flex"],"picked":"Pommel Strike","floor":6.0},{"not_picked":["Combust","Iron Wave"],"picked":"Shrug It Off","floor":11.0},{"not_picked":["Headbutt","True Grit"],"picked":"Rupture","floor":14.0},{"not_picked":["Rupture","Shrug It Off","Seeing Red"],"picked":"SKIP","floor":18.0},{"not_picked":["Thunderclap","Feel No Pain"],"picked":"Second Wind","floor":22.0},{"not_picked":["Fire Breathing","Heavy Blade","Perfected Strike"],"picked":"SKIP","floor":23.0},{"not_picked":["Havoc","Ghostly Armor","Wild Strike"],"picked":"SKIP","floor":25.0},{"not_picked":["Uppercut","Whirlwind","Flex+1"],"picked":"SKIP","floor":29.0},{"not_picked":["Havoc+1","Clash","Infernal Blade+1"],"picked":"SKIP","floor":30.0},{"not_picked":["Clash","Infernal Blade+1"],"picked":"Havoc+1","floor":30.0},{"not_picked":["Clothesline","Rupture","Heavy Blade"],"picked":"SKIP","floor":31.0},{"not_picked":["Limit Break+1","Barricade"],"picked":"Fiend Fire","floor":33.0},{"not_picked":["Shrug It Off+1"],"picked":"SKIP","floor":35.0},{"not_picked":["Anger+1"],"picked":"SKIP","floor":42.0},{"not_picked":["Spot Weakness+1"],"picked":"SKIP","floor":44.0},{"not_picked":["Perfected Strike"],"picked":"SKIP","floor":45.0},{"not_picked":[],"picked":"Battle Trance+1","floor":46},{"not_picked":["Pommel Strike"],"picked":"SKIP","floor":48},{"not_picked":[],"picked":"Burning Pact+1","floor":55}],"player_experience":1796313,"relics_obtained":[{"floor":6.0,"key":"Meat on the Bone"},{"floor":9.0,"key":"Du-Vu Doll"},{"floor":11.0,"key":"PreservedInsect"},{"floor":23.0,"key":"Girya"},{"floor":25.0,"key":"HornCleat"},{"floor":26.0,"key":"Sundial"},{"floor":29.0,"key":"Toxic Egg 2"},{"floor":36.0,"key":"WingedGreaves"},{"floor":37.0,"key":"Frozen Egg 2"},{"floor":43.0,"key":"Gremlin Horn"},{"floor":46,"key":"Champion Belt"},{"floor":55,"key":"Bronze Scales"}],"event_choices":[{"cards_removed":["Strike_R"],"damage_healed":0.0,"max_hp_gain":0.0,"max_hp_loss":0.0,"gold_gain":0.0,"event_name":"The Cleric","player_choice":"Card Removal","floor":2.0,"gold_loss":75.0,"damage_taken":0.0},{"damage_healed":0.0,"max_hp_gain":0.0,"max_hp_loss":0.0,"gold_gain":0.0,"event_name":"FaceTrader","player_choice":"Trade","floor":3.0,"gold_loss":0.0,"damage_taken":0.0,"relics_obtained":["SsserpentHead"]},{"damage_healed":0.0,"max_hp_gain":0.0,"max_hp_loss":0.0,"gold_gain":0.0,"event_name":"Shining Light","player_choice":"Entered Light","floor":5.0,"gold_loss":0.0,"damage_taken":23.0,"cards_upgraded":["Bash","Strike_R"]},{"damage_healed":0.0,"max_hp_gain":0.0,"max_hp_loss":0.0,"gold_gain":150.0,"event_name":"Liars Game","player_choice":"AGREE","floor":8.0,"gold_loss":0.0,"damage_taken":0.0,"cards_obtained":["Doubt"]},{"damage_healed":0.0,"max_hp_gain":0.0,"max_hp_loss":0.0,"gold_gain":0.0,"cards_transformed":["Strike_R"],"event_name":"Living Wall","player_choice":"Change","floor":13.0,"gold_loss":0.0,"damage_taken":0.0,"cards_obtained":["Anger"]},{"cards_removed":["Strike_R"],"damage_healed":0.0,"max_hp_gain":0.0,"max_hp_loss":0.0,"gold_gain":0.0,"event_name":"Purifier","player_choice":"Purged","floor":20.0,"gold_loss":0.0,"damage_taken":0.0},{"damage_healed":0.0,"max_hp_gain":0.0,"max_hp_loss":0.0,"gold_gain":0.0,"event_name":"Accursed Blacksmith","player_choice":"Forge","floor":28.0,"gold_loss":0.0,"damage_taken":0.0,"cards_upgraded":["Pommel Strike"]},{"damage_healed":0.0,"max_hp_gain":0.0,"max_hp_loss":0.0,"gold_gain":0.0,"event_name":"MindBloom","player_choice":"Fight","floor":36.0,"gold_loss":0.0,"damage_taken":0.0},{"damage_healed":0.0,"max_hp_gain":0.0,"max_hp_loss":0.0,"gold_gain":0.0,"event_name":"The Woman in Blue","player_choice":"Bought 0 Potions","floor":39.0,"gold_loss":0.0,"damage_taken":0.0}],"is_beta":false,"boss_relics":[{"not_picked":["Velvet Choker","Ectoplasm"],"picked":"Fusion Hammer"},{"not_picked":["Sozu","Philosopher\u0027s Stone"],"picked":"Busted Crown"}],"items_purged_floors":[10,19,21,38,40,41,54],"is_endless":false,"potions_floor_spawned":[4,11,14,16,18,22,23,25,29,30,31,33,35,36,42,44,45,46,48,55],"ascension_level":20}}