{"host":"j4g6ia6asvpyu2b0","time":1611524538,"event":{"mods":["BaseMod","Colored Map","Minty Spire (QoL Compilation)","Permanent Neow","Quick Restart","Relic Stats","StSLib","Unceasing Turn Reminder"],"gold_per_floor":[13,13,13,13,32,70,70,109,164,164,164],"floor_reached":10,"language":"ENG","playtime":226,"items_purged":[],"score":144,"play_id":"f8339bb9-0811-4f90-a90a-3d8f6263cf54","local_time":"20210124144218","is_ascension_mode":true,"campfire_choices":[],"circlet_count":0,"master_deck":["AscendersBane","Strike_R+1","Strike_R+1","Strike_R","Strike_R","Strike_R","Defend_R","Defend_R","Defend_R","Defend_R","Bash","Metamorphosis+1","Anger","Inflame","Ghostly Armor","Limit Break"],"relics":["Burning Blood","Golden Idol","Bronze Scales","Gremlin Horn","CeramicFish"],"acts_visited":["Exordium"],"potions_floor_usage":[],"damage_taken":[{"damage":6,"enemies":"2 Louse","floor":1,"turns":4},{"damage":2,"enemies":"Small Slimes","floor":5,"turns":3},{"damage":25,"enemies":"Lagavulin","floor":6,"turns":6},{"damage":34,"enemies":"Gremlin Nob","floor":8,"turns":4},{"damage":15,"enemies":"Lagavulin","floor":10,"turns":4}],"seed_played":"1481665743426069330","potions_obtained":[{"floor":6,"key":"EssenceOfSteel"},{"floor":8,"key":"BlessingOfTheForge"}],"is_trial":false,"path_per_floor":["M","?","?","?","M","E","?","E","T","E"],"character_chosen":"IRONCLAD","items_purchased":[],"campfire_rested":0,"item_purchase_floors":[],"current_hp_per_floor":[68,68,73,51,55,36,36,8,8,0,0],"gold":164,"neow_bonus":"RANDOM_COLORLESS_2","is_daily":false,"chose_seed":false,"campfire_upgraded":0,"win_rate":0.0,"timestamp":1611524538,"path_taken":["M","?","?","?","M","E","?","E","T","E"],"items_purchased_type":[],"build_version":"2020-12-22","purchased_purges":0,"victory":false,"max_hp_per_floor":[75,68,73,73,73,73,73,73,73,73,73],"relic_stats":{"Gremlin Horn":[0,0],"counters":[5,21],"Golden Idol":20,"Bronze Scales":[6],"CeramicFish":0,"obtain_stats":[{"Gremlin Horn":8,"Golden Idol":2,"Bronze Scales":6,"CeramicFish":9,"Burning Blood":0},{"Gremlin Horn":4,"Golden Idol":1,"Bronze Scales":3,"CeramicFish":4,"Burning Blood":0},{"Gremlin Horn":17,"Golden Idol":4,"Bronze Scales":13,"CeramicFish":17,"Burning Blood":0}],"Burning Blood":24},"card_choices":[{"not_picked":["Secret Weapon","Transmutation"],"picked":"Metamorphosis","floor":0},{"not_picked":["Cleave","Heavy Blade"],"picked":"Anger","floor":1},{"not_picked":["Rupture","Flex"],"picked":"Inflame","floor":5},{"not_picked":["Sword Boomerang","Searing Blow"],"picked":"Ghostly Armor","floor":6},{"not_picked":["Second Wind","Entrench"],"picked":"Limit Break","floor":8}],"player_experience":992524,"relics_obtained":[{"floor":6,"key":"Bronze Scales"},{"floor":8,"key":"Gremlin Horn"},{"floor":9,"key":"CeramicFish"}],"event_choices":[{"damage_healed":0,"gold_gain":0,"player_choice":"Lose Max HP","damage_taken":0,"relics_obtained":["Golden Idol"],"max_hp_gain":0,"max_hp_loss":7,"event_name":"Golden Idol","floor":2,"gold_loss":0},{"damage_healed":0,"gold_gain":0,"player_choice":"Donut","damage_taken":0,"max_hp_gain":5,"max_hp_loss":0,"event_name":"Big Fish","floor":3,"gold_loss":0},{"damage_healed":0,"gold_gain":0,"player_choice":"Entered Light","damage_taken":22,"max_hp_gain":0,"max_hp_loss":0,"event_name":"Shining Light","floor":4,"gold_loss":0,"cards_upgraded":["Strike_R","Strike_R"]},{"damage_healed":0,"gold_gain":0,"player_choice":"Grow","damage_taken":0,"max_hp_gain":0,"max_hp_loss":0,"event_name":"Living Wall","floor":7,"gold_loss":0,"cards_upgraded":["Metamorphosis"]}],"is_beta":false,"boss_relics":[],"items_purged_floors":[],"is_endless":false,"potions_floor_spawned":[6,8],"killed_by":"Lagavulin","ascension_level":19}}