{"host":"9kesdg97wkrx2bva","time":1611452464,"event":{"mods":["AchievementEnabler","BaseMod","Colored Map","GifTheSpireLib","Infinite Spire","Minty Spire (QoL Compilation)","Replay The Spire","StSLib"],"gold_per_floor":[109,184,4,4,14,14,47,60,87,21,21,21,65,78,78,201,201,214,114,139,139,139],"floor_reached":21,"language":"ENG","playtime":798,"items_purged":["Strike_P","Strike_P"],"score":354,"play_id":"512cc7cb-f4f1-45ef-b009-8901856aa68b","local_time":"20210123194104","is_ascension_mode":true,"campfire_choices":[{"data":"Study","floor":6,"key":"SMITH"},{"floor":12,"key":"REST"},{"data":"TalkToTheHand","floor":15,"key":"SMITH"}],"circlet_count":0,"master_deck":["Strike_P","Defend_P","Defend_P","Defend_P","Defend_P","Eruption+1","Vigilance","Conclude","TalkToTheHand+1","Consecrate+1","Study+1","JustLucky","CrushJoints","FlurryOfBlows","PathToVictory","Perseverance","SashWhip","Alpha"],"relics":["PureWater","Akabeko","Blue Doll","Golden Idol","TeardropLocket","Replay:Grab Bag","Busted Crown","infinitespire:Cupcake","Black Star"],"acts_visited":["Exordium","TheCity"],"potions_floor_usage":[20],"damage_taken":[{"damage":0,"enemies":"Jaw Worm","floor":1,"turns":4},{"damage":0,"enemies":"2 Louse","floor":5,"turns":2},{"damage":28,"enemies":"Replay:BlueRogue","floor":7,"turns":4},{"damage":0,"enemies":"Cultist","floor":8,"turns":3},{"damage":0,"enemies":"Gremlin Nob","floor":13,"turns":2},{"damage":1,"enemies":"Looter","floor":14,"turns":3},{"damage":0,"enemies":"Slime Boss","floor":16,"turns":5},{"damage":12,"enemies":"Spheric Guardian","floor":18,"turns":3},{"damage":41,"enemies":"2 Thieves","floor":20,"turns":4},{"damage":0,"enemies":"Snake Plant","floor":21,"turns":1}],"seed_played":"1940973734916551972","potions_obtained":[{"floor":1,"key":"Weak Potion"},{"floor":13,"key":"Languid Potion"},{"floor":14,"key":"Energy Potion"}],"is_trial":false,"path_per_floor":["M","?","$","?","M","R","E","M","T","$","?","R","E","M","R","B",null,"M","$","M","M"],"character_chosen":"WATCHER","items_purchased":["TalkToTheHand","Consecrate+1","FlurryOfBlows","PathToVictory"],"campfire_rested":1,"item_purchase_floors":[3,3,10,10],"current_hp_per_floor":[65,54,54,54,54,54,26,26,26,26,26,46,46,45,45,45,62,50,50,9,9,9],"gold":139,"neow_bonus":"UPGRADE_CARD","is_daily":false,"chose_seed":false,"campfire_upgraded":2,"win_rate":0.0,"timestamp":1611452464,"path_taken":["M","?","$","?","?","R","E","M","T","$","?","R","E","M","R","BOSS","M","$","M","M"],"items_purchased_type":["Card","Card","Card","Card"],"build_version":"2020-12-22","purchased_purges":2,"victory":false,"max_hp_per_floor":[72,72,72,72,72,72,72,72,72,72,67,67,67,67,67,67,67,67,67,67,67,67],"card_choices":[{"not_picked":["ThirdEye","Protect"],"picked":"Conclude","floor":1},{"not_picked":["ClearTheMind","Replay:DivineShield"],"picked":"Study","floor":5},{"not_picked":["Protect","Evaluate"],"picked":"JustLucky","floor":7},{"not_picked":["EmptyBody","Replay:DivineShield"],"picked":"CrushJoints","floor":8},{"not_picked":["Worship","ConjureBlade"],"picked":"Perseverance","floor":13},{"not_picked":["Replay:AtTheReady","Replay:DivineShield"],"picked":"SashWhip","floor":14},{"not_picked":["Blasphemy","Ragnarok"],"picked":"Alpha","floor":16},{"not_picked":["JustLucky+1"],"picked":"SKIP","floor":18},{"not_picked":["Crescendo"],"picked":"SKIP","floor":20}],"player_experience":963654,"relics_obtained":[{"floor":7,"key":"Akabeko"},{"floor":9,"key":"Blue Doll"},{"floor":13,"key":"TeardropLocket"}],"event_choices":[{"damage_healed":0,"gold_gain":75,"player_choice":"Gather Gold","damage_taken":11,"max_hp_gain":0,"max_hp_loss":0,"event_name":"World of Goop","floor":2,"gold_loss":0},{"cards_removed":["Strike_P"],"damage_healed":0,"gold_gain":0,"player_choice":"Purged","damage_taken":0,"max_hp_gain":0,"max_hp_loss":0,"event_name":"Purifier","floor":4,"gold_loss":0},{"damage_healed":0,"gold_gain":0,"player_choice":"Lose Max HP","damage_taken":0,"relics_obtained":["Golden Idol"],"max_hp_gain":0,"max_hp_loss":5,"event_name":"Golden Idol","floor":11,"gold_loss":0}],"is_beta":false,"boss_relics":[{"not_picked":["ChewingGum","ReplayTheSpireMod:DimensionalGlitch"],"picked":"Replay:Grab Bag"},{"not_picked":["Fusion Hammer","Cursed Key"],"picked":"Busted Crown"},{"not_picked":["Velvet Choker","Runic Dome"],"picked":"infinitespire:Cupcake"},{"not_picked":["HolyWater","Runic Pyramid"],"picked":"Black Star"}],"items_purged_floors":[3,19],"is_endless":false,"potions_floor_spawned":[1,13,14],"killed_by":"Snake Plant","ascension_level":7}}