{"host":"lte3xujvwediduij","time":1611516968,"event":{"mods":["Aspiration","BaseMod","Better-Laid Plans","Minty Spire (QoL Compilation)","Spicy Shops","StSLib","Wide Potions","¡¾ÒÅÎï¿¨ÅÆ¡¿REMEMod","óô»ðÖ¸ÄÏ"],"gold_per_floor":[110,110,110,127,127,160,160,170,248,262,292,309,325,45,45,146,146,135,135,150,168,93,123,123,123,123],"floor_reached":25,"language":"ZHS","playtime":2078,"items_purged":["Clumsy"],"score":233,"play_id":"68313bcb-65a5-48a5-a9a5-593bc713c47d","local_time":"20210125033608","is_ascension_mode":false,"campfire_choices":[{"floor":7,"key":"RECALL"},{"floor":15,"key":"REST"}],"circlet_count":0,"master_deck":["Strike_B","Strike_B+1","Defend_B","Zap+1","Dualcast","Storm","Capacitor","BootSequence","Glacier","Hello World","Conserve Battery","Aggregate","Sweeping Beam","Multi-Cast","Echo Form","Double Energy","Conserve Battery","Coolheaded","Heatsinks","Glass Knife","REME_LeechingPoison","Deflect"],"relics":["Cracked Core","REME_ComplimentaryCards","aspiration:Nostalgia","PureWater","Lizard Tail","Boot","Ancient Tea Set","Chemical X","aspiration:FutureDiary","aspiration:Lifesprig","Ginger"],"acts_visited":["Exordium","TheCity"],"potions_floor_usage":[6,11,20],"damage_taken":[{"damage":7,"enemies":"Jaw Worm","floor":1,"turns":3},{"damage":0,"enemies":"Small Slimes","floor":4,"turns":3},{"damage":16,"enemies":"Lagavulin","floor":6,"turns":5},{"damage":0,"enemies":"Cultist","floor":8,"turns":4},{"damage":0,"enemies":"Blue Slaver","floor":10,"turns":4},{"damage":21,"enemies":"Gremlin Nob","floor":11,"turns":4},{"damage":0,"enemies":"Large Slime","floor":12,"turns":5},{"damage":6,"enemies":"Gremlin Gang","floor":13,"turns":3},{"damage":30,"enemies":"Slime Boss","floor":16,"turns":14},{"damage":24,"enemies":"2 Thieves","floor":18,"turns":4},{"damage":20,"enemies":"Spheric Guardian","floor":20,"turns":4},{"damage":22,"enemies":"Snecko","floor":21,"turns":7},{"damage":65,"enemies":"REME_1_Revenger","floor":23,"turns":7},{"damage":38,"enemies":"Gremlin Leader","floor":25,"turns":6}],"seed_played":"-1017005051368117258","potions_obtained":[{"floor":1,"key":"SteroidPotion"},{"floor":4,"key":"SneckoOil"},{"floor":16,"key":"FairyPotion"},{"floor":18,"key":"Weak Potion"},{"floor":23,"key":"PotionOfCapacity"}],"is_trial":false,"path_per_floor":["M","?","?","M","?","E","R","M","T","M","E","M","M","$","R","B",null,"M","?","M","M","?","E","?","E"],"character_chosen":"DEFECT","items_purchased":["Ancient Tea Set","Chemical X"],"campfire_rested":1,"item_purchase_floors":[14,14],"current_hp_per_floor":[68,53,53,53,53,37,37,37,37,37,16,16,10,10,32,2,75,51,51,31,9,9,20,20,0,0],"gold":123,"neow_bonus":"NOSTALGIA","is_daily":false,"chose_seed":false,"campfire_upgraded":0,"win_rate":0.0,"timestamp":1611516968,"path_taken":["M","?","?","M","?","E","R","M","T","?","E","M","M","$","R","BOSS","M","?","M","M","?","E","?","E"],"items_purchased_type":["Relic","Relic"],"build_version":"2020-12-22","purchased_purges":1,"victory":false,"max_hp_per_floor":[75,75,75,75,75,75,75,75,75,75,75,75,75,75,75,75,75,75,75,75,75,75,75,75,75,75],"card_choices":[{"not_picked":["Ball Lightning","Compile Driver"],"picked":"Storm","floor":1},{"not_picked":["Go for the Eyes","Genetic Algorithm"],"picked":"Capacitor","floor":4},{"not_picked":["Leap","Seek"],"picked":"Glacier","floor":6},{"not_picked":["Gash","Leap"],"picked":"Hello World","floor":8},{"not_picked":["Rebound","Melter"],"picked":"Conserve Battery","floor":10},{"not_picked":["Cold Snap","Go for the Eyes"],"picked":"Aggregate","floor":11},{"not_picked":["Doom and Gloom","Hologram"],"picked":"Sweeping Beam","floor":12},{"not_picked":["Gash","Conserve Battery"],"picked":"Multi-Cast","floor":13},{"not_picked":["All For One","Thunder Strike"],"picked":"Echo Form","floor":16},{"not_picked":["Compile Driver+1","White Noise"],"picked":"Double Energy","floor":18},{"not_picked":["Compile Driver","Scrape"],"picked":"Conserve Battery","floor":20},{"not_picked":["Hologram+1","Glacier"],"picked":"Coolheaded","floor":21},{"not_picked":["BootSequence","Steam+1"],"picked":"Heatsinks","floor":23}],"player_experience":9878,"relics_obtained":[{"floor":6,"key":"Lizard Tail"},{"floor":11,"key":"Boot"},{"floor":23,"key":"Ginger"}],"event_choices":[{"damage_healed":0,"gold_gain":0,"player_choice":"Entered Light","damage_taken":15,"max_hp_gain":0,"max_hp_loss":0,"event_name":"Shining Light","floor":2,"gold_loss":0,"cards_upgraded":["Zap","Strike_B"]},{"cards_removed":["Strike_B"],"damage_healed":0,"gold_gain":0,"player_choice":"Forget","damage_taken":0,"max_hp_gain":0,"max_hp_loss":0,"event_name":"Living Wall","floor":3,"gold_loss":0},{"cards_removed":["Defend_B"],"damage_healed":0,"gold_gain":0,"player_choice":"Card Removal","damage_taken":0,"max_hp_gain":0,"max_hp_loss":0,"event_name":"Wheel of Change","floor":5,"gold_loss":0},{"damage_healed":0,"gold_gain":0,"player_choice":"Opened","damage_taken":0,"relics_obtained":["aspiration:Lifesprig"],"max_hp_gain":0,"max_hp_loss":0,"event_name":"The Mausoleum","floor":19,"gold_loss":0,"cards_obtained":["Writhe"]},{"cards_removed":["Writhe"],"damage_healed":0,"gold_gain":0,"player_choice":"Gave Gold","damage_taken":0,"max_hp_gain":0,"max_hp_loss":0,"event_name":"Beggar","floor":22,"gold_loss":75}],"is_beta":false,"boss_relics":[{"not_picked":["aspiration:SilentSkillbook","Velvet Choker"],"picked":"aspiration:FutureDiary"}],"items_purged_floors":[14],"is_endless":false,"potions_floor_spawned":[1,4,16,18,23],"killed_by":"Gremlin Leader","ascension_level":0}}