{"host":"ebj6lkgm8suah319","time":1611499623,"event":{"mods":["2.2 Compatiblity","AchievementEnabler","BaseMod","Block Reminder","Colored Map","Colored Powertips","Minty Spire (QoL Compilation)","Quick Restart","Rare Cards Sparkle","Relic Stats","SuperFastMode"],"gold_per_floor":[12,27,27,43,62,62,93,106,156,156,6,6,32,42,42,117,117,132,147,147,147,147,147,181,181,208,227,227,227],"floor_reached":28,"language":"ENG","playtime":671,"items_purged":["Pain"],"score":484,"play_id":"c4239ada-8090-4745-803b-c705e32e73b3","local_time":"20210124094703","is_ascension_mode":true,"campfire_choices":[{"data":"Rupture","floor":6,"key":"SMITH"},{"floor":10,"key":"REST"},{"data":"Carnage","floor":12,"key":"SMITH"},{"data":"Disarm","floor":15,"key":"SMITH"},{"floor":23,"key":"REST"},{"floor":25,"key":"REST"}],"circlet_count":0,"master_deck":["AscendersBane","Strike_R","Strike_R","Strike_R","Strike_R","Strike_R","Defend_R","Defend_R","Defend_R","Defend_R","Bash","Thinking Ahead","Carnage+1","Anger","Rupture+1","Pommel Strike","Feel No Pain","Disarm+1","Brutality","Spot Weakness+1","Evolve","RitualDagger"],"relics":["Burning Blood","WarpedTongs","Incense Burner","Ancient Tea Set","Singing Bowl","Runic Cube","Enchiridion","Vajra","Strawberry"],"acts_visited":["Exordium","TheCity"],"potions_floor_usage":[24,24,28,28],"damage_taken":[{"damage":11,"enemies":"2 Louse","floor":1,"turns":4},{"damage":1,"enemies":"Cultist","floor":2,"turns":3},{"damage":7,"enemies":"Small Slimes","floor":4,"turns":3},{"damage":15,"enemies":"Blue Slaver","floor":5,"turns":4},{"damage":26,"enemies":"Lagavulin","floor":7,"turns":6},{"damage":18,"enemies":"Red Slaver","floor":8,"turns":4},{"damage":9,"enemies":"3 Sentries","floor":13,"turns":12},{"damage":6,"enemies":"Looter","floor":14,"turns":4},{"damage":24,"enemies":"The Guardian","floor":16,"turns":13},{"damage":20,"enemies":"Shell Parasite","floor":18,"turns":4},{"damage":8,"enemies":"Chosen","floor":19,"turns":5},{"damage":42,"enemies":"Book of Stabbing","floor":24,"turns":4},{"damage":21,"enemies":"Snake Plant","floor":27,"turns":5},{"damage":38,"enemies":"Slavers","floor":28,"turns":2}],"seed_played":"-3948248464657080630","potions_obtained":[{"floor":2,"key":"ElixirPotion"},{"floor":8,"key":"Swift Potion"},{"floor":24,"key":"SteroidPotion"},{"floor":27,"key":"Fire Potion"}],"is_trial":false,"path_per_floor":["M","M","?","M","M","R","E","M","T","R","$","R","E","M","R","B",null,"M","M","?","?","?","R","E","R","T","M","E"],"character_chosen":"IRONCLAD","items_purchased":["Disarm"],"campfire_rested":3,"item_purchase_floors":[11],"current_hp_per_floor":[63,68,68,67,58,58,38,26,26,48,48,48,47,49,49,31,67,53,51,51,45,24,47,13,37,44,31,0,0],"gold":227,"neow_bonus":"RANDOM_COLORLESS_2","is_daily":false,"chose_seed":false,"campfire_upgraded":3,"win_rate":0.0,"timestamp":1611499623,"path_taken":["M","M","?","M","M","R","E","M","T","R","?","R","E","?","R","BOSS","M","M","?","?","?","R","E","R","T","M","E"],"items_purchased_type":["Card"],"build_version":"2020-12-22","purchased_purges":1,"victory":false,"max_hp_per_floor":[75,75,75,75,75,75,75,75,75,75,75,75,77,79,79,79,79,79,79,79,79,79,79,81,81,88,90,90,90],"relic_stats":{"Singing Bowl":8,"counters":[14,73],"obtain_stats":[{"Singing Bowl":13,"Strawberry":26,"Enchiridion":22,"Vajra":24,"Incense Burner":7,"Ancient Tea Set":9,"Burning Blood":0,"WarpedTongs":3,"Runic Cube":17},{"Singing Bowl":7,"Strawberry":12,"Enchiridion":11,"Vajra":12,"Incense Burner":5,"Ancient Tea Set":6,"Burning Blood":0,"WarpedTongs":2,"Runic Cube":9},{"Singing Bowl":36,"Strawberry":66,"Enchiridion":62,"Vajra":66,"Incense Burner":20,"Ancient Tea Set":24,"Burning Blood":0,"WarpedTongs":7,"Runic Cube":53}],"Burning Blood":78,"WarpedTongs":[63],"Runic Cube":[30]},"card_choices":[{"not_picked":["Sadistic Nature","Violence"],"picked":"Thinking Ahead","floor":0},{"not_picked":["Armaments","True Grit"],"picked":"Carnage","floor":1},{"not_picked":["Heavy Blade","Searing Blow"],"picked":"Anger","floor":2},{"not_picked":["Heavy Blade","Perfected Strike"],"picked":"Rupture","floor":4},{"not_picked":["True Grit","Cleave"],"picked":"Pommel Strike","floor":5},{"not_picked":["Dark Embrace","Infernal Blade"],"picked":"Feel No Pain","floor":7},{"not_picked":["Iron Wave","Thunderclap","Body Slam"],"picked":"SKIP","floor":8},{"not_picked":["Sword Boomerang","Twin Strike","Anger"],"picked":"Singing Bowl","floor":13},{"not_picked":["Anger","Twin Strike","Whirlwind"],"picked":"Singing Bowl","floor":14},{"not_picked":["Bludgeon","Barricade"],"picked":"Brutality","floor":16},{"not_picked":["Rupture","Shrug It Off"],"picked":"Spot Weakness+1","floor":18},{"not_picked":["Headbutt","Spot Weakness"],"picked":"Evolve","floor":19},{"not_picked":["Pommel Strike","Pummel","Dropkick"],"picked":"Singing Bowl","floor":24},{"not_picked":["Infernal Blade","Wild Strike","True Grit"],"picked":"Singing Bowl","floor":27}],"player_experience":63809,"relics_obtained":[{"floor":7,"key":"Incense Burner"},{"floor":9,"key":"Ancient Tea Set"},{"floor":13,"key":"Singing Bowl"},{"floor":22,"key":"Enchiridion"},{"floor":24,"key":"Vajra"},{"floor":26,"key":"Strawberry"}],"event_choices":[{"damage_healed":0,"gold_gain":0,"player_choice":"Rummage","damage_taken":0,"relics_obtained":["WarpedTongs"],"max_hp_gain":0,"max_hp_loss":0,"event_name":"Accursed Blacksmith","floor":3,"gold_loss":0,"cards_obtained":["Pain"]},{"damage_healed":0,"gold_gain":0,"player_choice":"Ignored","damage_taken":0,"max_hp_gain":0,"max_hp_loss":0,"event_name":"Ghosts","floor":20,"gold_loss":0},{"damage_healed":0,"gold_gain":0,"player_choice":"Joined the Cult","damage_taken":6,"max_hp_gain":0,"max_hp_loss":0,"event_name":"Nest","floor":21,"gold_loss":0,"cards_obtained":["RitualDagger"]},{"damage_healed":0,"gold_gain":0,"player_choice":"Obtained Book","damage_taken":21,"max_hp_gain":0,"max_hp_loss":0,"event_name":"Cursed Tome","floor":22,"gold_loss":0}],"is_beta":false,"boss_relics":[{"not_picked":["Philosopher\u0027s Stone","Ectoplasm"],"picked":"Runic Cube"}],"items_purged_floors":[11],"is_endless":false,"potions_floor_spawned":[2,8,13,24,27],"killed_by":"Slavers","ascension_level":19}}