{"host":"ktoxvvst1mwxww91","time":1611505946,"event":{"mods":["BaseMod","Downfall","Hermit","Minty Spire (QoL Compilation)","StSLib","The Blackbeard","The Hierophant","The Mystic","The Necromancer"],"gold_per_floor":[99,114,133,148,148,180,206,216,54,70,70,80,80,180,196,293,293,193,193,193,210,210,245,271,291,326,346,346,365,365,365,383,486,486,486,501,551,551,551,570,570,584,584,611,611,624,624,291,302,302,302,302],"floor_reached":50,"language":"ENG","playtime":2768,"items_purged":["bronze:Strike"],"score":618,"play_id":"875be23f-819d-4bd5-abb6-e20ea053fe22","local_time":"20210124173226","is_ascension_mode":true,"campfire_choices":[{"data":"bronze:Goto","floor":1,"key":"SMITH"},{"floor":13,"key":"REST"},{"data":"bronze:HardenedForm","floor":18,"key":"SMITH"},{"data":"bronze:Invalidate","floor":28,"key":"SMITH"},{"data":"bronze:Deprecate","floor":30,"key":"SMITH"},{"data":"bronze:Assembly","floor":35,"key":"SMITH"},{"floor":43,"key":"REST"},{"floor":45,"key":"REST"},{"data":"bronze:Fortify","floor":47,"key":"SMITH"}],"circlet_count":0,"master_deck":["bronze:Defend","bronze:Replicate","bronze:Goto+1","bronze:WhirlingStrike+1","bronze:Allocate+1","bronze:Turbo+1","bronze:Overheat","bronze:Shield","bronze:Repulsor","bronze:NullPointer","bronze:BugBarrage","bronze:Constructor","bronze:BronzeOrb","bronze:ChosenStrike","bronze:Repair","bronze:Constructor","bronze:HardenedForm+1","bronze:Safeguard","bronze:ChosenStrike","bronze:Overload","bronze:Overheat","bronze:Format","bronze:Iterate+1","bronze:Invalidate+1","bronze:Deprecate+1","bronze:Assembly+1","CurseOfTheBell","bronze:Return+1","bronze:BronzeOrb","bronze:ForLoop","bronze:FunctionCard","bronze:Constructor","bronze:Assembly+1","bronze:ChildClass+1","bronze:Fortify+1","bronze:Separator+1"],"relics":["Astrolabe","MealTicket","Potion Belt","downfall:BrokenWingStatue","Runic Pyramid","downfall:HeartBlessingGreen","MutagenicStrength","Akabeko","Boot","Matryoshka","Calling Bell","Nunchaku","bronze:CableSpool","Unceasing Top","TungstenRod","Art of War","Question Card","Toxic Egg 2","CaptainsWheel","Blue Candle"],"acts_visited":["Exordium","TheCity","TheBeyond"],"potions_floor_usage":[16,16,23,26,26,26,31,46,50],"damage_taken":[{"damage":0,"enemies":"Cultist","floor":2,"turns":3},{"damage":2,"enemies":"Jaw Worm","floor":3,"turns":3},{"damage":3,"enemies":"Small Slimes","floor":4,"turns":3},{"damage":34,"enemies":"Lagavulin","floor":6,"turns":7},{"damage":0,"enemies":"Exordium Wildlife","floor":8,"turns":3},{"damage":0,"enemies":"downfall:FleeingMerchant","floor":9,"turns":4},{"damage":21,"enemies":"Large Slime","floor":10,"turns":6},{"damage":0,"enemies":"Gremlin Gang","floor":12,"turns":4},{"damage":6,"enemies":"3 Louse","floor":15,"turns":2},{"damage":53,"enemies":"DF_ARCHETYPE_STREAMLINE","floor":16,"turns":13},{"damage":0,"enemies":"Spheric Guardian","floor":21,"turns":3},{"damage":1,"enemies":"Gremlin Leader","floor":23,"turns":7},{"damage":0,"enemies":"Centurion and Healer","floor":25,"turns":7},{"damage":14,"enemies":"Slavers","floor":26,"turns":5},{"damage":13,"enemies":"Shelled Parasite and Fungi","floor":27,"turns":5},{"damage":0,"enemies":"Snecko","floor":29,"turns":1},{"damage":0,"enemies":"Snake Plant","floor":31,"turns":1},{"damage":0,"enemies":"Centurion and Healer","floor":32,"turns":5},{"damage":27,"enemies":"WA_ARCHETYPE_CALM","floor":33,"turns":9},{"damage":11,"enemies":"3 Darklings","floor":36,"turns":6},{"damage":0,"enemies":"3 Darklings","floor":37,"turns":5},{"damage":25,"enemies":"3 Shapes","floor":40,"turns":5},{"damage":24,"enemies":"Maw","floor":42,"turns":9},{"damage":22,"enemies":"Giant Head","floor":44,"turns":8},{"damage":0,"enemies":"Transient","floor":46,"turns":5},{"damage":10,"enemies":"Jaw Worm Horde","floor":49,"turns":3},{"damage":140,"enemies":"IC_BLOCK_ARCHETYPE","floor":50,"turns":7}],"seed_played":"8815541908948757455","potions_obtained":[{"floor":4,"key":"SmokeBomb"},{"floor":6,"key":"bronze:FreeFunctionsPotion"},{"floor":12,"key":"FearPotion"},{"floor":15,"key":"DistilledChaos"},{"floor":16,"key":"Fire Potion"},{"floor":21,"key":"Dexterity Potion"},{"floor":25,"key":"DuplicationPotion"},{"floor":29,"key":"FearPotion"},{"floor":44,"key":"BlessingOfTheForge"},{"floor":49,"key":"champ:CounterPotion"}],"is_trial":false,"path_per_floor":["R","M","M","M","?","E","T","M","$","M","?","M","R","?","M","B",null,"R","?","?","M","?","E","T","M","E","M","R","M","R","M","M","B",null,"R","M","?","T","?","M","T","M","R","E","R","M","R","?","M","B"],"character_chosen":"THE_AUTOMATON","items_purchased":["bronze:BronzeOrb"],"campfire_rested":3,"item_purchase_floors":[9],"current_hp_per_floor":[70,70,68,65,65,31,31,31,46,25,25,25,46,46,47,1,70,70,70,70,70,70,70,70,70,56,50,50,50,50,50,57,37,70,70,59,66,66,66,48,48,31,52,37,58,65,65,79,76,0,0,0],"gold":302,"neow_bonus":"BOSS_RELIC","is_daily":false,"chose_seed":false,"campfire_upgraded":6,"win_rate":0.0,"timestamp":1611505946,"path_taken":["R","M","M","?","?","E","T","M","$","?","?","M","R","?","M","BOSS","R","?","?","M","?","E","T","?","E","M","R","M","R","M","M","BOSS","R","M","?","?","?","?","T","M","R","E","R","?","R","?","M","BOSS"],"items_purchased_type":["Card"],"build_version":"2020-12-22","purchased_purges":1,"victory":false,"max_hp_per_floor":[70,70,70,70,70,70,70,70,70,70,70,70,70,70,70,70,70,70,70,70,70,70,70,70,70,70,70,70,70,70,70,70,70,70,70,70,70,70,70,70,70,70,70,70,70,70,70,79,79,79,79,79],"card_choices":[{"not_picked":["bronze:ForLoop","bronze:GetLatest"],"picked":"bronze:Overheat","floor":2},{"not_picked":["bronze:Allocate","bronze:Overload"],"picked":"bronze:Shield","floor":3},{"not_picked":["bronze:Deprecate","bronze:Overheat"],"picked":"bronze:Repulsor","floor":4},{"not_picked":["bronze:BugBarrage","bronze:Branch"],"picked":"bronze:NullPointer","floor":6},{"not_picked":["bronze:WhirlingStrike","bronze:Turbo"],"picked":"bronze:BugBarrage","floor":8},{"not_picked":["bronze:Turbo","bronze:Refactor"],"picked":"bronze:Constructor","floor":9},{"not_picked":["bronze:BronzeOrb","bronze:OilSpill"],"picked":"bronze:ChosenStrike","floor":10},{"not_picked":["bronze:ForceShield","bronze:DigitalCarnage"],"picked":"bronze:Repair","floor":12},{"not_picked":["bronze:Overload","bronze:ForceShield"],"picked":"bronze:Constructor","floor":15},{"not_picked":["bronze:Virus","bronze:Format"],"picked":"bronze:HardenedForm","floor":16},{"not_picked":["bronze:GetLatest","bronze:Flail"],"picked":"bronze:ChosenStrike","floor":21},{"not_picked":["bronze:Turbo+1","bronze:BuggyMess+1"],"picked":"bronze:Overheat","floor":23},{"not_picked":["bronze:CutThrough","bronze:Deprecate"],"picked":"bronze:Format","floor":25},{"not_picked":["bronze:Shield","bronze:FineTuning+1"],"picked":"bronze:Iterate+1","floor":26},{"not_picked":["bronze:Backtrace+1","bronze:WhirlingStrike+1"],"picked":"bronze:Invalidate","floor":27},{"not_picked":["bronze:Return","bronze:Turbo"],"picked":"bronze:Deprecate","floor":29},{"not_picked":["bronze:Invalidate","bronze:BitShift","bronze:CloningBeam"],"picked":"SKIP","floor":32},{"not_picked":["bronze:ShipIt","bronze:SpaghettiCode"],"picked":"bronze:Assembly","floor":33},{"not_picked":["bronze:Terminator+1","bronze:Deprecate"],"picked":"bronze:Return+1","floor":36},{"not_picked":["bronze:ClassDefault+1","bronze:Repulsor"],"picked":"bronze:BronzeOrb","floor":37},{"not_picked":["bronze:Iterate","bronze:Separator","bronze:FineTuning+1"],"picked":"bronze:Constructor","floor":40},{"not_picked":["bronze:BuggyMess+1","bronze:Backtrace+1","bronze:DelayedGuard+1"],"picked":"bronze:Assembly+1","floor":42},{"not_picked":["bronze:Iterate+1","bronze:Backtrace","bronze:Return+1"],"picked":"bronze:ChildClass+1","floor":44},{"not_picked":["bronze:DigitalCarnage+1","bronze:ItsAFeature","bronze:Overheat"],"picked":"bronze:Fortify","floor":46},{"not_picked":["bronze:Shield+1","bronze:ChosenStrike+1","bronze:WildBeam+1"],"picked":"bronze:Separator+1","floor":49}],"player_experience":1164000,"relics_obtained":[{"floor":6,"key":"MealTicket"},{"floor":7,"key":"Potion Belt"},{"floor":23,"key":"Akabeko"},{"floor":24,"key":"Boot"},{"floor":26,"key":"Matryoshka"},{"floor":34,"key":"Nunchaku"},{"floor":34,"key":"bronze:CableSpool"},{"floor":34,"key":"Unceasing Top"},{"floor":37,"key":"TungstenRod"},{"floor":38,"key":"Art of War"},{"floor":38,"key":"Question Card"},{"floor":41,"key":"Toxic Egg 2"},{"floor":41,"key":"CaptainsWheel"},{"floor":44,"key":"Blue Candle"}],"event_choices":[{"cards_removed":["bronze:Defend"],"damage_healed":0,"gold_gain":0,"player_choice":"Offered Basic","damage_taken":0,"max_hp_gain":0,"max_hp_loss":0,"event_name":"Bonfire Elementals","floor":5,"gold_loss":0},{"damage_healed":0,"gold_gain":0,"player_choice":"Inject Mutagens","damage_taken":0,"relics_obtained":["MutagenicStrength"],"max_hp_gain":0,"max_hp_loss":0,"event_name":"Drug Dealer","floor":20,"gold_loss":0}],"is_beta":false,"boss_relics":[{"not_picked":["Snecko Eye","SacredBark"],"picked":"Runic Pyramid"},{"not_picked":["Empty Cage","Pandora\u0027s Box"],"picked":"Calling Bell"}],"items_purged_floors":[9],"is_endless":false,"potions_floor_spawned":[4,6,12,15,16,21,25,29,31,44,49],"killed_by":"IC_BLOCK_ARCHETYPE","ascension_level":2}}