{"host":"4cz9gr89nglr7k8k","time":1611524859,"event":{"mods":["BaseMod","Minty Spire (QoL Compilation)","Relic Stats","Slay-I"],"gold_per_floor":[109,259,184,184,205,205,205,205,277,315,315,340,19,35,35,131,131,150,11,11,31,50,50,50,50],"floor_reached":24,"language":"DEU","playtime":551,"items_purged":["Defend_R"],"score":438,"play_id":"349d75a8-eb68-4c57-8ffa-5e82346a9773","local_time":"20210124224739","is_ascension_mode":true,"campfire_choices":[{"data":"Perfected Strike","floor":6,"key":"SMITH"},{"data":"Infernal Blade","floor":8,"key":"SMITH"},{"floor":11,"key":"REST"},{"data":"Rampage","floor":15,"key":"SMITH"},{"floor":23,"key":"REST"}],"circlet_count":0,"master_deck":["AscendersBane","Strike_R","Strike_R","Strike_R","Strike_R","Defend_R","Defend_R","Bash","Infernal Blade+1","Perfected Strike+1","Infernal Blade","Rampage+1","Flex","Armaments","Sever Soul","Immolate","Shrug It Off+1","Metallicize","Bash","Exhume","Clash","Flame Barrier"],"relics":["Burning Blood","NeowsBlessing","Golden Idol","Kunai","Smiling Mask","Happy Flower","Empty Cage"],"acts_visited":["Exordium","TheCity"],"potions_floor_usage":[18,24],"damage_taken":[{"damage":0,"enemies":"Jaw Worm","floor":1,"turns":1},{"damage":0,"enemies":"Small Slimes","floor":5,"turns":1},{"damage":0,"enemies":"Lagavulin","floor":10,"turns":1},{"damage":6,"enemies":"Cultist","floor":12,"turns":3},{"damage":9,"enemies":"2 Fungi Beasts","floor":14,"turns":2},{"damage":58,"enemies":"Slime Boss","floor":16,"turns":10},{"damage":19,"enemies":"3 Byrds","floor":18,"turns":3},{"damage":28,"enemies":"Chosen","floor":21,"turns":4},{"damage":18,"enemies":"Snecko","floor":22,"turns":4},{"damage":50,"enemies":"Cultist and Chosen","floor":24,"turns":6}],"seed_played":"-8836421050332874171","potions_obtained":[{"floor":5,"key":"LiquidBronze"},{"floor":10,"key":"Explosive Potion"},{"floor":14,"key":"ElixirPotion"},{"floor":22,"key":"Weak Potion"}],"is_trial":false,"path_per_floor":["M","?","?","?","M","R","?","R","T","E","R","M","$","M","R","B",null,"M","$","?","M","M","R","M"],"character_chosen":"IRONCLAD","items_purchased":["Rampage","Happy Flower","Flex","Armaments","Metallicize"],"campfire_rested":2,"item_purchase_floors":[13,13,13,13,19],"current_hp_per_floor":[74,74,74,48,54,54,59,59,59,65,80,80,80,77,77,25,66,53,53,53,31,19,43,0,0],"gold":50,"neow_bonus":"THREE_ENEMY_KILL","is_daily":false,"chose_seed":false,"campfire_upgraded":3,"win_rate":0.0,"timestamp":1611524859,"path_taken":["M","?","?","?","M","R","?","R","T","E","R","?","?","M","R","BOSS","M","$","?","?","M","R","M"],"items_purchased_type":["Card","Relic","Card","Card","Card"],"build_version":"2020-12-22","purchased_purges":1,"victory":false,"max_hp_per_floor":[75,75,75,75,75,75,80,80,80,80,80,80,80,80,80,80,80,80,80,80,80,80,80,80,80],"relic_stats":{"Happy Flower":[9],"counters":[10,35],"Golden Idol":51,"Kunai":[7],"Smiling Mask":25,"obtain_stats":[{"NeowsBlessing":0,"Happy Flower":13,"Golden Idol":4,"Kunai":9,"Smiling Mask":10,"Empty Cage":17,"Burning Blood":0},{"NeowsBlessing":0,"Happy Flower":4,"Golden Idol":1,"Kunai":2,"Smiling Mask":3,"Empty Cage":6,"Burning Blood":0},{"NeowsBlessing":0,"Happy Flower":6,"Golden Idol":1,"Kunai":2,"Smiling Mask":3,"Empty Cage":18,"Burning Blood":0}],"Burning Blood":54},"card_choices":[{"not_picked":["Perfected Strike","Cleave"],"picked":"Infernal Blade","floor":1},{"not_picked":["Sword Boomerang","Pummel"],"picked":"Perfected Strike","floor":5},{"not_picked":["Dual Wield","Heavy Blade","True Grit"],"picked":"SKIP","floor":10},{"not_picked":["Heavy Blade","Shrug It Off"],"picked":"Infernal Blade","floor":12},{"not_picked":["Havoc","Iron Wave"],"picked":"Sever Soul","floor":14},{"not_picked":["Impervious","Berserk"],"picked":"Immolate","floor":16},{"not_picked":["Sword Boomerang","Armaments"],"picked":"Shrug It Off+1","floor":18},{"not_picked":["Perfected Strike","Second Wind"],"picked":"Clash","floor":21},{"not_picked":["Combust","Dual Wield"],"picked":"Flame Barrier","floor":22}],"player_experience":1517980,"relics_obtained":[{"floor":9,"key":"Kunai"},{"floor":10,"key":"Smiling Mask"}],"event_choices":[{"damage_healed":0,"gold_gain":150,"player_choice":"AGREE","damage_taken":0,"max_hp_gain":0,"max_hp_loss":0,"event_name":"Liars Game","floor":2,"gold_loss":0,"cards_obtained":["Doubt"]},{"cards_removed":["Doubt"],"damage_healed":0,"gold_gain":0,"player_choice":"Card Removal","damage_taken":0,"max_hp_gain":0,"max_hp_loss":0,"event_name":"The Cleric","floor":3,"gold_loss":75},{"damage_healed":0,"gold_gain":0,"player_choice":"Take Damage","damage_taken":26,"relics_obtained":["Golden Idol"],"max_hp_gain":0,"max_hp_loss":0,"event_name":"Golden Idol","floor":4,"gold_loss":0},{"damage_healed":0,"gold_gain":0,"player_choice":"Donut","damage_taken":0,"max_hp_gain":5,"max_hp_loss":0,"event_name":"Big Fish","floor":7,"gold_loss":0},{"damage_healed":0,"gold_gain":0,"player_choice":"2 cards matched","damage_taken":0,"max_hp_gain":0,"max_hp_loss":0,"event_name":"Match and Keep!","floor":20,"gold_loss":0,"cards_obtained":["Bash","Exhume"]}],"is_beta":false,"boss_relics":[{"not_picked":["Sozu","Snecko Eye"],"picked":"Empty Cage"}],"items_purged_floors":[19],"is_endless":false,"potions_floor_spawned":[5,10,14,22],"killed_by":"Cultist and Chosen","ascension_level":20}}