{"host":"f5gffvlv6a66yqkd","time":1611511285,"event":{"mods":["2.2 Compatiblity","BaseMod","Colored Map","Custom Start","Dark Map","DeckTracker","Keyboard Shortcuts","Minty Spire (QoL Compilation)","Permanent Neow","Quick Restart","Relic Stats","StSLib","SuperFastMode"],"gold_per_floor":[110,120,137,156,1,1,34,0,52,52,52,63,78,90,90,164,164,64,64],"floor_reached":18,"language":"KOR","playtime":399,"items_purged":["Defend_G"],"score":428,"play_id":"d4b6ce09-75ab-4df9-9fe9-fcde265aa21a","local_time":"20210125030125","is_ascension_mode":true,"campfire_choices":[{"data":"Phantasmal Killer","floor":6.0,"key":"SMITH"},{"floor":10.0,"key":"REST"},{"floor":15.0,"key":"REST"}],"circlet_count":0,"master_deck":["AscendersBane","Strike_G","Strike_G","Strike_G","Defend_G","Defend_G","Defend_G","Defend_G","Survivor","Neutralize","Phantasmal Killer+1","Footwork","Dagger Spray","Masterful Stab","Backflip","Deflect","Skewer","Wraith Form v2","Adrenaline"],"relics":["Ring of the Snake","Question Card","Empty Cage"],"acts_visited":["Exordium","TheCity"],"potions_floor_usage":[16,16],"damage_taken":[{"damage":7.0,"enemies":"Jaw Worm","floor":1.0,"turns":5.0},{"damage":6.0,"enemies":"Small Slimes","floor":2.0,"turns":4.0},{"damage":3.0,"enemies":"2 Louse","floor":3.0,"turns":2.0},{"damage":13.0,"enemies":"Gremlin Gang","floor":4.0,"turns":4.0},{"damage":20.0,"enemies":"Gremlin Nob","floor":7.0,"turns":4.0},{"damage":15.0,"enemies":"Large Slime","floor":12.0,"turns":6.0},{"damage":9.0,"enemies":"3 Louse","floor":13.0,"turns":3.0},{"damage":0.0,"enemies":"Looter","floor":14.0,"turns":2.0},{"damage":0,"enemies":"Slime Boss","floor":16,"turns":6},{"damage":3,"enemies":"2 Thieves","floor":18,"turns":4}],"seed_played":"-4863851767395043088","potions_obtained":[{"floor":1.0,"key":"BlessingOfTheForge"},{"floor":2.0,"key":"Weak Potion"},{"floor":12.0,"key":"Strength Potion"},{"floor":14.0,"key":"SkillPotion"},{"floor":16,"key":"SpeedPotion"}],"is_trial":false,"path_per_floor":["M","M","M","M","$","R","E","?","T","R","?","M","M","M","R","B",null,"M"],"character_chosen":"THE_SILENT","items_purchased":["Masterful Stab"],"campfire_rested":2,"item_purchase_floors":[5],"current_hp_per_floor":[52,46,43,30,30,30,10,10,10,28,28,13,4,4,22,22,51,48,48],"gold":64,"neow_bonus":"THREE_RARE_CARDS","is_daily":false,"chose_seed":false,"campfire_upgraded":1,"win_rate":0.0,"timestamp":1611511285,"path_taken":["M","M","M","M","$","R","E","?","T","R","?","M","M","M","R","BOSS","M"],"items_purchased_type":["Card"],"build_version":"2020-12-22","purchased_purges":1,"victory":false,"max_hp_per_floor":[60,60,60,60,60,60,60,60,60,60,60,60,60,60,60,60,60,60,60],"relic_stats":{"counters":[10,40],"Question Card":4,"obtain_stats":[{"Question Card":7,"Empty Cage":17,"Ring of the Snake":0},{"Question Card":5,"Empty Cage":9,"Ring of the Snake":0},{"Question Card":19,"Empty Cage":36,"Ring of the Snake":0}],"Ring of the Snake":[20]},"card_choices":[{"not_picked":["Wraith Form v2","Envenom"],"picked":"Phantasmal Killer","floor":0.0},{"not_picked":["Dash","Endless Agony"],"picked":"Footwork","floor":1.0},{"not_picked":["Deadly Poison","Expertise"],"picked":"Dagger Spray","floor":2.0},{"not_picked":["Bane","Expertise","Setup"],"picked":"SKIP","floor":3.0},{"not_picked":["PiercingWail","Dodge and Roll","Prepared"],"picked":"SKIP","floor":4.0},{"not_picked":["Malaise","Quick Slash"],"picked":"Backflip","floor":7.0},{"not_picked":["Caltrops","Prepared","Bane"],"picked":"Deflect","floor":12.0},{"not_picked":["Footwork","Deadly Poison","Prepared"],"picked":"Skewer","floor":13.0},{"not_picked":["Reflex","Dodge and Roll","Backflip"],"picked":"Wraith Form v2","floor":14.0},{"not_picked":["Phantasmal Killer","Malaise","Burst"],"picked":"Adrenaline","floor":16}],"player_experience":1610230,"relics_obtained":[{"floor":7.0,"key":"Question Card"}],"event_choices":[{"damage_healed":0.0,"max_hp_gain":0.0,"max_hp_loss":0.0,"gold_gain":0.0,"event_name":"World of Goop","player_choice":"Left Gold","floor":8.0,"gold_loss":34.0,"damage_taken":0.0},{"damage_healed":0.0,"max_hp_gain":0.0,"max_hp_loss":0.0,"gold_gain":0.0,"event_name":"Liars Game","player_choice":"Ignored","floor":11.0,"gold_loss":0.0,"damage_taken":0.0}],"is_beta":false,"boss_relics":[{"not_picked":["Busted Crown","HoveringKite"],"picked":"Empty Cage"}],"items_purged_floors":[5],"is_endless":false,"potions_floor_spawned":[1,2,12,14,16],"killed_by":"2 Thieves","ascension_level":20}}