{"host":"ggy1mjjy92c62u6a","time":1611483123,"event":{"mods":["10 clothes from DAL","ATMod(∞¢Ë™Mod)","Act Like it!","BaseMod","Colored Powertips","Downfall","GifTheSpireLib","Minty Spire (QoL Compilation)","Quick Restart","Relic Stats","Shop Mod","Spicy Shops","StSLib","TestMod","°æπ¶ƒ‹Mod°øªÏ„Á÷Æª∑–ﬁ∏¥≤π∂°","°æ“≈ŒÔMod°øÀ¿¡È∑® ¶NEW","°æ“≈ŒÔø®≈∆°øREMEMod"],"gold_per_floor":[99,115,25,45,30,41,41,56,56,231,231,251,267,267,283,384,384,384,401,601,621,635,635,635,373,383,383,383,383],"floor_reached":27,"language":"ZHS","playtime":1057,"items_purged":["sneckomod:Strike"],"score":207,"play_id":"af61c477-0c38-423b-80dd-29720afd742c","local_time":"20210124181203","is_ascension_mode":false,"campfire_choices":[{"data":"sneckomod:Unknown0Cost","floor":23,"key":"SMITH"}],"circlet_count":0,"master_deck":["sneckomod:Strike","sneckomod:Strike","sneckomod:Defend","sneckomod:Defend","sneckomod:Defend","sneckomod:TailWhip","sneckomod:SnekBite","Chrysalis","AT_KingSlayer","bronze:InfiniteLoop","sneckomod:Nope","sneckomod:SoulDraw","sneckomod:QuickBite","sneckomod:ImprovisedGuard","bronze:BitShift","Doubt","bronze:Philosophize","sneckomod:SerpentIdol","sneckomod:WideSting","sneckomod:UnendingSupply","sneckomod:MorePower","bronze:MaxOutput","sneckomod:Unknown+1","sneckomod:SnakeSap","downfall:Haunted","sneckomod:Unknown0Cost+1","sneckomod:SoulRoll","sneckomod:UnknownRarePower+1","sneckomod:SerpentIdol","sneckomod:UnknownDexterity+1","sneckomod:MasterEye"],"relics":["sneckomod:SneckoSoul","REME_ComplimentaryCards","AT_ATBox","testmod-TestBox","testmod-Brilliant","DALC_FOUR","testmod-NegativeEmotionEnhancer","AT_SilvercatRing"],"acts_visited":["Exordium","TheCity"],"potions_floor_usage":[16,22],"damage_taken":[{"damage":7,"enemies":"Jaw Worm","floor":2,"turns":2},{"damage":5,"enemies":"downfall:FleeingMerchant","floor":3,"turns":4},{"damage":5,"enemies":"Small Slimes","floor":4,"turns":3},{"damage":5,"enemies":"downfall:FleeingMerchant","floor":5,"turns":4},{"damage":13,"enemies":"2 Louse","floor":6,"turns":3},{"damage":12,"enemies":"Exordium Wildlife","floor":8,"turns":4},{"damage":4,"enemies":"Blue Slaver","floor":12,"turns":3},{"damage":0,"enemies":"Lots of Slimes","floor":13,"turns":1},{"damage":0,"enemies":"3 Louse","floor":15,"turns":1},{"damage":31,"enemies":"IC_STATUS_ARCHETYPE","floor":16,"turns":7},{"damage":47,"enemies":"Spheric Guardian","floor":19,"turns":6},{"damage":0,"enemies":"Shelled Parasite and Fungi","floor":21,"turns":1},{"damage":0,"enemies":"Snake Plant","floor":22,"turns":1},{"damage":21,"enemies":"downfall:FleeingMerchant","floor":25,"turns":4},{"damage":26,"enemies":"Cultist and Chosen","floor":26,"turns":5},{"damage":24,"enemies":"Shelled Parasite and Fungi","floor":27,"turns":2}],"seed_played":"4481413575881334254","potions_obtained":[{"floor":4,"key":"Explosive Potion"},{"floor":6,"key":"Fire Potion"},{"floor":12,"key":"Strength Potion"},{"floor":15,"key":"sneckomod:DiceRollPotion"},{"floor":22,"key":"Weak Potion"},{"floor":26,"key":"Ancient Potion"}],"is_trial":false,"path_per_floor":["R","M","$","M","$","M","T","M","R","?","R","M","M","?","M","B",null,"R","M","?","M","M","R","T","$","M","M"],"character_chosen":"THE_SNECKO","items_purchased":["AT_SilvercatRing"],"campfire_rested":0,"item_purchase_floors":[25],"current_hp_per_floor":[99,92,87,82,77,64,64,52,52,52,52,48,48,48,48,17,99,99,54,54,57,59,59,59,39,15,0,0,0],"gold":383,"neow_bonus":"TEN_PERCENT_HP_BONUS","is_daily":false,"chose_seed":false,"campfire_upgraded":1,"win_rate":0.0,"timestamp":1611483123,"path_taken":["R","M","$","M","$","M","T","M","R","?","R","M","M","?","M","BOSS","R","M","?","M","M","R","T","$","M","M"],"items_purchased_type":["Relic"],"build_version":"2020-12-22","purchased_purges":1,"victory":false,"max_hp_per_floor":[99,99,99,99,99,99,99,99,99,99,99,99,99,99,99,99,99,99,100,100,101,102,102,102,103,104,104,104,104],"relic_stats":{"counters":[16,51],"obtain_stats":[{"testmod-Brilliant":0,"DALC_FOUR":7,"AT_ATBox":0,"testmod-TestBox":0,"downfall:BrokenWingStatue":14,"testmod-NegativeEmotionEnhancer":17,"AT_SilvercatRing":25,"sneckomod:SneckoSoul":0,"REME_ComplimentaryCards":0},{"testmod-Brilliant":0,"DALC_FOUR":5,"AT_ATBox":0,"testmod-TestBox":0,"downfall:BrokenWingStatue":8,"testmod-NegativeEmotionEnhancer":10,"AT_SilvercatRing":14,"sneckomod:SneckoSoul":0,"REME_ComplimentaryCards":0},{"testmod-Brilliant":0,"DALC_FOUR":16,"AT_ATBox":0,"testmod-TestBox":0,"downfall:BrokenWingStatue":24,"testmod-NegativeEmotionEnhancer":32,"AT_SilvercatRing":44,"sneckomod:SneckoSoul":0,"REME_ComplimentaryCards":0}]},"card_choices":[{"not_picked":["sneckomod:UnknownUncommonSkill","sneckomod:DiceBlock"],"picked":"sneckomod:Nope","floor":2},{"not_picked":["sneckomod:SoulRoll","sneckomod:Unknown1Cost"],"picked":"sneckomod:SoulDraw","floor":3},{"not_picked":["sneckomod:UnknownCommonSkill","sneckomod:UnknownWeak"],"picked":"sneckomod:QuickBite","floor":4},{"not_picked":["sneckomod:SoulDraw","sneckomod:UnknownVulnerable"],"picked":"sneckomod:UnknownUncommonPower","floor":5},{"not_picked":["sneckomod:Unknown1Cost","sneckomod:UnknownCommonAttack"],"picked":"sneckomod:ImprovisedGuard","floor":6},{"not_picked":["sneckomod:SnakeSap","sneckomod:DiceBoulder"],"picked":"sneckomod:Unknown0Cost","floor":8},{"not_picked":["sneckomod:Restock","sneckomod:SlitherStrike"],"picked":"sneckomod:SerpentIdol","floor":12},{"not_picked":["sneckomod:UnknownCommonSkill","sneckomod:SoulDraw"],"picked":"sneckomod:WideSting","floor":13},{"not_picked":["sneckomod:SnekBeam","sneckomod:ImprovisedGuard"],"picked":"sneckomod:UnendingSupply","floor":15},{"not_picked":["sneckomod:Restock","sneckomod:UnknownRareSkill"],"picked":"sneckomod:MorePower","floor":16},{"not_picked":["sneckomod:UnknownExhaust+1","sneckomod:UnknownClassTHE_CHAMP_GRAY+1"],"picked":"sneckomod:Unknown+1","floor":19},{"not_picked":["sneckomod:UnknownCommonSkill","sneckomod:DiceCrush"],"picked":"sneckomod:SnakeSap","floor":19},{"not_picked":["sneckomod:Unknown1Cost","sneckomod:SoulCleanse"],"picked":"sneckomod:Unknown0Cost","floor":21},{"not_picked":["sneckomod:UnknownExhaust","sneckomod:IronFang"],"picked":"sneckomod:SoulRoll","floor":22},{"not_picked":["sneckomod:UnknownDexterity+1","sneckomod:UnknownUncommonAttack+1"],"picked":"sneckomod:UnknownRarePower+1","floor":25},{"not_picked":["sneckomod:SnakeSap","sneckomod:UnendingSupply","sneckomod:Nope"],"picked":"SKIP","floor":25},{"not_picked":["sneckomod:UnknownStrike+1","sneckomod:UnknownVulnerable+1"],"picked":"sneckomod:UnknownDexterity+1","floor":26},{"not_picked":["sneckomod:IronFang","sneckomod:SoulRoll+1"],"picked":"sneckomod:MasterEye","floor":26}],"player_experience":71591,"relics_obtained":[{"floor":7,"key":"DALC_FOUR"}],"event_choices":[],"is_beta":false,"boss_relics":[{"not_picked":["Sozu","AT_MortalBlade"],"picked":"testmod-NegativeEmotionEnhancer"}],"items_purged_floors":[3],"is_endless":false,"potions_floor_spawned":[4,6,12,15,22,26],"killed_by":"Shelled Parasite and Fungi","ascension_level":0}}