{"host":"lzlnscgb2n0l5w2m","time":1611490106,"event":{"mods":["AchievementEnabler","BaseMod","Block Reminder","Colored Powertips","Googly Eyes","Highlight Path","Minty Spire (QoL Compilation)","Permanent Neow","Relic Stats","StSLib"],"gold_per_floor":[365,365,379,379,153,181,181,215,215,226,226,53,66,97,97,196,196,209,224,6,25,25,25,38,70,94,120,134,8,22,32,32,136,136,156,173,173,191,203,237,10,35,35,35,47,82,129,144,144,144,144,144,20,49,49],"floor_reached":56,"language":"ZHT","playtime":8229,"items_purged":["Strike_P","Strike_P","Strike_P","Defend_P"],"score":1629,"play_id":"fa8704dd-74f9-497a-b882-5b5888fa40f8","local_time":"20210124200826","is_ascension_mode":true,"campfire_choices":[{"data":"BattleHymn","floor":7.0,"key":"SMITH"},{"data":"Study","floor":11.0,"key":"SMITH"},{"data":"Eruption","floor":15.0,"key":"SMITH"},{"data":"MasterReality","floor":23.0,"key":"SMITH"},{"floor":32.0,"key":"REST"},{"floor":44,"key":"RECALL"},{"floor":49,"key":"REST"},{"data":"Vigilance","floor":52,"key":"SMITH"}],"circlet_count":0,"master_deck":["Strike_P+1","Defend_P","Defend_P","Defend_P","Eruption+1","Vigilance+1","Study+1","BattleHymn+1","EmptyMind","Collect+1","Judgement+1","EmptyBody+1","MasterReality+1","Alpha+1"],"relics":["HolyWater","Dead Branch","Membership Card","Meat on the Bone","Toxic Egg 2","Calipers","Shuriken","Omamori","Black Star","Lantern","WarpedTongs","Toy Ornithopter","Whetstone","Anchor","Nunchaku","Pear","Singing Bowl","Oddly Smooth Stone","PreservedInsect","Bird Faced Urn","Bag of Marbles","HornCleat","Gambling Chip","Happy Flower","Lizard Tail","OrangePellets","Eternal Feather","StoneCalendar"],"acts_visited":["Exordium","TheCity","TheBeyond","TheEnding"],"potions_floor_usage":[35,40,42,50,55,55],"damage_taken":[{"damage":7.0,"enemies":"Jaw Worm","floor":1.0,"turns":4.0},{"damage":0.0,"enemies":"2 Louse","floor":3.0,"turns":4.0},{"damage":18.0,"enemies":"3 Sentries","floor":6.0,"turns":6.0},{"damage":2.0,"enemies":"Lagavulin","floor":8.0,"turns":5.0},{"damage":0.0,"enemies":"Cultist","floor":10.0,"turns":3.0},{"damage":6.0,"enemies":"Lots of Slimes","floor":13.0,"turns":5.0},{"damage":18.0,"enemies":"3 Sentries","floor":14.0,"turns":6.0},{"damage":0.0,"enemies":"Slime Boss","floor":16.0,"turns":5.0},{"damage":0.0,"enemies":"Spheric Guardian","floor":18.0,"turns":1.0},{"damage":8.0,"enemies":"Shell Parasite","floor":19.0,"turns":3.0},{"damage":15.0,"enemies":"Snake Plant","floor":21.0,"turns":3.0},{"damage":2.0,"enemies":"3 Cultists","floor":24.0,"turns":4.0},{"damage":5.0,"enemies":"Gremlin Leader","floor":25.0,"turns":4.0},{"damage":11.0,"enemies":"Slavers","floor":27.0,"turns":4.0},{"damage":2.0,"enemies":"Cultist and Chosen","floor":28.0,"turns":3.0},{"damage":16.0,"enemies":"Centurion and Healer","floor":30.0,"turns":3.0},{"damage":0.0,"enemies":"Snecko","floor":31.0,"turns":4.0},{"damage":9.0,"enemies":"Champ","floor":33.0,"turns":6.0},{"damage":5,"enemies":"3 Darklings","floor":35,"turns":3},{"damage":4,"enemies":"3 Shapes","floor":36,"turns":2},{"damage":53,"enemies":"Spire Growth","floor":38,"turns":4},{"damage":9,"enemies":"Sphere and 2 Shapes","floor":39,"turns":7},{"damage":20,"enemies":"Reptomancer","floor":40,"turns":6},{"damage":13,"enemies":"Giant Head","floor":42,"turns":5},{"damage":0,"enemies":"Jaw Worm Horde","floor":45,"turns":3},{"damage":9,"enemies":"Reptomancer","floor":46,"turns":4},{"damage":7,"enemies":"2 Orb Walkers","floor":47,"turns":4},{"damage":0,"enemies":"Transient","floor":48,"turns":5},{"damage":22,"enemies":"Awakened One","floor":50,"turns":6},{"damage":0,"enemies":"Shield and Spear","floor":54,"turns":4},{"damage":104,"enemies":"The Heart","floor":55,"turns":7}],"seed_played":"1946212675321747279","potions_obtained":[{"floor":6.0,"key":"Swift Potion"},{"floor":8.0,"key":"DistilledChaos"},{"floor":10.0,"key":"Energy Potion"},{"floor":18.0,"key":"Swift Potion"},{"floor":21.0,"key":"BlessingOfTheForge"},{"floor":27.0,"key":"AttackPotion"},{"floor":31.0,"key":"SpeedPotion"},{"floor":33,"key":"DuplicationPotion"},{"floor":35,"key":"Fire Potion"},{"floor":37,"key":"Swift Potion"},{"floor":38,"key":"StancePotion"},{"floor":47,"key":"BottledMiracle"},{"floor":48,"key":"Ancient Potion"}],"is_trial":false,"path_per_floor":["M","?","M","?","$","E","R","E","T","M","R","$","M","E","R","B",null,"M","M","$","M","?","R","M","E","T","E","M","$","M","M","R","B",null,"M","M","?","M","M","E","$","E","T","R","M","E","?","M","R","B",null,"R","$","E","B",null],"character_chosen":"WATCHER","items_purchased":["Membership Card","Shuriken","MasterReality","Lantern","Singing Bowl","Bird Faced Urn","OrangePellets","Ambrosia"],"campfire_rested":2,"item_purchase_floors":[5,12,20,20,29,41,53,53],"current_hp_per_floor":[65,62,62,55,55,37,37,47,47,47,47,47,41,35,35,47,72,72,64,64,49,49,49,47,42,42,53,56,56,54,56,81,77,86,88,86,86,47,52,51,51,53,53,53,65,64,69,85,106,99,106,106,106,108,32],"gold":49,"neow_bonus":"TWO_FIFTY_GOLD","is_daily":false,"chose_seed":false,"campfire_upgraded":5,"win_rate":0.0,"timestamp":1611490106,"path_taken":["M","?","M","?","?","E","R","E","T","M","R","$","M","E","R","BOSS","M","M","$","M","?","R","M","E","T","E","M","$","?","M","R","BOSS","BOSS","M","?","?","M","M","E","$","E","T","R","?","E","?","M","R","BOSS","R","$","E","BOSS"],"items_purchased_type":["Relic","Relic","Card","Relic","Relic","Relic","Relic","Potion"],"build_version":"2020-12-22","purchased_purges":4,"victory":true,"max_hp_per_floor":[72,72,72,72,72,72,72,72,72,72,72,72,72,72,72,72,72,72,72,72,72,72,72,72,72,72,82,82,82,84,86,86,86,86,88,90,90,92,94,96,96,98,98,98,100,102,104,106,106,106,106,106,106,108,108],"relic_stats":{"Singing Bowl":26,"Happy Flower":[8],"counters":[31,133],"Dead Branch":[292],"Eternal Feather":0,"StoneCalendar":[0],"PreservedInsect":252,"Whetstone":["Strike_P"],"WarpedTongs":[82],"OrangePellets":[1],"Nunchaku":[12],"Lizard Tail":0,"Shuriken":[37],"Bird Faced Urn":[64],"Gambling Chip":[13],"Black Star":6,"obtain_stats":[{"Lantern":20,"Calipers":9,"Singing Bowl":29,"StoneCalendar":54,"Whetstone":25,"Nunchaku":27,"Lizard Tail":47,"HornCleat":42,"Gambling Chip":46,"Toxic Egg 2":8,"Pear":27,"Happy Flower":46,"Dead Branch":2,"Oddly Smooth Stone":40,"Eternal Feather":54,"PreservedInsect":40,"Omamori":14,"WarpedTongs":22,"OrangePellets":53,"Anchor":26,"Shuriken":12,"Bird Faced Urn":41,"HolyWater":34,"Black Star":17,"Bag of Marbles":42,"Membership Card":5,"PureWater":0,"Toy Ornithopter":25,"Meat on the Bone":6},{"Lantern":10,"Calipers":4,"Singing Bowl":15,"StoneCalendar":30,"Whetstone":13,"Nunchaku":14,"Lizard Tail":27,"HornCleat":24,"Gambling Chip":26,"Toxic Egg 2":4,"Pear":14,"Happy Flower":26,"Dead Branch":1,"Oddly Smooth Stone":23,"Eternal Feather":30,"PreservedInsect":23,"Omamori":7,"WarpedTongs":11,"OrangePellets":29,"Anchor":13,"Shuriken":5,"Bird Faced Urn":23,"HolyWater":18,"Black Star":8,"Bag of Marbles":24,"Membership Card":2,"PureWater":0,"Toy Ornithopter":13,"Meat on the Bone":3},{"Lantern":42,"Calipers":19,"Singing Bowl":60,"StoneCalendar":126,"Whetstone":53,"Nunchaku":57,"Lizard Tail":111,"HornCleat":100,"Gambling Chip":107,"Toxic Egg 2":19,"Pear":57,"Happy Flower":107,"Dead Branch":4,"Oddly Smooth Stone":95,"Eternal Feather":126,"PreservedInsect":95,"Omamori":33,"WarpedTongs":45,"OrangePellets":122,"Anchor":53,"Shuriken":22,"Bird Faced Urn":95,"HolyWater":73,"Black Star":38,"Bag of Marbles":100,"Membership Card":8,"PureWater":0,"Toy Ornithopter":53,"Meat on the Bone":14}],"Toy Ornithopter":40,"Meat on the Bone":108},"card_choices":[{"not_picked":["FlurryOfBlows","FlyingSleeves"],"picked":"Study","floor":1.0},{"not_picked":["FlyingSleeves","Crescendo"],"picked":"BattleHymn","floor":3.0},{"not_picked":["SashWhip","Crescendo"],"picked":"EmptyMind","floor":6.0},{"not_picked":["CarveReality","Consecrate","Brilliance"],"picked":"SKIP","floor":8.0},{"not_picked":["SignatureMove","EmptyFist","Fasting2"],"picked":"SKIP","floor":10.0},{"not_picked":["CrushJoints","MentalFortress","ThirdEye+1"],"picked":"SKIP","floor":13.0},{"not_picked":["Consecrate","Perseverance+1"],"picked":"Collect+1","floor":14.0},{"not_picked":["LessonLearned","Brilliance"],"picked":"Judgement+1","floor":16.0},{"not_picked":["Meditate+1","Consecrate"],"picked":"EmptyBody+1","floor":18.0},{"not_picked":["Halt+1","CrushJoints","Study"],"picked":"SKIP","floor":19.0},{"not_picked":["Prostrate+1","JustLucky","Worship+1"],"picked":"SKIP","floor":21.0},{"not_picked":["Prostrate+1","EmptyBody+1","ForeignInfluence+1"],"picked":"SKIP","floor":24.0},{"not_picked":["Pray+1","LikeWater","Wireheading"],"picked":"SKIP","floor":25.0},{"not_picked":["Fasting2","Brilliance","Wireheading"],"picked":"SKIP","floor":27.0},{"not_picked":["ThirdEye+1","FlurryOfBlows","EmptyFist"],"picked":"SKIP","floor":28.0},{"not_picked":["Protect+1","WaveOfTheHand+1","Halt+1"],"picked":"Singing Bowl","floor":30.0},{"not_picked":["FlurryOfBlows","FollowUp","PathToVictory+1"],"picked":"Singing Bowl","floor":31.0},{"not_picked":["Blasphemy+1","Brilliance"],"picked":"Alpha+1","floor":33},{"not_picked":["CrushJoints","Tantrum+1","InnerPeace+1"],"picked":"Singing Bowl","floor":35},{"not_picked":["EmptyBody+1","PathToVictory+1","Worship+1"],"picked":"Singing Bowl","floor":36},{"not_picked":["FollowUp","Tantrum","PathToVictory+1"],"picked":"Singing Bowl","floor":38},{"not_picked":["BowlingBash+1","Vengeance+1","EmptyBody+1"],"picked":"Singing Bowl","floor":39},{"not_picked":["Halt+1","Worship+1","Indignation+1"],"picked":"Singing Bowl","floor":40},{"not_picked":["LikeWater+1","ClearTheMind+1","CrushJoints+1"],"picked":"Singing Bowl","floor":42},{"not_picked":["Adaptation","SashWhip+1","Consecrate"],"picked":"Singing Bowl","floor":45},{"not_picked":["Crescendo+1","SashWhip+1","PathToVictory+1"],"picked":"Singing Bowl","floor":46},{"not_picked":["FlurryOfBlows+1","FollowUp","SashWhip"],"picked":"Singing Bowl","floor":47},{"not_picked":["Crescendo+1","FlurryOfBlows","Devotion"],"picked":"Singing Bowl","floor":48},{"not_picked":["SashWhip","PathToVictory+1","DeceiveReality+1"],"picked":"Singing Bowl","floor":54}],"player_experience":239006,"relics_obtained":[{"floor":6.0,"key":"Meat on the Bone"},{"floor":8.0,"key":"Toxic Egg 2"},{"floor":9.0,"key":"Calipers"},{"floor":14.0,"key":"Omamori"},{"floor":25.0,"key":"Toy Ornithopter"},{"floor":25.0,"key":"Whetstone"},{"floor":26.0,"key":"Anchor"},{"floor":27.0,"key":"Nunchaku"},{"floor":27.0,"key":"Pear"},{"floor":40,"key":"Oddly Smooth Stone"},{"floor":40,"key":"PreservedInsect"},{"floor":42,"key":"Bag of Marbles"},{"floor":42,"key":"HornCleat"},{"floor":46,"key":"Gambling Chip"},{"floor":46,"key":"Happy Flower"},{"floor":47,"key":"Lizard Tail"},{"floor":54,"key":"Eternal Feather"},{"floor":54,"key":"StoneCalendar"}],"event_choices":[{"damage_healed":0.0,"max_hp_gain":0.0,"max_hp_loss":0.0,"gold_gain":0.0,"event_name":"Scrap Ooze","player_choice":"Success","floor":2.0,"gold_loss":0.0,"damage_taken":3.0,"relics_obtained":["Dead Branch"]},{"cards_removed":["Doubt"],"damage_healed":0.0,"max_hp_gain":0.0,"max_hp_loss":0.0,"gold_gain":0.0,"event_name":"Golden Wing","player_choice":"Card Removal","floor":4.0,"gold_loss":0.0,"damage_taken":7.0},{"damage_healed":0.0,"max_hp_gain":0.0,"max_hp_loss":0.0,"gold_gain":0.0,"event_name":"Accursed Blacksmith","player_choice":"Rummage","floor":22.0,"gold_loss":0.0,"damage_taken":0.0,"relics_obtained":["WarpedTongs"],"cards_obtained":["Pain"]},{"damage_healed":0,"gold_gain":0,"player_choice":"Got Potions","damage_taken":0,"max_hp_gain":0,"max_hp_loss":0,"event_name":"Lab","floor":37,"gold_loss":0},{"damage_healed":0,"gold_gain":0,"player_choice":"Fight","damage_taken":0,"max_hp_gain":0,"max_hp_loss":0,"event_name":"Mysterious Sphere","floor":47,"gold_loss":0}],"is_beta":false,"boss_relics":[{"not_picked":["Ectoplasm","Runic Pyramid"],"picked":"Black Star"},{"not_picked":["SacredBark","Pandora\u0027s Box"],"picked":"HolyWater"}],"items_purged_floors":[5,12,20,41],"is_endless":false,"potions_floor_spawned":[6,8,10,18,21,27,31,33,35,38,47,48],"ascension_level":2}}