{"host":"hw9lt6p3yhr90vz0","time":1611516869,"event":{"mods":["BaseMod","DeckTracker","Minty Spire (QoL Compilation)","Relic Stats"],"gold_per_floor":[116,135,145,145,115,115,146,146,146,146,96,96,96],"floor_reached":12,"language":"ENG","playtime":754,"items_purged":[],"score":103,"play_id":"0aba2a19-b32e-4ec1-9383-480aa2cf92d6","local_time":"20210124143429","is_ascension_mode":true,"campfire_choices":[{"floor":6,"key":"RECALL"},{"floor":8,"key":"REST"}],"circlet_count":0,"master_deck":["Strike_G","Strike_G","Defend_G","Defend_G","Defend_G","Defend_G","Defend_G","Survivor","Neutralize","Deflect","Cloak And Dagger","Calculated Gamble","Blur","Distraction","Phantasmal Killer","All Out Attack"],"relics":["Ring of the Snake","White Beast Statue"],"acts_visited":["Exordium"],"potions_floor_usage":[],"damage_taken":[{"damage":0,"enemies":"Small Slimes","floor":1,"turns":4},{"damage":0,"enemies":"Cultist","floor":2,"turns":4},{"damage":0,"enemies":"2 Louse","floor":3,"turns":4},{"damage":0,"enemies":"Looter","floor":5,"turns":4},{"damage":44,"enemies":"3 Sentries","floor":7,"turns":18},{"damage":48,"enemies":"Lagavulin","floor":12,"turns":10}],"seed_played":"-8542893205001704819","potions_obtained":[{"floor":7,"key":"Energy Potion"}],"is_trial":false,"path_per_floor":["M","M","M","?","M","R","E","R","T","?","?","E"],"character_chosen":"THE_SILENT","items_purchased":[],"campfire_rested":1,"item_purchase_floors":[],"current_hp_per_floor":[63,63,63,63,63,63,19,40,40,40,40,0,0],"gold":96,"neow_bonus":"TRANSFORM_CARD","is_daily":false,"chose_seed":false,"campfire_upgraded":0,"win_rate":0.0,"timestamp":1611516869,"path_taken":["M","M","M","?","?","R","E","R","T","?","?","E"],"items_purchased_type":[],"build_version":"2020-12-22","purchased_purges":0,"victory":false,"max_hp_per_floor":[70,70,70,70,70,70,70,70,70,70,70,70,70],"relic_stats":{"counters":[6,44],"obtain_stats":[{"White Beast Statue":7,"Ring of the Snake":0},{"White Beast Statue":5,"Ring of the Snake":0},{"White Beast Statue":34,"Ring of the Snake":0}],"Ring of the Snake":[12]},"card_choices":[{"not_picked":["Slice","Flechettes"],"picked":"Cloak And Dagger","floor":1},{"not_picked":["Well Laid Plans","Quick Slash"],"picked":"Calculated Gamble","floor":2},{"not_picked":["Bane","Sucker Punch"],"picked":"Blur","floor":3},{"not_picked":["PiercingWail","Expertise"],"picked":"Distraction","floor":5},{"not_picked":["Expertise","Acrobatics"],"picked":"Phantasmal Killer","floor":7}],"player_experience":1257757,"relics_obtained":[{"floor":7,"key":"White Beast Statue"}],"event_choices":[{"damage_healed":0,"gold_gain":0,"player_choice":"Bought 0 Potions","damage_taken":0,"max_hp_gain":0,"max_hp_loss":0,"event_name":"The Woman in Blue","floor":4,"gold_loss":0},{"damage_healed":0,"gold_gain":0,"cards_transformed":["Strike_G"],"player_choice":"Change","damage_taken":0,"max_hp_gain":0,"max_hp_loss":0,"event_name":"Living Wall","floor":10,"gold_loss":0,"cards_obtained":["All Out Attack"]},{"cards_removed":["Strike_G"],"damage_healed":0,"gold_gain":0,"player_choice":"Card Removal","damage_taken":0,"max_hp_gain":0,"max_hp_loss":0,"event_name":"The Cleric","floor":11,"gold_loss":50}],"is_beta":false,"boss_relics":[],"items_purged_floors":[],"is_endless":false,"potions_floor_spawned":[7],"killed_by":"Lagavulin","ascension_level":7}}