{"host":"3uci9gpt6cwo3y1o","time":1611455284,"event":{"mods":["BaseMod","Energized Spire","Minty Spire (QoL Compilation)","MostiFishMod","Relic Filter Mod","Replay The Spire","StSLib","TestMod","¡¾ÒÅÎï¿¨ÅÆ¡¿REMEMod"],"gold_per_floor":[118,118,118,135,153,153,185,197,197,122,122,150,165,198,198,269,269,279,294,304,304,304,304,338,350,388,426,438,26,26,61,61,133,133,152,27,45,55,55,55,89,108,132,159,9,40,51,66,66,70,74,74,74,35,39,39],"floor_reached":55,"language":"ZHS","playtime":2545,"items_purged":["Strike_B","Strike_B","ReplayTheSpireMod:Reroute Power+1","Strike_B"],"score":1641,"play_id":"be139380-cd46-43cc-977d-9e1dac2a140c","local_time":"20210124102804","is_ascension_mode":true,"campfire_choices":[{"data":"MostiFishMod:DawningShadow","floor":6.0,"key":"SMITH"},{"data":"MostiFishMod:GatherIntelligence","floor":11.0,"key":"SMITH"},{"data":"MostiFishMod:InterfaceCompatibility","floor":15.0,"key":"SMITH"},{"floor":23.0,"key":"RECALL"},{"data":"MostiFishMod:ActiveDefenseSystem","floor":28.0,"key":"SMITH"},{"data":"Zap","floor":30.0,"key":"SMITH"},{"data":"Steam Power","floor":32,"key":"SMITH"},{"data":"Cold Snap","floor":40,"key":"SMITH"},{"floor":49,"key":"DIG"},{"data":"Conserve Battery","floor":53,"key":"SMITH"}],"circlet_count":0,"master_deck":["AscendersBane","Strike_B","Defend_B","Defend_B","Defend_B","Defend_B","Zap+1","Dualcast+1","MostiFishMod:DawningShadow+1","Conserve Battery+1","MostiFishMod:GatherIntelligence+1","Cold Snap+1","MostiFishMod:ActiveDefenseSystem+1","Panic Button+1","Steam Power+1","MostiFishMod:Prepare+1","Defragment+1","Coolheaded+1","Panic Button+1","Glacier+1","Loop+1","Doom and Gloom"],"relics":["FrozenCore","DaveBox","testmod-TestBox","REME_ComplimentaryCards","MostiFishMod:AdaptiveDefenses","SynthV:TestCard","testmod-Fortitude","Pear","Pen Nib","testmod-Fanaticism","Nilry\u0027s Codex","MawBank","Bronze Scales","Kunai","PreservedInsect","Medical Kit","Orichalcum","testmod-BouquetWithThorns","SynthV:C4","ReplayFunnel","Ancient Tea Set","Replay:Bandana"],"acts_visited":["Exordium","TheCity","TheBeyond","TheEnding"],"potions_floor_usage":[],"damage_taken":[{"damage":7.0,"enemies":"Jaw Worm","floor":1.0,"turns":3.0},{"damage":9.0,"enemies":"Small Slimes","floor":4.0,"turns":4.0},{"damage":1.0,"enemies":"Cultist","floor":5.0,"turns":3.0},{"damage":30.0,"enemies":"3 Sentries","floor":7.0,"turns":5.0},{"damage":15.0,"enemies":"Large Slime","floor":8.0,"turns":3.0},{"damage":9.0,"enemies":"Gremlin Nob","floor":12.0,"turns":3.0},{"damage":22.0,"enemies":"Blue Slaver","floor":13.0,"turns":3.0},{"damage":19.0,"enemies":"3 Sentries","floor":14.0,"turns":5.0},{"damage":10.0,"enemies":"Hexaghost","floor":16.0,"turns":6.0},{"damage":46.0,"enemies":"3 Byrds","floor":18.0,"turns":4.0},{"damage":15.0,"enemies":"Spheric Guardian","floor":19.0,"turns":4.0},{"damage":101.0,"enemies":"Shelled Parasite and Fungi","floor":20.0,"turns":6.0},{"damage":16.0,"enemies":"Replay:Snechameleon","floor":24.0,"turns":4.0},{"damage":28.0,"enemies":"Gremlin Leader","floor":27.0,"turns":6.0},{"damage":59.0,"enemies":"Replay:Snechameleon","floor":31.0,"turns":5.0},{"damage":2,"enemies":"Collector","floor":33,"turns":7},{"damage":36,"enemies":"3 Darklings","floor":35,"turns":4},{"damage":25,"enemies":"Orb Walker","floor":37,"turns":3},{"damage":40,"enemies":"Spire Growth","floor":38,"turns":4},{"damage":9,"enemies":"R_Hoarder","floor":41,"turns":6},{"damage":6,"enemies":"Maw","floor":42,"turns":5},{"damage":35,"enemies":"Nemesis","floor":44,"turns":3},{"damage":0,"enemies":"R_Hoarder","floor":46,"turns":2},{"damage":45,"enemies":"3 Darklings","floor":47,"turns":3},{"damage":24,"enemies":"Jaw Worm Horde","floor":48,"turns":3},{"damage":41,"enemies":"Replay:Hell Engine","floor":50,"turns":10},{"damage":69,"enemies":"Donu and Deca","floor":51,"turns":8},{"damage":117,"enemies":"Shield and Spear","floor":55,"turns":3}],"seed_played":"-8460201834172895274","potions_obtained":[{"floor":5.0,"key":"Elixir"},{"floor":8.0,"key":"Energy Potion"},{"floor":12.0,"key":"BlessingOfTheForge"},{"floor":13.0,"key":"Swift Potion"},{"floor":46,"key":"Adrenaline Potion"}],"is_trial":false,"path_per_floor":["M","?","?","M","M","R","E","M","T","$","R","E","M","E","R","B",null,"M","M","M","?","?","R","E","?","T","E","R","$","R","E","R","B",null,"M","$","M","M","?","R","E","M","T","E","$","E","M","M","R","B","B",null,"R","$","E"],"character_chosen":"DEFECT","items_purchased":["PreservedInsect","Medical Kit","Doom and Gloom"],"campfire_rested":0,"item_purchase_floors":[29,29,54],"current_hp_per_floor":[71,71,67,69,68,68,48,48,48,48,48,64,59,57,57,47,78,88,82,74,74,53,53,88,98,98,98,98,98,98,98,98,96,98,83,83,98,98,98,98,97,96,96,98,98,98,98,98,98,98,98,98,98,98,0,0],"gold":39,"neow_bonus":"TEN_PERCENT_HP_BONUS","is_daily":false,"chose_seed":false,"campfire_upgraded":8,"win_rate":0.0,"timestamp":1611455284,"path_taken":["M","?","?","M","?","R","E","M","T","$","R","E","M","E","R","BOSS","M","M","M","?","?","R","E","?","T","E","R","$","R","E","R","BOSS","M","?","M","?","?","R","E","M","T","E","?","E","M","M","R","BOSS","BOSS","R","$","E"],"items_purchased_type":["Relic","Relic","Card"],"build_version":"2020-12-22","purchased_purges":4,"victory":false,"max_hp_per_floor":[78,78,78,78,78,78,78,78,78,78,78,88,88,88,88,88,88,88,88,88,88,88,88,88,98,98,98,98,98,98,98,98,98,98,98,98,98,98,98,98,98,98,98,98,98,98,98,98,98,98,98,98,98,98,98,98],"card_choices":[{"not_picked":["Consume","Steam Power","Recycle"],"picked":"SKIP","floor":1.0},{"not_picked":["Stack","Steam","ReplaySort","ReplayTheSpireMod:System Scan","Double Energy"],"picked":"SKIP","floor":4.0},{"not_picked":["Beam Cell","REME_Compress","Scrape","Hologram","Steam"],"picked":"SKIP","floor":5.0},{"not_picked":["BasicCrystalCard","MostiFishMod:Nova","ReplaySolidLightProjector","Recycle"],"picked":"Conserve Battery","floor":7.0},{"not_picked":["Turbo","MostiFishMod:LinkProtocol","Steam","Streamline"],"picked":"MostiFishMod:GatherIntelligence","floor":8.0},{"not_picked":["Beam Cell","Gash","Redo","ReplayTheSpireMod:GoodbyeWorld"],"picked":"Cold Snap","floor":12.0},{"not_picked":["Chaos","Doom and Gloom","Go for the Eyes","Stack","Turbo"],"picked":"SKIP","floor":13.0},{"not_picked":["Self Repair","Rebound","Panic Button","Leap"],"picked":"MostiFishMod:InterfaceCompatibility","floor":14.0},{"not_picked":["MostiFishMod:StrandedSiren","Hyperbeam","MostiFishMod:Distribution","Seek"],"picked":"MostiFishMod:ActiveDefenseSystem","floor":16.0},{"not_picked":["MostiFishMod:PushDownKick","Redo","Ball Lightning","Go for the Eyes"],"picked":"ReplayTheSpireMod:Reroute Power+1","floor":18.0},{"not_picked":["Chaos","Coolheaded","Defragment","Turbo"],"picked":"Panic Button+1","floor":19.0},{"not_picked":["Rebound","Sunder","Panic Button","Gash","White Noise"],"picked":"SKIP","floor":20.0},{"not_picked":["MostiFishMod:FluxCapactior","Redo","Leap","Amplify","Coolheaded"],"picked":"SKIP","floor":24.0},{"not_picked":["Cold Snap","Streamline","MostiFishMod:DeathFromBelow","BasicCrystalCard","Reprogram+1"],"picked":"SKIP","floor":27.0},{"not_picked":["MostiFishMod:Impulse+1","ReplayTheSpireMod:System Scan","Defragment","MostiFishMod:FluxCapactior"],"picked":"Steam Power","floor":31.0},{"not_picked":["MostiFishMod:Hijack","Meteor Strike","MostiFishMod:ReadyAimFire","Buffer"],"picked":"MostiFishMod:Prepare","floor":33},{"not_picked":["Gash","Sweeping Beam","ReplayTheSpireMod:Calculation Training","Go for the Eyes"],"picked":"Defragment+1","floor":35},{"not_picked":["Reinforced Body","ReplayTheSpireMod:Calculation Training","Time Bomb+1","Crystallizer+1","Scrape+1"],"picked":"SKIP","floor":37},{"not_picked":["REME_DataAnalysis+1","Time Bomb","Darkness+1","REME_Compress"],"picked":"Coolheaded+1","floor":38},{"not_picked":["Rip and Tear","Turbo","Defragment","Redo"],"picked":"Panic Button+1","floor":41},{"not_picked":["Panic Button","Ball Lightning","BootSequence","MostiFishMod:PushDownKick","Gash"],"picked":"SKIP","floor":42},{"not_picked":["Skim","Cold Snap","Beam Cell","Double Energy","ReplaySolidLightProjector"],"picked":"SKIP","floor":44},{"not_picked":["Compile Driver","Heatsinks","MostiFishMod:DeathFromBelow","Streamline","Recycle"],"picked":"SKIP","floor":46},{"not_picked":["Conserve Battery","Beam Cell","Barrage","Aggregate"],"picked":"Glacier+1","floor":47},{"not_picked":["Steam","Rip and Tear+1","Conserve Battery","Redo"],"picked":"Loop+1","floor":48}],"player_experience":873252,"relics_obtained":[{"floor":1.0,"key":"SynthV:TestCard"},{"floor":7.0,"key":"testmod-Fortitude"},{"floor":12.0,"key":"Pear"},{"floor":14.0,"key":"Pen Nib"},{"floor":22.0,"key":"Nilry\u0027s Codex"},{"floor":24.0,"key":"MawBank"},{"floor":26.0,"key":"Bronze Scales"},{"floor":27.0,"key":"Kunai"},{"floor":31.0,"key":"Orichalcum"},{"floor":41,"key":"testmod-BouquetWithThorns"},{"floor":43,"key":"SynthV:C4"},{"floor":44,"key":"ReplayFunnel"},{"floor":46,"key":"Ancient Tea Set"},{"floor":49,"key":"Replay:Bandana"}],"event_choices":[{"damage_healed":0.0,"max_hp_gain":0.0,"max_hp_loss":0.0,"gold_gain":0.0,"event_name":"The Woman in Blue","player_choice":"Bought 0 Potions","floor":3.0,"gold_loss":0.0,"damage_taken":0.0},{"damage_healed":0.0,"max_hp_gain":0.0,"max_hp_loss":0.0,"gold_gain":0.0,"event_name":"The Mausoleum","player_choice":"Ignored","floor":21.0,"gold_loss":0.0,"damage_taken":0.0},{"damage_healed":0.0,"max_hp_gain":0.0,"max_hp_loss":0.0,"gold_gain":0.0,"event_name":"Cursed Tome","player_choice":"Obtained Book","floor":22.0,"gold_loss":0.0,"damage_taken":21.0},{"cards_removed":["MostiFishMod:InterfaceCompatibility"],"damage_healed":0.0,"max_hp_gain":10.0,"max_hp_loss":0.0,"gold_gain":0.0,"event_name":"Bonfire Elementals","player_choice":"Offered Rare","floor":25.0,"gold_loss":0.0,"damage_taken":0.0},{"damage_healed":0,"gold_gain":0,"player_choice":"Upgraded","damage_taken":0,"max_hp_gain":0,"max_hp_loss":0,"event_name":"Upgrade Shrine","floor":39,"gold_loss":0,"cards_upgraded":["MostiFishMod:Prepare"]}],"is_beta":false,"boss_relics":[{"not_picked":["GuanYuAspect","energizedSpire:OgreHead"],"picked":"testmod-Fanaticism"},{"not_picked":["testmod-TimeTraveler","Ring of Chaos"],"picked":"FrozenCore"}],"items_purged_floors":[10,29,36,45],"is_endless":false,"potions_floor_spawned":[5,8,12,13,14,24,27,31,42,44,46,48],"killed_by":"Shield and Spear","ascension_level":20}}