{"host":"dhlnk6yox2l1s6up","time":1611456197,"event":{"mods":["BaseMod","Colored Map","Highlight Path","Minty Spire (QoL Compilation)","Relic Stats","StSLib"],"gold_per_floor":[112,129,139,190,40,75,75,88,161,161,181,181,194,223,223,320,320,334,354,354,354,201,201,215,215,215,245,257,257,282,298,298,397,397,415,415,491,491,507,536,536,572,572,593,622,647,306,331,331,331,331,331,63,100,100],"floor_reached":56,"language":"ENG","playtime":5985,"items_purged":["Strike_R","Strike_R"],"score":1679,"play_id":"1cda854c-7366-4bd4-a137-0e322c84d86b","local_time":"20210123204317","is_ascension_mode":true,"campfire_choices":[{"data":"Inflame","floor":7.0,"key":"SMITH"},{"data":"Carnage","floor":10.0,"key":"SMITH"},{"data":"Twin Strike","floor":12.0,"key":"SMITH"},{"data":"Bash","floor":15.0,"key":"SMITH"},{"data":"Feed","floor":23.0,"key":"SMITH"},{"data":"Shrug It Off","floor":25.0,"key":"SMITH"},{"data":"Headbutt","floor":29.0,"key":"SMITH"},{"floor":32.0,"key":"RECALL"},{"data":"Limit Break","floor":41.0,"key":"SMITH"},{"floor":49.0,"key":"REST"},{"data":"Burning Pact","floor":52.0,"key":"SMITH"}],"circlet_count":0,"master_deck":["Strike_R","Strike_R","Strike_R","Defend_R","Defend_R","Defend_R","Defend_R","Bash+1","Carnage+1","Inflame+1","Twin Strike+1","Burning Pact+1","Headbutt+1","Feed+1","Shrug It Off+1","Combust+1","Metallicize+1","Battle Trance","Flame Barrier+1","Limit Break+1","Clothesline+1","Dark Shackles","Dark Shackles","Sentinel+1","Feed","Feel No Pain","True Grit+1","True Grit+1","Rupture","Reaper","Flame Barrier+1","Sentinel+1"],"relics":["Burning Blood","Happy Flower","Bag of Preparation","Torii","Kunai","Odd Mushroom","Akabeko","Snecko Eye","Vajra","FaceOfCleric","Paper Frog","Tiny Chest","Blood Vial","Philosopher\u0027s Stone","StrikeDummy","Centennial Puzzle","CeramicFish","Toxic Egg 2","Eternal Feather","Anchor","Bottled Lightning"],"acts_visited":["Exordium","TheCity","TheBeyond","TheEnding"],"potions_floor_usage":[54,55],"damage_taken":[{"damage":5.0,"enemies":"2 Louse","floor":1.0,"turns":3.0},{"damage":9.0,"enemies":"Jaw Worm","floor":2.0,"turns":5.0},{"damage":0.0,"enemies":"Small Slimes","floor":3.0,"turns":3.0},{"damage":40.0,"enemies":"3 Sentries","floor":6.0,"turns":12.0},{"damage":2.0,"enemies":"3 Louse","floor":8.0,"turns":3.0},{"damage":18.0,"enemies":"The Mushroom Lair","floor":11.0,"turns":5.0},{"damage":9.0,"enemies":"Lots of Slimes","floor":13.0,"turns":4.0},{"damage":30.0,"enemies":"Lagavulin","floor":14.0,"turns":4.0},{"damage":17.0,"enemies":"Hexaghost","floor":16.0,"turns":8.0},{"damage":12.0,"enemies":"Chosen","floor":18.0,"turns":4.0},{"damage":0.0,"enemies":"3 Byrds","floor":19.0,"turns":4.0},{"damage":8.0,"enemies":"Cultist and Chosen","floor":24.0,"turns":5.0},{"damage":27.0,"enemies":"Slavers","floor":27.0,"turns":6.0},{"damage":1.0,"enemies":"Centurion and Healer","floor":28.0,"turns":4.0},{"damage":8.0,"enemies":"Book of Stabbing","floor":30.0,"turns":4.0},{"damage":0.0,"enemies":"Snake Plant","floor":31.0,"turns":1.0},{"damage":45.0,"enemies":"Champ","floor":33.0,"turns":12.0},{"damage":0.0,"enemies":"3 Darklings","floor":35.0,"turns":3.0},{"damage":18.0,"enemies":"Orb Walker","floor":39.0,"turns":2.0},{"damage":6.0,"enemies":"Giant Head","floor":40.0,"turns":5.0},{"damage":24.0,"enemies":"Nemesis","floor":42.0,"turns":5.0},{"damage":18.0,"enemies":"Maw","floor":44.0,"turns":6.0},{"damage":27.0,"enemies":"Transient","floor":45.0,"turns":5.0},{"damage":42.0,"enemies":"Reptomancer","floor":46.0,"turns":5.0},{"damage":0.0,"enemies":"Spire Growth","floor":48.0,"turns":4.0},{"damage":44.0,"enemies":"Time Eater","floor":50.0,"turns":11.0},{"damage":128,"enemies":"Shield and Spear","floor":54,"turns":8},{"damage":128,"enemies":"The Heart","floor":55,"turns":10}],"seed_played":"-5004162134790426721","potions_obtained":[{"floor":1.0,"key":"BloodPotion"},{"floor":2.0,"key":"FairyPotion"},{"floor":3.0,"key":"Dexterity Potion"},{"floor":14.0,"key":"SkillPotion"},{"floor":27.0,"key":"Strength Potion"},{"floor":30.0,"key":"Swift Potion"},{"floor":33.0,"key":"SkillPotion"},{"floor":35.0,"key":"BlessingOfTheForge"},{"floor":42.0,"key":"PowerPotion"},{"floor":48.0,"key":"FairyPotion"},{"floor":54,"key":"GamblersBrew"}],"is_trial":false,"path_per_floor":["M","M","M","?","$","E","R","M","T","R","?","R","M","E","R","B",null,"M","M","?","?","$","R","M","R","T","E","M","R","E","M","R","B",null,"M","?","T","T","M","E","R","E","T","M","M","E","$","M","R","B",null,"R","$","E","B",null],"character_chosen":"IRONCLAD","items_purchased":["Bag of Preparation","Shrug It Off","Block Potion","True Grit+1","Anchor","Block Potion","Rupture","Reaper","Flame Barrier+1"],"campfire_rested":1,"item_purchase_floors":[5,22,22,47,47,47,53,53,53],"current_hp_per_floor":[73,70,76,76,76,42,42,46,46,46,34,34,31,23,23,12,63,60,69,69,69,69,69,72,72,72,52,62,62,65,74,74,38,88,101,91,91,91,82,85,85,74,74,65,47,18,18,31,84,49,109,124,124,33,48],"gold":100,"neow_bonus":"RANDOM_COMMON_RELIC","is_daily":false,"chose_seed":false,"campfire_upgraded":9,"win_rate":0.0,"timestamp":1611456197,"path_taken":["M","M","M","?","$","E","R","M","T","R","?","R","M","E","R","BOSS","M","M","?","?","$","R","M","R","T","E","?","R","E","M","R","BOSS","M","?","?","?","M","E","R","E","T","M","M","E","$","M","R","BOSS","R","$","E","BOSS"],"items_purchased_type":["Relic","Card","Potion","Card","Relic","Potion","Card","Card","Card"],"build_version":"2020-12-22","purchased_purges":2,"victory":true,"max_hp_per_floor":[80,80,80,80,80,80,80,80,80,80,80,80,80,80,80,80,80,83,86,86,86,86,86,91,91,91,92,97,97,102,103,103,104,104,109,109,109,109,110,111,111,116,116,117,118,123,123,128,128,129,129,129,129,133,138],"relic_stats":{"Happy Flower":[50],"Torii":99,"counters":[28,151],"CeramicFish":81,"Eternal Feather":30,"Bag of Preparation":[50],"Burning Blood":168,"Blood Vial":26,"Centennial Puzzle":[20],"FaceOfCleric":17,"Snecko Eye":[226,222,214,198],"Tiny Chest":1,"Kunai":[25],"obtain_stats":[{"Happy Flower":0,"Torii":6,"CeramicFish":42,"Vajra":20,"Eternal Feather":46,"Bag of Preparation":5,"Odd Mushroom":11,"Burning Blood":0,"Akabeko":14,"Blood Vial":30,"Centennial Puzzle":40,"Anchor":47,"FaceOfCleric":21,"Snecko Eye":17,"Tiny Chest":27,"Philosopher\u0027s Stone":34,"Kunai":9,"Bottled Lightning":54,"Toxic Egg 2":43,"StrikeDummy":38,"Paper Frog":26},{"Happy Flower":0,"Torii":4,"CeramicFish":21,"Vajra":11,"Eternal Feather":24,"Bag of Preparation":3,"Odd Mushroom":6,"Burning Blood":0,"Akabeko":8,"Blood Vial":15,"Centennial Puzzle":20,"Anchor":24,"FaceOfCleric":11,"Snecko Eye":9,"Tiny Chest":13,"Philosopher\u0027s Stone":17,"Kunai":5,"Bottled Lightning":27,"Toxic Egg 2":21,"StrikeDummy":18,"Paper Frog":12},{"Happy Flower":0,"Torii":23,"CeramicFish":102,"Vajra":55,"Eternal Feather":118,"Bag of Preparation":11,"Odd Mushroom":31,"Burning Blood":0,"Akabeko":39,"Blood Vial":74,"Centennial Puzzle":97,"Anchor":118,"FaceOfCleric":55,"Snecko Eye":47,"Tiny Chest":66,"Philosopher\u0027s Stone":87,"Kunai":26,"Bottled Lightning":141,"Toxic Egg 2":102,"StrikeDummy":90,"Paper Frog":60}]},"card_choices":[{"not_picked":["Shrug It Off","Pommel Strike"],"picked":"Carnage","floor":1.0},{"not_picked":["Hemokinesis","Wild Strike"],"picked":"Inflame","floor":2.0},{"not_picked":["Iron Wave","Warcry","Whirlwind"],"picked":"SKIP","floor":3.0},{"not_picked":["Fire Breathing","Entrench"],"picked":"Twin Strike","floor":6.0},{"not_picked":["Iron Wave","Warcry"],"picked":"Burning Pact","floor":8.0},{"not_picked":["Body Slam","Anger","True Grit"],"picked":"SKIP","floor":13.0},{"not_picked":["Body Slam","Second Wind"],"picked":"Headbutt","floor":14.0},{"not_picked":["Brutality","Corruption"],"picked":"Feed","floor":16.0},{"not_picked":["Pommel Strike","Heavy Blade","Flex"],"picked":"SKIP","floor":18.0},{"not_picked":["Heavy Blade","Evolve","Rampage+1"],"picked":"SKIP","floor":19.0},{"not_picked":["Whirlwind","Twin Strike"],"picked":"Combust+1","floor":24.0},{"not_picked":["Thunderclap","Perfected Strike+1"],"picked":"Metallicize+1","floor":27.0},{"not_picked":["Warcry","Cleave+1","Sword Boomerang+1"],"picked":"SKIP","floor":28.0},{"not_picked":["Seeing Red","Armaments"],"picked":"Battle Trance","floor":30.0},{"not_picked":["Shrug It Off+1","Infernal Blade"],"picked":"Flame Barrier+1","floor":31.0},{"not_picked":["Berserk","Exhume"],"picked":"Limit Break","floor":33.0},{"not_picked":["Metallicize","Spot Weakness"],"picked":"Clothesline+1","floor":35.0},{"not_picked":["Swift Strike","Discovery"],"picked":"Dark Shackles","floor":36.0},{"not_picked":["Madness","Forethought"],"picked":"Dark Shackles","floor":36.0},{"not_picked":["Cleave","Wild Strike","Iron Wave+1"],"picked":"SKIP","floor":39.0},{"not_picked":["Iron Wave","Rampage","Carnage"],"picked":"SKIP","floor":40.0},{"not_picked":["Wild Strike+1","Combust"],"picked":"Sentinel+1","floor":42.0},{"not_picked":["Iron Wave+1","Anger"],"picked":"Feed","floor":44.0},{"not_picked":["Thunderclap","Cleave+1"],"picked":"Feel No Pain","floor":45.0},{"not_picked":["Anger+1","Double Tap+1","Sword Boomerang"],"picked":"SKIP","floor":46.0},{"not_picked":["Reckless Charge+1","Bloodletting+1"],"picked":"True Grit+1","floor":48.0},{"not_picked":["Havoc+1","Combust"],"picked":"Sentinel+1","floor":54}],"player_experience":5937621,"relics_obtained":[{"floor":6.0,"key":"Torii"},{"floor":9.0,"key":"Kunai"},{"floor":11.0,"key":"Odd Mushroom"},{"floor":14.0,"key":"Akabeko"},{"floor":26.0,"key":"Paper Frog"},{"floor":27.0,"key":"Tiny Chest"},{"floor":30.0,"key":"Blood Vial"},{"floor":38.0,"key":"StrikeDummy"},{"floor":40.0,"key":"Centennial Puzzle"},{"floor":42.0,"key":"CeramicFish"},{"floor":43.0,"key":"Toxic Egg 2"},{"floor":46.0,"key":"Eternal Feather"},{"floor":54,"key":"Bottled Lightning"}],"event_choices":[{"damage_healed":0.0,"max_hp_gain":0.0,"max_hp_loss":0.0,"gold_gain":51.0,"event_name":"Golden Wing","player_choice":"Gained Gold","floor":4.0,"gold_loss":0.0,"damage_taken":0.0},{"damage_healed":0.0,"max_hp_gain":0.0,"max_hp_loss":0.0,"gold_gain":0.0,"event_name":"Mushrooms","player_choice":"Fought Mushrooms","floor":11.0,"gold_loss":0.0,"damage_taken":0.0},{"damage_healed":0.0,"max_hp_gain":0.0,"max_hp_loss":0.0,"gold_gain":0.0,"event_name":"The Mausoleum","player_choice":"Opened","floor":20.0,"gold_loss":0.0,"damage_taken":0.0,"relics_obtained":["Vajra"]},{"damage_healed":0.0,"max_hp_gain":0.0,"max_hp_loss":0.0,"gold_gain":0.0,"event_name":"FaceTrader","player_choice":"Trade","floor":21.0,"gold_loss":0.0,"damage_taken":0.0,"relics_obtained":["FaceOfCleric"]},{"damage_healed":0.0,"max_hp_gain":0.0,"max_hp_loss":0.0,"gold_gain":0.0,"event_name":"SensoryStone","player_choice":"Memory 3","floor":36.0,"gold_loss":0.0,"damage_taken":10.0}],"is_beta":false,"boss_relics":[{"not_picked":["Pandora\u0027s Box","Runic Cube"],"picked":"Snecko Eye"},{"not_picked":["SlaversCollar","Calling Bell"],"picked":"Philosopher\u0027s Stone"}],"items_purged_floors":[22,47],"is_endless":false,"potions_floor_spawned":[1,2,3,14,27,30,33,35,42,48,54],"ascension_level":8}}