{"host":"njb27ds59h4j3ikk","time":1611518193,"event":{"mods":["AchievementEnabler","BaseMod","Better Altar","Better Match","Better Note","Better Sensory Stone","Better Skull","Better Third Choice","BetterRewards","Downfall","Hermit","Hubris","Minty Spire (QoL Compilation)","Permanent Neow","Quarter Circle Forward PUNCH!","Quick Restart","Rare Cards Sparkle","Shop Mod","StSLib","Trackpad","Transform Curses"],"gold_per_floor":[109,109,125,141,141,159,159,192,192,222,239,272,272,382,382,456,506,517,530,549,566,452,477,487,519,519,341,216,249,160,185,185,256,256,267,287,342,362,379,404,421,453,453,453,453,486,321,341,341,341,341,341,341,62,96,96],"floor_reached":57,"language":"ENG","playtime":1068,"items_purged":[],"score":4484,"play_id":"12d06c8f-bc0a-45d0-b62e-f71b0d63b205","local_time":"20210124145633","is_ascension_mode":true,"campfire_choices":[{"data":"Finisher","floor":7.0,"key":"SMITH"},{"data":"Slimebound:GoopTackle","floor":15.0,"key":"SMITH"},{"floor":32,"key":"RECALL"},{"data":"hubris:StunningStrike","floor":49,"key":"SMITH"},{"data":"Hemokinesis","floor":53,"key":"SMITH"}],"circlet_count":0,"master_deck":["AscendersBane","Strike_R","Strike_R","Strike_R","Strike_R","Strike_R","Defend_R","Defend_R","Defend_R","Defend_R+1","Bash+1","Wild Strike","Flash of Steel","Uppercut","Sadistic Nature","Hemokinesis+1","Slimebound:RollThrough","Pommel Strike","Finisher+1","Limit Break+1","Thunderclap+1","Heavy Blade+1","Slimebound:GoopTackle+1","Twin Strike","Berserk","Pommel Strike","Cleave","Iron Wave","Perfected Strike","Offering","Pummel","Slimebound:GoopTackle","Bludgeon","hubris:EnhanceAbility","Discovery","Sword Boomerang","Carnage","Immolate","hubris:StunningStrike+1","Hemokinesis","Anger+1","Thunderclap","Slimebound:Chomp+1","Heavy Blade","Madness","Madness","Cleave","Heavy Blade+1","Power Through+1","Pummel"],"relics":["Burning Blood","hubris:TenFootPole","Potion Belt","champ:Barbells","hubris:BundleOfHerbs","MerchantsRug","hubris:GlazedTorus","Girya","Mummified Hand","hubris:FunFungus","trackpad:BerserkersDraught","hubris:DisguiseKit","trackpad:WritersBlock","Bronze Scales","trackpad:CultistFigurine","qcfpunch:Unceasing_Flame","hubris:IronBody","hubris:Icosahedron","Tiny House","qcfpunch:Red_Gi","Juzu Bracelet","Happy Flower","trackpad:BottledShadow","Question Card","qcfpunch:Not_Strongest_Fighting_Style_Guidebook","expansioncontent:StudyCardRelic","Unceasing Top","Ancient Tea Set","hubris:PeanutButter","qcfpunch:Necklace_of_Skulls","hubris:Towel","hubris:SphereOfDissonance","DollysMirror","Shuriken","hexamod:Sixitude"],"acts_visited":["Exordium","TheCity","TheBeyond","TheEnding"],"potions_floor_usage":[56],"damage_taken":[{"damage":0.0,"enemies":"Cultist","floor":1.0,"turns":1.0},{"damage":2.0,"enemies":"2 Louse","floor":4.0,"turns":1.0},{"damage":2.0,"enemies":"Small Slimes","floor":6.0,"turns":2.0},{"damage":2.0,"enemies":"Gremlin Nob","floor":8.0,"turns":2.0},{"damage":6.0,"enemies":"3 Sentries","floor":10.0,"turns":3.0},{"damage":2.0,"enemies":"Blue Slaver","floor":11.0,"turns":1.0},{"damage":0.0,"enemies":"Lagavulin","floor":12.0,"turns":1.0},{"damage":0.0,"enemies":"2 Fungi Beasts","floor":14.0,"turns":1.0},{"damage":8.0,"enemies":"The Guardian","floor":16.0,"turns":2.0},{"damage":0,"enemies":"2 Thieves","floor":18,"turns":1},{"damage":0,"enemies":"Shell Parasite","floor":19,"turns":1},{"damage":2,"enemies":"3 Cultists","floor":20,"turns":2},{"damage":0,"enemies":"Snake Plant","floor":21,"turns":1},{"damage":0,"enemies":"Book of Stabbing","floor":23,"turns":1},{"damage":0,"enemies":"Shelled Parasite and Fungi","floor":24,"turns":1},{"damage":0,"enemies":"Gremlin Leader","floor":25,"turns":1},{"damage":0,"enemies":"Book of Stabbing","floor":29,"turns":1},{"damage":0,"enemies":"Slavers","floor":31,"turns":1},{"damage":0,"enemies":"Collector","floor":33,"turns":1},{"damage":7,"enemies":"3 Shapes","floor":35,"turns":1},{"damage":0,"enemies":"3 Darklings","floor":36,"turns":1},{"damage":0,"enemies":"2 Orb Walkers","floor":37,"turns":1},{"damage":0,"enemies":"Spire Growth","floor":38,"turns":1},{"damage":7,"enemies":"Sphere and 2 Shapes","floor":39,"turns":2},{"damage":0,"enemies":"Nemesis","floor":40,"turns":1},{"damage":0,"enemies":"Jaw Worm Horde","floor":41,"turns":1},{"damage":0,"enemies":"Reptomancer","floor":42,"turns":1},{"damage":0,"enemies":"Nemesis","floor":46,"turns":1},{"damage":0,"enemies":"Transient","floor":48,"turns":1},{"damage":0,"enemies":"hubris:GrandSnecko","floor":50,"turns":2},{"damage":0,"enemies":"Time Eater","floor":51,"turns":1},{"damage":0,"enemies":"Shield and Spear","floor":55,"turns":1},{"damage":16,"enemies":"The Heart","floor":56,"turns":4}],"seed_played":"2882694639061183336","potions_obtained":[{"floor":1.0,"key":"Block Potion"},{"floor":11.0,"key":"FairyPotion"},{"floor":14.0,"key":"LiquidMemories"},{"floor":17,"key":"bronze:BurnAndBuffPotion"},{"floor":19,"key":"DuplicationPotion"}],"is_trial":false,"path_per_floor":["M","T","$","M","?","M","R","E","T","E","M","E","?","M","R","B",null,"M","M","M","M","?","E","M","E","T","$","?","E","$","E","R","B",null,"M","M","?","M","M","E","M","E","T","?","?","E","$","M","R","B","B",null,"R","$","E","B",null],"character_chosen":"IRONCLAD","items_purchased":["hubris:TenFootPole","Potion Belt","champ:Barbells","Wild Strike","Flash of Steel","MerchantsRug","Pear","hubris:GlazedTorus","Uppercut","Mummified Hand","Sadistic Nature","Hemokinesis","trackpad:BerserkersDraught","hubris:DisguiseKit","bronze:BurnAndBuffPotion","hubris:EnhanceAbility","Immolate","DollysMirror","Shuriken"],"campfire_rested":0,"item_purchase_floors":[0,0,0,0,0,0,0,0,0,0,0,0,0,0,0,27,30,47,54],"current_hp_per_floor":[84,84,84,85,79,83,83,85,85,85,85,85,85,85,85,83,90,90,90,90,90,90,90,90,90,90,90,90,90,90,90,90,90,90,89,90,90,90,89,90,90,90,90,90,82,88,88,90,90,90,90,90,90,90,90,83],"gold":96,"neow_bonus":"","is_daily":false,"chose_seed":false,"campfire_upgraded":4,"win_rate":0.0,"timestamp":1611518193,"path_taken":["M","?","?","M","?","?","R","E","T","E","M","E","?","M","R","BOSS","M","M","M","M","?","E","M","E","T","$","?","E","$","E","R","BOSS","M","M","?","M","M","E","M","E","T","?","?","E","$","M","R","BOSS","BOSS","R","$","E","BOSS"],"items_purchased_type":["Relic","Relic","Relic","Card","Card","Relic","Relic","Relic","Card","Relic","Card","Card","Relic","Relic","Potion","Card","Card","Relic","Relic"],"build_version":"2020-12-22","purchased_purges":0,"victory":true,"max_hp_per_floor":[85,85,85,85,85,85,85,85,85,85,85,85,85,85,85,85,90,90,90,90,90,90,90,90,90,90,90,90,90,90,90,90,90,90,90,90,90,90,90,90,90,90,90,90,90,90,90,90,90,90,90,90,90,90,90,90],"card_choices":[{"not_picked":["Havoc","Cleave","Sword Boomerang"],"picked":"Slimebound:RollThrough","floor":1.0},{"not_picked":["Heavy Blade","Warcry","Slimebound:DivideAndConquer"],"picked":"Pommel Strike","floor":4.0},{"not_picked":["Headbutt","Pommel Strike","Slimebound:FormOfPuddle"],"picked":"Limit Break","floor":6.0},{"not_picked":["Warcry","Second Wind","Slimebound:SplitAcid"],"picked":"Thunderclap","floor":8.0},{"not_picked":["Disarm","Infernal Blade","Bloodletting","Slimebound:Recollect"],"picked":"SKIP","floor":10.0},{"not_picked":["Clash","hubris:ReadiedAction","Slimebound:TongueLash"],"picked":"Heavy Blade","floor":11.0},{"not_picked":["Shrug It Off","Hemokinesis","Perfected Strike"],"picked":"Slimebound:GoopTackle","floor":12.0},{"not_picked":["Body Slam","Cleave","Slimebound:GoopSpray"],"picked":"Twin Strike","floor":14.0},{"not_picked":["Bludgeon","Reaper","Slimebound:Darklings"],"picked":"Berserk","floor":16.0},{"not_picked":["Infernal Blade","hubris:ReadiedAction","Slimebound:HauntingLick"],"picked":"Pommel Strike","floor":17},{"not_picked":["Dual Wield","Wild Strike","Slimebound:GoopSpray"],"picked":"Cleave","floor":18},{"not_picked":["Barricade","Shrug It Off","Slimebound:Prepare"],"picked":"Iron Wave","floor":19},{"not_picked":["Reckless Charge","Wild Strike","Slimebound:SlimeBarrage"],"picked":"Perfected Strike","floor":20},{"not_picked":["Flame Barrier","Infernal Blade","Slimebound:Prepare"],"picked":"Offering","floor":21},{"not_picked":["Sentinel","Combust","Slimebound:ViciousTackle"],"picked":"Pummel","floor":23},{"not_picked":["Wild Strike","Pommel Strike","True Grit+1"],"picked":"Slimebound:GoopTackle","floor":24},{"not_picked":["Armaments","Warcry","Slimebound:RejuvenatingLick"],"picked":"Bludgeon","floor":25},{"not_picked":["Jack Of All Trades","Impatience","Bandage Up"],"picked":"Discovery","floor":28},{"not_picked":["Shrug It Off","Body Slam","Havoc"],"picked":"Sword Boomerang","floor":28},{"not_picked":["Burning Pact","Clash","Slimebound:PrepareCrush"],"picked":"Carnage","floor":29},{"not_picked":["Impervious","Shockwave","Iron Wave","Dual Wield","Slimebound:Repurpose"],"picked":"SKIP","floor":31},{"not_picked":["Juggernaut","Fiend Fire","Offering","Slimebound:DouseInSlime"],"picked":"hubris:StunningStrike","floor":33},{"not_picked":["Warcry","Second Wind+1","Body Slam","Slimebound:ServeAndProtect"],"picked":"Hemokinesis","floor":35},{"not_picked":["Havoc","Second Wind","Searing Blow","Slimebound:SplitSpecialist"],"picked":"Anger+1","floor":36},{"not_picked":["Disarm","Anger","Wild Strike","Slimebound:SplitLeeching"],"picked":"Thunderclap","floor":37},{"not_picked":["Anger+1","Hemokinesis","True Grit","Thunderclap"],"picked":"Slimebound:Chomp","floor":38},{"not_picked":["Twin Strike","Power Through","Thunderclap","Pommel Strike","Slimebound:DivideAndConquer"],"picked":"SKIP","floor":39},{"not_picked":["Rupture","Inflame","Brutality","True Grit","Slimebound:SplitAcid"],"picked":"SKIP","floor":40},{"not_picked":["Seeing Red","Body Slam","Pommel Strike","Slimebound:LeechingTouch"],"picked":"Heavy Blade","floor":41},{"not_picked":["Shockwave","Impervious","Rupture","Offering","Slimebound:SlimeSpikes"],"picked":"SKIP","floor":42},{"not_picked":["Thunderclap","Searing Blow","Evolve+1","Slimebound:RejuvenatingLick"],"picked":"Cleave","floor":46},{"not_picked":["Pummel","True Grit","Second Wind","Slimebound:SplitLeeching"],"picked":"Power Through+1","floor":48},{"not_picked":["Flex","Spot Weakness+1","Warcry","Slimebound:HauntingLick"],"picked":"Pummel","floor":55}],"player_experience":1305839,"relics_obtained":[{"floor":2.0,"key":"trackpad:WritersBlock"},{"floor":8.0,"key":"trackpad:CultistFigurine"},{"floor":10.0,"key":"qcfpunch:Unceasing_Flame"},{"floor":12.0,"key":"hubris:IronBody"},{"floor":23,"key":"Juzu Bracelet"},{"floor":25,"key":"Happy Flower"},{"floor":26,"key":"trackpad:BottledShadow"},{"floor":29,"key":"Question Card"},{"floor":31,"key":"qcfpunch:Not_Strongest_Fighting_Style_Guidebook"},{"floor":37,"key":"Unceasing Top"},{"floor":40,"key":"Ancient Tea Set"},{"floor":42,"key":"hubris:PeanutButter"},{"floor":43,"key":"qcfpunch:Necklace_of_Skulls"},{"floor":46,"key":"hubris:SphereOfDissonance"},{"floor":55,"key":"hexamod:Sixitude"}],"event_choices":[{"damage_healed":0,"gold_gain":0,"player_choice":"Paid Gold","damage_taken":0,"relics_obtained":["qcfpunch:Red_Gi"],"max_hp_gain":0,"max_hp_loss":0,"event_name":"WeMeetAgain","floor":22,"gold_loss":114},{"damage_healed":0,"gold_gain":0,"player_choice":"1","damage_taken":0,"max_hp_gain":0,"max_hp_loss":0,"event_name":"betterMatch:BetterMatch","floor":28,"gold_loss":0,"cards_obtained":["betterMatch:ColorlessUncommonCard","betterMatch:CommonCard","betterMatch:UncommonCard"]},{"damage_healed":0,"gold_gain":0,"player_choice":"Fight","damage_taken":0,"max_hp_gain":0,"max_hp_loss":0,"event_name":"Mysterious Sphere","floor":37,"gold_loss":0},{"damage_healed":0,"gold_gain":0,"player_choice":"Embrace Madness","damage_taken":16,"max_hp_gain":0,"max_hp_loss":0,"event_name":"Winding Halls","floor":45,"gold_loss":0,"cards_obtained":["Madness","Madness"]}],"is_beta":false,"boss_relics":[{"not_picked":["Coffee Dripper","hubris:ScarierMask"],"picked":"Tiny House"},{"not_picked":["Pandora\u0027s Box","Sozu"],"picked":"expansioncontent:StudyCardRelic"}],"items_purged_floors":[],"is_endless":false,"potions_floor_spawned":[1,11,14,16,19,23,25,29,36,41,48],"ascension_level":20}}