{"host":"iph0xvuia0glosgr","time":1611494643,"event":{"mods":["AchievementEnabler","BaseMod","Minty Spire (QoL Compilation)"],"gold_per_floor":[109,109,126,140,140,140,167,167,167,54,64,64,64,89,89,209,209,224,247,247,522,545,545,545],"floor_reached":23,"language":"ENG","playtime":1772,"items_purged":[],"score":215,"play_id":"9198d763-88cb-484b-b691-84b0916b97dd","local_time":"20210124132403","is_ascension_mode":false,"campfire_choices":[{"data":"Zap","floor":6,"key":"SMITH"},{"floor":8,"key":"REST"},{"floor":13,"key":"REST"},{"data":"Loop","floor":15,"key":"SMITH"}],"circlet_count":0,"master_deck":["Defend_B","Defend_B+1","Defend_B+1","Defend_B","Zap+1","Dualcast","Cold Snap","Sweeping Beam","Sunder","Sunder","Loop+1","Fusion","Cold Snap","Leap","All For One","Gash+1","Go for the Eyes","Bite","Bite","Bite","Bite","Bite","Ball Lightning+1"],"relics":["Cracked Core","War Paint","Letter Opener","Spirit Poop","Omamori","Bottled Flame","Golden Idol","Fusion Hammer"],"acts_visited":["Exordium","TheCity"],"potions_floor_usage":[16,19,23,23],"damage_taken":[{"damage":8,"enemies":"Small Slimes","floor":1,"turns":3},{"damage":2,"enemies":"Cultist","floor":3,"turns":3},{"damage":13,"enemies":"Jaw Worm","floor":4,"turns":4},{"damage":28,"enemies":"3 Sentries","floor":7,"turns":6},{"damage":12,"enemies":"Blue Slaver","floor":11,"turns":3},{"damage":8,"enemies":"Gremlin Gang","floor":14,"turns":4},{"damage":25,"enemies":"The Guardian","floor":16,"turns":12},{"damage":17,"enemies":"Spheric Guardian","floor":18,"turns":4},{"damage":2,"enemies":"3 Byrds","floor":19,"turns":4},{"damage":24,"enemies":"Snake Plant","floor":22,"turns":5},{"damage":43,"enemies":"Slavers","floor":23,"turns":4}],"seed_played":"-380061942412413296","potions_obtained":[{"floor":3,"key":"Weak Potion"},{"floor":7,"key":"Strength Potion"},{"floor":11,"key":"SteroidPotion"},{"floor":18,"key":"AttackPotion"}],"is_trial":false,"path_per_floor":["M","?","M","M","?","R","E","R","T","$","M","?","R","M","R","B",null,"M","M","?","?","M","E"],"character_chosen":"DEFECT","items_purchased":["Loop","Fusion"],"campfire_rested":2,"item_purchase_floors":[10,10],"current_hp_per_floor":[67,67,65,52,52,52,24,46,46,46,34,34,56,48,48,23,75,58,56,52,52,36,0,0],"gold":545,"neow_bonus":"RANDOM_COMMON_RELIC","is_daily":false,"chose_seed":false,"campfire_upgraded":2,"win_rate":0.0,"timestamp":1611494643,"path_taken":["M","?","M","M","?","R","E","R","T","$","?","?","R","M","R","BOSS","M","M","?","?","?","E"],"items_purchased_type":["Card","Card"],"build_version":"2020-12-22","purchased_purges":0,"victory":false,"max_hp_per_floor":[75,75,75,75,75,75,75,75,75,75,75,75,75,75,75,75,75,75,75,52,52,52,52,52],"card_choices":[{"not_picked":["Hello World","Chaos"],"picked":"Cold Snap","floor":1},{"not_picked":["Gash","Turbo"],"picked":"Sweeping Beam","floor":3},{"not_picked":["Skim","Melter"],"picked":"Sunder","floor":4},{"not_picked":["Rainbow","Conserve Battery"],"picked":"Sunder","floor":7},{"not_picked":["Static Discharge","Barrage"],"picked":"Cold Snap","floor":11},{"not_picked":["Double Energy","Barrage"],"picked":"Leap","floor":14},{"not_picked":["Machine Learning","Amplify"],"picked":"All For One","floor":16},{"not_picked":["Conserve Battery","Reprogram"],"picked":"Gash+1","floor":18},{"not_picked":["Conserve Battery","Capacitor"],"picked":"Go for the Eyes","floor":19},{"not_picked":["Genetic Algorithm","Rip and Tear"],"picked":"Ball Lightning+1","floor":22}],"player_experience":220383,"relics_obtained":[{"floor":7,"key":"Omamori"},{"floor":9,"key":"Bottled Flame"}],"event_choices":[{"damage_healed":0,"gold_gain":0,"player_choice":"Box","damage_taken":0,"relics_obtained":["Letter Opener"],"max_hp_gain":0,"max_hp_loss":0,"event_name":"Big Fish","floor":2,"gold_loss":0,"cards_obtained":["Regret"]},{"cards_removed":["Regret"],"damage_healed":0,"gold_gain":0,"player_choice":"Offered Curse","damage_taken":0,"relics_obtained":["Spirit Poop"],"max_hp_gain":0,"max_hp_loss":0,"event_name":"Bonfire Elementals","floor":5,"gold_loss":0},{"damage_healed":0,"gold_gain":0,"player_choice":"Take Wound","damage_taken":0,"relics_obtained":["Golden Idol"],"max_hp_gain":0,"max_hp_loss":0,"event_name":"Golden Idol","floor":12,"gold_loss":0,"cards_obtained":["Injury"]},{"damage_healed":0,"gold_gain":0,"player_choice":"Became a vampire","damage_taken":0,"max_hp_gain":0,"max_hp_loss":23,"event_name":"Vampires","floor":20,"gold_loss":0,"cards_obtained":["Bite","Bite","Bite","Bite","Bite"]},{"damage_healed":0,"gold_gain":275,"player_choice":"Desecrate","damage_taken":0,"max_hp_gain":0,"max_hp_loss":0,"event_name":"Golden Shrine","floor":21,"gold_loss":0,"cards_obtained":["Regret"]}],"is_beta":false,"boss_relics":[{"not_picked":["Coffee Dripper","SacredBark"],"picked":"Fusion Hammer"}],"items_purged_floors":[],"is_endless":false,"potions_floor_spawned":[3,7,11,18],"killed_by":"Slavers","ascension_level":0}}