{"host":"9ndbo4kgsfoemf7y","time":1611487770,"event":{"mods":["AchievementEnabler","BaseMod","Colored Map","DeckTracker","Keyboard Shortcuts","Minty Spire (QoL Compilation)","Permanent Neow","Quick Restart","Relic Stats","StSLib","SuperFastMode"],"gold_per_floor":[111,122,142,152,165,198,50,64,64,64,84,102,102,122,122,220,220,190,90,90,90,90],"floor_reached":21,"language":"KOR","playtime":727,"items_purged":["Strike_B","Strike_B"],"score":259,"play_id":"a784ae2c-b0c3-4fff-96af-e5caa040cb46","local_time":"20210124202930","is_ascension_mode":true,"campfire_choices":[{"floor":10.0,"key":"REST"},{"floor":13.0,"key":"REST"},{"floor":15.0,"key":"REST"}],"circlet_count":0,"master_deck":["Strike_B","Strike_B","Defend_B","Defend_B","Defend_B","Defend_B","Zap","Dualcast","Cold Snap","Coolheaded","Sweeping Beam","Melter","Streamline","Blizzard","Double Energy","Coolheaded","Loop","Coolheaded","Core Surge","Self Repair","Seek"],"relics":["Cracked Core","WingedGreaves","Blue Candle","Unceasing Top","Inserter"],"acts_visited":["Exordium","TheCity"],"potions_floor_usage":[16,16],"damage_taken":[{"damage":2.0,"enemies":"2 Louse","floor":1.0,"turns":2.0},{"damage":0.0,"enemies":"Cultist","floor":2.0,"turns":4.0},{"damage":5.0,"enemies":"Jaw Worm","floor":3.0,"turns":3.0},{"damage":8.0,"enemies":"Looter","floor":4.0,"turns":4.0},{"damage":1.0,"enemies":"Exordium Thugs","floor":5.0,"turns":4.0},{"damage":26.0,"enemies":"Gremlin Nob","floor":6.0,"turns":4.0},{"damage":1.0,"enemies":"2 Fungi Beasts","floor":8.0,"turns":2.0},{"damage":4.0,"enemies":"Exordium Wildlife","floor":11.0,"turns":6.0},{"damage":10.0,"enemies":"Blue Slaver","floor":12.0,"turns":3.0},{"damage":33.0,"enemies":"3 Louse","floor":14.0,"turns":4.0},{"damage":16,"enemies":"Hexaghost","floor":16,"turns":10},{"damage":54,"enemies":"2 Thieves","floor":18,"turns":5},{"damage":7,"enemies":"Shell Parasite","floor":21,"turns":1}],"seed_played":"-6202009945891857142","potions_obtained":[{"floor":2.0,"key":"GamblersBrew"},{"floor":6.0,"key":"LiquidBronze"},{"floor":8.0,"key":"Block Potion"},{"floor":12.0,"key":"Swift Potion"},{"floor":18,"key":"FearPotion"}],"is_trial":false,"path_per_floor":["M","M","M","M","M","E","$","M","T","R","M","M","R","M","R","B",null,"M","$","?","M"],"character_chosen":"DEFECT","items_purchased":["Double Energy"],"campfire_rested":3,"item_purchase_floors":[7],"current_hp_per_floor":[48,48,43,35,34,8,8,7,7,29,25,15,37,4,26,10,59,5,5,5,0,0],"gold":90,"neow_bonus":"ONE_RARE_RELIC","is_daily":false,"chose_seed":false,"campfire_upgraded":0,"win_rate":0.0,"timestamp":1611487770,"path_taken":["M","M","M","M","M","E","$","M","T","R","M","M","R","M","R","BOSS","M","$","?","?"],"items_purchased_type":["Card"],"build_version":"2020-12-22","purchased_purges":2,"victory":false,"max_hp_per_floor":[75,75,75,75,75,75,75,75,75,75,75,75,75,75,75,75,75,75,75,75,75,75],"relic_stats":{"Inserter":[3],"counters":[13,52],"Blue Candle":[0],"obtain_stats":[{"Inserter":17,"Blue Candle":6,"WingedGreaves":0,"Cracked Core":0,"Unceasing Top":9},{"Inserter":11,"Blue Candle":6,"WingedGreaves":0,"Cracked Core":0,"Unceasing Top":7},{"Inserter":46,"Blue Candle":21,"WingedGreaves":0,"Cracked Core":0,"Unceasing Top":23}],"Unceasing Top":[1]},"card_choices":[{"not_picked":["Streamline","Rebound"],"picked":"Cold Snap","floor":1.0},{"not_picked":["Streamline","Meteor Strike"],"picked":"Coolheaded","floor":2.0},{"not_picked":["Rebound","Cold Snap"],"picked":"Sweeping Beam","floor":3.0},{"not_picked":["Barrage","Cold Snap"],"picked":"Melter","floor":4.0},{"not_picked":["Redo","Gash"],"picked":"Streamline","floor":5.0},{"not_picked":["Fission","Redo"],"picked":"Blizzard","floor":6.0},{"not_picked":["Compile Driver","Steam"],"picked":"Coolheaded","floor":8.0},{"not_picked":["Fusion","Core Surge"],"picked":"Loop","floor":11.0},{"not_picked":["Compile Driver","Redo"],"picked":"Capacitor","floor":12.0},{"not_picked":["Gash","Rebound"],"picked":"Coolheaded","floor":14.0},{"not_picked":["Biased Cognition","Hyperbeam"],"picked":"Core Surge","floor":16},{"not_picked":["Ball Lightning","Cold Snap"],"picked":"Self Repair","floor":18}],"player_experience":843368,"relics_obtained":[{"floor":6.0,"key":"Blue Candle"},{"floor":9.0,"key":"Unceasing Top"}],"event_choices":[{"damage_healed":0,"gold_gain":0,"cards_transformed":["Capacitor"],"player_choice":"Transformed","damage_taken":0,"max_hp_gain":0,"max_hp_loss":0,"event_name":"Transmorgrifier","floor":20,"gold_loss":0,"cards_obtained":["Seek"]}],"is_beta":false,"boss_relics":[{"not_picked":["Coffee Dripper","SacredBark"],"picked":"Inserter"}],"items_purged_floors":[7,19],"is_endless":false,"potions_floor_spawned":[2,6,8,11,12,18],"killed_by":"Shell Parasite","ascension_level":8}}