{"host":"gtv41eena9h15rk5","time":1611474748,"event":{"mods":["BaseMod","Colored Powertips","Downfall","Marisa£®ÏF”Í°°ƒß¿Ì…≥£©","Minty Spire (QoL Compilation)","Replay The Spire","Shop Mod","StSLib","The Bug Knight","The Construct","The Cursed","The Runesmith","The Servant 0.9.4","[IsaacMod]“‘»ˆº‚À˛"],"gold_per_floor":[117,117,117,129,129,163,163,163,163,179,190,43,43,70,70,167,167,187,187,206,223,177,177,192,227,227,227,245,160,93,112,112,208,208,218,218,17,117,16,16,33,64,116,144,159,159,159,174,174,174],"floor_reached":51,"language":"ZHS","playtime":2074,"items_purged":["Defend_B","Defend_R"],"score":813,"play_id":"a7b9f1dc-d025-4ea8-8ed6-6fa42ae1f7f6","local_time":"20210124155228","is_ascension_mode":true,"campfire_choices":[{"data":"Whirlwind","floor":7,"key":"SMITH"},{"floor":13,"key":"RECALL"},{"floor":15,"key":"DIG"},{"data":"Offering","floor":23,"key":"SMITH"},{"data":"ReplayTheSpireMod:Private Reserves","floor":27,"key":"SMITH"},{"floor":32,"key":"REST"},{"floor":40,"key":"REST"},{"floor":49,"key":"DIG"}],"circlet_count":0,"master_deck":["Strike_R","Strike_R","Strike_R","Strike_R","Defend_R","Defend_R","Defend_R+1","Bash","EpicFetus+1","Survivor+1","Whirlwind+1","Whirlwind","ReplayTheSpireMod:Private Reserves+1","Offering+1","Rupture+1","Heavy Blade","Warcry","Whirlwind","Offering","Pot Of Greed","Pot Of Greed","ReplayTheSpireMod:Muscle Training","Burning Pact+1","Offering","Offering","Bloodletting+1","Pot Of Greed","Heavy Blade+1","Writhe"],"relics":["Burning Blood","HushsDoor","Chaos","Ring of Fury","ReplayTheSpireMod:Ring of Collecting","MomsKnife","Ring of Peace","Blue Doll","MerchantsRug","Shuriken","Paper Frog","RottenBaby","Symbiotic Virus","Ring of Hypnosis","Philosopher\u0027s Stone","Fusion Hammer","Grinning Jar","Runesmith:Locket","ReplayTheSpireMod:Ring of Addiction","HowToJump","White Beast Statue","Potion Belt","StoneCalendar","ReplayTheSpireMod:TigerMarble"],"acts_visited":["Exordium","TheCity","TheBeyond"],"potions_floor_usage":[22,44,50,50,50],"damage_taken":[{"damage":9,"enemies":"Small Slimes","floor":1,"turns":5},{"damage":0,"enemies":"2 Louse","floor":4,"turns":4},{"damage":29,"enemies":"Lagavulin","floor":6,"turns":5},{"damage":0,"enemies":"Cultist","floor":10,"turns":3},{"damage":0,"enemies":"3 Louse","floor":11,"turns":2},{"damage":0,"enemies":"Slime Boss","floor":16,"turns":5},{"damage":6,"enemies":"Spheric Guardian","floor":18,"turns":3},{"damage":8,"enemies":"2 Thieves","floor":20,"turns":2},{"damage":12,"enemies":"Snake Plant","floor":21,"turns":4},{"damage":8,"enemies":"Cultist and Chosen","floor":24,"turns":4},{"damage":14,"enemies":"Replay:Snechameleon","floor":25,"turns":4},{"damage":14,"enemies":"Centurion and Healer","floor":28,"turns":3},{"damage":21,"enemies":"Snake Plant","floor":31,"turns":3},{"damage":49,"enemies":"Pondfish","floor":33,"turns":6},{"damage":45,"enemies":"3 Shapes","floor":35,"turns":2},{"damage":6,"enemies":"Orb Walker","floor":41,"turns":3},{"damage":28,"enemies":"Nemesis","floor":42,"turns":3},{"damage":33,"enemies":"R_Hoarder","floor":44,"turns":4},{"damage":6,"enemies":"3 Darklings","floor":45,"turns":2},{"damage":16,"enemies":"Transient","floor":48,"turns":5},{"damage":46,"enemies":"Replay:Hell Engine","floor":50,"turns":4}],"seed_played":"7727121286205802993","potions_obtained":[{"floor":1,"key":"Strength Potion"},{"floor":4,"key":"Guardian:BlockOnCardUsePotion"},{"floor":16,"key":"GamblersBrew"},{"floor":18,"key":"Adrenaline Potion"},{"floor":20,"key":"Swift Potion"},{"floor":24,"key":"Energy Potion"},{"floor":25,"key":"SpeedPotion"},{"floor":31,"key":"Fire Potion"},{"floor":42,"key":"Ancient Potion"},{"floor":43,"key":"Dexterity Potion"},{"floor":43,"key":"Weak Potion"},{"floor":43,"key":"BlessingOfTheForge"},{"floor":44,"key":"Weak Potion"},{"floor":45,"key":"SkillPotion"},{"floor":48,"key":"Elixir"}],"is_trial":false,"path_per_floor":["M","?","?","M","?","E","R","?","T","M","M","$","R","?","R","B",null,"M","?","M","M","$","R","M","E","T","R","M","?","$","M","R","B",null,"M","?","$","?","$","R","M","E","T","E","M","?","?","M","R","B",null],"character_chosen":"IRONCLAD","items_purchased":["MerchantsRug","ReplayTheSpireMod:Private Reserves","EntropicBrew","Grinning Jar","ReplayTheSpireMod:Muscle Training","Offering"],"campfire_rested":2,"item_purchase_floors":[12,12,22,37,37,39],"current_hp_per_floor":[93,74,74,80,80,57,57,62,62,68,74,74,74,74,74,80,101,101,81,79,73,73,73,71,63,63,63,55,55,55,40,71,28,106,67,67,67,67,67,98,98,76,76,49,49,49,76,66,66,32],"gold":174,"neow_bonus":"TWENTY_PERCENT_HP_BONUS","is_daily":false,"chose_seed":false,"campfire_upgraded":3,"win_rate":0.0,"timestamp":1611474748,"path_taken":["M","?","?","M","?","E","R","?","T","M","?","$","R","?","R","BOSS","M","?","?","M","?","R","?","E","T","R","M","?","$","M","R","BOSS","M","?","$","?","$","R","M","E","T","E","M","?","?","M","R","BOSS"],"items_purchased_type":["Relic","Card","Potion","Relic","Card","Card"],"build_version":"2020-12-22","purchased_purges":2,"victory":true,"max_hp_per_floor":[96,96,96,96,96,96,96,101,101,101,101,101,101,101,101,101,101,101,106,106,106,106,106,106,106,106,106,106,106,106,106,106,106,106,106,106,106,106,106,106,106,106,106,106,106,106,106,104,104,104],"card_choices":[{"not_picked":[],"picked":"EpicFetus","floor":0},{"not_picked":["Headbutt","ReplayTheSpireMod:Limb From Limb"],"picked":"Bomb","floor":1},{"not_picked":["True Grit","Massacre"],"picked":"Whirlwind","floor":4},{"not_picked":["ReplayTheSpireMod:Corrosion Curse","Juggernaut","Anger"],"picked":"SKIP","floor":6},{"not_picked":["Wild Strike","Massacre","Rage"],"picked":"SKIP","floor":10},{"not_picked":["Armaments","ReplayReversal"],"picked":"Whirlwind","floor":11},{"not_picked":["Demon Form","Brutality"],"picked":"Offering","floor":16},{"not_picked":["Hemokinesis+1","Twin Strike+1"],"picked":"Rupture+1","floor":18},{"not_picked":["Anger","Clash+1"],"picked":"Heavy Blade","floor":20},{"not_picked":["Headbutt","Iron Wave","Replay:Undeath\u0027s Touch"],"picked":"SKIP","floor":21},{"not_picked":["Anger","Bludgeon"],"picked":"Warcry","floor":24},{"not_picked":["Shrug It Off","Run Through+1"],"picked":"Whirlwind","floor":25},{"not_picked":["Iron Wave","Headbutt+1","Run Through"],"picked":"SKIP","floor":28},{"not_picked":["ReplayReversal","Cleave","Iron Wave"],"picked":"SKIP","floor":31},{"not_picked":["Demonic Infusion","Exhume"],"picked":"Offering","floor":33},{"not_picked":["Thunderclap","Flex","Replay:Undeath\u0027s Touch+1"],"picked":"SKIP","floor":35},{"not_picked":["Abandon","Body Slam"],"picked":"Burning Pact+1","floor":38},{"not_picked":["Body Slam","ReplayTheSpireMod:Corrosion Curse+1"],"picked":"Bloodletting+1","floor":41},{"not_picked":["Replay:Undeath\u0027s Touch+1","Wild Strike+1"],"picked":"Heavy Blade+1","floor":42},{"not_picked":["Hemogenesis","Blood for Blood+1","ReplayTheSpireMod:Limb From Limb+1"],"picked":"SKIP","floor":44},{"not_picked":["Flex","Cleave+1","Replay:Undeath\u0027s Touch"],"picked":"SKIP","floor":45},{"not_picked":["Anger+1","Heavy Blade+1","Body Slam"],"picked":"SKIP","floor":48}],"player_experience":214269,"relics_obtained":[{"floor":3,"key":"Ring of Fury"},{"floor":3,"key":"ReplayTheSpireMod:Ring of Collecting"},{"floor":6,"key":"MomsKnife"},{"floor":9,"key":"Ring of Peace"},{"floor":9,"key":"Blue Doll"},{"floor":14,"key":"Shuriken"},{"floor":15,"key":"Paper Frog"},{"floor":25,"key":"Symbiotic Virus"},{"floor":26,"key":"Ring of Hypnosis"},{"floor":42,"key":"Runesmith:Locket"},{"floor":43,"key":"ReplayTheSpireMod:Ring of Addiction"},{"floor":43,"key":"HowToJump"},{"floor":43,"key":"White Beast Statue"},{"floor":43,"key":"Potion Belt"},{"floor":44,"key":"StoneCalendar"},{"floor":49,"key":"ReplayTheSpireMod:TigerMarble"}],"event_choices":[{"damage_healed":0,"gold_gain":0,"player_choice":"Entered Light","damage_taken":19,"max_hp_gain":0,"max_hp_loss":0,"event_name":"Shining Light","floor":2,"gold_loss":0,"cards_upgraded":["EpicFetus","Defend_R"]},{"damage_healed":0,"gold_gain":0,"player_choice":"Donut","damage_taken":0,"max_hp_gain":5,"max_hp_loss":0,"event_name":"Big Fish","floor":8,"gold_loss":0},{"damage_healed":0,"gold_gain":0,"player_choice":"Shed Blood","damage_taken":25,"max_hp_gain":5,"max_hp_loss":0,"event_name":"Forgotten Altar","floor":19,"gold_loss":0},{"damage_healed":0,"gold_gain":0,"player_choice":"Obtained Relic","damage_taken":0,"relics_obtained":["Philosopher\u0027s Stone"],"max_hp_gain":0,"max_hp_loss":0,"event_name":"Addict","floor":29,"gold_loss":85},{"cards_removed":["Strike_R"],"damage_healed":0,"gold_gain":0,"player_choice":"Removed Attack","damage_taken":0,"max_hp_gain":0,"max_hp_loss":0,"event_name":"Falling","floor":36,"gold_loss":0},{"damage_healed":0,"gold_gain":0,"player_choice":"Ignored","damage_taken":0,"max_hp_gain":0,"max_hp_loss":0,"event_name":"The Moai Head","floor":46,"gold_loss":0},{"damage_healed":27,"gold_gain":0,"player_choice":"Writhe","damage_taken":0,"max_hp_gain":0,"max_hp_loss":0,"event_name":"Winding Halls","floor":47,"gold_loss":0,"cards_obtained":["Writhe"]}],"is_beta":false,"boss_relics":[{"not_picked":["Quantum Egg","Bag of Marbles"],"picked":"RottenBaby"},{"not_picked":[]},{"not_picked":["GnawedLeaf","Replay:Bronze Core"],"picked":"Fusion Hammer"},{"not_picked":[]}],"items_purged_floors":[22,30],"is_endless":false,"potions_floor_spawned":[1,4,16,18,20,24,25,31,42,44,45,48],"ascension_level":4}}