{"host":"l2dnabsh5e0fsksb","time":1611474737,"event":{"mods":["2.2 Compatiblity","BaseMod","Downfall","Minty Spire (QoL Compilation)","Quick Restart","StSLib"],"gold_per_floor":[99,119,294,294,314,314,314,326,126,143,161,161,186,197,215,215,215,215],"floor_reached":16,"language":"ENG","playtime":677,"items_purged":[],"score":135,"play_id":"74273d91-ce59-47bb-b843-fcaafb4a770b","local_time":"20210124182217","is_ascension_mode":true,"campfire_choices":[{"floor":1,"key":"RECALL"},{"data":"bronze:WhirlingStrike","floor":9,"key":"SMITH"},{"data":"bronze:Iterate","floor":12,"key":"SMITH"}],"circlet_count":0,"master_deck":["bronze:Strike","bronze:Strike","bronze:Strike","bronze:Defend","bronze:Defend","bronze:Defend","bronze:Defend","bronze:Replicate","bronze:Goto","bronze:Philosophize","bronze:OilSpill","Doubt","Regret","bronze:ForceShield","bronze:WhirlingStrike+1","bronze:FineTuning","bronze:Iterate+1","bronze:Shell","bronze:Separator"],"relics":["bronze:BronzeCore","CaptainsWheel","hexamod:CandleOfCauterizing","downfall:HeartBlessingBlue","downfall:HeartBlessingRed","Vajra"],"acts_visited":[],"potions_floor_usage":[16,16],"damage_taken":[{"damage":1,"enemies":"2 Louse","floor":2,"turns":4},{"damage":2,"enemies":"Small Slimes","floor":5,"turns":4},{"damage":12,"enemies":"Jaw Worm","floor":8,"turns":3},{"damage":11,"enemies":"Lots of Slimes","floor":10,"turns":2},{"damage":7,"enemies":"3 Louse","floor":11,"turns":3},{"damage":10,"enemies":"Lagavulin","floor":13,"turns":3},{"damage":13,"enemies":"Exordium Wildlife","floor":14,"turns":2},{"damage":2,"enemies":"Gremlin Gang","floor":15,"turns":3},{"damage":24,"enemies":"DF_ARCHETYPE_STREAMLINE","floor":16,"turns":4}],"seed_played":"-4503250144451993988","potions_obtained":[{"floor":11,"key":"GamblersBrew"},{"floor":14,"key":"bronze:BurnAndBuffPotion"},{"floor":15,"key":"SpeedPotion"}],"is_trial":false,"path_per_floor":["R","M","?","?","M","T","T","M","R","M","M","R","E","M","M","B"],"character_chosen":"THE_AUTOMATON","items_purchased":[],"campfire_rested":0,"item_purchase_floors":[],"current_hp_per_floor":[63,62,62,62,60,60,60,48,58,47,40,40,30,17,15,0,0,0],"gold":215,"neow_bonus":"TRANSFORM_CARD","is_daily":false,"chose_seed":false,"campfire_upgraded":2,"win_rate":0.0,"timestamp":1611474737,"path_taken":["R","M","?","?","M","?","T","M","R","M","M","R","E","?","M","BOSS"],"items_purchased_type":[],"build_version":"2020-12-22","purchased_purges":0,"victory":false,"max_hp_per_floor":[70,70,70,70,70,70,70,70,80,80,80,80,80,80,80,80,80,80],"card_choices":[{"not_picked":["bronze:BuggyMess","bronze:CloningBeam"],"picked":"bronze:OilSpill","floor":2},{"not_picked":["bronze:Overheat","bronze:BronzeArmor"],"picked":"bronze:ForceShield","floor":5},{"not_picked":["bronze:Deprecate","bronze:DelayedGuard"],"picked":"bronze:WhirlingStrike","floor":8},{"not_picked":["bronze:GetLatest","bronze:Return"],"picked":"bronze:FineTuning","floor":10},{"not_picked":["bronze:Invalidate","bronze:ChildClass"],"picked":"bronze:Iterate","floor":11},{"not_picked":["bronze:BugBarrage","bronze:Assembly"],"picked":"bronze:Shell","floor":13},{"not_picked":["bronze:WildBeam","bronze:Turbo"],"picked":"bronze:Separator","floor":14},{"not_picked":["bronze:Separator","bronze:WildBeam","bronze:Invalidate"],"picked":"SKIP","floor":15}],"player_experience":1829758,"relics_obtained":[{"floor":6,"key":"hexamod:CandleOfCauterizing"},{"floor":13,"key":"Vajra"}],"event_choices":[{"damage_healed":0,"gold_gain":0,"player_choice":"Box","damage_taken":0,"relics_obtained":["CaptainsWheel"],"max_hp_gain":0,"max_hp_loss":0,"event_name":"Big Fish","floor":4,"gold_loss":0,"cards_obtained":["Regret"]}],"is_beta":false,"boss_relics":[],"items_purged_floors":[],"is_endless":false,"potions_floor_spawned":[11,14,15],"killed_by":"DF_ARCHETYPE_STREAMLINE","ascension_level":6}}