{"host":"kywtqy4o43fs5yna","time":1611479069,"event":{"mods":["AchievementEnabler","Act Like it!","BaseMod","Better Note","BetterRewards","Colored Map","Minty Spire (QoL Compilation)","Quick Restart","Rare Cards Sparkle","StSLib"],"gold_per_floor":[110,60,72,72,89,117,134,134,134,151,151,171,186,201,201,301,601,614,631,506,506,264,264,279,290,290,290],"floor_reached":26,"language":"RUS","playtime":1426,"items_purged":["Bash","Defend_R","Strike_R","Strike_R"],"score":314,"play_id":"b8492a28-e48b-43b9-9007-1c5964e087f1","local_time":"20210124190429","is_ascension_mode":false,"campfire_choices":[{"data":"Anger","floor":8,"key":"SMITH"},{"floor":11,"key":"REST"},{"data":"Defend_R","floor":15,"key":"SMITH"},{"data":"Flash of Steel","floor":23,"key":"SMITH"}],"circlet_count":0,"master_deck":["Strike_R","Defend_R+1","Defend_R+1","Defend_R+1","Anger+1","CurseOfTheBell","Clash","Flash of Steel+1"],"relics":["Burning Blood","Question Card","Lantern","War Paint","Calling Bell","Bag of Marbles","Gremlin Horn","Old Coin"],"acts_visited":["Exordium","TheCity"],"potions_floor_usage":[6,6,16,25],"damage_taken":[{"damage":12,"enemies":"Jaw Worm","floor":1,"turns":4},{"damage":1,"enemies":"2 Louse","floor":3,"turns":2},{"damage":1,"enemies":"Cultist","floor":5,"turns":4},{"damage":26,"enemies":"Lagavulin","floor":6,"turns":5},{"damage":5,"enemies":"Looter","floor":7,"turns":3},{"damage":0,"enemies":"3 Louse","floor":10,"turns":3},{"damage":12,"enemies":"Exordium Thugs","floor":12,"turns":5},{"damage":0,"enemies":"Exordium Wildlife","floor":13,"turns":2},{"damage":0,"enemies":"Red Slaver","floor":14,"turns":4},{"damage":35,"enemies":"Slime Boss","floor":16,"turns":10},{"damage":10,"enemies":"Chosen","floor":18,"turns":5},{"damage":10,"enemies":"Shell Parasite","floor":19,"turns":7},{"damage":22,"enemies":"Centurion and Healer","floor":24,"turns":8},{"damage":33,"enemies":"Shelled Parasite and Fungi","floor":25,"turns":8}],"seed_played":"-2051015200065156179","potions_obtained":[{"floor":1,"key":"AttackPotion"},{"floor":3,"key":"Explosive Potion"},{"floor":14,"key":"Fire Potion"},{"floor":16,"key":"SkillPotion"},{"floor":18,"key":"SteroidPotion"},{"floor":25,"key":"Fire Potion"}],"is_trial":false,"path_per_floor":["M","?","M","$","M","E","M","R","T","M","R","M","M","M","R","B",null,"M","M","$","?","$","R","M","M","T"],"character_chosen":"IRONCLAD","items_purchased":["Question Card","Anger","Flash of Steel"],"campfire_rested":1,"item_purchase_floors":[0,0,22],"current_hp_per_floor":[26,26,31,31,36,16,17,17,17,23,47,41,47,53,53,24,80,76,72,72,72,72,72,56,29,29,29],"gold":290,"neow_bonus":"","is_daily":false,"chose_seed":false,"campfire_upgraded":3,"win_rate":0.0,"timestamp":1611479069,"path_taken":["M","?","M","$","M","E","M","R","T","M","R","M","M","M","R","BOSS","M","M","$","?","$","R","M","?","T"],"items_purchased_type":["Relic","Card","Card"],"build_version":"2020-12-22","purchased_purges":4,"victory":false,"max_hp_per_floor":[80,80,80,80,80,80,80,80,80,80,80,80,80,80,80,80,80,80,80,80,80,80,80,80,80,80,80],"card_choices":[{"not_picked":["Headbutt","Flex","Clash","Perfected Strike"],"picked":"SKIP","floor":1},{"not_picked":["Headbutt","Reckless Charge","Sword Boomerang","Intimidate"],"picked":"SKIP","floor":3},{"not_picked":["Flex","Entrench","Twin Strike","Warcry"],"picked":"SKIP","floor":5},{"not_picked":["Body Slam","Exhume","Whirlwind","Shrug It Off"],"picked":"SKIP","floor":6},{"not_picked":["Headbutt","Power Through","Rage","Twin Strike"],"picked":"SKIP","floor":7},{"not_picked":["True Grit","Sentinel","Rampage","Headbutt"],"picked":"SKIP","floor":10},{"not_picked":["Clothesline","Intimidate","Sword Boomerang","Warcry"],"picked":"SKIP","floor":12},{"not_picked":["Thunderclap","Flex","Combust","True Grit"],"picked":"SKIP","floor":13},{"not_picked":["Iron Wave","Brutality","Sentinel","Infernal Blade"],"picked":"SKIP","floor":14},{"not_picked":["Whirlwind","Havoc+1","Clothesline","Armaments+1"],"picked":"SKIP","floor":18},{"not_picked":["Flex","Bloodletting","Burning Pact"],"picked":"Clash","floor":19},{"not_picked":["Dropkick","Reaper","Flex+1","Seeing Red"],"picked":"SKIP","floor":24},{"not_picked":["Dark Embrace","Ghostly Armor+1","Body Slam","Dropkick"],"picked":"SKIP","floor":25}],"player_experience":181465,"relics_obtained":[{"floor":6,"key":"Lantern"},{"floor":9,"key":"War Paint"},{"floor":17,"key":"Bag of Marbles"},{"floor":17,"key":"Gremlin Horn"},{"floor":17,"key":"Old Coin"}],"event_choices":[{"cards_removed":["Strike_R"],"damage_healed":0,"gold_gain":0,"player_choice":"Card Removal","damage_taken":0,"max_hp_gain":0,"max_hp_loss":0,"event_name":"The Cleric","floor":2,"gold_loss":50},{"cards_removed":["Strike_R"],"damage_healed":0,"gold_gain":0,"player_choice":"Card Removal","damage_taken":0,"max_hp_gain":0,"max_hp_loss":0,"event_name":"Wheel of Change","floor":21,"gold_loss":0}],"is_beta":false,"boss_relics":[{"not_picked":["Runic Cube","Pandora\u0027s Box"],"picked":"Calling Bell"}],"items_purged_floors":[0,0,20,22],"is_endless":false,"potions_floor_spawned":[1,3,14,16,18,25],"ascension_level":0}}