{"host":"5ezk7t18wcb10u1o","time":1611489433,"event":{"mods":["BaseMod","Bestiary","Colored Powertips","Minty Spire (QoL Compilation)","Relic Sorter"],"gold_per_floor":[12,29,29,43,56,56,91,91,117,117,117,137,157,170,170,244,244,198,208,10,10,25,25,25],"floor_reached":23,"language":"ENG","playtime":1663,"items_purged":["Strike_B"],"score":390,"play_id":"7203726c-0f2e-4580-8135-db991facf6c4","local_time":"20210124115713","is_ascension_mode":true,"campfire_choices":[{"floor":6.0,"key":"REST"},{"floor":8,"key":"REST"},{"data":"Zap","floor":10,"key":"SMITH"},{"data":"Conserve Battery","floor":15,"key":"SMITH"}],"circlet_count":0,"master_deck":["AscendersBane","Strike_B","Strike_B","Strike_B","Defend_B","Defend_B","Defend_B","Defend_B","Zap+1","Dualcast+1","Chill","Melter","Lockon","Scrape","Chill","Cold Snap","Conserve Battery+1","Gash","Buffer","Steam","Hologram","Capacitor"],"relics":["FrozenCore","Turnip","DataDisk","Dream Catcher","Membership Card","Shuriken"],"acts_visited":["Exordium","TheCity"],"potions_floor_usage":[7,12,16,22,22,23],"damage_taken":[{"damage":2.0,"enemies":"Jaw Worm","floor":1.0,"turns":4.0},{"damage":0.0,"enemies":"Cultist","floor":2.0,"turns":3.0},{"damage":3.0,"enemies":"2 Louse","floor":4.0,"turns":2.0},{"damage":11.0,"enemies":"Red Slaver","floor":5.0,"turns":3.0},{"damage":19,"enemies":"3 Sentries","floor":7,"turns":11},{"damage":2,"enemies":"Exordium Thugs","floor":12,"turns":5},{"damage":0,"enemies":"2 Fungi Beasts","floor":13,"turns":3},{"damage":0,"enemies":"Large Slime","floor":14,"turns":5},{"damage":47,"enemies":"Slime Boss","floor":16,"turns":10},{"damage":3,"enemies":"2 Thieves","floor":18,"turns":5},{"damage":0,"enemies":"Spheric Guardian","floor":19,"turns":3},{"damage":0,"enemies":"Snecko","floor":22,"turns":10},{"damage":70,"enemies":"Gremlin Leader","floor":23,"turns":8}],"seed_played":"-389380172006494501","potions_obtained":[{"floor":1.0,"key":"LiquidMemories"},{"floor":4.0,"key":"PowerPotion"},{"floor":5.0,"key":"Block Potion"},{"floor":7,"key":"SteroidPotion"},{"floor":13,"key":"DuplicationPotion"},{"floor":18,"key":"SpeedPotion"},{"floor":19,"key":"DistilledChaos"},{"floor":22,"key":"Fruit Juice"}],"is_trial":false,"path_per_floor":["M","M","?","M","M","R","E","R","T","R","?","M","M","M","R","B",null,"M","M","$","T","M","E"],"character_chosen":"DEFECT","items_purchased":["Membership Card"],"campfire_rested":2,"item_purchase_floors":[20],"current_hp_per_floor":[62,62,62,59,48,69,50,71,71,71,71,69,69,69,69,22,59,56,56,56,56,61,0,0],"gold":25,"neow_bonus":"ONE_RARE_RELIC","is_daily":false,"chose_seed":false,"campfire_upgraded":2,"win_rate":0.0,"timestamp":1611489433,"path_taken":["M","M","?","?","M","R","E","R","T","R","?","M","M","M","R","BOSS","M","M","?","?","M","E"],"items_purchased_type":["Relic"],"build_version":"2020-12-22","purchased_purges":1,"victory":false,"max_hp_per_floor":[71,71,71,71,71,71,71,71,71,71,71,71,71,71,71,71,71,71,71,71,71,76,76,76],"card_choices":[{"not_picked":["FTL","Force Field"],"picked":"Chill","floor":1.0},{"not_picked":["Cold Snap","Ball Lightning"],"picked":"Melter","floor":2.0},{"not_picked":["Barrage","Stack"],"picked":"Lockon","floor":4.0},{"not_picked":["Skim","Streamline"],"picked":"Scrape","floor":5.0},{"not_picked":["Glacier","White Noise"],"picked":"Chill","floor":7},{"not_picked":["Stack","Glacier"],"picked":"Cold Snap","floor":12},{"not_picked":["Beam Cell","Hologram"],"picked":"Conserve Battery","floor":13},{"not_picked":["FTL","Compile Driver"],"picked":"Gash","floor":14},{"not_picked":["Amplify","Fission"],"picked":"Buffer","floor":16},{"not_picked":["Turbo","Rebound"],"picked":"Steam","floor":18},{"not_picked":["Turbo","Skim"],"picked":"Hologram","floor":19},{"not_picked":["Coolheaded","Compile Driver"],"picked":"Capacitor","floor":22}],"player_experience":1164785,"relics_obtained":[{"floor":7,"key":"DataDisk"},{"floor":9,"key":"Dream Catcher"},{"floor":21,"key":"Shuriken"}],"event_choices":[{"damage_healed":0.0,"max_hp_gain":0.0,"max_hp_loss":0.0,"gold_gain":0.0,"event_name":"Upgrade Shrine","player_choice":"Upgraded","floor":3.0,"gold_loss":0.0,"damage_taken":0.0,"cards_upgraded":["Dualcast"]},{"damage_healed":0,"gold_gain":0,"player_choice":"Full Heal","damage_taken":0,"max_hp_gain":0,"max_hp_loss":0,"event_name":"Wheel of Change","floor":11,"gold_loss":0}],"is_beta":false,"boss_relics":[{"not_picked":["Snecko Eye","Velvet Choker"],"picked":"FrozenCore"}],"items_purged_floors":[20],"is_endless":false,"potions_floor_spawned":[1,4,5,7,13,14,18,19,22],"killed_by":"Gremlin Leader","ascension_level":20}}