{"host":"c3lc60y5x60jlt1y","time":1611510739,"event":{"mods":["AchievementEnabler","BaseMod","Bestiary","Colored Map","Minty Spire (QoL Compilation)","Quick Restart","StSLib","ojb\u0027s Info Mod"],"gold_per_floor":[118,118,43,56,131,131,159,174,174,174,2,2,2,12,12,90,90,105,124,134,145,145,145],"floor_reached":22,"language":"ENG","playtime":1953,"items_purged":[],"score":372,"play_id":"63c11b6d-545d-4cce-9b38-a33fff717a53","local_time":"20210124195219","is_ascension_mode":true,"campfire_choices":[{"data":"Glacier","floor":6.0,"key":"SMITH"},{"data":"Coolheaded","floor":10.0,"key":"SMITH"},{"data":"Sunder","floor":12.0,"key":"SMITH"},{"data":"Turbo","floor":15,"key":"SMITH"}],"circlet_count":0,"master_deck":["AscendersBane","Strike_B","Strike_B","Defend_B","Defend_B","Defend_B","Defend_B","Zap","Dualcast","Ball Lightning","BootSequence","Glacier+1","FTL","Coolheaded+1","Ball Lightning","Sunder+1","Hello World","Glacier","Conserve Battery","Biased Cognition","Aggregate","Turbo+1","Core Surge","Echo Form","Double Energy+1","Undo"],"relics":["Cracked Core","Calipers","Sundial","Pantograph","Orrery","Fusion Hammer"],"acts_visited":["Exordium","TheCity"],"potions_floor_usage":[19],"damage_taken":[{"damage":2.0,"enemies":"2 Louse","floor":1.0,"turns":2.0},{"damage":0.0,"enemies":"Small Slimes","floor":4.0,"turns":3.0},{"damage":12.0,"enemies":"3 Sentries","floor":7.0,"turns":9.0},{"damage":0.0,"enemies":"Jaw Worm","floor":8.0,"turns":2.0},{"damage":0.0,"enemies":"2 Fungi Beasts","floor":14.0,"turns":2.0},{"damage":12,"enemies":"Slime Boss","floor":16,"turns":7},{"damage":35,"enemies":"3 Byrds","floor":18,"turns":7},{"damage":6,"enemies":"Shell Parasite","floor":19,"turns":4},{"damage":1,"enemies":"Snake Plant","floor":20,"turns":5},{"damage":9,"enemies":"Snecko","floor":21,"turns":6},{"damage":19,"enemies":"Cultist and Chosen","floor":22,"turns":3}],"seed_played":"593335630307552674","potions_obtained":[{"floor":1.0,"key":"Block Potion"},{"floor":18,"key":"Block Potion"},{"floor":19,"key":"PotionOfCapacity"}],"is_trial":false,"path_per_floor":["M","?","?","M","?","R","E","M","T","R","$","R","?","M","R","B",null,"M","M","M","M","M"],"character_chosen":"DEFECT","items_purchased":["Orrery"],"campfire_rested":0,"item_purchase_floors":[11],"current_hp_per_floor":[44,44,44,44,33,33,21,21,21,21,21,21,21,21,21,34,62,27,21,20,11,0,0],"gold":145,"neow_bonus":"ONE_RARE_RELIC","is_daily":false,"chose_seed":false,"campfire_upgraded":4,"win_rate":0.0,"timestamp":1611510739,"path_taken":["M","?","?","M","?","R","E","M","T","R","?","R","?","M","R","BOSS","M","M","M","?","M"],"items_purchased_type":["Relic"],"build_version":"2020-12-22","purchased_purges":0,"victory":false,"max_hp_per_floor":[71,71,71,71,71,71,71,71,71,71,71,71,71,71,71,71,71,71,71,71,71,71,71],"card_choices":[{"not_picked":["Double Energy","Gash"],"picked":"Ball Lightning","floor":1.0},{"not_picked":["Conserve Battery","Gash"],"picked":"Glacier","floor":4.0},{"not_picked":["Buffer","Fission"],"picked":"FTL","floor":7.0},{"not_picked":["Tempest","Cold Snap"],"picked":"Coolheaded","floor":8.0},{"not_picked":["Go for the Eyes","Fission"],"picked":"Ball Lightning","floor":11.0},{"not_picked":["Melter","Gash"],"picked":"Sunder","floor":11.0},{"not_picked":["Chaos","Auto Shields"],"picked":"Hello World","floor":11.0},{"not_picked":["Stack","Chaos"],"picked":"Glacier","floor":11.0},{"not_picked":["Leap","Streamline"],"picked":"Conserve Battery","floor":11.0},{"not_picked":["Hologram","Turbo"],"picked":"Core Surge","floor":14.0},{"not_picked":["Electrodynamics","Amplify"],"picked":"Echo Form","floor":16},{"not_picked":["Streamline","Go for the Eyes","Static Discharge+1"],"picked":"SKIP","floor":18},{"not_picked":["Barrage","Cold Snap","Steam"],"picked":"SKIP","floor":19},{"not_picked":["Beam Cell","Sweeping Beam"],"picked":"Double Energy+1","floor":20},{"not_picked":["Cold Snap","Barrage"],"picked":"Undo","floor":21}],"player_experience":8500726,"relics_obtained":[{"floor":7.0,"key":"Sundial"},{"floor":9.0,"key":"Pantograph"}],"event_choices":[{"damage_healed":0.0,"max_hp_gain":0.0,"max_hp_loss":0.0,"gold_gain":0.0,"cards_transformed":["Strike_B"],"event_name":"Living Wall","player_choice":"Change","floor":2.0,"gold_loss":0.0,"damage_taken":0.0,"cards_obtained":["BootSequence"]},{"cards_removed":["Strike_B"],"damage_healed":0.0,"max_hp_gain":0.0,"max_hp_loss":0.0,"gold_gain":0.0,"event_name":"The Cleric","player_choice":"Card Removal","floor":3.0,"gold_loss":75.0,"damage_taken":0.0},{"damage_healed":0.0,"max_hp_gain":0.0,"max_hp_loss":0.0,"gold_gain":75.0,"event_name":"World of Goop","player_choice":"Gather Gold","floor":5.0,"gold_loss":0.0,"damage_taken":11.0},{"damage_healed":0.0,"max_hp_gain":0.0,"max_hp_loss":0.0,"gold_gain":0.0,"event_name":"Match and Keep!","player_choice":"3 cards matched","floor":13.0,"gold_loss":0.0,"damage_taken":0.0,"cards_obtained":["Biased Cognition","Aggregate","Turbo"]}],"is_beta":false,"boss_relics":[{"not_picked":["SacredBark","SlaversCollar"],"picked":"Fusion Hammer"}],"items_purged_floors":[],"is_endless":false,"potions_floor_spawned":[1,18,19],"killed_by":"Cultist and Chosen","ascension_level":20}}