{"host":"3vhe2wr81aw5r9bm","time":1611531479,"event":{"mods":["AchievementEnabler","BaseMod","Colored Powertips","Hermit","Lobotomy","Minty Spire (QoL Compilation)","Quick Restart","Replay The Spire","StSLib"],"gold_per_floor":[116,126,141,141,155,190,203,203,272,119,119,131,131,131,131],"floor_reached":14,"language":"ENG","playtime":1322,"items_purged":[],"score":97,"play_id":"f9c2c890-fe4e-41e3-96aa-0d73c925c79e","local_time":"20210124183759","is_ascension_mode":true,"campfire_choices":[{"floor":8,"key":"REST"},{"floor":11,"key":"REST"}],"circlet_count":0,"master_deck":["hermit:Strike_Hermit","hermit:Strike_Hermit","hermit:Strike_Hermit","hermit:Strike_Hermit","hermit:Defend_Hermit+1","hermit:Defend_Hermit+1","hermit:Defend_Hermit+1","hermit:Defend_Hermit+1","hermit:Snapshot","hermit:Covet+1","Wellcheers","hermit:Midnight+1","LaLuna","hermit:Brawl","FairyFestival","hermit:Vantage+1","OSAHOGD","hermit:CursedWeapon","hermit:Deadeye","SingingMachine","hermit:RoundhouseKick","MeatLantern","hermit:EyeOfTheStorm+1"],"relics":["hermit:Momento","CogitoBucket","Replay:Multitool","ResearcherNote","Replay:Bottled Eggs","War Paint"],"acts_visited":["Exordium"],"potions_floor_usage":[6,7,7],"damage_taken":[{"damage":0.0,"enemies":"Cultist","floor":1.0,"turns":4.0},{"damage":5.0,"enemies":"Small Slimes","floor":2.0,"turns":4.0},{"damage":6.0,"enemies":"Jaw Worm","floor":3.0,"turns":5.0},{"damage":0,"enemies":"Large Slime","floor":5,"turns":7},{"damage":28,"enemies":"3 Sentries","floor":6,"turns":8},{"damage":23,"enemies":"Looter","floor":7,"turns":3},{"damage":27,"enemies":"Red Slaver","floor":12,"turns":3},{"damage":56,"enemies":"Lagavulin","floor":14,"turns":3}],"seed_played":"8310181390869399151","potions_obtained":[{"floor":2.0,"key":"EntropicBrew"},{"floor":3.0,"key":"CultistPotion"},{"floor":5,"key":"CultistPotion"},{"floor":6,"key":"Toxic Potion"},{"floor":12,"key":"AttackPotion"}],"is_trial":false,"path_per_floor":["M","M","M","?","M","E","M","R","T","$","R","M","R","E"],"character_chosen":"HERMIT","items_purchased":["War Paint"],"campfire_rested":2,"item_purchase_floors":[10],"current_hp_per_floor":[75,70,67,52,55,30,10,32,32,32,54,31,53,0,0],"gold":131,"neow_bonus":"","is_daily":false,"chose_seed":false,"campfire_upgraded":0,"win_rate":0.0,"timestamp":1611531479,"path_taken":["M","M","M","?","M","E","M","R","T","$","R","M","R","E"],"items_purchased_type":["Relic"],"build_version":"2020-12-22","purchased_purges":0,"victory":false,"max_hp_per_floor":[75,75,75,75,75,75,75,75,75,75,75,75,75,75,75],"card_choices":[{"not_picked":["CherryBlossoms","Funeral"],"picked":"Wellcheers","floor":1.0},{"not_picked":["hermit:DeadMansHand","hermit:BodyArmor"],"picked":"hermit:Midnight","floor":1.0},{"not_picked":["MeatLantern","Rudolta"],"picked":"LaLuna","floor":2.0},{"not_picked":["hermit:Gestalt","hermit:Quickdraw"],"picked":"hermit:Brawl","floor":2.0},{"not_picked":["LittleHelper","WhitesApple"],"picked":"FairyFestival","floor":3.0},{"not_picked":["hermit:Roulette","hermit:WideOpen"],"picked":"hermit:Vantage","floor":3.0},{"not_picked":["LittleHelper","MHz"],"picked":"OSAHOGD","floor":5},{"not_picked":["hermit:Desperado","hermit:ItchyTrigger"],"picked":"hermit:CursedWeapon","floor":5},{"not_picked":["MeatLantern","Variant"],"picked":"OldLady","floor":6},{"not_picked":["hermit:ItchyTrigger","hermit:Quickdraw"],"picked":"hermit:Deadeye","floor":6},{"not_picked":["NakedNest","PunishingBird"],"picked":"SingingMachine","floor":7},{"not_picked":["hermit:CursedWeapon","hermit:LoneWolf"],"picked":"hermit:RoundhouseKick","floor":7},{"not_picked":["DreamingCurrent","Yin"],"picked":"MeatLantern","floor":12},{"not_picked":["hermit:WideOpen","hermit:Ricochet"],"picked":"hermit:EyeOfTheStorm","floor":12}],"player_experience":325053,"relics_obtained":[{"floor":6,"key":"Replay:Multitool"},{"floor":9,"key":"Replay:Bottled Eggs"}],"event_choices":[{"damage_healed":0.0,"max_hp_gain":0.0,"max_hp_loss":0.0,"gold_gain":0.0,"event_name":"Shining Light","player_choice":"Entered Light","floor":4.0,"gold_loss":0.0,"damage_taken":15.0,"cards_upgraded":["hermit:Vantage","hermit:Midnight"]}],"is_beta":false,"boss_relics":[],"items_purged_floors":[],"is_endless":false,"potions_floor_spawned":[2,3,5,6,12],"killed_by":"Lagavulin","ascension_level":1}}