{"host":"47mn4tgofsdu2qaz","time":1611459994,"event":{"mods":["BaseMod","Marisa????????","Minty Spire (QoL Compilation)"],"gold_per_floor":[114,128,203,217,232,265,276,288,288,288,308,359,359,359,359,469,469,484,12,25,36,47,135,188,188,188,188,42,52,67,96,96,201,201,232,302,302,64,84,115,115,131,131,131,148,165,175,31,31,31],"floor_reached":51,"language":"ENG","playtime":3808,"items_purged":["Defend_MRS"],"score":809,"play_id":"ba5fec1a-ce05-448b-8c3f-3dec2455918a","local_time":"20210123204634","is_ascension_mode":false,"campfire_choices":[{"data":"EscapeVelocity","floor":10,"key":"SMITH"},{"data":"ShootingEcho","floor":13,"key":"SMITH"},{"data":"MasterSpark","floor":15,"key":"SMITH"},{"data":"OpenUniverse","floor":25,"key":"SMITH"},{"data":"SuperNova","floor":32,"key":"SMITH"},{"data":"StarDustReverie","floor":41,"key":"SMITH"},{"data":"Singularity","floor":44,"key":"SMITH"},{"data":"Panache","floor":49,"key":"SMITH"}],"circlet_count":0,"master_deck":["Strike_MRS","Strike_MRS","Defend_MRS","Defend_MRS","Defend_MRS","MasterSpark+1","UpSweep","MilkyWay","GrandCross","Orbital","ChargeUpSpray","EscapeVelocity+1","IllusionStar","ShootingEcho+1","Robbery","IllusionStar","BlazingStar","BlazeAway+1","Panache+1","IllusionStar","GravityBeat+1","OpenUniverse+1","GasGiant","Acceleration","SuperPerseids","Singularity+1","EventHorizon","SuperNova+1","EventHorizon","StarDustReverie+1","GravityBeat","ChargeUpSpray+1","Wraith","Flash of Steel","SuperPerseids","Havoc+1","CutThroughFate+1","FairyDestructionRay+1","Madness+1"],"relics":["MiniHakkero","HandmadeGrimoire","Matryoshka","FossilizedHelix","Coffee Dripper","Mummified Hand","Pantograph","Bottled Flame","Pear","Sozu","WingedGreaves","PrismaticShard","Bottled Lightning","HornCleat","MagicBroom","TheAbacus"],"acts_visited":["Exordium","TheCity","TheBeyond"],"potions_floor_usage":[6,16,30,33,35,50],"damage_taken":[{"damage":0,"enemies":"Small Slimes","floor":1,"turns":4},{"damage":0,"enemies":"Jaw Worm","floor":2,"turns":2},{"damage":0,"enemies":"2 Louse","floor":4,"turns":1},{"damage":2,"enemies":"Blue Slaver","floor":5,"turns":4},{"damage":11,"enemies":"Lagavulin","floor":6,"turns":7},{"damage":8,"enemies":"Exordium Wildlife","floor":7,"turns":3},{"damage":6,"enemies":"Red Slaver","floor":8,"turns":3},{"damage":3,"enemies":"2 Fungi Beasts","floor":11,"turns":3},{"damage":9,"enemies":"Blue Slaver","floor":12,"turns":3},{"damage":5,"enemies":"Slime Boss","floor":16,"turns":5},{"damage":10,"enemies":"Shell Parasite","floor":18,"turns":3},{"damage":0,"enemies":"Spheric Guardian","floor":20,"turns":2},{"damage":0,"enemies":"Snake Plant","floor":21,"turns":2},{"damage":0,"enemies":"Shelled Parasite and Fungi","floor":22,"turns":2},{"damage":0,"enemies":"Book of Stabbing","floor":23,"turns":3},{"damage":0,"enemies":"Chosen and Byrds","floor":24,"turns":3},{"damage":0,"enemies":"Snake Plant","floor":29,"turns":2},{"damage":0,"enemies":"Shelled Parasite and Fungi","floor":30,"turns":1},{"damage":0,"enemies":"3 Cultists","floor":31,"turns":2},{"damage":7,"enemies":"Automaton","floor":33,"turns":4},{"damage":0,"enemies":"3 Darklings","floor":35,"turns":2},{"damage":0,"enemies":"Mind Bloom Boss Battle","floor":36,"turns":2},{"damage":13,"enemies":"3 Shapes","floor":39,"turns":2},{"damage":25,"enemies":"Giant Head","floor":40,"turns":6},{"damage":0,"enemies":"Jaw Worm Horde","floor":42,"turns":2},{"damage":0,"enemies":"Maw","floor":45,"turns":3},{"damage":0,"enemies":"4 Shapes","floor":46,"turns":1},{"damage":0,"enemies":"Jaw Worm Horde","floor":47,"turns":1},{"damage":0,"enemies":"Donu and Deca","floor":50,"turns":2}],"seed_played":"3330110497466984966","potions_obtained":[{"floor":1,"key":"Fire Potion"},{"floor":4,"key":"LiquidMemories"},{"floor":11,"key":"FairyPotion"},{"floor":12,"key":"Weak Potion"},{"floor":20,"key":"Ancient Potion"},{"floor":22,"key":"Swift Potion"},{"floor":24,"key":"StarNLove"},{"floor":31,"key":"BottledSpark"},{"floor":33,"key":"Weak Potion"}],"is_trial":false,"path_per_floor":["M","M","?","M","M","E","M","M","T","R","M","M","R","?","R","B",null,"M","$","M","M","M","E","M","R","T","?","$","M","M","M","R","B",null,"M","?","?","$","M","E","R","M","T","R","M","M","M","$","R","B",null],"character_chosen":"MARISA","items_purchased":["Mummified Hand","Panache","IllusionStar","Singularity","Flash of Steel","PrismaticShard","TheAbacus"],"campfire_rested":0,"item_purchase_floors":[19,19,19,28,38,38,48],"current_hp_per_floor":[68,68,57,57,55,44,36,30,30,30,27,18,18,20,20,15,68,58,58,58,58,58,58,58,58,68,68,68,68,68,68,68,71,78,78,78,78,78,65,40,40,40,40,40,40,40,40,40,40,65],"gold":31,"neow_bonus":"REMOVE_TWO","is_daily":false,"chose_seed":false,"campfire_upgraded":8,"win_rate":0.0,"timestamp":1611459994,"path_taken":["M","M","?","M","M","E","M","M","T","R","M","M","R","?","R","BOSS","M","$","M","M","M","E","M","R","T","?","$","M","M","M","R","BOSS","M","?","?","?","M","E","R","M","T","R","?","M","M","?","R","BOSS"],"items_purchased_type":["Relic","Card","Card","Card","Card","Relic","Relic"],"build_version":"2020-12-22","purchased_purges":1,"victory":true,"max_hp_per_floor":[68,68,68,68,68,68,68,68,68,68,68,68,68,68,68,68,68,68,68,68,68,68,68,68,68,78,78,78,78,78,78,78,78,78,78,78,78,78,78,78,78,78,78,78,78,78,78,78,78,78],"card_choices":[{"not_picked":["StarlightTyphoon","Orbital"],"picked":"MilkyWay","floor":1},{"not_picked":["IllusionStar","GalacticHalo"],"picked":"GrandCross","floor":2},{"not_picked":["Acceleration","OortCloud"],"picked":"Orbital","floor":4},{"not_picked":["UnstableBomb","MilkyWay"],"picked":"ChargeUpSpray","floor":5},{"not_picked":["WitchLeyline","DarkSpark"],"picked":"EscapeVelocity","floor":6},{"not_picked":["NonDirectionalLaser","GrandCross"],"picked":"IllusionStar","floor":7},{"not_picked":["WitchLeyline","EarthLightRay"],"picked":"ShootingEcho","floor":8},{"not_picked":["GravityBeat","PowerUp"],"picked":"Robbery","floor":11},{"not_picked":["DoubleSpark","SporeBomb"],"picked":"IllusionStar","floor":12},{"not_picked":["MaximisePower","SatelliteIllusion"],"picked":"BlazingStar","floor":16},{"not_picked":["Acceleration","DoubleSpark"],"picked":"BlazeAway+1","floor":18},{"not_picked":["DoubleSpark","MilkyWay+1"],"picked":"GravityBeat+1","floor":20},{"not_picked":["IllusionStar","ShootTheMoon"],"picked":"OpenUniverse","floor":21},{"not_picked":["WitchOfGreed","AsteroidBelt+1"],"picked":"GasGiant","floor":22},{"not_picked":["MilkyWay","ShootTheMoon"],"picked":"Acceleration","floor":23},{"not_picked":["BlazingStar","GalacticHalo"],"picked":"SuperPerseids","floor":24},{"not_picked":["UnstableBomb","GalacticHalo"],"picked":"EventHorizon","floor":29},{"not_picked":["WitchLeyline","UnstableBomb"],"picked":"SuperNova","floor":30},{"not_picked":["NonDirectionalLaser","GravityBeat"],"picked":"EventHorizon","floor":31},{"not_picked":["EscapeVelocity","AbsoluteMagnitude"],"picked":"StarDustReverie","floor":33},{"not_picked":["WitchOfGreed+1","PowerUp"],"picked":"GravityBeat","floor":35},{"not_picked":["GravityBeat","BlazeAway+1"],"picked":"ChargeUpSpray+1","floor":36},{"not_picked":["DC","FlurryOfBlows"],"picked":"SuperPerseids","floor":39},{"not_picked":["Underhanded Strike","Predator"],"picked":"Havoc+1","floor":40},{"not_picked":["Flying Knee","Riddle With Holes+1"],"picked":"CutThroughFate+1","floor":42},{"not_picked":["Coolheaded","Riddle With Holes+1"],"picked":"FairyDestructionRay+1","floor":45},{"not_picked":["CarveReality","Redo+1","FlyingSleeves"],"picked":"SKIP","floor":46},{"not_picked":["Purity+1","Streamline+1"],"picked":"Madness+1","floor":47}],"player_experience":70533,"relics_obtained":[{"floor":6,"key":"HandmadeGrimoire"},{"floor":9,"key":"Matryoshka"},{"floor":23,"key":"Pantograph"},{"floor":26,"key":"Bottled Flame"},{"floor":26,"key":"Pear"},{"floor":36,"key":"WingedGreaves"},{"floor":40,"key":"Bottled Lightning"},{"floor":43,"key":"HornCleat"},{"floor":43,"key":"MagicBroom"}],"event_choices":[{"damage_healed":0,"gold_gain":75,"player_choice":"Gather Gold","damage_taken":11,"max_hp_gain":0,"max_hp_loss":0,"event_name":"World of Goop","floor":3,"gold_loss":0},{"damage_healed":0,"gold_gain":0,"player_choice":"Success","damage_taken":18,"relics_obtained":["FossilizedHelix"],"max_hp_gain":0,"max_hp_loss":0,"event_name":"Scrap Ooze","floor":14,"gold_loss":0},{"damage_healed":0,"gold_gain":0,"player_choice":"Ignored","damage_taken":0,"max_hp_gain":0,"max_hp_loss":0,"event_name":"Ghosts","floor":27,"gold_loss":0},{"damage_healed":0,"gold_gain":0,"player_choice":"Fight","damage_taken":0,"max_hp_gain":0,"max_hp_loss":0,"event_name":"MindBloom","floor":36,"gold_loss":0},{"damage_healed":0,"gold_gain":0,"player_choice":"Ignored","damage_taken":0,"max_hp_gain":0,"max_hp_loss":0,"event_name":"OrinTheCat","floor":37,"gold_loss":0}],"is_beta":false,"boss_relics":[{"not_picked":["SacredBark","Runic Dome"],"picked":"Coffee Dripper"},{"not_picked":["Fusion Hammer","Cursed Key"],"picked":"Sozu"}],"items_purged_floors":[28],"is_endless":false,"potions_floor_spawned":[1,4,11,12,20,22,24,31,33,39,40,42,46],"ascension_level":0}}