{"host":"5dhwd44u3dydylwe","time":1611505079,"event":{"mods":["AchievementEnabler","BaseMod","BetterRewards","Dota2Spire","Hubris","Minty Spire (QoL Compilation)","Shop Mod","StSLib","Wandering Minibosses"],"gold_per_floor":[109,109,128,141,157,190,190,216,216,216,226,75,108,121,121,198,198,213,227,237,249,101,133,148,148,148,167,200,214,240,285,285,359,359,371,389,438,338,406,406,39,74,125,158,158,178,201,236,248,260,272,284,145,171,171],"floor_reached":56,"language":"ENG","playtime":2629,"items_purged":["Strike_R","Strike_R","Defend_R","Strike_R"],"score":2784,"play_id":"aaefc0dd-d525-47ae-8abe-6c9b00186c20","local_time":"20210125001759","is_ascension_mode":true,"campfire_choices":[{"data":"1","floor":10,"key":"LIFT"},{"data":"2","floor":15,"key":"LIFT"},{"data":"3","floor":32,"key":"LIFT"},{"data":"Limit Break","floor":40,"key":"SMITH"},{"floor":49,"key":"RECALL"},{"floor":52,"key":"DIG"}],"circlet_count":0,"master_deck":["AscendersBane","Strike_R","Defend_R","Defend_R","Bash","Shockwave","Pommel Strike","Flame Barrier+1","Pommel Strike","Thunderclap","Shrug It Off","Burning Pact","Disarm","Disarm","Pummel","Limit Break","Twin Strike","Combust","Heavy Blade","Immolate","Limit Break+1","Feel No Pain","Shrug It Off","wanderingMiniBosses:FinaleOfPromise","Flame Barrier","True Grit+1","Heavy Blade+1"],"relics":["Burning Blood","Girya","Tiny Chest","Thread and Needle","Calipers","Blood Vial","War Paint","ClockworkSouvenir","Dota2Spire:DrumOfEndurance","hubris:Icosahedron","hubris:OldNail","hubris:EmptyBottle","Shovel","Busted Crown","Orrery","Pen Nib","Dota2Spire:ArmletOfMordiggian","Regal Pillow","Unceasing Top","Strawberry","SacredBark","wanderingMiniBosses:Blackblade","Magic Flower","Dota2Spire:MantaStyle","Anchor","Dota2Spire:EchoSabre","hubris:ToyBattleship","Omamori","Dota2Spire:DivineRapier","Dota2Spire:MaskOfMadness","MawBank","hubris:CrystalStatue","Bag of Preparation","hubris:TenFootPole"],"acts_visited":["Exordium","TheCity","TheBeyond","TheEnding"],"potions_floor_usage":[13,16,28,29,33,55,55,55,55,55,55,55,55],"damage_taken":[{"damage":0,"enemies":"Cultist","floor":1,"turns":3},{"damage":0,"enemies":"Jaw Worm","floor":3,"turns":8},{"damage":0,"enemies":"2 Louse","floor":4,"turns":5},{"damage":0,"enemies":"Blue Slaver","floor":5,"turns":5},{"damage":28,"enemies":"Gremlin Nob","floor":6,"turns":5},{"damage":25,"enemies":"3 Sentries","floor":8,"turns":9},{"damage":12,"enemies":"Exordium Thugs","floor":11,"turns":7},{"damage":0,"enemies":"Lagavulin","floor":13,"turns":7},{"damage":3,"enemies":"2 Fungi Beasts","floor":14,"turns":7},{"damage":0,"enemies":"Hexaghost","floor":16,"turns":8},{"damage":0,"enemies":"Chosen","floor":18,"turns":3},{"damage":4,"enemies":"Shell Parasite","floor":19,"turns":6},{"damage":0,"enemies":"Cultist and Chosen","floor":20,"turns":5},{"damage":5,"enemies":"Centurion and Healer","floor":21,"turns":6},{"damage":33,"enemies":"Book of Stabbing","floor":23,"turns":5},{"damage":3,"enemies":"3 Cultists","floor":24,"turns":4},{"damage":12,"enemies":"Snecko","floor":27,"turns":4},{"damage":6,"enemies":"Gremlin Leader","floor":28,"turns":6},{"damage":6,"enemies":"Cultist and Chosen","floor":29,"turns":5},{"damage":23,"enemies":"Slavers","floor":30,"turns":4},{"damage":1,"enemies":"Automaton","floor":33,"turns":7},{"damage":4,"enemies":"3 Shapes","floor":35,"turns":7},{"damage":26,"enemies":"3 Darklings","floor":36,"turns":5},{"damage":3,"enemies":"2 Orb Walkers","floor":37,"turns":4},{"damage":0,"enemies":"Giant Head","floor":42,"turns":5},{"damage":0,"enemies":"Nemesis","floor":44,"turns":3},{"damage":0,"enemies":"Maw","floor":46,"turns":2},{"damage":0,"enemies":"Reptomancer","floor":48,"turns":3},{"damage":32,"enemies":"Donu and Deca","floor":50,"turns":4},{"damage":1,"enemies":"Shield and Spear","floor":54,"turns":2},{"damage":38,"enemies":"The Heart","floor":55,"turns":4}],"seed_played":"-1179489383510636976","potions_obtained":[{"floor":1,"key":"SmokeBomb"},{"floor":8,"key":"SteroidPotion"},{"floor":16,"key":"FearPotion"},{"floor":19,"key":"SkillPotion"},{"floor":24,"key":"Dota2Spire:HealingSalve"},{"floor":30,"key":"EntropicBrew"},{"floor":48,"key":"SteroidPotion"}],"is_trial":false,"path_per_floor":["M","$","M","M","M","E","?","E","T","R","M","$","E","M","R","B",null,"M","M","M","M","$","E","M","?","T","M","E","M","E","T","R","B",null,"M","M","?","NS","T","R","$","E","T","E","?","M","T","E","R","B",null,"R","$","E","B",null],"character_chosen":"IRONCLAD","items_purchased":["Shockwave","Pommel Strike","Girya","Tiny Chest","Thread and Needle","Flame Barrier","Pommel Strike","Calipers","Blood Vial","Thunderclap","Shrug It Off","War Paint","ClockworkSouvenir","PowerPotion","hubris:EmptyBottle","Orrery","Anchor","Dota2Spire:EchoSabre","Flame Barrier","Bag of Preparation"],"campfire_rested":0,"item_purchase_floors":[0,0,0,0,0,0,0,0,0,0,0,0,0,0,12,22,41,41,41,53],"current_hp_per_floor":[29,29,37,45,53,33,33,16,16,16,12,12,20,25,25,33,65,73,75,75,75,75,48,53,53,53,49,66,75,58,65,65,72,80,82,62,67,67,67,67,67,79,79,82,82,82,82,82,82,59,76,76,76,82,53],"gold":171,"neow_bonus":"","is_daily":false,"chose_seed":false,"campfire_upgraded":1,"win_rate":0.0,"timestamp":1611505079,"path_taken":["M","?","M","M","M","E","?","E","T","R","M","$","E","M","R","BOSS","M","M","M","M","$","E","M","?","T","M","E","M","E","?","R","BOSS","M","M","?","NS","?","R","$","E","T","E","?","M","?","E","R","BOSS","R","$","E","BOSS"],"items_purchased_type":["Card","Card","Relic","Relic","Relic","Card","Card","Relic","Relic","Card","Card","Relic","Relic","Potion","Relic","Relic","Relic","Relic","Card","Relic"],"build_version":"2020-12-22","purchased_purges":4,"victory":true,"max_hp_per_floor":[75,75,75,75,75,75,75,75,75,75,75,75,75,75,75,75,75,75,75,75,75,75,75,75,75,75,75,75,75,75,82,82,82,82,82,82,82,82,82,82,82,82,82,82,82,82,82,82,82,82,82,82,82,82,82],"card_choices":[{"not_picked":["Evolve","hubris:SharpeningStone"],"picked":"Burning Pact","floor":1},{"not_picked":["Heavy Blade","Headbutt","Perfected Strike"],"picked":"SKIP","floor":3},{"not_picked":["Pommel Strike","Headbutt","Havoc"],"picked":"SKIP","floor":4},{"not_picked":["Sword Boomerang","Second Wind","Shrug It Off"],"picked":"SKIP","floor":5},{"not_picked":["Anger","Warcry","Power Through"],"picked":"SKIP","floor":6},{"not_picked":["Burning Pact","Dark Embrace"],"picked":"Disarm","floor":8},{"not_picked":["True Grit","Sword Boomerang"],"picked":"Disarm","floor":11},{"not_picked":["Rupture","Headbutt","Dual Wield"],"picked":"SKIP","floor":13},{"not_picked":["Warcry","Combust"],"picked":"Pummel","floor":14},{"not_picked":["hubris:StunningStrike","Fiend Fire"],"picked":"Limit Break","floor":16},{"not_picked":[],"picked":"Twin Strike","floor":18},{"not_picked":["Twin Strike"],"picked":"SKIP","floor":19},{"not_picked":["Iron Wave"],"picked":"SKIP","floor":20},{"not_picked":[],"picked":"Combust","floor":21},{"not_picked":[],"picked":"Heavy Blade","floor":22},{"not_picked":[],"picked":"Immolate","floor":23},{"not_picked":[],"picked":"Twin Strike+1","floor":24},{"not_picked":[],"picked":"Feel No Pain","floor":27},{"not_picked":["Cleave"],"picked":"SKIP","floor":28},{"not_picked":[],"picked":"Shrug It Off","floor":29},{"not_picked":["Clash"],"picked":"SKIP","floor":30},{"not_picked":[],"picked":"wanderingMiniBosses:FinaleOfPromise","floor":35},{"not_picked":["Twin Strike+1"],"picked":"SKIP","floor":35},{"not_picked":["Twin Strike"],"picked":"SKIP","floor":36},{"not_picked":[],"picked":"True Grit+1","floor":42},{"not_picked":[],"picked":"Heavy Blade+1","floor":44},{"not_picked":["Iron Wave"],"picked":"SKIP","floor":46},{"not_picked":["Rupture"],"picked":"SKIP","floor":48},{"not_picked":["Rupture"],"picked":"SKIP","floor":54}],"player_experience":98575,"relics_obtained":[{"floor":6,"key":"Dota2Spire:DrumOfEndurance"},{"floor":8,"key":"hubris:OldNail"},{"floor":13,"key":"Shovel"},{"floor":23,"key":"Pen Nib"},{"floor":26,"key":"Dota2Spire:ArmletOfMordiggian"},{"floor":28,"key":"Regal Pillow"},{"floor":30,"key":"Unceasing Top"},{"floor":31,"key":"Strawberry"},{"floor":35,"key":"wanderingMiniBosses:Blackblade"},{"floor":37,"key":"Magic Flower"},{"floor":39,"key":"Dota2Spire:MantaStyle"},{"floor":42,"key":"hubris:ToyBattleship"},{"floor":43,"key":"Omamori"},{"floor":44,"key":"Dota2Spire:DivineRapier"},{"floor":47,"key":"Dota2Spire:MaskOfMadness"},{"floor":48,"key":"MawBank"},{"floor":52,"key":"hubris:CrystalStatue"},{"floor":54,"key":"hubris:TenFootPole"}],"event_choices":[{"damage_healed":0,"gold_gain":0,"player_choice":"Copied","damage_taken":0,"max_hp_gain":0,"max_hp_loss":0,"event_name":"Duplicator","floor":25,"gold_loss":0,"cards_obtained":["Limit Break"]},{"damage_healed":0,"gold_gain":0,"player_choice":"Fight","damage_taken":0,"max_hp_gain":0,"max_hp_loss":0,"event_name":"Mysterious Sphere","floor":37,"gold_loss":0},{"cards_removed":["Strike_R"],"damage_healed":0,"gold_gain":0,"player_choice":"Offered Basic","damage_taken":0,"max_hp_gain":0,"max_hp_loss":0,"event_name":"Bonfire Elementals","floor":45,"gold_loss":0}],"is_beta":false,"boss_relics":[{"not_picked":["hubris:RunicObelisk","Snecko Eye"],"picked":"Busted Crown"},{"not_picked":["hubris:ScarierMask","Runic Cube"],"picked":"SacredBark"}],"items_purged_floors":[0,0,0,0],"is_endless":false,"potions_floor_spawned":[1,3,5,8,13,16,19,24,28,30,33,46,48],"ascension_level":14}}