{"host":"yp2ga117svxnbcen","time":1611448450,"event":{"mods":["Act Like it!","Aspiration","BaseMod","BetterRewards","ChefMod","Colored Map","Conspire","Custom Start","Downfall","Elementarium","Gensokyo","GifTheSpireLib","Gold Saver","GungeonMod","Halation","Hallownest","Hermit","HornydragonMod","Hubris","Menagerie","Minty Spire (QoL Compilation)","Quick Restart","Remove Card Discount Mod","Replay The Spire","Shop Mod","Spicy Shops","StSLib","Stuff the Spire","The Blue Laboratory","The IronCluck","egg","slay the spire mod where everything is the same but ironclad has a cowboy hat","vexMod","??????REMEMod"],"gold_per_floor":[1106,1120,1220,43,54,70,70,70,85,115,131,148,48,48,59,163,163,63,80,80,63,77,77,100,111,127,319,219,219,232,264,281,380,380,380,392,15,27,27,46,46,46,64,80,26,40,54,84,101,101,101,101],"floor_reached":50,"language":"ENG","playtime":1695,"items_purged":["downfall:Bewildered","Clumsy","Pride"],"score":597,"play_id":"6a03d76b-7a6d-46d6-bcc1-adee56a7c5f7","local_time":"20210123163410","is_ascension_mode":false,"campfire_choices":[{"floor":1.0,"key":"RECALL"},{"data":"expansioncontent:StudyTheSpire","floor":8.0,"key":"SMITH"},{"data":"champ:SwordThrow","floor":13,"key":"SMITH"},{"data":"hubris:StunningStrike","floor":18,"key":"SMITH"},{"data":"champ:VampiricStrike","floor":28,"key":"SMITH"},{"data":"champ:CheapShot","floor":35,"key":"SMITH"},{"data":"champ:VampiricStrike","floor":42,"key":"SMITH"}],"circlet_count":0,"master_deck":["champ:Defend","champ:Defend","champ:Defend","champ:Defend","champ:Taunt","champ:Haymaker","champ:AdrenalArmor","champ:SteelEdge+1","expansioncontent:StudyTheSpire+1","champ:SwordThrow+1","champ:VampiricStrike+1","hubris:StunningStrike+1","champ:LastStand","champ:MurderStrike","Bite","Bite","Bite","Bite","Bite","champ:VampiricStrike+1","champ:BladeFlurry+1","champ:CrownThrow+1","champ:DancingMaster","champ:ViciousMockery","champ:CheapShot+1","champ:CrookedStrike+1","champ:SwordThrow+1","champ:StrikeOfGenius","champ:BringItOn","champ:HoldFirm","champ:ViciousMockery+1","champ:CrookedStrike+1","champ:EnragedBash","champ:GutPunch+1"],"relics":["REME_ComplimentaryCards","StuffTheSpire:RunicConfusion","Pen Nib","Lantern","OrangePellets","ClockworkSouvenir","DemoMod:SevenLeafClover","DemoMod:MeltedRock","downfall:HeartBlessingRed","hubris:GrandSneckoEye","downfall:HeartBlessingGreen","sneckomod:BabySnecko","StuffTheSpire:Wildfire","StuffTheSpire:GrapeVine","HandDrill","downfall:HeartBlessingBlue","DemoMod:MonsterBlood","Ancient Tea Set","halation:Thesaurus","conspire:RoyalGoblet","DollysMirror","vexMod:PlasmaPancake","Bottled Tornado","Gremlin Horn","DemoMod:GlassGuonStoneRelic"],"acts_visited":["Exordium","TheCity","TheBeyond"],"potions_floor_usage":[10,15,16,27,27,33,43,48,50,50,50],"damage_taken":[{"damage":10.0,"enemies":"Small Slimes","floor":2.0,"turns":3.0},{"damage":20.0,"enemies":"downfall:FleeingMerchant","floor":4.0,"turns":4.0},{"damage":0.0,"enemies":"conspire:RoseBush","floor":5.0,"turns":3.0},{"damage":0.0,"enemies":"Jaw Worm","floor":6.0,"turns":5.0},{"damage":18.0,"enemies":"Exordium Thugs","floor":9.0,"turns":4.0},{"damage":42,"enemies":"3 Sentries","floor":10,"turns":5},{"damage":19,"enemies":"3 Louse","floor":11,"turns":2},{"damage":4,"enemies":"Red Slaver","floor":12,"turns":2},{"damage":17,"enemies":"Large Slime","floor":15,"turns":3},{"damage":20,"enemies":"SI_SHIV_ARCHETYPE","floor":16,"turns":7},{"damage":31,"enemies":"Shell Parasite","floor":19,"turns":4},{"damage":24,"enemies":"downfall:FleeingMerchant","floor":21,"turns":5},{"damage":1,"enemies":"conspire:FuzzyDice","floor":22,"turns":2},{"damage":10,"enemies":"Sentry and Sphere","floor":25,"turns":3},{"damage":0,"enemies":"Snake Plant","floor":26,"turns":4},{"damage":0,"enemies":"downfall:FleeingMerchant","floor":27,"turns":3},{"damage":17,"enemies":"Shelled Parasite and Fungi","floor":30,"turns":3},{"damage":10,"enemies":"conspire:Head Lice","floor":31,"turns":5},{"damage":21,"enemies":"Centurion and Healer","floor":32,"turns":4},{"damage":16,"enemies":"WA_ARCHETYPE_CALM","floor":33,"turns":6},{"damage":0,"enemies":"Orb Walker","floor":36,"turns":2},{"damage":0,"enemies":"3 Darklings","floor":38,"turns":4},{"damage":27,"enemies":"Jaw Worm Horde","floor":40,"turns":3},{"damage":18,"enemies":"4 Shapes","floor":43,"turns":2},{"damage":0,"enemies":"Spire Growth","floor":44,"turns":3},{"damage":0,"enemies":"Jaw Worm Horde","floor":46,"turns":3},{"damage":0,"enemies":"Sphere and 2 Shapes","floor":47,"turns":2},{"damage":13,"enemies":"conspire:MimicChest","floor":48,"turns":4},{"damage":0,"enemies":"Writhing Mass","floor":49,"turns":4},{"damage":120,"enemies":"IC_BLOCK_ARCHETYPE","floor":50,"turns":4}],"seed_played":"-3577469474124913365","potions_obtained":[{"floor":2.0,"key":"Weak Potion"},{"floor":6.0,"key":"Explosive Potion"},{"floor":10,"key":"Energy Potion"},{"floor":22,"key":"blueLaboratory:Moonshine"},{"floor":26,"key":"Fire Potion"},{"floor":32,"key":"GamblersBrew"},{"floor":33,"key":"Adrenaline Potion"},{"floor":36,"key":"blueLaboratory:FrostheartPotion"},{"floor":49,"key":"blueLaboratory:StoneskinPotion"}],"is_trial":false,"path_per_floor":["R","M","?","$","M","M","T","R","M","E","M","M","R","?","M","B",null,"R","M","?","$","M","?","T","M","M","$","R","?","M","E","M","B",null,"R","M","$","M","?","M","T","R","M","M","$","M","M","?","M","B"],"character_chosen":"THE_CHAMP","items_purchased":["Pen Nib","Lantern","OrangePellets","ClockworkSouvenir","champ:SteelEdge+1","expansioncontent:StudyTheSpire","StuffTheSpire:GrapeVine","HandDrill","halation:Thesaurus","DollysMirror","DuplicationPotion","AttackPotion"],"campfire_rested":0,"item_purchase_floors":[4,4,4,4,4,4,27,27,37,37,37,45],"current_hp_per_floor":[90,90,90,90,90,90,90,90,82,60,51,47,47,47,40,30,90,90,69,69,55,54,54,54,62,62,62,72,79,68,72,60,60,79,79,79,79,79,79,52,58,58,44,50,50,50,54,45,47,0,0,0],"gold":101,"neow_bonus":"BOSS_RELIC","is_daily":false,"chose_seed":false,"campfire_upgraded":6,"win_rate":0.0,"timestamp":1611448450,"path_taken":["R","M","?","$","M","M","T","R","M","E","M","M","R","?","M","BOSS","R","M","?","?","M","?","T","M","M","$","R","?","M","E","M","BOSS","R","M","$","M","?","M","T","R","M","M","$","?","M","?","M","BOSS"],"items_purchased_type":["Relic","Relic","Relic","Relic","Card","Card","Relic","Relic","Relic","Relic","Potion","Potion"],"build_version":"2020-12-22","purchased_purges":3,"victory":false,"max_hp_per_floor":[90,90,90,90,90,90,90,90,90,90,90,90,90,90,90,90,90,90,90,90,90,90,62,62,62,62,62,72,79,79,79,79,79,79,79,79,79,79,79,79,85,85,85,85,85,85,85,85,85,85,85,85],"card_choices":[{"not_picked":["champ:DefensiveShout","champ:HeartStrike"],"picked":"champ:Haymaker","floor":2.0},{"not_picked":["champ:PreciseThrust","champ:ShieldWall"],"picked":"champ:AdrenalArmor","floor":4.0},{"not_picked":["champ:AdrenalArmor","champ:FancyFootwork","champ:StanceDance"],"picked":"SKIP","floor":5.0},{"not_picked":["champ:BringItOn","champ:Lariat","champ:Shatter"],"picked":"SKIP","floor":6.0},{"not_picked":["champ:PreciseThrust","champ:ShieldSigil","champ:SwordSigil"],"picked":"SKIP","floor":9.0},{"not_picked":["champ:Parry","champ:IronFortress"],"picked":"champ:SwordThrow","floor":10},{"not_picked":["champ:CrownThrow","champ:FlashCut","champ:PreciseThrust"],"picked":"SKIP","floor":11},{"not_picked":["champ:FanOfKnives","champ:FlashCut"],"picked":"champ:VampiricStrike","floor":12},{"not_picked":["champ:Backstep","champ:IronFortress","champ:Circumvent"],"picked":"SKIP","floor":15},{"not_picked":["champ:DancingMaster","champ:HeavySlash"],"picked":"champ:LastStand","floor":16},{"not_picked":["champ:Haymaker","champ:Shatter+1","champ:ShieldSigil"],"picked":"SKIP","floor":19},{"not_picked":["champ:RapidStrikes","champ:ViciousMockery"],"picked":"champ:MurderStrike","floor":21},{"not_picked":["champ:PerfectedStrike+1","champ:BladeFlurry","champ:FocusedBerserking"],"picked":"SKIP","floor":22},{"not_picked":["champ:Improvising","champ:GladiatorForm"],"picked":"champ:VampiricStrike","floor":24},{"not_picked":["champ:EnGarde","champ:ShieldSigil"],"picked":"champ:BladeFlurry+1","floor":25},{"not_picked":["champ:FanOfKnives+1","champ:FalseCounter+1"],"picked":"champ:CrownThrow+1","floor":26},{"not_picked":["champ:AdrenalArmor","champ:FlashCut+1"],"picked":"champ:DancingMaster","floor":27},{"not_picked":["champ:TornadoPunch","champ:ShieldSigil"],"picked":"champ:ViciousMockery","floor":30},{"not_picked":["champ:GutPunch","champ:EnGarde","champ:DefensiveShout"],"picked":"SKIP","floor":31},{"not_picked":["champ:PreciseThrust","champ:RageSigil","champ:ShieldSigil"],"picked":"SKIP","floor":32},{"not_picked":["champ:DancingMaster","champ:GladiatorForm"],"picked":"champ:CheapShot","floor":33},{"not_picked":["champ:BladeFlurry","champ:Encircle+1"],"picked":"champ:CrookedStrike+1","floor":36},{"not_picked":["champ:PreciseThrust","champ:EnGarde+1"],"picked":"champ:StrikeOfGenius","floor":38},{"not_picked":["champ:Haymaker","champ:BringItOn","champ:RageSigil"],"picked":"SKIP","floor":40},{"not_picked":["champ:MurderStrike","champ:IgnorePain"],"picked":"champ:HoldFirm","floor":41},{"not_picked":["champ:TornadoPunch","champ:Shatter","champ:RapidStrikes+1"],"picked":"SKIP","floor":43},{"not_picked":["champ:EndlessRage","champ:RisingSlash"],"picked":"champ:ViciousMockery+1","floor":44},{"not_picked":["champ:Circumvent","champ:BladeFlurry"],"picked":"champ:CrookedStrike+1","floor":46},{"not_picked":["champ:BringItOn","champ:Haymaker","champ:EnGarde"],"picked":"SKIP","floor":47},{"not_picked":["champ:StrikeOfGenius","champ:RisingSlash+1"],"picked":"champ:EnragedBash","floor":48},{"not_picked":["champ:CrownThrow","champ:FocusedDefense"],"picked":"champ:GutPunch+1","floor":49}],"player_experience":1160301,"relics_obtained":[{"floor":7.0,"key":"DemoMod:SevenLeafClover"},{"floor":10,"key":"DemoMod:MeltedRock"},{"floor":24,"key":"StuffTheSpire:Wildfire"},{"floor":31,"key":"Ancient Tea Set"},{"floor":41,"key":"vexMod:PlasmaPancake"},{"floor":41,"key":"Bottled Tornado"},{"floor":48,"key":"Gremlin Horn"}],"event_choices":[{"damage_healed":0,"gold_gain":0,"player_choice":"Became a vampire","damage_taken":0,"max_hp_gain":0,"max_hp_loss":28,"event_name":"Vampires","floor":23,"gold_loss":0,"cards_obtained":["Bite","Bite","Bite","Bite","Bite"]},{"damage_healed":0,"gold_gain":0,"player_choice":"Stole Relic","damage_taken":0,"relics_obtained":["DemoMod:MonsterBlood"],"max_hp_gain":0,"max_hp_loss":0,"event_name":"Addict","floor":29,"gold_loss":0,"cards_obtained":["Pride"]}],"is_beta":false,"boss_relics":[{"not_picked":["Replay:Wanted Poster","halation:MonkeysPaw"],"picked":"hubris:GrandSneckoEye"},{"not_picked":["hubris:TerracottaHorce","halation:LoveArrow"],"picked":"StuffTheSpire:Kangaroo"}],"items_purged_floors":[21,27,45],"is_endless":false,"potions_floor_spawned":[2,6,9,10,22,26,31,32,33,36,38,46,47,49],"killed_by":"IC_BLOCK_ARCHETYPE","ascension_level":0}}