{"host":"lnt5dzsuhru0aonl","time":1611480298,"event":{"mods":["2.2 Compatiblity","BaseMod","Colored Map","Colored Powertips","DeckTracker","Keyboard Shortcuts","Minty Spire (QoL Compilation)","Permanent Neow","Rare Cards Sparkle","StSLib","SuperFastMode","everything is the same but u backflip on backflip"],"gold_per_floor":[112,112,187,0,11,11,11,36,118,138,138,148,148,148,148,148,148],"floor_reached":16,"language":"KOR","playtime":291,"items_purged":[],"score":192,"play_id":"678da23c-4388-4a2b-9d35-a21136b82561","local_time":"20210124182458","is_ascension_mode":true,"campfire_choices":[{"data":"Streamline","floor":6,"key":"SMITH"},{"data":"Glacier","floor":13,"key":"SMITH"},{"data":"Self Repair","floor":15,"key":"SMITH"}],"circlet_count":0,"master_deck":["AscendersBane","Strike_B","Strike_B+1","Strike_B","Defend_B","Defend_B","Defend_B","Defend_B","Zap+1","Dualcast","Self Repair+1","Streamline+1","Glacier+1","Coolheaded"],"relics":["Cracked Core","Thread and Needle","Membership Card","Singing Bowl","Letter Opener","Odd Mushroom","Mummified Hand"],"acts_visited":["Exordium"],"potions_floor_usage":[8],"damage_taken":[{"damage":0,"enemies":"2 Louse","floor":1,"turns":3},{"damage":0,"enemies":"Small Slimes","floor":5,"turns":3},{"damage":6,"enemies":"3 Sentries","floor":8,"turns":3},{"damage":8,"enemies":"The Mushroom Lair","floor":10,"turns":4},{"damage":0,"enemies":"Cultist","floor":12,"turns":4},{"damage":24,"enemies":"Hexaghost","floor":16,"turns":10}],"seed_played":"8694171740213798170","potions_obtained":[{"floor":1,"key":"EssenceOfSteel"},{"floor":5,"key":"AttackPotion"}],"is_trial":false,"path_per_floor":["M","?","?","$","M","R","$","E","T","?","?","M","R","T","R","B"],"character_chosen":"DEFECT","items_purchased":["Membership Card","Streamline"],"campfire_rested":0,"item_purchase_floors":[4,4],"current_hp_per_floor":[46,25,14,14,21,21,21,22,22,21,14,23,23,23,23,0,0],"gold":148,"neow_bonus":"ONE_RARE_RELIC","is_daily":false,"chose_seed":false,"campfire_upgraded":3,"win_rate":0.0,"timestamp":1611480298,"path_taken":["M","?","?","$","M","R","$","E","T","?","?","M","R","?","R","BOSS"],"items_purchased_type":["Relic","Card"],"build_version":"2020-12-22","purchased_purges":0,"victory":false,"max_hp_per_floor":[71,71,71,71,71,71,71,71,71,71,71,73,73,73,73,73,73],"card_choices":[{"not_picked":["Heatsinks","Streamline"],"picked":"Self Repair","floor":1},{"not_picked":["Go for the Eyes","Consume","Blizzard"],"picked":"SKIP","floor":5},{"not_picked":["Doom and Gloom","Steam"],"picked":"Glacier","floor":8},{"not_picked":["Leap","Hologram"],"picked":"Coolheaded","floor":10},{"not_picked":["Sweeping Beam","Coolheaded","Melter"],"picked":"Singing Bowl","floor":12}],"player_experience":747169,"relics_obtained":[{"floor":8,"key":"Singing Bowl"},{"floor":9,"key":"Letter Opener"},{"floor":10,"key":"Odd Mushroom"},{"floor":14,"key":"Mummified Hand"}],"event_choices":[{"damage_healed":0,"gold_gain":0,"player_choice":"Entered Light","damage_taken":21,"max_hp_gain":0,"max_hp_loss":0,"event_name":"Shining Light","floor":2,"gold_loss":0,"cards_upgraded":["Zap","Strike_B"]},{"damage_healed":0,"gold_gain":75,"player_choice":"Gather Gold","damage_taken":11,"max_hp_gain":0,"max_hp_loss":0,"event_name":"World of Goop","floor":3,"gold_loss":0},{"damage_healed":0,"gold_gain":0,"player_choice":"Fought Mushrooms","damage_taken":0,"max_hp_gain":0,"max_hp_loss":0,"event_name":"Mushrooms","floor":10,"gold_loss":0},{"cards_removed":["Strike_B"],"damage_healed":0,"gold_gain":0,"player_choice":"Card Removal","damage_taken":7,"max_hp_gain":0,"max_hp_loss":0,"event_name":"Golden Wing","floor":11,"gold_loss":0}],"is_beta":false,"boss_relics":[],"items_purged_floors":[],"is_endless":false,"potions_floor_spawned":[1,5],"killed_by":"Hexaghost","ascension_level":20}}