{"host":"FirstDane","time":1611459932,"event":{"mods":["BaseMod","Bestiary","Highlight Path","Minty Spire (QoL Compilation)","Relic Stats","Slay the Relics Exporter"],"gold_per_floor":[116,116,131,149,164,204,204,240,309,309,309,19,52,92,92,183,183,201,216,28,28,46,46,80,110,192,204,81,81,122,145,145,235,235,254,267,288,288,319,357,357,357,357,384,384,409,447,470,470,470,470,470],"floor_reached":51,"language":"ENG","playtime":5252,"items_purged":["Strike_B","Strike_B"],"score":1559,"play_id":"7e01aba2-e409-4c82-85d6-a3cf91f89155","local_time":"20210123214532","is_ascension_mode":true,"campfire_choices":[{"data":"Beam Cell","floor":7,"key":"SMITH"},{"data":"Loop","floor":11,"key":"SMITH"},{"data":"Hologram","floor":15,"key":"SMITH"},{"floor":23,"key":"REST"},{"floor":29,"key":"REST"},{"data":"Capacitor","floor":32,"key":"SMITH"},{"data":"Strike_B","floor":41,"key":"PURGE"},{"floor":45,"key":"REST"},{"floor":49,"key":"RECALL"}],"circlet_count":0,"master_deck":["AscendersBane","Strike_B","Defend_B","Defend_B","Defend_B","Defend_B","Zap","Dualcast","Barrage","Go for the Eyes","Glacier","Echo Form","Beam Cell+1","Loop+1","Ball Lightning","Hologram+1","Skim","Sunder","RitualDagger","Steam","Double Energy+1","Hologram","Shame","Capacitor+1","Meteor Strike","Rebound","Biased Cognition","Steam+1","Glacier","Coolheaded","Dark Shackles","Loop+1","Coolheaded+1"],"relics":["Cracked Core","Golden Idol","TungstenRod","Turnip","Pantograph","PreservedInsect","ClockworkSouvenir","Art of War","Nuclear Battery","MawBank","Cables","Strawberry","Nunchaku","Fusion Hammer","Peace Pipe","CeramicFish","Blue Candle"],"acts_visited":["Exordium","TheCity","TheBeyond"],"potions_floor_usage":[8,13,14,16,19,24,24,30,33,40,40,44,46,47,48],"damage_taken":[{"damage":5,"enemies":"2 Louse","floor":1,"turns":3},{"damage":5,"enemies":"Small Slimes","floor":3,"turns":4},{"damage":0,"enemies":"Jaw Worm","floor":4,"turns":4},{"damage":0,"enemies":"3 Louse","floor":5,"turns":6},{"damage":18,"enemies":"3 Sentries","floor":6,"turns":12},{"damage":0,"enemies":"Gremlin Nob","floor":8,"turns":3},{"damage":4,"enemies":"3 Sentries","floor":13,"turns":4},{"damage":0,"enemies":"Large Slime","floor":14,"turns":6},{"damage":4,"enemies":"The Guardian","floor":16,"turns":11},{"damage":15,"enemies":"2 Thieves","floor":18,"turns":4},{"damage":0,"enemies":"Shell Parasite","floor":19,"turns":6},{"damage":40,"enemies":"Cultist and Chosen","floor":22,"turns":7},{"damage":10,"enemies":"Book of Stabbing","floor":24,"turns":7},{"damage":7,"enemies":"Snake Plant","floor":25,"turns":6},{"damage":27,"enemies":"Gremlin Leader","floor":30,"turns":6},{"damage":4,"enemies":"3 Cultists","floor":31,"turns":4},{"damage":31,"enemies":"Champ","floor":33,"turns":20},{"damage":14,"enemies":"3 Shapes","floor":35,"turns":6},{"damage":3,"enemies":"Orb Walker","floor":36,"turns":4},{"damage":0,"enemies":"Transient","floor":37,"turns":6},{"damage":0,"enemies":"Mind Bloom Boss Battle","floor":39,"turns":9},{"damage":43,"enemies":"Giant Head","floor":40,"turns":8},{"damage":8,"enemies":"Spire Growth","floor":44,"turns":6},{"damage":14,"enemies":"Maw","floor":46,"turns":10},{"damage":0,"enemies":"Reptomancer","floor":47,"turns":4},{"damage":23,"enemies":"Jaw Worm Horde","floor":48,"turns":6},{"damage":50,"enemies":"Donu and Deca","floor":50,"turns":14},{"damage":30,"enemies":"Time Eater","floor":51,"turns":11}],"seed_played":"-1673995499539394170","potions_obtained":[{"floor":1,"key":"EssenceOfDarkness"},{"floor":6,"key":"Explosive Potion"},{"floor":8,"key":"Dexterity Potion"},{"floor":13,"key":"ColorlessPotion"},{"floor":14,"key":"AttackPotion"},{"floor":18,"key":"LiquidMemories"},{"floor":19,"key":"Dexterity Potion"},{"floor":25,"key":"ColorlessPotion"},{"floor":36,"key":"EntropicBrew"},{"floor":40,"key":"SmokeBomb"},{"floor":42,"key":"Swift Potion"},{"floor":44,"key":"LiquidMemories"},{"floor":46,"key":"PowerPotion"},{"floor":47,"key":"ColorlessPotion"}],"is_trial":false,"path_per_floor":["M","?","M","M","M","E","R","E","T","?","R","$","E","M","R","B",null,"M","M","$","?","M","R","E","M","T","?","$","R","E","M","R","B",null,"M","M","M","?","?","E","R","?","T","M","R","M","E","M","R","B","B"],"character_chosen":"DEFECT","items_purchased":["ClockworkSouvenir","Ball Lightning","Sunder","Capacitor","SpeedPotion"],"campfire_rested":3,"item_purchase_floors":[12,12,20,28,28],"current_hp_per_floor":[66,66,61,61,61,43,43,43,43,28,28,28,24,24,24,45,65,50,50,50,45,5,26,16,9,9,16,16,39,12,8,8,2,59,45,42,42,42,67,24,24,24,24,16,39,25,25,2,2,4,0,0],"gold":470,"neow_bonus":"TEN_PERCENT_HP_BONUS","is_daily":false,"chose_seed":false,"campfire_upgraded":4,"win_rate":0.0,"timestamp":1611459932,"path_taken":["M","?","M","M","M","E","R","E","T","?","R","$","E","M","R","BOSS","M","M","$","?","M","R","E","M","T","?","$","R","E","M","R","BOSS","M","M","M","?","?","E","R","?","T","M","R","M","E","M","R","BOSS","BOSS"],"items_purchased_type":["Relic","Card","Card","Card","Potion"],"build_version":"2020-12-18","purchased_purges":2,"victory":false,"max_hp_per_floor":[78,71,71,71,71,71,71,71,71,71,71,71,71,71,71,71,71,71,71,71,71,71,71,71,71,71,78,78,78,78,78,78,78,78,78,78,78,78,78,78,78,78,78,78,78,78,78,78,78,78,78,78],"relic_stats":{"counters":[28,195],"Golden Idol":170,"CeramicFish":18,"Blue Candle":[3],"PreservedInsect":313,"MawBank":48,"Cables":[106,27,68,0,11],"Peace Pipe":1,"Nunchaku":[15],"Pantograph":125,"Turnip":[52],"Art of War":[47],"obtain_stats":[{"Golden Idol":2,"CeramicFish":40,"Blue Candle":47,"PreservedInsect":10,"MawBank":24,"ClockworkSouvenir":12,"Nuclear Battery":17,"Cables":26,"Peace Pipe":39,"Nunchaku":30,"Pantograph":9,"Strawberry":27,"Turnip":8,"Fusion Hammer":34,"Art of War":13,"Cracked Core":0,"TungstenRod":6},{"Golden Idol":1,"CeramicFish":22,"Blue Candle":25,"PreservedInsect":6,"MawBank":13,"ClockworkSouvenir":6,"Nuclear Battery":9,"Cables":14,"Peace Pipe":21,"Nunchaku":15,"Pantograph":6,"Strawberry":14,"Turnip":6,"Fusion Hammer":17,"Art of War":7,"Cracked Core":0,"TungstenRod":5},{"Golden Idol":3,"CeramicFish":145,"Blue Candle":165,"PreservedInsect":32,"MawBank":77,"ClockworkSouvenir":32,"Nuclear Battery":53,"Cables":83,"Peace Pipe":137,"Nunchaku":89,"Pantograph":32,"Strawberry":83,"Turnip":32,"Fusion Hammer":113,"Art of War":36,"Cracked Core":0,"TungstenRod":29}],"TungstenRod":53},"card_choices":[{"not_picked":["Gash","Stack"],"picked":"Barrage","floor":1},{"not_picked":["Coolheaded","Turbo"],"picked":"Go for the Eyes","floor":3},{"not_picked":["Reinforced Body","Steam"],"picked":"Glacier","floor":4},{"not_picked":["Steam","Recycle"],"picked":"Echo Form","floor":5},{"not_picked":["Fusion","Thunder Strike"],"picked":"Beam Cell","floor":6},{"not_picked":["Sweeping Beam","Rainbow"],"picked":"Loop","floor":8},{"not_picked":["Beam Cell","Go for the Eyes"],"picked":"Hologram","floor":13},{"not_picked":["Redo","Barrage"],"picked":"Skim","floor":14},{"not_picked":["Beam Cell","Gash+1","Coolheaded"],"picked":"SKIP","floor":18},{"not_picked":["Force Field","Recycle","Self Repair"],"picked":"SKIP","floor":19},{"not_picked":["Leap","Streamline"],"picked":"Steam","floor":22},{"not_picked":["Beam Cell+1","Fission"],"picked":"Double Energy+1","floor":24},{"not_picked":["Conserve Battery","Compile Driver"],"picked":"Hologram","floor":25},{"not_picked":["Static Discharge+1","Steam Power+1"],"picked":"Meteor Strike","floor":30},{"not_picked":["Cold Snap","Ball Lightning"],"picked":"Rebound","floor":31},{"not_picked":["Seek","Amplify"],"picked":"Biased Cognition","floor":33},{"not_picked":["Aggregate","Recycle+1"],"picked":"Steam+1","floor":35},{"not_picked":["Steam Power","Auto Shields"],"picked":"Glacier","floor":36},{"not_picked":["Capacitor","Go for the Eyes"],"picked":"Coolheaded","floor":37},{"not_picked":["Bandage Up","Mind Blast"],"picked":"Dark Shackles","floor":38},{"not_picked":["FTL","Aggregate","Redo"],"picked":"SKIP","floor":40},{"not_picked":["Storm+1","Hologram"],"picked":"Loop+1","floor":44},{"not_picked":["Stack","Streamline+1","Barrage"],"picked":"SKIP","floor":46},{"not_picked":["Leap","Rebound","Sweeping Beam"],"picked":"SKIP","floor":47},{"not_picked":["Gash+1","Static Discharge"],"picked":"Coolheaded+1","floor":48}],"player_experience":3973044,"relics_obtained":[{"floor":6,"key":"TungstenRod"},{"floor":8,"key":"Turnip"},{"floor":9,"key":"Pantograph"},{"floor":13,"key":"Art of War"},{"floor":24,"key":"MawBank"},{"floor":26,"key":"Cables"},{"floor":30,"key":"Nunchaku"},{"floor":39,"key":"Peace Pipe"},{"floor":40,"key":"CeramicFish"},{"floor":47,"key":"Blue Candle"}],"event_choices":[{"damage_healed":0,"gold_gain":0,"player_choice":"Lose Max HP","damage_taken":0,"relics_obtained":["Golden Idol"],"max_hp_gain":0,"max_hp_loss":7,"event_name":"Golden Idol","floor":2,"gold_loss":0},{"damage_healed":0,"gold_gain":0,"player_choice":"Success","damage_taken":18,"relics_obtained":["PreservedInsect"],"max_hp_gain":0,"max_hp_loss":0,"event_name":"Scrap Ooze","floor":10,"gold_loss":0},{"damage_healed":0,"gold_gain":0,"player_choice":"Joined the Cult","damage_taken":6,"max_hp_gain":0,"max_hp_loss":0,"event_name":"Nest","floor":21,"gold_loss":0,"cards_obtained":["RitualDagger"]},{"damage_healed":0,"gold_gain":0,"player_choice":"Stole Relic","damage_taken":0,"relics_obtained":["Strawberry"],"max_hp_gain":0,"max_hp_loss":0,"event_name":"Addict","floor":27,"gold_loss":0,"cards_obtained":["Shame"]},{"damage_healed":0,"gold_gain":0,"player_choice":"Memory 1","damage_taken":0,"max_hp_gain":0,"max_hp_loss":0,"event_name":"SensoryStone","floor":38,"gold_loss":0},{"damage_healed":0,"gold_gain":0,"player_choice":"Fight","damage_taken":0,"max_hp_gain":0,"max_hp_loss":0,"event_name":"MindBloom","floor":39,"gold_loss":0},{"damage_healed":0,"gold_gain":0,"player_choice":"Got Potions","damage_taken":0,"max_hp_gain":0,"max_hp_loss":0,"event_name":"Lab","floor":42,"gold_loss":0}],"is_beta":true,"boss_relics":[{"not_picked":["Tiny House","Ectoplasm"],"picked":"Nuclear Battery"},{"not_picked":["Calling Bell","Pandora\u0027s Box"],"picked":"Fusion Hammer"}],"items_purged_floors":[12,20],"is_endless":false,"potions_floor_spawned":[1,6,8,13,14,18,19,25,36,40,44,46,47],"killed_by":"Time Eater","ascension_level":20}}