{"host":"08t08ld674si40tv","time":1611457727,"event":{"mods":["AchievementEnabler","BaseMod","Colored Map","Minty Spire (QoL Compilation)","StSLib","SuperFastMode"],"gold_per_floor":[117,130,143,143,160,160,191,208,276,276,276,296,296,306,306,306,306],"floor_reached":16,"language":"KOR","playtime":373,"items_purged":[],"score":104,"play_id":"5933fa53-121c-4af6-b87d-e8bc9d54ed81","local_time":"20210124120847","is_ascension_mode":false,"campfire_choices":[{"data":"Venomology","floor":6,"key":"SMITH"},{"data":"Adrenaline","floor":10,"key":"SMITH"},{"data":"Bouncing Flask","floor":13,"key":"SMITH"},{"data":"Deadly Poison","floor":15,"key":"SMITH"}],"circlet_count":0,"master_deck":["Strike_G","Strike_G","Strike_G","Strike_G","Defend_G","Defend_G","Defend_G","Defend_G","Defend_G","Survivor","Neutralize","Venomology+1","Blade Dance","Deadly Poison+1","Bouncing Flask+1","Adrenaline+1","Prepared","Backflip"],"relics":["Ring of the Snake","NeowsBlessing","Art of War","Gremlin Horn"],"acts_visited":["Exordium"],"potions_floor_usage":[7,7,7,7,8,8,12,14,14,16,16],"damage_taken":[{"damage":0,"enemies":"Jaw Worm","floor":1,"turns":1},{"damage":0,"enemies":"2 Louse","floor":2,"turns":1},{"damage":0,"enemies":"Small Slimes","floor":3,"turns":2},{"damage":8,"enemies":"Gremlin Gang","floor":5,"turns":5},{"damage":26,"enemies":"Lagavulin","floor":7,"turns":5},{"damage":0,"enemies":"Looter","floor":8,"turns":2},{"damage":2,"enemies":"Large Slime","floor":12,"turns":5},{"damage":0,"enemies":"Exordium Thugs","floor":14,"turns":2},{"damage":66,"enemies":"Slime Boss","floor":16,"turns":13}],"seed_played":"-2836579052192875529","potions_obtained":[{"floor":3,"key":"Poison Potion"},{"floor":7,"key":"DistilledChaos"},{"floor":12,"key":"Block Potion"}],"is_trial":false,"path_per_floor":["M","M","M","?","M","R","E","M","T","R","?","M","R","M","R","B"],"character_chosen":"THE_SILENT","items_purchased":[],"campfire_rested":0,"item_purchase_floors":[],"current_hp_per_floor":[70,70,70,70,62,62,36,36,36,36,41,39,39,39,39,0,0],"gold":306,"neow_bonus":"ONE_RANDOM_RARE_CARD","is_daily":false,"chose_seed":false,"campfire_upgraded":4,"win_rate":0.0,"timestamp":1611457727,"path_taken":["M","M","M","?","M","R","E","M","T","R","?","M","R","M","R","BOSS"],"items_purchased_type":[],"build_version":"2020-12-22","purchased_purges":0,"victory":false,"max_hp_per_floor":[70,70,70,70,70,70,70,70,70,70,75,75,75,75,75,75,75],"card_choices":[{"not_picked":["Cloak And Dagger","Flying Knee"],"picked":"Blade Dance","floor":1},{"not_picked":["Outmaneuver","Poisoned Stab"],"picked":"Deadly Poison","floor":2},{"not_picked":["Heel Hook","Quick Slash"],"picked":"Bouncing Flask","floor":3},{"not_picked":["Underhanded Strike","Flechettes"],"picked":"Adrenaline","floor":5},{"not_picked":["Terror","Skewer","Poisoned Stab"],"picked":"SKIP","floor":7},{"not_picked":["Cloak And Dagger","Underhanded Strike"],"picked":"Prepared","floor":8},{"not_picked":["Envenom","Poisoned Stab","Terror"],"picked":"SKIP","floor":12},{"not_picked":["Backstab","Flying Knee"],"picked":"Backflip","floor":14}],"player_experience":262194,"relics_obtained":[{"floor":7,"key":"Art of War"},{"floor":9,"key":"Gremlin Horn"}],"event_choices":[{"cards_removed":["Strike_G"],"damage_healed":0,"gold_gain":0,"player_choice":"Forget","damage_taken":0,"max_hp_gain":0,"max_hp_loss":0,"event_name":"Living Wall","floor":4,"gold_loss":0},{"damage_healed":0,"gold_gain":0,"player_choice":"Donut","damage_taken":0,"max_hp_gain":5,"max_hp_loss":0,"event_name":"Big Fish","floor":11,"gold_loss":0}],"is_beta":false,"boss_relics":[],"items_purged_floors":[],"is_endless":false,"potions_floor_spawned":[3,7,12],"killed_by":"Slime Boss","ascension_level":0}}