{"host":"b1dzdo8uo7e6jx8g","time":1611510601,"event":{"mods":["AchievementEnabler","BaseMod","BetterRewards","Colored Map","Downfall","Highlight Path","Minty Spire (QoL Compilation)","StSLib"],"gold_per_floor":[111,186,196,196,124,124,135,167,191,208,222,222,242,242,242,345,345,361,61,61,77,5,5,5,25,73,73,93,109,131,59,59,167,167,187,33,52,52,64,64,83,99,123,141,141,155,155,155],"floor_reached":47,"language":"ENG","playtime":1619,"items_purged":["Defend_P"],"score":608,"play_id":"046c5403-2f72-471d-b197-cd862b728ce7","local_time":"20210124185001","is_ascension_mode":false,"campfire_choices":[{"floor":6,"key":"REST"},{"floor":12,"key":"REST"},{"floor":15,"key":"REST"},{"data":"Apotheosis","floor":23,"key":"SMITH"},{"floor":27,"key":"REST"},{"floor":32,"key":"REST"},{"floor":40,"key":"REST"},{"floor":45,"key":"REST"}],"circlet_count":0,"master_deck":["Strike_P+1","Strike_P+1","Strike_P+1","Defend_P+1","Eruption","Vigilance","Consecrate+1","Crescendo","Adaptation","ForeignInfluence","Worship","Prostrate","Consecrate","CarveReality","EmptyFist","WindmillStrike","Wallop","Consecrate","Judgement","Apotheosis+1","Pray+1","Prostrate","Omniscience","Establishment","Halt+1","Parasite"],"relics":["HolyWater","Membership Card","CaptainsWheel","StrikeDummy","Orichalcum","Orrery","Toy Ornithopter","Empty Cage","Pear","Pen Nib","ClockworkSouvenir","CeramicFish","PreservedInsect","Ginger","Art of War"],"acts_visited":["Exordium","TheCity","TheBeyond"],"potions_floor_usage":[11,16,16,33,44],"damage_taken":[{"damage":13,"enemies":"Small Slimes","floor":1,"turns":3},{"damage":0,"enemies":"2 Louse","floor":3,"turns":1},{"damage":3,"enemies":"Jaw Worm","floor":7,"turns":2},{"damage":10,"enemies":"Lagavulin","floor":8,"turns":5},{"damage":11,"enemies":"Blue Slaver","floor":10,"turns":3},{"damage":11,"enemies":"Lots of Slimes","floor":11,"turns":3},{"damage":3,"enemies":"Exordium Thugs","floor":13,"turns":4},{"damage":15,"enemies":"Hexaghost","floor":16,"turns":6},{"damage":6,"enemies":"3 Byrds","floor":18,"turns":3},{"damage":4,"enemies":"Chosen","floor":21,"turns":4},{"damage":16,"enemies":"Centurion and Healer","floor":25,"turns":4},{"damage":0,"enemies":"Snake Plant","floor":28,"turns":2},{"damage":2,"enemies":"3 Cultists","floor":29,"turns":3},{"damage":4,"enemies":"Shelled Parasite and Fungi","floor":30,"turns":4},{"damage":79,"enemies":"Automaton","floor":33,"turns":7},{"damage":5,"enemies":"Orb Walker","floor":35,"turns":3},{"damage":19,"enemies":"3 Shapes","floor":37,"turns":3},{"damage":28,"enemies":"Jaw Worm Horde","floor":39,"turns":3},{"damage":13,"enemies":"Writhing Mass","floor":41,"turns":5},{"damage":38,"enemies":"4 Shapes","floor":42,"turns":5},{"damage":12,"enemies":"Jaw Worm Horde","floor":44,"turns":3},{"damage":11,"enemies":"Maw","floor":46,"turns":6},{"damage":32,"enemies":"Nemesis","floor":47,"turns":4}],"seed_played":"-7186765811791796274","potions_obtained":[{"floor":3,"key":"FearPotion"},{"floor":7,"key":"SteroidPotion"},{"floor":8,"key":"Fire Potion"},{"floor":11,"key":"EntropicBrew"},{"floor":16,"key":"Swift Potion"},{"floor":18,"key":"Ancient Potion"},{"floor":33,"key":"Strength Potion"},{"floor":44,"key":"Fire Potion"}],"is_trial":false,"path_per_floor":["M","?","M","?","$","R","M","E","T","M","M","R","M","?","R","B",null,"M","$","?","M","$","R","?","M","T","R","M","M","M","$","R","B",null,"M","$","M","$","M","R","M","M","T","M","R","M","E"],"character_chosen":"WATCHER","items_purchased":["Membership Card","Consecrate","StrikeDummy","Orichalcum","Crescendo","Adaptation","Orrery","Apotheosis","Pear","Pen Nib","ClockworkSouvenir","PreservedInsect","Ginger"],"campfire_rested":7,"item_purchase_floors":[0,0,0,0,0,0,5,19,19,19,22,31,36],"current_hp_per_floor":[30,19,19,12,12,33,30,20,20,9,3,24,21,7,28,23,72,66,76,76,72,72,72,56,40,40,66,66,64,60,60,86,8,87,82,82,63,63,35,61,48,10,10,3,29,18,0,0],"gold":155,"neow_bonus":"","is_daily":false,"chose_seed":false,"campfire_upgraded":1,"win_rate":0.0,"timestamp":1611510601,"path_taken":["M","?","M","?","$","R","M","E","T","M","M","R","M","?","R","BOSS","M","$","?","M","?","R","?","M","T","R","M","?","M","$","R","BOSS","M","$","M","$","M","R","M","M","T","?","R","M","E"],"items_purchased_type":["Relic","Card","Relic","Relic","Card","Card","Relic","Card","Relic","Relic","Relic","Relic","Relic"],"build_version":"2020-12-22","purchased_purges":1,"victory":false,"max_hp_per_floor":[72,72,72,72,72,72,72,72,72,72,72,72,72,72,72,72,72,72,82,82,82,82,82,87,87,87,87,87,87,87,87,87,87,87,87,87,87,87,87,87,87,87,87,87,87,87,87,87],"card_choices":[{"not_picked":["Perseverance","SignatureMove"],"picked":"ForeignInfluence","floor":1},{"not_picked":["ClearTheMind","ThirdEye"],"picked":"Worship","floor":3},{"not_picked":["EmptyFist","FollowUp"],"picked":"Prostrate","floor":5},{"not_picked":["Wallop","Weave"],"picked":"Consecrate","floor":5},{"not_picked":["BowlingBash","FlurryOfBlows"],"picked":"CarveReality","floor":5},{"not_picked":["ThirdEye","ClearTheMind"],"picked":"EmptyFist","floor":5},{"not_picked":["ConjureBlade","ReachHeaven"],"picked":"WindmillStrike","floor":5},{"not_picked":["Crescendo","JustLucky","TalkToTheHand"],"picked":"SKIP","floor":7},{"not_picked":["Sanctity","EmptyMind","ForeignInfluence"],"picked":"SKIP","floor":8},{"not_picked":["BowlingBash","CutThroughFate"],"picked":"Wallop","floor":10},{"not_picked":["ReachHeaven","EmptyMind"],"picked":"Consecrate","floor":11},{"not_picked":["MasterReality","Nirvana","Crescendo"],"picked":"SKIP","floor":13},{"not_picked":["LessonLearned","Vault"],"picked":"Judgement","floor":16},{"not_picked":["Study","WheelKick","EmptyBody"],"picked":"SKIP","floor":18},{"not_picked":["PathToVictory","EmptyBody"],"picked":"Pray+1","floor":21},{"not_picked":["Conclude+1","EmptyBody+1","CutThroughFate"],"picked":"SKIP","floor":25},{"not_picked":["Protect","Meditate+1"],"picked":"Prostrate","floor":28},{"not_picked":["ThirdEye","BowlingBash","InnerPeace"],"picked":"SKIP","floor":29},{"not_picked":["SashWhip+1","Consecrate"],"picked":"Omniscience","floor":30},{"not_picked":["Ragnarok","MasterReality"],"picked":"Establishment","floor":33},{"not_picked":["WindmillStrike","Sanctity"],"picked":"Halt+1","floor":35},{"not_picked":["JustLucky","Consecrate+1","EmptyMind+1"],"picked":"SKIP","floor":37},{"not_picked":["EmptyMind","EmptyBody+1","Evaluate+1"],"picked":"SKIP","floor":39},{"not_picked":["WaveOfTheHand","MentalFortress+1","Sanctity"],"picked":"SKIP","floor":41},{"not_picked":["PathToVictory+1","ClearTheMind+1","Fasting2"],"picked":"SKIP","floor":42},{"not_picked":["Vengeance+1","FlurryOfBlows+1","EmptyFist"],"picked":"SKIP","floor":44},{"not_picked":["Study","Establishment","EmptyBody+1"],"picked":"SKIP","floor":46}],"player_experience":238633,"relics_obtained":[{"floor":8,"key":"Toy Ornithopter"},{"floor":26,"key":"CeramicFish"},{"floor":43,"key":"Art of War"}],"event_choices":[{"damage_healed":0,"gold_gain":75,"player_choice":"Gather Gold","damage_taken":11,"max_hp_gain":0,"max_hp_loss":0,"event_name":"World of Goop","floor":2,"gold_loss":0},{"cards_removed":["Defend_P"],"damage_healed":0,"gold_gain":0,"player_choice":"Card Removal","damage_taken":7,"max_hp_gain":0,"max_hp_loss":0,"event_name":"Golden Wing","floor":4,"gold_loss":0},{"damage_healed":0,"gold_gain":0,"player_choice":"Entered Light","damage_taken":14,"max_hp_gain":0,"max_hp_loss":0,"event_name":"Shining Light","floor":14,"gold_loss":0,"cards_upgraded":["Strike_P","Consecrate"]},{"damage_healed":0,"gold_gain":0,"player_choice":"Simplicity","damage_taken":0,"max_hp_gain":0,"max_hp_loss":0,"event_name":"Back to Basics","floor":20,"gold_loss":0,"cards_upgraded":["Strike_P","Strike_P","Defend_P"]},{"damage_healed":0,"gold_gain":0,"player_choice":"Shed Blood","damage_taken":21,"max_hp_gain":5,"max_hp_loss":0,"event_name":"Forgotten Altar","floor":24,"gold_loss":0}],"is_beta":false,"boss_relics":[{"not_picked":["Sozu","Busted Crown"],"picked":"Empty Cage"},{"not_picked":["Runic Pyramid","Coffee Dripper"],"picked":"HolyWater"}],"items_purged_floors":[0],"is_endless":false,"potions_floor_spawned":[3,7,8,11,16,18,30,33,37,44,46],"killed_by":"Nemesis","ascension_level":0}}