{"host":"szp1d6dso4pv7ddl","time":1611514147,"event":{"mods":["AchievementEnabler","Alarm Clock","BaseMod","Bestiary","Block Reminder","Colored Map","Colored Powertips","Curses Come First","Dark Map","Displayed Cursed Tome","Highlight Path","Minty Spire (QoL Compilation)","Permanent Neow","Quick Restart","Relic Sorter","Relic Stats","StSLib","Synergy Search"],"gold_per_floor":[364,29,39,114,264,264,284,284,331,331,43,60,79,94,94,172,172,142,142,59,109,109,109],"floor_reached":22,"language":"ENG","playtime":979,"items_purged":["Strike_R","Doubt","Writhe"],"score":322,"play_id":"6b610704-2edc-46d9-9983-b6215221f3a3","local_time":"20210124104907","is_ascension_mode":true,"campfire_choices":[{"data":"Spot Weakness","floor":6.0,"key":"SMITH"},{"floor":15.0,"key":"REST"}],"circlet_count":0,"master_deck":["AscendersBane","Strike_R","Strike_R","Strike_R","Strike_R","Defend_R","Defend_R","Defend_R","Defend_R","Bash","Spot Weakness+1","Reaper","Dropkick","Flex","Shrug It Off","Shrug It Off","Pummel","Twin Strike","Thunderclap","Fiend Fire","Power Through","Dropkick"],"relics":["Burning Blood","Dream Catcher","Membership Card","Mark of Pain","Akabeko"],"acts_visited":["Exordium","TheCity"],"potions_floor_usage":[22],"damage_taken":[{"damage":4.0,"enemies":"Jaw Worm","floor":1.0,"turns":5.0},{"damage":9.0,"enemies":"Small Slimes","floor":3.0,"turns":4.0},{"damage":7.0,"enemies":"Cultist","floor":7.0,"turns":4.0},{"damage":12.0,"enemies":"Looter","floor":12.0,"turns":4.0},{"damage":10.0,"enemies":"2 Fungi Beasts","floor":13.0,"turns":4.0},{"damage":8.0,"enemies":"3 Louse","floor":14.0,"turns":4.0},{"damage":57.0,"enemies":"The Guardian","floor":16.0,"turns":11.0},{"damage":25.0,"enemies":"2 Thieves","floor":18.0,"turns":4.0},{"damage":58,"enemies":"3 Byrds","floor":22,"turns":6}],"seed_played":"1799816475614664605","potions_obtained":[{"floor":1.0,"key":"Ancient Potion"},{"floor":7.0,"key":"DistilledChaos"},{"floor":18.0,"key":"HeartOfIron"}],"is_trial":false,"path_per_floor":["M","$","M","?","?","R","M","?","T","?","$","M","M","M","R","B",null,"M","?","$","?","M"],"character_chosen":"IRONCLAD","items_purchased":["Reaper","Dropkick","Membership Card","Shrug It Off","Pummel","Dropkick"],"campfire_rested":1,"item_purchase_floors":[2,2,11,11,11,20],"current_hp_per_floor":[52,52,53,42,42,42,41,41,41,41,41,35,31,36,58,7,58,51,51,51,51,0,0],"gold":109,"neow_bonus":"TWO_FIFTY_GOLD","is_daily":false,"chose_seed":false,"campfire_upgraded":1,"win_rate":0.0,"timestamp":1611514147,"path_taken":["M","$","M","?","?","R","M","?","T","?","$","M","?","M","R","BOSS","M","?","$","?","M"],"items_purchased_type":["Card","Card","Relic","Card","Card","Card"],"build_version":"2020-12-22","purchased_purges":3,"victory":false,"max_hp_per_floor":[75,75,75,75,75,75,75,75,75,75,75,75,75,75,75,75,75,75,75,75,75,75,75],"relic_stats":{"Dream Catcher":1,"counters":[9,46],"obtain_stats":[{"Dream Catcher":9,"Mark of Pain":17,"Membership Card":11,"Burning Blood":0,"Akabeko":19},{"Dream Catcher":3,"Mark of Pain":7,"Membership Card":3,"Burning Blood":0,"Akabeko":8},{"Dream Catcher":13,"Mark of Pain":36,"Membership Card":13,"Burning Blood":0,"Akabeko":40}],"Burning Blood":48},"card_choices":[{"not_picked":["Infernal Blade","Evolve"],"picked":"Spot Weakness","floor":1.0},{"not_picked":["Havoc","Entrench"],"picked":"Flex","floor":3.0},{"not_picked":["Thunderclap","Havoc"],"picked":"Shrug It Off","floor":7.0},{"not_picked":["Heavy Blade","Carnage"],"picked":"Twin Strike","floor":12.0},{"not_picked":["Warcry","Body Slam","Burning Pact"],"picked":"SKIP","floor":13.0},{"not_picked":["Heavy Blade","Rampage","Clash"],"picked":"SKIP","floor":14.0},{"not_picked":["Perfected Strike","Twin Strike"],"picked":"Thunderclap","floor":15.0},{"not_picked":["Barricade","Juggernaut"],"picked":"Fiend Fire","floor":16.0},{"not_picked":["Feel No Pain+1","Heavy Blade"],"picked":"Power Through","floor":18.0}],"player_experience":1264557,"relics_obtained":[{"floor":9.0,"key":"Dream Catcher"}],"event_choices":[{"damage_healed":0.0,"max_hp_gain":0.0,"max_hp_loss":0.0,"gold_gain":75.0,"event_name":"World of Goop","player_choice":"Gather Gold","floor":4.0,"gold_loss":0.0,"damage_taken":11.0},{"damage_healed":0.0,"max_hp_gain":0.0,"max_hp_loss":0.0,"gold_gain":150.0,"event_name":"Liars Game","player_choice":"AGREE","floor":5.0,"gold_loss":0.0,"damage_taken":0.0,"cards_obtained":["Doubt"]},{"damage_healed":0.0,"max_hp_gain":0.0,"max_hp_loss":0.0,"gold_gain":0.0,"event_name":"Dead Adventurer","player_choice":"Searched \u00271\u0027 times","floor":8.0,"gold_loss":0.0,"damage_taken":0.0},{"damage_healed":0.0,"max_hp_gain":0.0,"max_hp_loss":0.0,"gold_gain":0.0,"event_name":"Shining Light","player_choice":"Ignored","floor":10.0,"gold_loss":0.0,"damage_taken":0.0},{"damage_healed":0.0,"max_hp_gain":0.0,"max_hp_loss":0.0,"gold_gain":0.0,"event_name":"The Mausoleum","player_choice":"Opened","floor":19.0,"gold_loss":0.0,"damage_taken":0.0,"relics_obtained":["Akabeko"],"cards_obtained":["Writhe"]},{"damage_healed":0.0,"max_hp_gain":0.0,"max_hp_loss":0.0,"gold_gain":50.0,"event_name":"Nest","player_choice":"Stole From Cult","floor":21.0,"gold_loss":0.0,"damage_taken":0.0}],"is_beta":false,"boss_relics":[{"not_picked":["Black Blood","Cursed Key"],"picked":"Mark of Pain"}],"items_purged_floors":[2,11,20],"is_endless":false,"potions_floor_spawned":[1,7,18],"killed_by":"3 Byrds","ascension_level":17}}