{"host":"gc0hqzwg2gd3zszy","time":1611496460,"event":{"mods":["BaseMod","DeckTracker","Minty Spire (QoL Compilation)","Relic Stats","SuperFastMode"],"gold_per_floor":[110,32,307,30,40,40,66,83,83,110,110,10,43,55,55,132,132,147,147,157,49,69,69,94,94,143,143,160,160,160,5,5,81,81,98,110,148,148,173,173,173,173,173,94,94,107,107,125,125,125,125],"floor_reached":50,"language":"KOR","playtime":1978,"items_purged":["Regret","Strike_P","Defend_P"],"score":1002,"play_id":"bfa6841d-2556-493e-8150-1ec8a21bf04f","local_time":"20210124225420","is_ascension_mode":true,"campfire_choices":[{"data":"Eruption","floor":6.0,"key":"SMITH"},{"data":"WheelKick","floor":11.0,"key":"SMITH"},{"data":"Blasphemy","floor":15.0,"key":"SMITH"},{"data":"ReachHeaven","floor":23.0,"key":"SMITH"},{"floor":25.0,"key":"REST"},{"floor":30.0,"key":"REST"},{"data":"TalkToTheHand","floor":32.0,"key":"SMITH"},{"floor":40.0,"key":"REST"},{"floor":42.0,"key":"RECALL"},{"floor":49,"key":"REST"}],"circlet_count":0,"master_deck":["AscendersBane","Strike_P","Defend_P","Defend_P","Eruption+1","Vigilance","TalkToTheHand+1","WheelKick+1","Halt","CutThroughFate","Purity","InnerPeace","Blasphemy+1","SpiritShield","CrushJoints","ReachHeaven+1","FlurryOfBlows","EmptyFist","MasterReality+1","DeceiveReality+1","EmptyMind"],"relics":["PureWater","NeowsBlessing","PreservedInsect","Mercury Hourglass","InkBottle","Anchor","Empty Cage","Nloth\u0027s Gift","Cursed Key","Pocketwatch"],"acts_visited":["Exordium","TheCity","TheBeyond"],"potions_floor_usage":[],"damage_taken":[{"damage":0.0,"enemies":"Jaw Worm","floor":1.0,"turns":1.0},{"damage":0.0,"enemies":"Cultist","floor":5.0,"turns":1.0},{"damage":0.0,"enemies":"Gremlin Nob","floor":7.0,"turns":1.0},{"damage":0.0,"enemies":"2 Louse","floor":8.0,"turns":2.0},{"damage":13.0,"enemies":"Lagavulin","floor":10.0,"turns":5.0},{"damage":3.0,"enemies":"Gremlin Nob","floor":13.0,"turns":3.0},{"damage":1.0,"enemies":"Looter","floor":14.0,"turns":2.0},{"damage":29.0,"enemies":"Hexaghost","floor":16.0,"turns":6.0},{"damage":17.0,"enemies":"3 Byrds","floor":18.0,"turns":4.0},{"damage":0.0,"enemies":"Chosen","floor":20.0,"turns":2.0},{"damage":28.0,"enemies":"Snecko","floor":22.0,"turns":6.0},{"damage":17.0,"enemies":"Slavers","floor":24.0,"turns":4.0},{"damage":16.0,"enemies":"Shelled Parasite and Fungi","floor":28.0,"turns":4.0},{"damage":38.0,"enemies":"Champ","floor":33.0,"turns":12.0},{"damage":19.0,"enemies":"3 Shapes","floor":35.0,"turns":4.0},{"damage":23.0,"enemies":"3 Darklings","floor":36.0,"turns":5.0},{"damage":0.0,"enemies":"Sphere and 2 Shapes","floor":37.0,"turns":2.0},{"damage":1.0,"enemies":"Mind Bloom Boss Battle","floor":39.0,"turns":9.0},{"damage":8.0,"enemies":"Maw","floor":46.0,"turns":6.0},{"damage":1,"enemies":"Transient","floor":48,"turns":6},{"damage":53,"enemies":"Awakened One","floor":50,"turns":3}],"seed_played":"2678609183018987803","potions_obtained":[{"floor":1.0,"key":"AttackPotion"},{"floor":7.0,"key":"FairyPotion"},{"floor":13.0,"key":"DistilledChaos"},{"floor":16.0,"key":"BlessingOfTheForge"},{"floor":20.0,"key":"PowerPotion"},{"floor":28.0,"key":"Ancient Potion"},{"floor":35.0,"key":"ColorlessPotion"},{"floor":46.0,"key":"BlessingOfTheForge"}],"is_trial":false,"path_per_floor":["M","$","?","$","M","R","E","M","T","E","R","$","E","M","R","B",null,"M","?","M","$","M","R","E","R","T","?","M","?","R","$","R","B",null,"M","M","M","T","?","R","?","R","T","$","?","M","?","M","R","B"],"character_chosen":"WATCHER","items_purchased":["WheelKick","Halt","CutThroughFate","Purity","Fruit Juice","EmptyFist","EmptyMind"],"campfire_rested":4,"item_purchase_floors":[2,4,4,4,21,31,44],"current_hp_per_floor":[61,61,61,61,61,61,61,61,61,48,48,48,45,44,44,15,55,38,38,38,43,15,15,21,42,42,36,20,20,41,41,41,3,56,37,14,14,14,13,34,34,34,34,34,34,26,26,25,46,0,0],"gold":125,"neow_bonus":"THREE_ENEMY_KILL","is_daily":false,"chose_seed":false,"campfire_upgraded":5,"win_rate":0.0,"timestamp":1611496460,"path_taken":["M","$","?","$","M","R","E","M","T","E","R","?","E","M","R","BOSS","M","?","M","$","M","R","E","R","T","?","M","?","R","$","R","BOSS","M","?","?","?","?","R","?","R","T","?","?","?","?","M","R","BOSS"],"items_purchased_type":["Card","Card","Card","Card","Potion","Card","Card"],"build_version":"2020-12-22","purchased_purges":3,"victory":false,"max_hp_per_floor":[68,68,68,68,68,68,68,68,68,68,68,68,68,68,68,68,68,68,68,68,73,73,73,73,73,73,73,73,73,73,73,73,73,73,73,73,73,73,73,73,73,73,73,73,73,73,73,73,73,73,73],"relic_stats":{"counters":[21,88],"PreservedInsect":97,"Nloth\u0027s Gift":1,"Cursed Key":0,"obtain_stats":[{"Anchor":13,"NeowsBlessing":0,"PreservedInsect":7,"Juzu Bracelet":24,"Nloth\u0027s Gift":29,"PureWater":0,"Empty Cage":17,"Cursed Key":34,"InkBottle":10,"Mercury Hourglass":9,"Pocketwatch":39},{"Anchor":6,"NeowsBlessing":0,"PreservedInsect":3,"Juzu Bracelet":12,"Nloth\u0027s Gift":13,"PureWater":0,"Empty Cage":8,"Cursed Key":14,"InkBottle":5,"Mercury Hourglass":4,"Pocketwatch":18},{"Anchor":13,"NeowsBlessing":0,"PreservedInsect":3,"Juzu Bracelet":37,"Nloth\u0027s Gift":41,"PureWater":0,"Empty Cage":21,"Cursed Key":53,"InkBottle":10,"Mercury Hourglass":5,"Pocketwatch":73}],"InkBottle":[32],"Mercury Hourglass":[279],"Pocketwatch":[3]},"card_choices":[{"not_picked":["PathToVictory","ThirdEye"],"picked":"TalkToTheHand","floor":1.0},{"not_picked":["FlurryOfBlows","Halt","CrushJoints"],"picked":"SKIP","floor":5.0},{"not_picked":["Consecrate","EmptyBody","WindmillStrike"],"picked":"SKIP","floor":7.0},{"not_picked":["Wireheading","JustLucky","TalkToTheHand"],"picked":"SKIP","floor":8.0},{"not_picked":["Pray","Evaluate"],"picked":"InnerPeace","floor":10.0},{"not_picked":["ThirdEye","Evaluate","Prostrate"],"picked":"SKIP","floor":13.0},{"not_picked":["FollowUp","FlyingSleeves"],"picked":"Blasphemy","floor":14.0},{"not_picked":["ConjureBlade","LessonLearned"],"picked":"SpiritShield","floor":16.0},{"not_picked":["PathToVictory","Consecrate"],"picked":"CrushJoints","floor":18.0},{"not_picked":["FlyingSleeves","EmptyBody"],"picked":"ReachHeaven","floor":20.0},{"not_picked":["Protect","FlyingSleeves","SignatureMove"],"picked":"SKIP","floor":22.0},{"not_picked":["JustLucky","TalkToTheHand"],"picked":"FlurryOfBlows","floor":24.0},{"not_picked":["EmptyBody","SashWhip","Prostrate"],"picked":"SKIP","floor":28.0},{"not_picked":["Ragnarok","Establishment"],"picked":"MasterReality","floor":33.0},{"not_picked":["Weave","ClearTheMind","WindmillStrike"],"picked":"SKIP","floor":35.0},{"not_picked":["CrushJoints+1","Scrawl","Study"],"picked":"SKIP","floor":36.0},{"not_picked":["BowlingBash","Weave"],"picked":"DeceiveReality+1","floor":37.0},{"not_picked":["Pray","EmptyFist","Sanctity"],"picked":"SKIP","floor":46.0},{"not_picked":["Sanctity","Crescendo","FlyingSleeves"],"picked":"SKIP","floor":48}],"player_experience":1354611,"relics_obtained":[{"floor":7.0,"key":"PreservedInsect"},{"floor":9.0,"key":"Mercury Hourglass"},{"floor":10.0,"key":"InkBottle"},{"floor":13.0,"key":"Anchor"},{"floor":24.0,"key":"Juzu Bracelet"},{"floor":39.0,"key":"Pocketwatch"}],"event_choices":[{"damage_healed":0.0,"max_hp_gain":0.0,"max_hp_loss":0.0,"gold_gain":275.0,"event_name":"Golden Shrine","player_choice":"Desecrate","floor":3.0,"gold_loss":0.0,"damage_taken":0.0,"cards_obtained":["Regret"]},{"cards_removed":["Defend_P"],"damage_healed":0.0,"max_hp_gain":0.0,"max_hp_loss":0.0,"gold_gain":0.0,"event_name":"Back to Basics","player_choice":"Elegance","floor":19.0,"gold_loss":0.0,"damage_taken":0.0},{"damage_healed":0.0,"max_hp_gain":0.0,"max_hp_loss":0.0,"gold_gain":0.0,"event_name":"Knowing Skull","player_choice":"","floor":27.0,"potions_obtained":[],"gold_loss":0.0,"damage_taken":6.0,"cards_obtained":[]},{"damage_healed":0.0,"max_hp_gain":0.0,"max_hp_loss":0.0,"gold_gain":0.0,"event_name":"Knowing Skull","player_choice":"","floor":27.0,"potions_obtained":[],"gold_loss":0.0,"damage_taken":6.0,"cards_obtained":[]},{"damage_healed":0.0,"max_hp_gain":0.0,"max_hp_loss":0.0,"gold_gain":0.0,"event_name":"N\u0027loth","player_choice":"Traded Relic","floor":29.0,"relics_lost":["Juzu Bracelet"],"gold_loss":0.0,"damage_taken":0.0,"relics_obtained":["Nloth\u0027s Gift"]},{"damage_healed":0.0,"max_hp_gain":0.0,"max_hp_loss":0.0,"gold_gain":0.0,"event_name":"MindBloom","player_choice":"Fight","floor":39.0,"gold_loss":0.0,"damage_taken":0.0},{"damage_healed":0.0,"max_hp_gain":0.0,"max_hp_loss":0.0,"gold_gain":0.0,"event_name":"Mysterious Sphere","player_choice":"Ignored","floor":41.0,"gold_loss":0.0,"damage_taken":0.0},{"damage_healed":0.0,"max_hp_gain":0.0,"max_hp_loss":0.0,"gold_gain":0.0,"event_name":"The Moai Head","player_choice":"Ignored","floor":45.0,"gold_loss":0.0,"damage_taken":0.0},{"damage_healed":0.0,"max_hp_gain":0.0,"max_hp_loss":0.0,"gold_gain":0.0,"event_name":"Upgrade Shrine","player_choice":"Upgraded","floor":47.0,"gold_loss":0.0,"damage_taken":0.0,"cards_upgraded":["MasterReality"]}],"is_beta":false,"boss_relics":[{"not_picked":["Ectoplasm","Calling Bell"],"picked":"Empty Cage"},{"not_picked":["Tiny House","Philosopher\u0027s Stone"],"picked":"Cursed Key"}],"items_purged_floors":[4,12,31],"is_endless":false,"potions_floor_spawned":[1,7,13,16,18,20,28,35,46],"killed_by":"Awakened One","ascension_level":20}}