{"host":"15dd7v8o90xso62x","time":1611457087,"event":{"mods":["BaseMod","Minty Spire (QoL Compilation)","Quick Restart","StSLib","SuperFastMode"],"gold_per_floor":[115,115,134,59,59,59,87,87,166,166,200,211,0,13,13,87,87,106,124,124,142,156,156,172,188,188,201,201,201],"floor_reached":28,"language":"KOR","playtime":1167,"items_purged":["Strike_G"],"score":514,"play_id":"da4cc1ed-2f23-40d8-9613-c8be09607621","local_time":"20210124115807","is_ascension_mode":true,"campfire_choices":[{"data":"Cloak And Dagger","floor":6.0,"key":"SMITH"},{"data":"Acrobatics","floor":8.0,"key":"SMITH"},{"data":"Apotheosis","floor":15.0,"key":"SMITH"},{"floor":23.0,"key":"REST"}],"circlet_count":0,"master_deck":["AscendersBane","Strike_G","Strike_G","Strike_G","Defend_G","Defend_G","Defend_G","Survivor","Neutralize","Cloak And Dagger+1","Acrobatics+1","Backflip","Well Laid Plans","Blade Dance","Apotheosis+1","Prepared","Burst","Terror","Well Laid Plans","Caltrops","Acrobatics","Blur"],"relics":["Ring of the Snake","NeowsBlessing","Sundial","Matryoshka","White Beast Statue","WristBlade","Snake Skull","Meat on the Bone"],"acts_visited":["Exordium","TheCity"],"potions_floor_usage":[27,28],"damage_taken":[{"damage":0.0,"enemies":"2 Louse","floor":1.0,"turns":1.0},{"damage":0.0,"enemies":"Cultist","floor":3.0,"turns":1.0},{"damage":0.0,"enemies":"Lagavulin","floor":7.0,"turns":1.0},{"damage":53.0,"enemies":"Gremlin Nob","floor":11.0,"turns":5.0},{"damage":0.0,"enemies":"Jaw Worm","floor":12.0,"turns":3.0},{"damage":7.0,"enemies":"3 Louse","floor":14.0,"turns":3.0},{"damage":2.0,"enemies":"Hexaghost","floor":16.0,"turns":10.0},{"damage":0.0,"enemies":"2 Thieves","floor":18.0,"turns":2.0},{"damage":12.0,"enemies":"Chosen","floor":19.0,"turns":3.0},{"damage":26.0,"enemies":"Shelled Parasite and Fungi","floor":21.0,"turns":3.0},{"damage":19.0,"enemies":"3 Cultists","floor":22.0,"turns":5.0},{"damage":0.0,"enemies":"Sentry and Sphere","floor":24.0,"turns":3.0},{"damage":10.0,"enemies":"Centurion and Healer","floor":25.0,"turns":4.0},{"damage":1,"enemies":"Chosen and Byrds","floor":27,"turns":5},{"damage":11,"enemies":"Slavers","floor":28,"turns":4}],"seed_played":"8116856287008174928","potions_obtained":[{"floor":3.0,"key":"Block Potion"},{"floor":7.0,"key":"Regen Potion"},{"floor":11.0,"key":"Fruit Juice"},{"floor":12.0,"key":"LiquidBronze"},{"floor":16.0,"key":"CunningPotion"},{"floor":18.0,"key":"Strength Potion"},{"floor":19.0,"key":"Poison Potion"},{"floor":21.0,"key":"DuplicationPotion"},{"floor":22.0,"key":"PowerPotion"},{"floor":24.0,"key":"ColorlessPotion"},{"floor":25.0,"key":"Strength Potion"},{"floor":27,"key":"GhostInAJar"}],"is_trial":false,"path_per_floor":["M","?","M","$","?","R","E","R","T","?","E","M","$","M","R","B",null,"M","M","?","M","M","R","M","M","T","M","E"],"character_chosen":"THE_SILENT","items_purchased":["Apotheosis"],"campfire_rested":1,"item_purchase_floors":[13],"current_hp_per_floor":[59,59,59,59,64,64,64,64,64,64,16,16,16,9,9,22,63,63,51,51,25,6,28,28,18,18,29,18,18],"gold":201,"neow_bonus":"THREE_ENEMY_KILL","is_daily":false,"chose_seed":false,"campfire_upgraded":3,"win_rate":0.0,"timestamp":1611457087,"path_taken":["M","?","?","$","?","R","E","R","T","?","E","M","$","?","R","BOSS","M","M","?","M","?","R","?","M","T","M","E"],"items_purchased_type":["Card"],"build_version":"2020-12-22","purchased_purges":1,"victory":false,"max_hp_per_floor":[66,66,66,66,71,71,71,71,71,71,76,76,76,76,76,76,76,76,76,76,76,76,76,76,76,76,76,76,76],"card_choices":[{"not_picked":["Slice","Bouncing Flask"],"picked":"Cloak And Dagger","floor":1.0},{"not_picked":["Prepared","Underhanded Strike"],"picked":"Acrobatics","floor":3.0},{"not_picked":["Underhanded Strike","Quick Slash"],"picked":"Backflip","floor":7.0},{"not_picked":["Backflip","Storm of Steel","Eviscerate"],"picked":"SKIP","floor":11.0},{"not_picked":["Underhanded Strike","Prepared"],"picked":"Blade Dance","floor":12.0},{"not_picked":["Quick Slash","Leg Sweep"],"picked":"Prepared","floor":14.0},{"not_picked":["A Thousand Cuts","Night Terror"],"picked":"Burst","floor":16.0},{"not_picked":["Slice","Leg Sweep","Sucker Punch"],"picked":"SKIP","floor":18.0},{"not_picked":["Slice+1","Flechettes"],"picked":"Terror","floor":19.0},{"not_picked":["Distraction+1","Backstab"],"picked":"Caltrops","floor":21.0},{"not_picked":["Noxious Fumes","Masterful Stab","Deadly Poison+1"],"picked":"SKIP","floor":22.0},{"not_picked":["Deflect","Infinite Blades+1"],"picked":"Acrobatics","floor":24.0},{"not_picked":["Outmaneuver","Infinite Blades","Distraction"],"picked":"SKIP","floor":25.0},{"not_picked":["Outmaneuver","Flying Knee"],"picked":"Blur","floor":27}],"player_experience":1076432,"relics_obtained":[{"floor":7.0,"key":"Sundial"},{"floor":9.0,"key":"Matryoshka"},{"floor":11.0,"key":"White Beast Statue"},{"floor":26.0,"key":"Snake Skull"},{"floor":26.0,"key":"Meat on the Bone"}],"event_choices":[{"cards_removed":["Defend_G"],"damage_healed":0.0,"max_hp_gain":0.0,"max_hp_loss":0.0,"gold_gain":0.0,"event_name":"Bonfire Elementals","player_choice":"Offered Basic","floor":2.0,"gold_loss":0.0,"damage_taken":0.0},{"damage_healed":0.0,"max_hp_gain":5.0,"max_hp_loss":0.0,"gold_gain":0.0,"event_name":"Big Fish","player_choice":"Donut","floor":5.0,"gold_loss":0.0,"damage_taken":0.0},{"damage_healed":0.0,"max_hp_gain":0.0,"max_hp_loss":0.0,"gold_gain":0.0,"cards_transformed":["Defend_G"],"event_name":"Transmorgrifier","player_choice":"Transformed","floor":10.0,"gold_loss":0.0,"damage_taken":0.0,"cards_obtained":["Well Laid Plans"]},{"damage_healed":0.0,"max_hp_gain":0.0,"max_hp_loss":0.0,"gold_gain":0.0,"cards_transformed":["Strike_G"],"event_name":"Transmorgrifier","player_choice":"Transformed","floor":20.0,"gold_loss":0.0,"damage_taken":0.0,"cards_obtained":["Well Laid Plans"]}],"is_beta":false,"boss_relics":[{"not_picked":["Runic Pyramid","Tiny House"],"picked":"WristBlade"}],"items_purged_floors":[4],"is_endless":false,"potions_floor_spawned":[3,7,11,12,14,16,18,19,21,22,24,25,27],"killed_by":"Slavers","ascension_level":20}}