{"host":"fuszjwm6fqgjjp4d","time":1611470265,"event":{"mods":["BaseMod","Bestiary","Colored Map","DeckTracker","Minty Spire (QoL Compilation)","Permanent Neow","Relic Sorter","Relic Stats","StSLib"],"gold_per_floor":[119,119,119,137,155,155,168,168,216,247,263,282,342,362,362,434,434,452,468,468,157,24,53,53,82,107,107,107,107],"floor_reached":28,"language":"ENG","playtime":3713,"items_purged":["Writhe"],"score":477,"play_id":"dce98524-7ff9-4ed7-94ed-686d389e5218","local_time":"20210124003745","is_ascension_mode":true,"campfire_choices":[{"data":"Dramatic Entrance","floor":6.0,"key":"SMITH"},{"data":"MasterReality","floor":8.0,"key":"SMITH"},{"data":"BattleHymn","floor":15.0,"key":"SMITH"},{"data":"Vigilance","floor":24,"key":"SMITH"},{"data":"Devotion","floor":27,"key":"SMITH"}],"circlet_count":0,"master_deck":["AscendersBane","Strike_P","Strike_P","Strike_P","Defend_P","Defend_P","Defend_P","Defend_P","Eruption","Vigilance+1","Dramatic Entrance+1","BattleHymn+1","EmptyBody","CutThroughFate","MasterReality+1","CutThroughFate","FlyingSleeves","Devotion+1","Protect","Wallop"],"relics":["PureWater","Strawberry","Centennial Puzzle","Damaru","Coffee Dripper","The Courier","CloakClasp","Oddly Smooth Stone","Dead Branch","InkBottle","Smiling Mask"],"acts_visited":["Exordium","TheCity"],"potions_floor_usage":[23],"damage_taken":[{"damage":0.0,"enemies":"2 Louse","floor":1.0,"turns":1.0},{"damage":2.0,"enemies":"Jaw Worm","floor":4.0,"turns":2.0},{"damage":0.0,"enemies":"Small Slimes","floor":5.0,"turns":4.0},{"damage":6.0,"enemies":"Looter","floor":7.0,"turns":3.0},{"damage":10.0,"enemies":"Lagavulin","floor":10.0,"turns":5.0},{"damage":1.0,"enemies":"Exordium Thugs","floor":11.0,"turns":3.0},{"damage":2.0,"enemies":"Exordium Wildlife","floor":12.0,"turns":4.0},{"damage":8.0,"enemies":"Gremlin Nob","floor":13.0,"turns":3.0},{"damage":0.0,"enemies":"2 Fungi Beasts","floor":14.0,"turns":2.0},{"damage":32.0,"enemies":"Hexaghost","floor":16.0,"turns":10.0},{"damage":1.0,"enemies":"Spheric Guardian","floor":18.0,"turns":3.0},{"damage":19.0,"enemies":"Shell Parasite","floor":19.0,"turns":5.0},{"damage":24,"enemies":"Slavers","floor":23,"turns":4},{"damage":8,"enemies":"Book of Stabbing","floor":25,"turns":5},{"damage":18,"enemies":"Slavers","floor":28,"turns":1}],"seed_played":"-6137969430208938845","potions_obtained":[{"floor":1.0,"key":"SteroidPotion"},{"floor":4.0,"key":"Regen Potion"},{"floor":7.0,"key":"BottledMiracle"},{"floor":11.0,"key":"SteroidPotion"},{"floor":13.0,"key":"EssenceOfSteel"},{"floor":16.0,"key":"BlessingOfTheForge"},{"floor":19.0,"key":"Ancient Potion"}],"is_trial":false,"path_per_floor":["M","?","?","M","M","R","M","R","T","E","M","M","?","M","R","B",null,"M","M","?","$","$","E","R","E","T","R","E"],"character_chosen":"WATCHER","items_purchased":["CloakClasp","Oddly Smooth Stone"],"campfire_rested":0,"item_purchase_floors":[21,22],"current_hp_per_floor":[61,54,59,57,57,57,60,60,67,57,56,54,46,46,46,14,64,63,44,44,44,44,20,20,12,12,12,0,0],"gold":107,"neow_bonus":"RANDOM_COLORLESS","is_daily":false,"chose_seed":false,"campfire_upgraded":5,"win_rate":0.0,"timestamp":1611470265,"path_taken":["M","?","?","M","M","R","M","R","T","E","M","?","?","M","R","BOSS","M","M","?","?","$","E","R","E","T","R","E"],"items_purchased_type":["Relic","Relic"],"build_version":"2020-12-22","purchased_purges":1,"victory":false,"max_hp_per_floor":[68,68,73,73,73,73,73,73,80,80,80,80,80,80,80,80,80,80,80,80,80,80,80,80,80,80,80,80,80],"relic_stats":{"Centennial Puzzle":[27],"counters":[15,55],"Dead Branch":[6],"CloakClasp":[35],"Smiling Mask":0,"obtain_stats":[{"Centennial Puzzle":10,"Strawberry":9,"Dead Branch":23,"Damaru":13,"Oddly Smooth Stone":22,"The Courier":20,"Coffee Dripper":17,"CloakClasp":21,"PureWater":0,"Smiling Mask":26,"InkBottle":25},{"Centennial Puzzle":5,"Strawberry":4,"Dead Branch":13,"Damaru":8,"Oddly Smooth Stone":12,"The Courier":12,"Coffee Dripper":10,"CloakClasp":12,"PureWater":0,"Smiling Mask":14,"InkBottle":14},{"Centennial Puzzle":15,"Strawberry":10,"Dead Branch":49,"Damaru":25,"Oddly Smooth Stone":45,"The Courier":45,"Coffee Dripper":37,"CloakClasp":45,"PureWater":0,"Smiling Mask":54,"InkBottle":54}],"InkBottle":[0]},"card_choices":[{"not_picked":["Jack Of All Trades","Panacea"],"picked":"Dramatic Entrance","floor":0.0},{"not_picked":["FollowUp","Prostrate"],"picked":"BattleHymn","floor":1.0},{"not_picked":["ClearTheMind","Worship"],"picked":"EmptyBody","floor":4.0},{"not_picked":["BowlingBash","CrushJoints"],"picked":"CutThroughFate","floor":5.0},{"not_picked":["Vengeance","Collect"],"picked":"MasterReality","floor":7.0},{"not_picked":["EmptyMind","Prostrate","MentalFortress"],"picked":"SKIP","floor":10.0},{"not_picked":["EmptyBody","Vengeance"],"picked":"CutThroughFate","floor":11.0},{"not_picked":["Prostrate","Collect","EmptyFist"],"picked":"SKIP","floor":12.0},{"not_picked":["BowlingBash","Prostrate"],"picked":"FlyingSleeves","floor":14.0},{"not_picked":["SpiritShield","Omniscience"],"picked":"Devotion","floor":16.0},{"not_picked":["EmptyFist","Vengeance","JustLucky"],"picked":"SKIP","floor":18.0},{"not_picked":["FlurryOfBlows+1","FlyingSleeves"],"picked":"Protect","floor":19.0},{"not_picked":["Wallop","BowlingBash","CrushJoints"],"picked":"SKIP","floor":23},{"not_picked":["BowlingBash","CrushJoints"],"picked":"Wallop","floor":23},{"not_picked":["CutThroughFate","FlyingSleeves","Omniscience"],"picked":"SKIP","floor":25}],"player_experience":1326982,"relics_obtained":[{"floor":9.0,"key":"Strawberry"},{"floor":10.0,"key":"Centennial Puzzle"},{"floor":13.0,"key":"Damaru"},{"floor":23,"key":"Dead Branch"},{"floor":25,"key":"InkBottle"},{"floor":26,"key":"Smiling Mask"}],"event_choices":[{"cards_removed":["Strike_P"],"damage_healed":0.0,"max_hp_gain":0.0,"max_hp_loss":0.0,"gold_gain":0.0,"event_name":"Golden Wing","player_choice":"Card Removal","floor":2.0,"gold_loss":0.0,"damage_taken":7.0},{"damage_healed":0.0,"max_hp_gain":5.0,"max_hp_loss":0.0,"gold_gain":0.0,"event_name":"Big Fish","player_choice":"Donut","floor":3.0,"gold_loss":0.0,"damage_taken":0.0},{"damage_healed":0.0,"max_hp_gain":0.0,"max_hp_loss":0.0,"gold_gain":30.0,"event_name":"Dead Adventurer","player_choice":"Searched \u00273\u0027 times","floor":13.0,"gold_loss":0.0,"damage_taken":0.0},{"damage_healed":0.0,"max_hp_gain":0.0,"max_hp_loss":0.0,"gold_gain":0.0,"event_name":"The Mausoleum","player_choice":"Opened","floor":20.0,"gold_loss":0.0,"damage_taken":0.0,"relics_obtained":["The Courier"],"cards_obtained":["Writhe"]}],"is_beta":false,"boss_relics":[{"not_picked":["Snecko Eye","Velvet Choker"],"picked":"Coffee Dripper"}],"items_purged_floors":[21],"is_endless":false,"potions_floor_spawned":[1,4,7,11,13,16,19],"killed_by":"Slavers","ascension_level":17}}