{"host":"irwdypew7j0recua","time":1611469476,"event":{"mods":["AchievementEnabler","BaseMod","Better Third Choice","Better Vampires","BetterRewards","Conspire","Custom Start","Downfall","Googly Eyes","Hermit","Infinite Spire","KomeijiMod","Marisa????????","Minty Spire (QoL Compilation)","Quick Restart","Rare Cards Sparkle","Reworked Bosses","Shop Mod","Spicy Shops","StSLib","The Construct","The Cursed","The Necromancer","WarShipGirlsR/????R mod"],"gold_per_floor":[116,135,310,63,75,105,105,105,105],"floor_reached":8,"language":"ENG","playtime":357,"items_purged":[],"score":56,"play_id":"d50a0468-4c29-4f2c-b64b-0934d6cdea08","local_time":"20210124042436","is_ascension_mode":false,"campfire_choices":[{"data":"Riddle With Holes","floor":7,"key":"SMITH"}],"circlet_count":0,"master_deck":["Strike_G","Strike_G","Strike_G","Strike_G","Strike_G","Defend_G","Defend_G","Defend_G","Defend_G","Defend_G","Survivor","Neutralize","Secret Technique","Riddle With Holes+1","Flying Knee","Doubt","Masterful Stab","Footwork"],"relics":["Ring of the Snake","Shuriken","Incense Burner"],"acts_visited":["Exordium"],"potions_floor_usage":[],"damage_taken":[{"damage":0,"enemies":"2 Louse","floor":1,"turns":3},{"damage":3,"enemies":"Jaw Worm","floor":2,"turns":3},{"damage":6,"enemies":"Small Slimes","floor":5,"turns":3},{"damage":26,"enemies":"Lagavulin","floor":6,"turns":5},{"damage":33,"enemies":"3 Sentries","floor":8,"turns":8}],"seed_played":"-6376103707636164416","potions_obtained":[{"floor":2,"key":"construct:ShiftPotion"},{"floor":6,"key":"SkillPotion"}],"is_trial":false,"path_per_floor":["M","M","?","$","M","E","R","E"],"character_chosen":"THE_SILENT","items_purchased":["Shuriken"],"campfire_rested":0,"item_purchase_floors":[4],"current_hp_per_floor":[63,60,60,60,54,28,28,0,0],"gold":105,"neow_bonus":"RANDOM_COLORLESS_2","is_daily":false,"chose_seed":false,"campfire_upgraded":1,"win_rate":0.0,"timestamp":1611469476,"path_taken":["M","M","?","$","M","E","R","E"],"items_purchased_type":["Relic"],"build_version":"2020-12-22","purchased_purges":0,"victory":false,"max_hp_per_floor":[63,63,63,63,63,63,63,63,63],"card_choices":[{"not_picked":["ThoughtExtend","The Bomb"],"picked":"Secret Technique","floor":0},{"not_picked":["Well Laid Plans","Poisoned Stab"],"picked":"Riddle With Holes","floor":1},{"not_picked":["Blade Dance","Calculated Gamble"],"picked":"Flying Knee","floor":2},{"not_picked":["Endless Agony","Noxious Fumes"],"picked":"Masterful Stab","floor":5},{"not_picked":["Reflex","Eviscerate"],"picked":"Footwork","floor":6}],"player_experience":177815,"relics_obtained":[{"floor":6,"key":"Incense Burner"}],"event_choices":[{"damage_healed":0,"gold_gain":175,"player_choice":"AGREE","damage_taken":135,"max_hp_gain":0,"max_hp_loss":0,"event_name":"betterThird:BetterSerpent","floor":3,"gold_loss":0}],"is_beta":false,"boss_relics":[],"items_purged_floors":[],"is_endless":false,"potions_floor_spawned":[2,6],"killed_by":"3 Sentries","ascension_level":0}}