{"host":"s6t38s6k4widkzbu","time":1611462010,"event":{"mods":["100% Spire Juice","ATMod(°¢èªMod)","Act Like it!","Arknights The Spire","Aspiration","BaseMod","CapriCore","Conspire","Downfall","Energized Spire","Gensokyo","Googly Eyes","GungeonMod","Hermit","Highlight Path","HololiveMod","Hunter ÁÔÈË","KinomotoSakuraMod(Ä¾Ö®±¾Ó£)","Koishi","KomeijiMod","Lobotomy","LobotomyExtend","Luminous","Marisa£¨ìFÓê¡¡Ä§ÀíÉ³£©","Minty Spire (QoL Compilation)","MostiFishMod","Permanent Neow","Prisma Mod","Quick Restart","READ ME - Guardian Mod","Reimu£¨²©ÀöÁéÃÎ£©","Relic Stats","Remilia£¨ÀÙÃ×ÀòÑÇ£©","Robot Space Explorer","RumiaBox-Â¶Ã×æ«µÄÉñÃØºÐ×Ó","Spicy Shops","StSLib","The Alterego","The Animator","The Blackbeard","The Bladedancer","The Bug Knight","The Cursed","The Dragon Tamer","The Gatherer","The Hierophant","The Immortal","The Jungle","The Marked","The Mystic","The Runesmith","The Senshi","The Servant 0.9.4","TheWitcher","WarShipGirlsR/Õ½½¢ÉÙÅ®R mod","Yakumo Yukari mod","Youmu£¨»êÆÇÑýÃÎ£©","Yuyuko","¡¾ÒÅÎï¿¨ÅÆ¡¿REMEMod","óô»ðÖ¸ÄÏ"],"gold_per_floor":[365,205,205,220,32,63,63,63,114,124,136,148,342,353,353,757,757,769,22,34,34,61,61,61],"floor_reached":23,"language":"ZHS","playtime":2396,"items_purged":[],"score":243,"play_id":"b5a3b6fe-582e-48cb-9a15-e1d63cf7d5c2","local_time":"20210124122010","is_ascension_mode":false,"campfire_choices":[{"data":"theSenshi:SailorNeptuneAssists","floor":7,"key":"SMITH"},{"floor":15,"key":"REST"}],"circlet_count":0,"master_deck":["theSenshi:SailorKick","theSenshi:SailorKick","theSenshi:SailorKick","theSenshi:SailorKick","theSenshi:SailorBlock","theSenshi:SailorBlock","theSenshi:SailorBlock","theSenshi:SailorBlock","theSenshi:RoseThrow","theSenshi:MoonPrismPowerMakeUp","Luminous:Light_Ray_of_Redemption+1","theSenshi:SailorChibiMoonAssists","theSenshi:SailorNeptuneAssists+1","theSenshi:InTheNickOfTime+1","theSenshi:SailorV","theSenshi:StudyParty","theSenshi:KlutzyLuck","theSenshi:TuxedoMaskAssists","theSenshi:LunasBite","theSenshi:SupersonicWaves","theSenshi:TuxedoSmokingBomber","theSenshi:JupitersPower+1","theSenshi:YouCanTalk+1","Gensokyo:RustyChest","Gensokyo:BlemishedSteel","Gensokyo:ScrapIron","theSenshi:YouCanTalk+1"],"relics":["theSenshi:TransformationBroochRelic","DaveBox","REME_ComplimentaryCards","AT_ATBox","ShadowXiaoBlade","SynthV:TestCard","LetterFromLob","Nilry\u0027s Codex","AT_EbonyIvory","Gensokyo:OccultBall","DemoMod:VorpalBullet","energizedSpire:NeverEndingSparkler","BirthdayGift-Tetrahedron","BirthdayGift-Icosahedron","Technique","Strange Spoon","RuthlessExorcism:ReiMu"],"acts_visited":["Exordium","Gensokyo:Gensokyo"],"potions_floor_usage":[16,16],"damage_taken":[{"damage":0,"enemies":"Gensokyo:3_Fairies","floor":1,"turns":3},{"damage":0,"enemies":"Gensokyo:2_Kodama","floor":4,"turns":3},{"damage":29,"enemies":"Gensokyo:Mamizou","floor":6,"turns":7},{"damage":0,"enemies":"Gensokyo:Gryphon","floor":10,"turns":2},{"damage":8,"enemies":"Gensokyo:3_Kodama","floor":11,"turns":5},{"damage":7,"enemies":"Gensokyo:2_Rabbits","floor":12,"turns":2},{"damage":18,"enemies":"Gensokyo:Python_and_Kodama","floor":13,"turns":2},{"damage":0,"enemies":"Gensokyo:3_Kodama","floor":14,"turns":3},{"damage":32,"enemies":"Gensokyo:Yukari","floor":16,"turns":13},{"damage":0,"enemies":"Gensokyo:3_Dogs","floor":18,"turns":3},{"damage":0,"enemies":"Gensokyo:Chomper","floor":20,"turns":1}],"seed_played":"5469650129825398083","potions_obtained":[{"floor":11,"key":"Guardian:BlockOnCardUsePotion"},{"floor":13,"key":"GamblersBrew"},{"floor":14,"key":"UndeadPotion"},{"floor":16,"key":"Strength Potion"},{"floor":18,"key":"ZuzhouPotion:ReiMu"}],"is_trial":false,"path_per_floor":["M","?","$","M","COS","E","R","?","T","M","M","M","M","M","R","B",null,"M","COS","M","?","T","M"],"character_chosen":"THE_SENSHI","items_purchased":[],"campfire_rested":1,"item_purchase_floors":[],"current_hp_per_floor":[58,58,58,62,62,37,37,37,37,37,44,37,28,28,50,39,75,75,75,75,75,75,0,0],"gold":61,"neow_bonus":"TWO_FIFTY_GOLD","is_daily":false,"chose_seed":false,"campfire_upgraded":1,"win_rate":0.0,"timestamp":1611462010,"path_taken":["M","?","?","M","COS","E","R","?","T","M","M","M","M","M","R","BOSS","M","COS","M","?","?","M"],"items_purchased_type":[],"build_version":"2020-12-22","purchased_purges":0,"victory":false,"max_hp_per_floor":[75,75,75,75,75,75,75,75,75,75,75,75,75,75,75,75,75,75,75,75,75,75,1,1],"relic_stats":{"Strange Spoon":[0],"counters":[11,44],"obtain_stats":[{"AT_ATBox":0,"DaveBox":0,"Nilry\u0027s Codex":2,"ShadowXiaoBlade":0,"DemoMod:GlassGuonStoneRelic":6,"AT_EbonyIvory":6,"BirthdayGift-Icosahedron":19,"Strange Spoon":19,"theSenshi:TransformationBroochRelic":0,"SynthV:TestCard":1,"energizedSpire:NeverEndingSparkler":17,"Gensokyo:OccultBall":8,"LetterFromLob":1,"Technique":19,"DemoMod:VorpalBullet":14,"BirthdayGift-Tetrahedron":19,"REME_ComplimentaryCards":0,"RuthlessExorcism:ReiMu":22},{"AT_ATBox":0,"DaveBox":0,"Nilry\u0027s Codex":1,"ShadowXiaoBlade":0,"DemoMod:GlassGuonStoneRelic":3,"AT_EbonyIvory":3,"BirthdayGift-Icosahedron":10,"Strange Spoon":10,"theSenshi:TransformationBroochRelic":0,"SynthV:TestCard":1,"energizedSpire:NeverEndingSparkler":9,"Gensokyo:OccultBall":3,"LetterFromLob":1,"Technique":10,"DemoMod:VorpalBullet":8,"BirthdayGift-Tetrahedron":10,"REME_ComplimentaryCards":0,"RuthlessExorcism:ReiMu":11},{"AT_ATBox":0,"DaveBox":0,"Nilry\u0027s Codex":3,"ShadowXiaoBlade":0,"DemoMod:GlassGuonStoneRelic":13,"AT_EbonyIvory":13,"BirthdayGift-Icosahedron":43,"Strange Spoon":43,"theSenshi:TransformationBroochRelic":0,"SynthV:TestCard":3,"energizedSpire:NeverEndingSparkler":40,"Gensokyo:OccultBall":13,"LetterFromLob":3,"Technique":43,"DemoMod:VorpalBullet":25,"BirthdayGift-Tetrahedron":43,"REME_ComplimentaryCards":0,"RuthlessExorcism:ReiMu":44}]},"card_choices":[{"not_picked":["theSenshi:MoonPunch","theSenshi:SupersonicWaves"],"picked":"theSenshi:SailorChibiMoonAssists","floor":1},{"not_picked":["theSenshi:EncouragingSpeech","theSenshi:VenusGlamour","theSenshi:MercurysCunning","theSenshi:SupersonicWaves"],"picked":"theSenshi:SailorNeptuneAssists","floor":4},{"not_picked":["theSenshi:MoonTiaraMagic+1","theSenshi:MercurysCunning+1","theSenshi:PlutosSolemnity+1","theSenshi:SailorNeptuneAssists+1"],"picked":"theSenshi:InTheNickOfTime+1","floor":6},{"not_picked":["theSenshi:MoonPrincessHalation","theSenshi:EncouragingSpeech","theSenshi:LateForSchool","theSenshi:SailorChibiMoonAssists"],"picked":"theSenshi:SailorV","floor":6},{"not_picked":["theSenshi:MoonGorgeousMeditation","theSenshi:IWillPunishYou","theSenshi:InTheNameOfTheMoon","theSenshi:GlimpseOfThePast"],"picked":"theSenshi:StudyParty","floor":10},{"not_picked":["theSenshi:SchoolBag","theSenshi:MoonCrystalPowerMakeUp","theSenshi:LunaWiseMentor","theSenshi:LateForSchool"],"picked":"theSenshi:KlutzyLuck","floor":10},{"not_picked":["theSenshi:SailorNeptuneAssists","theSenshi:MoonPrincessHalation","theSenshi:TuxedoSmokingBomber","theSenshi:HesSoDreamy"],"picked":"theSenshi:TuxedoMaskAssists","floor":11},{"not_picked":["theSenshi:MoonPunch","theSenshi:StudyParty","theSenshi:SailorUranusAssists","theSenshi:MoonKick"],"picked":"theSenshi:LunasBite","floor":12},{"not_picked":["theSenshi:KlutzyLuck","theSenshi:MoonsReflection","theSenshi:Sidestep","theSenshi:SailorMarsAssists"],"picked":"theSenshi:SupersonicWaves","floor":13},{"not_picked":["theSenshi:SteeledNerves","theSenshi:SailorV","theSenshi:TuxedoMaskAssists","theSenshi:MoonTiaraMagic"],"picked":"theSenshi:TuxedoSmokingBomber","floor":14},{"not_picked":["theSenshi:SailorPlutoAssists","theSenshi:SailorCosmosAssists","theSenshi:SilverMoonCrystalPowerKiss","theSenshi:FatedKiss"],"picked":"theSenshi:JupitersPower","floor":16},{"not_picked":["theSenshi:DramaticEntrance","theSenshi:OdangoHead","theSenshi:SailorMarsAssists","theSenshi:EncouragingSpeech"],"picked":"theSenshi:YouCanTalk+1","floor":18},{"not_picked":["theSenshi:SupersonicWaves","theSenshi:MoonPrincessHalation","theSenshi:SailorChibiMoonAssists","theSenshi:Sidestep"],"picked":"theSenshi:YouCanTalk+1","floor":20}],"player_experience":508660,"relics_obtained":[{"floor":1,"key":"SynthV:TestCard"},{"floor":1,"key":"LetterFromLob"},{"floor":6,"key":"AT_EbonyIvory"},{"floor":14,"key":"Gensokyo:OccultBall"},{"floor":16,"key":"Gensokyo:OccultBall"},{"floor":22,"key":"RuthlessExorcism:ReiMu"}],"event_choices":[],"is_beta":false,"boss_relics":[{"not_picked":["Cursed Key","EE1DDrone"],"picked":"energizedSpire:NeverEndingSparkler"}],"items_purged_floors":[],"is_endless":false,"potions_floor_spawned":[11,13,14,16,18],"ascension_level":0}}