{"host":"pnjthw6sukprvbcr","time":1611517918,"event":{"mods":["AchievementEnabler","BaseMod","Block Reminder","Highlight Path","Minty Spire (QoL Compilation)","Relic Stats"],"gold_per_floor":[111,129,149,149,162,187,200,200,200,45,63,63,63,73,73,73,73],"floor_reached":16,"language":"ENG","playtime":715,"items_purged":[],"score":104,"play_id":"a8e8fee9-4386-4b37-83d8-c25f9ebfc481","local_time":"20210124145158","is_ascension_mode":false,"campfire_choices":[{"floor":12,"key":"RECALL"},{"data":"Spot Weakness","floor":15,"key":"SMITH"}],"circlet_count":0,"master_deck":["Strike_R","Strike_R","Strike_R","Strike_R","Strike_R","Defend_R","Defend_R","Defend_R","Defend_R","Bash","Cleave","Heavy Blade","Twin Strike","Exhume","Perfected Strike","Spot Weakness+1","Inflame","Battle Trance"],"relics":["Burning Blood","Red Skull","Juzu Bracelet","Meat on the Bone","Sling"],"acts_visited":["Exordium"],"potions_floor_usage":[3,5,6,16,16],"damage_taken":[{"damage":0,"enemies":"2 Louse","floor":1,"turns":3},{"damage":1,"enemies":"Cultist","floor":2,"turns":3},{"damage":12,"enemies":"Small Slimes","floor":3,"turns":4},{"damage":18,"enemies":"Exordium Thugs","floor":5,"turns":7},{"damage":29,"enemies":"3 Sentries","floor":6,"turns":6},{"damage":0,"enemies":"3 Louse","floor":7,"turns":3},{"damage":8,"enemies":"Red Slaver","floor":11,"turns":2},{"damage":26,"enemies":"Exordium Thugs","floor":14,"turns":5},{"damage":57,"enemies":"The Guardian","floor":16,"turns":12}],"seed_played":"1105095470959966312","potions_obtained":[{"floor":2,"key":"Fruit Juice"},{"floor":3,"key":"HeartOfIron"},{"floor":4,"key":"EssenceOfSteel"},{"floor":4,"key":"SmokeBomb"},{"floor":6,"key":"SteroidPotion"},{"floor":11,"key":"Block Potion"}],"is_trial":false,"path_per_floor":["M","M","M","?","M","E","M","$","T","$","M","R","?","M","R","B"],"character_chosen":"IRONCLAD","items_purchased":["Sling"],"campfire_rested":0,"item_purchase_floors":[10],"current_hp_per_floor":[80,80,79,79,67,44,50,50,50,50,60,60,65,57,57,0,0],"gold":73,"neow_bonus":"RANDOM_COMMON_RELIC","is_daily":false,"chose_seed":false,"campfire_upgraded":1,"win_rate":0.0,"timestamp":1611517918,"path_taken":["M","M","M","?","M","E","M","?","T","$","M","R","?","M","R","BOSS"],"items_purchased_type":["Relic"],"build_version":"2020-12-22","purchased_purges":0,"victory":false,"max_hp_per_floor":[80,80,85,85,85,85,85,85,85,85,85,85,90,90,90,90,90],"relic_stats":{"counters":[9,45],"Juzu Bracelet":0,"obtain_stats":[{"Juzu Bracelet":6,"Sling":10,"Burning Blood":0,"Red Skull":0,"Meat on the Bone":9},{"Juzu Bracelet":5,"Sling":6,"Burning Blood":0,"Red Skull":0,"Meat on the Bone":6},{"Juzu Bracelet":23,"Sling":26,"Burning Blood":0,"Red Skull":0,"Meat on the Bone":26}],"Burning Blood":37,"Meat on the Bone":24},"card_choices":[{"not_picked":["Iron Wave","True Grit"],"picked":"Cleave","floor":1},{"not_picked":["Cleave","Seeing Red"],"picked":"Heavy Blade","floor":2},{"not_picked":["Sever Soul","Fire Breathing"],"picked":"Twin Strike","floor":3},{"not_picked":["Iron Wave","Headbutt"],"picked":"Exhume","floor":5},{"not_picked":["Wild Strike","Iron Wave"],"picked":"Perfected Strike","floor":6},{"not_picked":["Flame Barrier","Twin Strike"],"picked":"Spot Weakness","floor":7},{"not_picked":["Whirlwind","Anger"],"picked":"Inflame","floor":11},{"not_picked":["Flex","Headbutt"],"picked":"Battle Trance","floor":14}],"player_experience":149030,"relics_obtained":[{"floor":6,"key":"Juzu Bracelet"},{"floor":9,"key":"Meat on the Bone"}],"event_choices":[{"damage_healed":0,"gold_gain":0,"player_choice":"Got Potions","damage_taken":0,"max_hp_gain":0,"max_hp_loss":0,"event_name":"Lab","floor":4,"gold_loss":0},{"damage_healed":0,"gold_gain":0,"player_choice":"Donut","damage_taken":0,"max_hp_gain":5,"max_hp_loss":0,"event_name":"Big Fish","floor":13,"gold_loss":0}],"is_beta":false,"boss_relics":[],"items_purged_floors":[],"is_endless":false,"potions_floor_spawned":[2,3,6,11],"killed_by":"The Guardian","ascension_level":0}}