{"host":"zk71suw73lg2r165","time":1611500717,"event":{"mods":["BaseMod","Colored Map","Minty Spire (QoL Compilation)","Permanent Neow","Relic Stats","StSLib"],"gold_per_floor":[110,125,144,144,144,144,144,144,219,253,253,266,266,291,291,368,368,378,378,303,320,37,65,65,95,120,120,140,140,169,169,169,241,241,241,241],"floor_reached":35,"language":"ENG","playtime":701,"items_purged":["Shame"],"score":998,"play_id":"15a30d9a-fd28-4fa1-985a-b6412f66553e","local_time":"20210124100517","is_ascension_mode":true,"campfire_choices":[{"data":"Sword Boomerang","floor":6.0,"key":"SMITH"},{"data":"Spot Weakness","floor":8.0,"key":"SMITH"},{"data":"Whirlwind","floor":11.0,"key":"SMITH"},{"data":"Hemokinesis","floor":13.0,"key":"SMITH"},{"data":"Demon Form","floor":15.0,"key":"SMITH"},{"floor":24,"key":"RECALL"},{"floor":29,"key":"REST"},{"floor":32,"key":"REST"}],"circlet_count":0,"master_deck":["AscendersBane","Strike_R+1","Strike_R","Strike_R","Strike_R","Strike_R","Defend_R","Defend_R","Defend_R","Defend_R","Bash+1","Sword Boomerang+1","Spot Weakness+1","Thunderclap+1","Whirlwind+1","Hemokinesis+1","Demon Form+1","Reaper","Armaments+1","Burning Pact","Ghostly","Ghostly","Ghostly","Ghostly Armor+1","Writhe","Offering"],"relics":["Burning Blood","Pocketwatch","Pen Nib","Matryoshka","PreservedInsect","Meat on the Bone","Fusion Hammer","Red Skull","Singing Bowl","Bag of Marbles","Happy Flower","Toy Ornithopter","Whetstone","Red Mask","Ancient Tea Set","Mark of Pain"],"acts_visited":["Exordium","TheCity","TheBeyond"],"potions_floor_usage":[30],"damage_taken":[{"damage":3.0,"enemies":"2 Louse","floor":1.0,"turns":3.0},{"damage":7.0,"enemies":"Jaw Worm","floor":2.0,"turns":3.0},{"damage":8.0,"enemies":"Small Slimes","floor":3.0,"turns":3.0},{"damage":30.0,"enemies":"3 Sentries","floor":10.0,"turns":4.0},{"damage":8.0,"enemies":"Blue Slaver","floor":12.0,"turns":3.0},{"damage":4.0,"enemies":"Lagavulin","floor":14.0,"turns":3.0},{"damage":4.0,"enemies":"Slime Boss","floor":16.0,"turns":5.0},{"damage":0.0,"enemies":"2 Thieves","floor":18.0,"turns":1.0},{"damage":2.0,"enemies":"Spheric Guardian","floor":21.0,"turns":3.0},{"damage":30.0,"enemies":"Gremlin Leader","floor":23.0,"turns":4.0},{"damage":0,"enemies":"Slavers","floor":25,"turns":1},{"damage":6,"enemies":"Snecko","floor":28,"turns":4},{"damage":2,"enemies":"Masked Bandits","floor":30,"turns":3},{"damage":47,"enemies":"Collector","floor":33,"turns":7},{"damage":2,"enemies":"3 Darklings","floor":35,"turns":1}],"seed_played":"3607535194634332814","potions_obtained":[{"floor":1.0,"key":"Swift Potion"},{"floor":12.0,"key":"DistilledChaos"},{"floor":33,"key":"Regen Potion"}],"is_trial":false,"path_per_floor":["M","M","M","?","T","R","?","R","T","E","R","M","R","E","R","B",null,"M","?","$","M","$","E","R","E","T","?","M","R","?","?","R","B",null,"M"],"character_chosen":"IRONCLAD","items_purchased":["Singing Bowl"],"campfire_rested":2,"item_purchase_floors":[22],"current_hp_per_floor":[71,70,68,68,68,68,68,68,68,44,44,42,42,44,44,46,68,74,74,74,75,75,51,51,59,59,38,40,40,40,40,40,19,35,33,33],"gold":241,"neow_bonus":"UPGRADE_CARD","is_daily":false,"chose_seed":false,"campfire_upgraded":5,"win_rate":0.0,"timestamp":1611500717,"path_taken":["M","M","M","?","?","R","?","R","T","E","R","M","R","E","R","BOSS","M","?","$","M","$","E","R","E","T","?","M","R","?","?","R","BOSS","M"],"items_purchased_type":["Relic"],"build_version":"2020-12-22","purchased_purges":1,"victory":false,"max_hp_per_floor":[75,75,75,75,75,75,75,75,75,75,75,75,75,75,75,75,75,75,75,75,75,75,75,75,77,77,38,40,40,40,40,40,40,40,40,40],"relic_stats":{"Singing Bowl":4,"Happy Flower":[5],"counters":[15,48],"Pen Nib":[7],"PreservedInsect":120,"Whetstone":["Strike_R","Thunderclap"],"obtain_stats":[{"Singing Bowl":22,"Happy Flower":25,"Pen Nib":5,"PreservedInsect":10,"Whetstone":26,"Ancient Tea Set":31,"Burning Blood":0,"Matryoshka":9,"Fusion Hammer":17,"Mark of Pain":34,"Bag of Marbles":23,"Red Mask":30,"Red Skull":19,"Toy Ornithopter":26,"Pocketwatch":4,"Meat on the Bone":14},{"Singing Bowl":9,"Happy Flower":11,"Pen Nib":3,"PreservedInsect":4,"Whetstone":11,"Ancient Tea Set":13,"Burning Blood":0,"Matryoshka":3,"Fusion Hammer":7,"Mark of Pain":14,"Bag of Marbles":10,"Red Mask":13,"Red Skull":8,"Toy Ornithopter":11,"Pocketwatch":3,"Meat on the Bone":6},{"Singing Bowl":28,"Happy Flower":33,"Pen Nib":9,"PreservedInsect":13,"Whetstone":33,"Ancient Tea Set":40,"Burning Blood":0,"Matryoshka":9,"Fusion Hammer":24,"Mark of Pain":47,"Bag of Marbles":32,"Red Mask":40,"Red Skull":25,"Toy Ornithopter":33,"Pocketwatch":9,"Meat on the Bone":19}],"Burning Blood":74,"Toy Ornithopter":0,"Pocketwatch":[54],"Meat on the Bone":12},"card_choices":[{"not_picked":["Inflame","Wild Strike"],"picked":"Sword Boomerang","floor":1.0},{"not_picked":["Power Through","Wild Strike"],"picked":"Spot Weakness","floor":2.0},{"not_picked":["Perfected Strike","Iron Wave"],"picked":"Thunderclap","floor":3.0},{"not_picked":["Body Slam","Havoc"],"picked":"Whirlwind","floor":10.0},{"not_picked":["Pummel","Bloodletting"],"picked":"Hemokinesis","floor":12.0},{"not_picked":["Rampage","Warcry"],"picked":"Demon Form","floor":14.0},{"not_picked":["Double Tap","Feed"],"picked":"Reaper","floor":16.0},{"not_picked":["Clothesline","Anger"],"picked":"Armaments+1","floor":18.0},{"not_picked":["Blood for Blood","Anger","Clash"],"picked":"SKIP","floor":21.0},{"not_picked":["Whirlwind","Feel No Pain"],"picked":"Burning Pact","floor":23},{"not_picked":["Bludgeon","Anger","Barricade"],"picked":"Singing Bowl","floor":25},{"not_picked":["Iron Wave+1","Pommel Strike","Havoc+1"],"picked":"Singing Bowl","floor":28},{"not_picked":["Perfected Strike","Twin Strike"],"picked":"Ghostly Armor+1","floor":30},{"not_picked":["Brutality","Reaper"],"picked":"Offering","floor":33}],"player_experience":1353558,"relics_obtained":[{"floor":5.0,"key":"Pen Nib"},{"floor":9.0,"key":"Matryoshka"},{"floor":10.0,"key":"PreservedInsect"},{"floor":14.0,"key":"Meat on the Bone"},{"floor":23,"key":"Bag of Marbles"},{"floor":25,"key":"Happy Flower"},{"floor":26,"key":"Toy Ornithopter"},{"floor":26,"key":"Whetstone"},{"floor":30,"key":"Red Mask"}],"event_choices":[{"damage_healed":0.0,"max_hp_gain":0.0,"max_hp_loss":0.0,"gold_gain":0.0,"event_name":"Big Fish","player_choice":"Box","floor":4.0,"gold_loss":0.0,"damage_taken":0.0,"relics_obtained":["Pocketwatch"],"cards_obtained":["Regret"]},{"cards_removed":["Regret"],"damage_healed":0.0,"max_hp_gain":0.0,"max_hp_loss":0.0,"gold_gain":0.0,"event_name":"Living Wall","player_choice":"Forget","floor":7.0,"gold_loss":0.0,"damage_taken":0.0},{"damage_healed":0.0,"max_hp_gain":0.0,"max_hp_loss":0.0,"gold_gain":0.0,"event_name":"Addict","player_choice":"Stole Relic","floor":19.0,"gold_loss":0.0,"damage_taken":0.0,"relics_obtained":["Red Skull"],"cards_obtained":["Shame"]},{"damage_healed":0,"gold_gain":0,"player_choice":"Became a Ghost","damage_taken":0,"max_hp_gain":0,"max_hp_loss":39,"event_name":"Ghosts","floor":27,"gold_loss":0,"cards_obtained":["Ghostly","Ghostly","Ghostly"]},{"damage_healed":0,"gold_gain":0,"player_choice":"Fought Bandits","damage_taken":0,"max_hp_gain":0,"max_hp_loss":0,"event_name":"Masked Bandits","floor":30,"gold_loss":0},{"damage_healed":0,"gold_gain":0,"player_choice":"Opened","damage_taken":0,"relics_obtained":["Ancient Tea Set"],"max_hp_gain":0,"max_hp_loss":0,"event_name":"The Mausoleum","floor":31,"gold_loss":0,"cards_obtained":["Writhe"]}],"is_beta":false,"boss_relics":[{"not_picked":["Cursed Key","Pandora\u0027s Box"],"picked":"Fusion Hammer"},{"not_picked":["Coffee Dripper","Runic Dome"],"picked":"Mark of Pain"}],"items_purged_floors":[20],"is_endless":false,"potions_floor_spawned":[1,12,14,16,18,21,33],"killed_by":"3 Darklings","ascension_level":20}}