{"host":"jpzdg3po3tjxdjri","time":1611528007,"event":{"mods":["BaseMod","Better Third Choice","Colored Map","Colored Powertips","Minty Spire (QoL Compilation)","StSLib"],"gold_per_floor":[112,130,147,163,116,116,141,155,155,330,330,340,358,12,12,85,85,102,120,16,16,33,33,68,68,68,84,84,84],"floor_reached":28,"language":"ENG","playtime":906,"items_purged":["Doubt"],"score":411,"play_id":"2b8a90d7-f610-47c7-bfe7-685f4a838348","local_time":"20210124224007","is_ascension_mode":true,"campfire_choices":[{"data":"Riddle With Holes","floor":6,"key":"SMITH"},{"floor":11,"key":"REST"},{"data":"Noxious Fumes","floor":15,"key":"SMITH"},{"floor":23,"key":"REST"}],"circlet_count":0,"master_deck":["AscendersBane","Strike_G+1","Strike_G+1","Strike_G+1","Strike_G+1","Strike_G+1","Defend_G+1","Defend_G+1","Defend_G+1","Defend_G+1","Defend_G+1","Survivor","Neutralize","Infinite Blades","Riddle With Holes+1","Backflip","Leg Sweep","Dagger Spray","Cloak And Dagger","Quick Slash","Footwork","Riddle With Holes","Noxious Fumes+1","Glass Knife","Backstab","Noxious Fumes","Poisoned Stab","PiercingWail","Decay","Blade Dance+1","Heel Hook+1","Deadly Poison"],"relics":["Ring of the Snake","Smiling Mask","Lizard Tail","Pear","WristBlade","Bottled Lightning","Blue Candle"],"acts_visited":["Exordium","TheCity"],"potions_floor_usage":[7,16,22,24,24],"damage_taken":[{"damage":2,"enemies":"Cultist","floor":1,"turns":5},{"damage":7,"enemies":"Jaw Worm","floor":2,"turns":4},{"damage":0,"enemies":"Small Slimes","floor":3,"turns":3},{"damage":15,"enemies":"3 Louse","floor":4,"turns":5},{"damage":17,"enemies":"Lagavulin","floor":7,"turns":7},{"damage":3,"enemies":"Blue Slaver","floor":8,"turns":5},{"damage":1,"enemies":"Exordium Thugs","floor":12,"turns":5},{"damage":7,"enemies":"Looter","floor":13,"turns":4},{"damage":7,"enemies":"Hexaghost","floor":16,"turns":13},{"damage":29,"enemies":"Chosen","floor":18,"turns":6},{"damage":23,"enemies":"Spheric Guardian","floor":19,"turns":5},{"damage":18,"enemies":"Snecko","floor":22,"turns":6},{"damage":51,"enemies":"Book of Stabbing","floor":24,"turns":5},{"damage":15,"enemies":"Centurion and Healer","floor":27,"turns":6},{"damage":8,"enemies":"Cultist and Chosen","floor":28,"turns":3}],"seed_played":"-1011747175110466208","potions_obtained":[{"floor":1,"key":"LiquidMemories"},{"floor":7,"key":"Weak Potion"},{"floor":12,"key":"SneckoOil"},{"floor":19,"key":"Energy Potion"},{"floor":22,"key":"Block Potion"}],"is_trial":false,"path_per_floor":["M","M","M","M","$","R","E","M","T","?","R","M","M","$","R","B",null,"M","M","$","?","M","R","E","?","T","M","M"],"character_chosen":"THE_SILENT","items_purchased":["Dagger Spray","Noxious Fumes","Pear","Poisoned Stab","PiercingWail"],"campfire_rested":2,"item_purchase_floors":[5,14,14,20,20],"current_hp_per_floor":[63,56,56,41,41,41,24,21,21,21,42,41,34,44,44,37,71,42,19,19,19,1,25,20,20,20,5,0,0],"gold":84,"neow_bonus":"TEN_PERCENT_HP_BONUS","is_daily":false,"chose_seed":false,"campfire_upgraded":2,"win_rate":0.0,"timestamp":1611528007,"path_taken":["M","?","M","M","$","R","E","M","T","?","R","M","M","?","R","BOSS","M","M","$","?","M","R","E","?","T","M","M"],"items_purchased_type":["Card","Card","Relic","Card","Card"],"build_version":"2020-12-22","purchased_purges":1,"victory":false,"max_hp_per_floor":[72,72,72,72,72,72,72,72,72,72,72,72,72,82,82,82,82,82,82,82,82,82,82,82,82,82,82,82,82],"card_choices":[{"not_picked":["Deflect","Flechettes"],"picked":"Infinite Blades","floor":1},{"not_picked":["Slice","Prepared"],"picked":"Riddle With Holes","floor":2},{"not_picked":["Acrobatics","Concentrate"],"picked":"Backflip","floor":3},{"not_picked":["Prepared","Distraction"],"picked":"Leg Sweep","floor":4},{"not_picked":["Acrobatics","Night Terror"],"picked":"Cloak And Dagger","floor":7},{"not_picked":["Tactician","Dodge and Roll"],"picked":"Quick Slash","floor":8},{"not_picked":["Riddle With Holes","Sucker Punch"],"picked":"Footwork","floor":12},{"not_picked":["Tactician","Grand Finale"],"picked":"Riddle With Holes","floor":13},{"not_picked":["Tools of the Trade","Die Die Die"],"picked":"Glass Knife","floor":16},{"not_picked":["Prepared","PiercingWail"],"picked":"Backstab","floor":18},{"not_picked":["Blade Dance","Deadly Poison"],"picked":"Noxious Fumes","floor":19},{"not_picked":["Finisher","Acrobatics+1"],"picked":"Blade Dance+1","floor":22},{"not_picked":["Flying Knee","Wraith Form v2"],"picked":"Heel Hook+1","floor":24},{"not_picked":["Dagger Throw","Deflect"],"picked":"Deadly Poison","floor":27}],"player_experience":861651,"relics_obtained":[{"floor":7,"key":"Smiling Mask"},{"floor":9,"key":"Lizard Tail"},{"floor":24,"key":"Bottled Lightning"},{"floor":26,"key":"Blue Candle"}],"event_choices":[{"damage_healed":0,"gold_gain":175,"player_choice":"AGREE","damage_taken":155,"max_hp_gain":0,"max_hp_loss":0,"event_name":"betterThird:BetterSerpent","floor":10,"gold_loss":0},{"damage_healed":0,"gold_gain":0,"player_choice":"Smashed Altar","damage_taken":0,"max_hp_gain":0,"max_hp_loss":0,"event_name":"Forgotten Altar","floor":21,"gold_loss":0,"cards_obtained":["Decay"]},{"damage_healed":0,"gold_gain":0,"player_choice":"Simplicity","damage_taken":0,"max_hp_gain":0,"max_hp_loss":10,"event_name":"betterThird:BetterWriting","floor":25,"gold_loss":0}],"is_beta":false,"boss_relics":[{"not_picked":["Tiny House","SlaversCollar"],"picked":"WristBlade"}],"items_purged_floors":[14],"is_endless":false,"potions_floor_spawned":[1,7,12,19,22],"killed_by":"Cultist and Chosen","ascension_level":14}}