{"host":"bq4pt811tk9yrmjl","time":1611447413,"event":{"mods":["AchievementEnabler","BaseMod","Colored Map","Colored Powertips","Defuse TimeMaze Blight","Hermit","Minty Spire (QoL Compilation)","StSLib","SuperFastMode"],"gold_per_floor":[117,117,136,136,136,167,178,178,247,278,289,301,330,27,27,27,27],"floor_reached":16,"language":"ENG","playtime":286,"items_purged":[],"score":152,"play_id":"e1854449-de86-4a7b-b19d-f5bdd90dde67","local_time":"20210123221653","is_ascension_mode":true,"campfire_choices":[{"data":"Armaments","floor":8.0,"key":"SMITH"},{"data":"Anger","floor":15,"key":"SMITH"}],"circlet_count":0,"master_deck":["Strike_R","Strike_R","Strike_R","Strike_R","Strike_R","Defend_R","Defend_R+1","Defend_R","Defend_R+1","Bash","Armaments+1","Twin Strike","Whirlwind","Anger+1","Bludgeon"],"relics":["Burning Blood","NeowsBlessing","Bag of Preparation","Kunai","WingedGreaves","CeramicFish","War Paint","Boot"],"acts_visited":["Exordium"],"potions_floor_usage":[12],"damage_taken":[{"damage":0.0,"enemies":"Cultist","floor":1.0,"turns":1.0},{"damage":0.0,"enemies":"Small Slimes","floor":3.0,"turns":1.0},{"damage":0.0,"enemies":"Gremlin Nob","floor":6.0,"turns":1.0},{"damage":2.0,"enemies":"Jaw Worm","floor":7.0,"turns":4.0},{"damage":17.0,"enemies":"3 Sentries","floor":10.0,"turns":5.0},{"damage":21.0,"enemies":"Exordium Thugs","floor":11.0,"turns":5.0},{"damage":0,"enemies":"Lots of Slimes","floor":12,"turns":2},{"damage":9,"enemies":"Lagavulin","floor":13,"turns":6},{"damage":17,"enemies":"Slime Boss","floor":16,"turns":7}],"seed_played":"604506275369847074","potions_obtained":[{"floor":1.0,"key":"Explosive Potion"},{"floor":3.0,"key":"SpeedPotion"},{"floor":6.0,"key":"Ancient Potion"}],"is_trial":false,"path_per_floor":["M","$","M","?","?","E","M","R","T","E","M","M","E","$","R","B"],"character_chosen":"IRONCLAD","items_purchased":["War Paint","Boot"],"campfire_rested":0,"item_purchase_floors":[14,14],"current_hp_per_floor":[80,80,80,80,80,80,80,80,80,69,54,60,57,57,57,40,40],"gold":27,"neow_bonus":"THREE_ENEMY_KILL","is_daily":false,"chose_seed":false,"campfire_upgraded":2,"win_rate":0.0,"timestamp":1611447413,"path_taken":["M","?","?","?","?","E","M","R","T","E","M","M","E","$","R","BOSS"],"items_purchased_type":["Relic","Relic"],"build_version":"2020-12-22","purchased_purges":0,"victory":false,"max_hp_per_floor":[80,80,80,80,80,80,80,80,80,80,80,80,80,80,80,80,80],"card_choices":[{"not_picked":["Pummel","Wild Strike"],"picked":"Armaments","floor":1.0},{"not_picked":["Iron Wave","Perfected Strike"],"picked":"Twin Strike","floor":3.0},{"not_picked":["Clash","Headbutt"],"picked":"Whirlwind","floor":6.0},{"not_picked":["Fire Breathing","Burning Pact"],"picked":"Anger","floor":7.0},{"not_picked":["Metallicize","Shockwave","Wild Strike"],"picked":"SKIP","floor":10.0},{"not_picked":["Heavy Blade","Clothesline","Headbutt"],"picked":"SKIP","floor":11.0},{"not_picked":["Shrug It Off","Rupture"],"picked":"Bludgeon","floor":12},{"not_picked":["Heavy Blade","Searing Blow","Uppercut"],"picked":"SKIP","floor":13}],"player_experience":221342,"relics_obtained":[{"floor":6.0,"key":"Bag of Preparation"},{"floor":9.0,"key":"Kunai"},{"floor":10.0,"key":"WingedGreaves"},{"floor":13,"key":"CeramicFish"}],"event_choices":[{"damage_healed":0.0,"max_hp_gain":0.0,"max_hp_loss":0.0,"gold_gain":0.0,"event_name":"Golden Wing","player_choice":"Ignored","floor":4.0,"gold_loss":0.0,"damage_taken":0.0},{"damage_healed":0.0,"max_hp_gain":0.0,"max_hp_loss":0.0,"gold_gain":0.0,"event_name":"The Cleric","player_choice":"Leave","floor":5.0,"gold_loss":0.0,"damage_taken":0.0}],"is_beta":false,"boss_relics":[],"items_purged_floors":[],"is_endless":false,"potions_floor_spawned":[1,3,6],"killed_by":"Slime Boss","ascension_level":1}}