{"host":"l4p18zw33fr8bdc3","time":1611500577,"event":{"mods":["AchievementEnabler","BaseMod","Bestiary","Block Reminder","Colored Map","Colored Powertips","Curses Come First","Minty Spire (QoL Compilation)","Quick Restart","Rare Cards Sparkle","StSLib"],"gold_per_floor":[113,113,43,62,62,95,110,110,110,110,19,19,43,56,56,151,151,165,165,165,165,180,214,214,243,268,65,79,79,79],"floor_reached":29,"language":"ENG","playtime":3376,"items_purged":[],"score":289,"play_id":"e26818e8-09c3-40b4-afab-767fa590aab8","local_time":"20210124100257","is_ascension_mode":false,"campfire_choices":[{"floor":8.0,"key":"REST"},{"data":"Eruption","floor":10.0,"key":"SMITH"},{"floor":15.0,"key":"REST"},{"floor":24.0,"key":"REST"}],"circlet_count":0,"master_deck":["Strike_P","Strike_P","Defend_P","Defend_P","Defend_P","Defend_P","Eruption+1","Vigilance","PathToVictory","Consecrate","Adaptation","CarveReality","Tantrum","FlurryOfBlows","Crescendo","Wireheading","FearNoEvil","PathToVictory","DevaForm","Study","EmptyFist","Fasting2","EmptyFist+1","FlurryOfBlows","ClearTheMind"],"relics":["PureWater","Thread and Needle","Letter Opener","Odd Mushroom","Snecko Eye","Art of War","Red Mask","Damaru","Oddly Smooth Stone"],"acts_visited":["Exordium","TheCity"],"potions_floor_usage":[29],"damage_taken":[{"damage":0.0,"enemies":"Small Slimes","floor":1.0,"turns":3.0},{"damage":0.0,"enemies":"Cultist","floor":4.0,"turns":4.0},{"damage":18.0,"enemies":"Lagavulin","floor":6.0,"turns":6.0},{"damage":0.0,"enemies":"Jaw Worm","floor":7.0,"turns":4.0},{"damage":6.0,"enemies":"The Mushroom Lair","floor":13.0,"turns":4.0},{"damage":47.0,"enemies":"Gremlin Gang","floor":14.0,"turns":5.0},{"damage":0.0,"enemies":"Slime Boss","floor":16.0,"turns":5.0},{"damage":5.0,"enemies":"2 Thieves","floor":18.0,"turns":3.0},{"damage":9.0,"enemies":"Spheric Guardian","floor":22.0,"turns":5.0},{"damage":37.0,"enemies":"Slavers","floor":23.0,"turns":6.0},{"damage":0.0,"enemies":"Masked Bandits","floor":25.0,"turns":2.0},{"damage":0,"enemies":"Cultist and Chosen","floor":28,"turns":3},{"damage":42,"enemies":"Gremlin Leader","floor":29,"turns":5}],"seed_played":"-4137443204392574013","potions_obtained":[{"floor":4.0,"key":"SkillPotion"},{"floor":6.0,"key":"Energy Potion"},{"floor":13.0,"key":"BottledMiracle"},{"floor":18.0,"key":"Swift Potion"},{"floor":22.0,"key":"GamblersBrew"},{"floor":23.0,"key":"Energy Potion"}],"is_trial":false,"path_per_floor":["M","?","$","M","?","E","M","R","T","R","$","?","?","M","R","B",null,"M","?","?","?","M","E","R","?","T","$","M","E"],"character_chosen":"WATCHER","items_purchased":["Adaptation","Crescendo","Wireheading","Oddly Smooth Stone","ClearTheMind"],"campfire_rested":3,"item_purchase_floors":[3,11,11,27,27],"current_hp_per_floor":[51,51,51,51,51,33,33,54,54,54,54,72,66,19,40,40,72,67,67,67,67,58,21,42,42,42,42,42,0,0],"gold":79,"neow_bonus":"ONE_RARE_RELIC","is_daily":false,"chose_seed":false,"campfire_upgraded":1,"win_rate":0.0,"timestamp":1611500577,"path_taken":["M","?","$","?","?","E","?","R","T","R","$","?","?","M","R","BOSS","M","?","?","?","M","E","R","?","T","$","M","E"],"items_purchased_type":["Card","Card","Card","Relic","Card"],"build_version":"2020-12-22","purchased_purges":0,"victory":false,"max_hp_per_floor":[72,72,72,72,72,72,72,72,72,72,72,72,72,72,72,72,72,72,72,72,72,72,72,72,72,72,72,72,72,72],"card_choices":[{"not_picked":["Protect","JustLucky"],"picked":"PathToVictory","floor":1.0},{"not_picked":["InnerPeace","BowlingBash"],"picked":"CarveReality","floor":4.0},{"not_picked":["Consecrate","ReachHeaven"],"picked":"Tantrum","floor":6.0},{"not_picked":["MentalFortress","BattleHymn"],"picked":"FlurryOfBlows","floor":7.0},{"not_picked":["CarveReality","CrushJoints"],"picked":"FearNoEvil","floor":13.0},{"not_picked":["WheelKick","EmptyFist"],"picked":"PathToVictory","floor":14.0},{"not_picked":["Brilliance","Establishment"],"picked":"DevaForm","floor":16.0},{"not_picked":["ThirdEye","CrushJoints"],"picked":"Study","floor":18.0},{"not_picked":["Protect+1","JustLucky+1"],"picked":"Fasting2","floor":22.0},{"not_picked":["Pray","WindmillStrike+1"],"picked":"EmptyFist+1","floor":23.0},{"not_picked":["Nirvana","LikeWater"],"picked":"FlurryOfBlows","floor":25.0},{"not_picked":["SashWhip","Nirvana","WreathOfFlame"],"picked":"SKIP","floor":28}],"player_experience":183447,"relics_obtained":[{"floor":6.0,"key":"Letter Opener"},{"floor":13.0,"key":"Odd Mushroom"},{"floor":23.0,"key":"Art of War"},{"floor":25.0,"key":"Red Mask"},{"floor":26,"key":"Damaru"}],"event_choices":[{"damage_healed":0.0,"max_hp_gain":0.0,"max_hp_loss":0.0,"gold_gain":0.0,"cards_transformed":["Strike_P"],"event_name":"Transmorgrifier","player_choice":"Transformed","floor":2.0,"gold_loss":0.0,"damage_taken":0.0,"cards_obtained":["Consecrate"]},{"cards_removed":["Strike_P"],"damage_healed":0.0,"max_hp_gain":0.0,"max_hp_loss":0.0,"gold_gain":0.0,"event_name":"Bonfire Elementals","player_choice":"Offered Basic","floor":5.0,"gold_loss":0.0,"damage_taken":0.0},{"damage_healed":24.0,"max_hp_gain":0.0,"max_hp_loss":0.0,"gold_gain":0.0,"event_name":"Big Fish","player_choice":"Banana","floor":12.0,"gold_loss":0.0,"damage_taken":0.0},{"damage_healed":0.0,"max_hp_gain":0.0,"max_hp_loss":0.0,"gold_gain":0.0,"event_name":"Mushrooms","player_choice":"Fought Mushrooms","floor":13.0,"gold_loss":0.0,"damage_taken":0.0},{"damage_healed":0.0,"max_hp_gain":0.0,"max_hp_loss":0.0,"gold_gain":0.0,"event_name":"Vampires","player_choice":"Ignored","floor":19.0,"gold_loss":0.0,"damage_taken":0.0},{"damage_healed":0.0,"max_hp_gain":0.0,"max_hp_loss":0.0,"gold_gain":0.0,"event_name":"The Library","player_choice":"Read","floor":20.0,"gold_loss":0.0,"damage_taken":0.0,"cards_obtained":["EmptyFist"]},{"damage_healed":0.0,"max_hp_gain":0.0,"max_hp_loss":0.0,"gold_gain":0.0,"event_name":"Ghosts","player_choice":"Ignored","floor":21.0,"gold_loss":0.0,"damage_taken":0.0},{"damage_healed":0.0,"max_hp_gain":0.0,"max_hp_loss":0.0,"gold_gain":0.0,"event_name":"Masked Bandits","player_choice":"Fought Bandits","floor":25.0,"gold_loss":0.0,"damage_taken":0.0}],"is_beta":false,"boss_relics":[{"not_picked":["Runic Dome","Astrolabe"],"picked":"Snecko Eye"}],"items_purged_floors":[],"is_endless":false,"potions_floor_spawned":[4,6,13,18,22,23],"killed_by":"Gremlin Leader","ascension_level":0}}