{"host":"az1ex86qolajid0q","time":1611471377,"event":{"mods":["2.2 Compatiblity","AchievementEnabler","Astrologer","BaseMod","Beaked The Cultist","Better Altar","Better Match","Better Note","Better Sensory Stone","Better Skull","Better Third Choice","Better Vampires","BetterRewards","Colored Map","Colored Powertips","Downfall","Energized Spire","Hermit","Jorbs\u0027s Wanderer Trilogy","Minty Spire (QoL Compilation)","Permanent Neow","Rare Cards Sparkle","Relic Sorter","Relic Stats","Shop Mod","Spicy Shops","StSLib","The Construct"],"gold_per_floor":[99,111,111,111,121,21,94,12,12,12,22,49,69,54,68,170,170,70,70,89,107,133,166,166,166,166,166],"floor_reached":25,"language":"ENG","playtime":1218,"items_purged":[],"score":304,"play_id":"afbe03d8-98d8-4094-ab13-992f4e0b5f73","local_time":"20210124005617","is_ascension_mode":true,"campfire_choices":[{"floor":1,"key":"RECALL"},{"floor":6,"key":"REST"},{"data":"hexamod:Firestarter","floor":9,"key":"SMITH"},{"data":"hexamod:SearingWound","floor":18,"key":"SMITH"}],"circlet_count":0,"master_deck":["hexamod:Strike","hexamod:Strike","hexamod:Strike","hexamod:Strike","hexamod:Defend","hexamod:Defend","hexamod:Defend","hexamod:Defend","hexamod:Sear","hexamod:Float","hexamod:GhostLash","hexamod:SuperheatedStrike","hexamod:HeatCrush","Rampage","hexamod:HauntingEcho","hexamod:EmpoweredFlame","hexamod:EtherealExpedition","hexamod:HeatMetal","hexamod:ShieldOfDarkness","hexamod:GhostflameBarrier","hexamod:Firestarter+1","hexamod:AdvancingGuard","hexamod:SpectralSpark","hexamod:StepThrough","hexamod:BurningTouch","hexamod:GhostOfSpireFuture","hexamod:GhostShield","hexamod:AdvancingGuard","hexamod:Rewind","hexamod:RadiantFlame","hexamod:Again","hexamod:NightmareStrike","hexamod:SkipABeat","hexamod:SoulSteal","hexamod:BurningTouch","hexamod:ExtraCrispy","hexamod:GiftsFromTheDead","hexamod:SearingWound+1","hexamod:TimeWarp","hexamod:SearingWound+1","hexamod:Firestarter+1","downfall:Bewildered","hexamod:ThirdSeal","hexamod:FastForward","hexamod:SecondSeal","hexamod:NightmareStrike","hexamod:HeatMetal","hexamod:SwordOfDarkness+1","hexamod:WildfireWeapon","hexamod:Rewind","hexamod:GhostLash+1"],"relics":["energizedSpire:StickyHand","downfall:ShatteredFragment","Bag of Marbles","downfall:HeartBlessingRed","hexamod:BolsterEngine","energizedSpire:MagnifyingGlass","downfall:HeartBlessingGreen","Pear","The Courier"],"acts_visited":["Exordium","TheCity"],"potions_floor_usage":[16,16,21,22,23,23],"damage_taken":[{"damage":1,"enemies":"Cultist","floor":2,"turns":3},{"damage":2,"enemies":"Jaw Worm","floor":5,"turns":2},{"damage":0,"enemies":"downfall:FleeingMerchant","floor":8,"turns":4},{"damage":0,"enemies":"Small Slimes","floor":11,"turns":2},{"damage":9,"enemies":"Gremlin Nob","floor":12,"turns":3},{"damage":0,"enemies":"Exordium Wildlife","floor":13,"turns":2},{"damage":10,"enemies":"downfall:FleeingMerchant","floor":14,"turns":4},{"damage":4,"enemies":"Large Slime","floor":15,"turns":4},{"damage":6,"enemies":"WA_ARCHETYPE_RETAIN","floor":16,"turns":4},{"damage":0,"enemies":"Spheric Guardian","floor":20,"turns":3},{"damage":27,"enemies":"Centurion and Healer","floor":21,"turns":6},{"damage":20,"enemies":"Sentry and Sphere","floor":22,"turns":4},{"damage":17,"enemies":"Book of Stabbing","floor":23,"turns":5},{"damage":30,"enemies":"Cultist and Chosen","floor":25,"turns":5}],"seed_played":"-5717434574972981502","potions_obtained":[{"floor":12,"key":"Strength Potion"},{"floor":13,"key":"hexamod:SoulburnPotion"},{"floor":15,"key":"PowerPotion"},{"floor":16,"key":"Explosive Potion"},{"floor":21,"key":"ColorlessPotion"},{"floor":22,"key":"hexamod:DoubleChargePotion"}],"is_trial":false,"path_per_floor":["R","M","?","?","M","R","T","$","R","?","M","E","M","$","M","B",null,"R","?","M","M","M","E","T","M"],"character_chosen":"THE_SPIRIT","items_purchased":["hexamod:Firestarter"],"campfire_rested":1,"item_purchase_floors":[8],"current_hp_per_floor":[70,69,48,27,25,46,46,46,46,69,69,60,60,50,46,40,70,70,70,70,43,23,16,16,0,0,0],"gold":166,"neow_bonus":"BOSS_RELIC","is_daily":false,"chose_seed":false,"campfire_upgraded":2,"win_rate":0.0,"timestamp":1611471377,"path_taken":["R","?","?","?","M","R","T","$","R","?","?","E","M","$","M","BOSS","R","?","M","M","M","E","T","?"],"items_purchased_type":["Card"],"build_version":"2020-12-22","purchased_purges":0,"victory":false,"max_hp_per_floor":[70,70,70,70,70,70,70,70,70,70,70,70,70,70,70,70,70,70,70,70,70,70,80,80,80,80,80],"relic_stats":{"counters":[14,51],"obtain_stats":[{"downfall:ShatteredFragment":3,"Pear":23,"downfall:HeartBlessingRed":6,"downfall:HeartBlessingGreen":18,"The Courier":24,"Bag of Marbles":4,"energizedSpire:MagnifyingGlass":17,"energizedSpire:StickyHand":0,"hexamod:BolsterEngine":12,"hexamod:SpiritBrand":0},{"downfall:ShatteredFragment":1,"Pear":13,"downfall:HeartBlessingRed":2,"downfall:HeartBlessingGreen":9,"The Courier":13,"Bag of Marbles":1,"energizedSpire:MagnifyingGlass":9,"energizedSpire:StickyHand":0,"hexamod:BolsterEngine":5,"hexamod:SpiritBrand":0},{"downfall:ShatteredFragment":3,"Pear":46,"downfall:HeartBlessingRed":5,"downfall:HeartBlessingGreen":28,"The Courier":46,"Bag of Marbles":3,"energizedSpire:MagnifyingGlass":28,"energizedSpire:StickyHand":0,"hexamod:BolsterEngine":14,"hexamod:SpiritBrand":0}]},"card_choices":[{"not_picked":["hexamod:GhostLash","hexamod:SuperheatedStrike"],"picked":"hexamod:HeatCrush","floor":2},{"not_picked":["hexamod:HauntingEcho","hexamod:EtherealExpedition"],"picked":"hexamod:EmpoweredFlame","floor":5},{"not_picked":["hexamod:HeatMetal","hexamod:GhostflameBarrier"],"picked":"hexamod:ShieldOfDarkness","floor":8},{"not_picked":["hexamod:AdvancingGuard","hexamod:StepThrough"],"picked":"hexamod:SpectralSpark","floor":11},{"not_picked":["hexamod:GhostOfSpireFuture","hexamod:GhostShield"],"picked":"hexamod:BurningTouch","floor":12},{"not_picked":["hexamod:AdvancingGuard","hexamod:RadiantFlame"],"picked":"hexamod:Rewind","floor":13},{"not_picked":["hexamod:Again","hexamod:NightmareStrike"],"picked":"hexamod:SkipABeat","floor":14},{"not_picked":["hexamod:SoulSteal","hexamod:ExtraCrispy"],"picked":"hexamod:BurningTouch","floor":15},{"not_picked":["hexamod:GiftsFromTheDead","hexamod:TimeWarp"],"picked":"hexamod:SearingWound","floor":16},{"not_picked":["hexamod:ThirdSeal","hexamod:SecondSeal"],"picked":"hexamod:FastForward","floor":20},{"not_picked":["hexamod:NightmareStrike","hexamod:HeatMetal"],"picked":"hexamod:SwordOfDarkness+1","floor":21},{"not_picked":["hexamod:SwordOfDarkness","hexamod:NightmareStrike","hexamod:Firestarter"],"picked":"SKIP","floor":22},{"not_picked":["hexamod:Rewind","hexamod:GhostLash+1"],"picked":"hexamod:WildfireWeapon","floor":23}],"player_experience":679876,"relics_obtained":[{"floor":12,"key":"hexamod:BolsterEngine"},{"floor":23,"key":"Pear"},{"floor":24,"key":"The Courier"}],"event_choices":[{"damage_healed":23,"gold_gain":0,"player_choice":"Banana","damage_taken":0,"max_hp_gain":0,"max_hp_loss":0,"event_name":"Big Fish","floor":10,"gold_loss":0}],"is_beta":false,"boss_relics":[{"not_picked":["Coffee Dripper","Runic Pyramid"],"picked":"energizedSpire:MagnifyingGlass"}],"items_purged_floors":[],"is_endless":false,"potions_floor_spawned":[12,13,15,16,21,22],"killed_by":"Cultist and Chosen","ascension_level":3}}