{"host":"8rqsnaeml9gxb0kp","time":1611463843,"event":{"mods":["AchievementEnabler","BaseMod","Dark Map","Minty Spire (QoL Compilation)","StSLib"],"gold_per_floor":[110,126,126,4,4,34,34,65,65,65,98,98,114,141,141,236,236,246,246,246,257,271,306,306,0,81,101,101,111,111,111],"floor_reached":30,"language":"ENG","playtime":997,"items_purged":[],"score":414,"play_id":"7bc487d8-a87c-4874-a2c2-608187590bdd","local_time":"20210123205043","is_ascension_mode":true,"campfire_choices":[{"data":"Carnage","floor":7,"key":"SMITH"},{"floor":10,"key":"REST"},{"floor":12,"key":"REST"},{"floor":15,"key":"REST"},{"floor":24,"key":"REST"},{"floor":28,"key":"REST"}],"circlet_count":0,"master_deck":["AscendersBane","Strike_R","Strike_R","Strike_R","Strike_R","Defend_R","Defend_R","Defend_R","Bash","Carnage+1","Fire Breathing","Clothesline","Carnage","Double Tap","Flame Barrier","Double Tap","Uppercut+1","Inflame","Seeing Red","Disarm","Bludgeon","Cleave+1"],"relics":["Sozu","Self Forming Clay","Gremlin Horn","Omamori","Gambling Chip","Nunchaku","Mark of Pain","Ancient Tea Set","Ornamental Fan"],"acts_visited":["Exordium","TheCity"],"potions_floor_usage":[],"damage_taken":[{"damage":12,"enemies":"Jaw Worm","floor":1,"turns":2},{"damage":5,"enemies":"Small Slimes","floor":2,"turns":3},{"damage":20,"enemies":"Lagavulin","floor":6,"turns":5},{"damage":15,"enemies":"3 Sentries","floor":8,"turns":6},{"damage":27,"enemies":"Lagavulin","floor":11,"turns":6},{"damage":0,"enemies":"2 Louse","floor":13,"turns":2},{"damage":12,"enemies":"3 Sentries","floor":14,"turns":6},{"damage":20,"enemies":"The Guardian","floor":16,"turns":7},{"damage":7,"enemies":"Shell Parasite","floor":18,"turns":5},{"damage":6,"enemies":"3 Byrds","floor":21,"turns":5},{"damage":14,"enemies":"Centurion and Healer","floor":22,"turns":5},{"damage":43,"enemies":"Gremlin Leader","floor":23,"turns":5},{"damage":13,"enemies":"Snecko","floor":27,"turns":4},{"damage":9,"enemies":"Snake Plant","floor":29,"turns":2},{"damage":34,"enemies":"Book of Stabbing","floor":30,"turns":4}],"seed_played":"7489619961006146705","potions_obtained":[],"is_trial":false,"path_per_floor":["M","M","?","$","?","E","R","E","T","R","E","R","M","E","R","B",null,"M","?","?","M","M","E","R","?","T","M","R","M","E"],"character_chosen":"IRONCLAD","items_purchased":["Fire Breathing","Clothesline"],"campfire_rested":5,"item_purchase_floors":[4,4],"current_hp_per_floor":[60,55,60,60,60,40,40,25,25,50,23,48,48,36,61,41,74,67,67,67,61,47,4,29,29,29,16,41,32,0,0],"gold":111,"neow_bonus":"BOSS_RELIC","is_daily":false,"chose_seed":false,"campfire_upgraded":1,"win_rate":0.0,"timestamp":1611463843,"path_taken":["M","M","?","$","?","E","R","E","T","R","E","R","M","E","R","BOSS","M","?","?","?","M","E","R","?","T","M","R","M","E"],"items_purchased_type":["Card","Card"],"build_version":"2020-12-22","purchased_purges":0,"victory":false,"max_hp_per_floor":[80,80,85,85,85,85,85,85,85,85,85,85,85,85,85,85,85,85,85,85,85,85,85,85,85,85,85,85,85,85,85],"card_choices":[{"not_picked":["Headbutt","Sword Boomerang"],"picked":"Carnage","floor":1},{"not_picked":["Flex","Dual Wield","Burning Pact"],"picked":"SKIP","floor":2},{"not_picked":["Flex","Wild Strike"],"picked":"Carnage","floor":6},{"not_picked":["Berserk","Rage","Dropkick"],"picked":"SKIP","floor":8},{"not_picked":["Havoc","Heavy Blade"],"picked":"Double Tap","floor":11},{"not_picked":["Armaments","Body Slam","Infernal Blade"],"picked":"SKIP","floor":13},{"not_picked":["Thunderclap","Iron Wave"],"picked":"Flame Barrier","floor":14},{"not_picked":["Barricade","Exhume"],"picked":"Double Tap","floor":16},{"not_picked":["Thunderclap","Armaments+1"],"picked":"Uppercut+1","floor":18},{"not_picked":["Warcry+1","Fire Breathing","Sword Boomerang"],"picked":"SKIP","floor":21},{"not_picked":["Sword Boomerang+1","Iron Wave+1"],"picked":"Disarm","floor":22},{"not_picked":["Cleave","Clothesline+1"],"picked":"Bludgeon","floor":23},{"not_picked":["Flame Barrier","Combust"],"picked":"Cleave+1","floor":27},{"not_picked":["Iron Wave","Carnage","Body Slam"],"picked":"SKIP","floor":29}],"player_experience":131186,"relics_obtained":[{"floor":6,"key":"Self Forming Clay"},{"floor":8,"key":"Gremlin Horn"},{"floor":9,"key":"Omamori"},{"floor":11,"key":"Gambling Chip"},{"floor":14,"key":"Nunchaku"},{"floor":23,"key":"Ancient Tea Set"},{"floor":26,"key":"Ornamental Fan"}],"event_choices":[{"damage_healed":0,"gold_gain":0,"player_choice":"Donut","damage_taken":0,"max_hp_gain":5,"max_hp_loss":0,"event_name":"Big Fish","floor":3,"gold_loss":0},{"damage_healed":0,"gold_gain":0,"player_choice":"Ignored","damage_taken":0,"max_hp_gain":0,"max_hp_loss":0,"event_name":"Liars Game","floor":5,"gold_loss":0},{"damage_healed":0,"gold_gain":0,"cards_transformed":["Strike_R","Defend_R"],"player_choice":"Became Test Subject","damage_taken":0,"max_hp_gain":0,"max_hp_loss":0,"event_name":"Drug Dealer","floor":19,"gold_loss":0,"cards_obtained":["Inflame","Seeing Red"]},{"damage_healed":0,"gold_gain":0,"player_choice":"Ignored","damage_taken":0,"max_hp_gain":0,"max_hp_loss":0,"event_name":"N\u0027loth","floor":20,"gold_loss":0},{"damage_healed":0,"gold_gain":0,"player_choice":"Paid Fearfully","damage_taken":0,"max_hp_gain":0,"max_hp_loss":0,"event_name":"Masked Bandits","floor":25,"gold_loss":306}],"is_beta":false,"boss_relics":[{"not_picked":["Tiny House","Coffee Dripper"],"picked":"Mark of Pain"}],"items_purged_floors":[],"is_endless":false,"potions_floor_spawned":[1,6,11,14,23,29],"killed_by":"Book of Stabbing","ascension_level":10}}