{"host":"rb2p2z6v6vieend5","time":1611506757,"event":{"mods":["BaseMod","Block Reminder","Colored Map","DeckTracker","Highlight Path","Minty Spire (QoL Compilation)","Random Character Button","Relic Stats"],"gold_per_floor":[113,113,113,130,130,130,155,165,165,180,26,26,36,36,36,160,160,175,175,188,215,215,215,255,290,302,314,340,352,384,415,427,560,572,607,642,677,752,778,790,817,829,841,1186,1198,1230,907,907,907,907,907],"floor_reached":50,"language":"ENG","playtime":3459,"items_purged":["Strike_B"],"score":719,"play_id":"e098ecf5-1ead-4fde-bb89-e46818f4f9d3","local_time":"20210124174557","is_ascension_mode":true,"campfire_choices":[{"data":"Zap","floor":6,"key":"SMITH"},{"floor":12,"key":"REST"},{"data":"Echo Form","floor":15,"key":"SMITH"},{"data":"Electrodynamics","floor":23,"key":"SMITH"},{"data":"Coolheaded","floor":27,"key":"SMITH"},{"data":"Conserve Battery","floor":32,"key":"SMITH"},{"data":"Buffer","floor":40,"key":"SMITH"},{"data":"White Noise","floor":42,"key":"SMITH"},{"data":"Go for the Eyes","floor":45,"key":"SMITH"},{"data":"Dualcast","floor":49,"key":"SMITH"}],"circlet_count":0,"master_deck":["Defend_B","Defend_B","Defend_B","Defend_B","Zap+1","Dualcast+1","BootSequence","Conserve Battery+1","Coolheaded+1","Cold Snap","Echo Form+1","Electrodynamics+1","Writhe","Glacier+1","Go for the Eyes+1","White Noise+1","Hologram+1","Buffer+1","Parasite","Panacea"],"relics":["Cracked Core","Vajra","Letter Opener","Pantograph","Eternal Feather","DataDisk","Sozu","Ancient Tea Set","Bag of Marbles","MawBank","Cables","SlaversCollar","Gambling Chip","InkBottle","Bottled Tornado"],"acts_visited":["Exordium","TheCity","TheBeyond"],"potions_floor_usage":[8,16,50],"damage_taken":[{"damage":4,"enemies":"Jaw Worm","floor":1,"turns":4},{"damage":1,"enemies":"Small Slimes","floor":4,"turns":3},{"damage":40,"enemies":"3 Sentries","floor":7,"turns":10},{"damage":0,"enemies":"Cultist","floor":8,"turns":3},{"damage":0,"enemies":"Exordium Thugs","floor":10,"turns":4},{"damage":6,"enemies":"Exordium Wildlife","floor":13,"turns":4},{"damage":0,"enemies":"The Guardian","floor":16,"turns":13},{"damage":0,"enemies":"2 Thieves","floor":18,"turns":2},{"damage":0,"enemies":"Spheric Guardian","floor":20,"turns":4},{"damage":14,"enemies":"Slavers","floor":24,"turns":2},{"damage":13,"enemies":"Centurion and Healer","floor":25,"turns":5},{"damage":0,"enemies":"3 Cultists","floor":28,"turns":3},{"damage":0,"enemies":"Snecko","floor":30,"turns":3},{"damage":0,"enemies":"Sentry and Sphere","floor":31,"turns":3},{"damage":24,"enemies":"Collector","floor":33,"turns":10},{"damage":0,"enemies":"3 Shapes","floor":35,"turns":2},{"damage":22,"enemies":"3 Darklings","floor":36,"turns":4},{"damage":1,"enemies":"Jaw Worm Horde","floor":37,"turns":2},{"damage":0,"enemies":"Mind Bloom Boss Battle","floor":38,"turns":9},{"damage":24,"enemies":"Maw","floor":39,"turns":12},{"damage":20,"enemies":"Writhing Mass","floor":41,"turns":6},{"damage":8,"enemies":"4 Shapes","floor":46,"turns":3},{"damage":72,"enemies":"Donu and Deca","floor":50,"turns":19}],"seed_played":"1512384180538901040","potions_obtained":[{"floor":1,"key":"SneckoOil"},{"floor":8,"key":"FearPotion"},{"floor":10,"key":"Fire Potion"},{"floor":16,"key":"EssenceOfSteel"}],"is_trial":false,"path_per_floor":["M","?","?","M","?","R","E","M","T","M","$","R","M","?","R","B",null,"M","?","M","T","?","R","E","M","T","R","M","?","M","M","R","B",null,"M","M","M","?","M","R","M","R","T","?","R","M","$","?","R","B"],"character_chosen":"DEFECT","items_purchased":["DataDisk","Bottled Tornado"],"campfire_rested":1,"item_purchase_floors":[11,47],"current_hp_per_floor":[64,64,46,45,45,45,5,5,5,5,5,33,27,27,33,58,66,66,66,66,66,66,69,55,42,42,51,51,51,51,51,60,45,63,63,41,40,65,41,50,30,42,42,42,54,46,46,46,58,0,0],"gold":907,"neow_bonus":"RANDOM_COMMON_RELIC","is_daily":false,"chose_seed":false,"campfire_upgraded":9,"win_rate":0.0,"timestamp":1611506757,"path_taken":["M","?","?","M","?","R","E","M","T","?","?","R","M","?","R","BOSS","M","?","M","?","?","R","E","M","T","R","M","?","M","M","R","BOSS","M","?","M","?","M","R","M","R","T","?","R","M","$","?","R","BOSS"],"items_purchased_type":["Relic","Relic"],"build_version":"2020-12-22","purchased_purges":1,"victory":false,"max_hp_per_floor":[75,75,75,75,75,75,75,75,75,75,75,75,75,69,69,69,69,69,69,69,69,69,69,69,69,69,69,69,69,69,69,69,69,69,69,69,69,69,69,69,69,69,69,69,69,69,69,69,69,69,69],"relic_stats":{"Sozu":4,"counters":[23,130],"Pantograph":70,"Gambling Chip":[15],"Eternal Feather":78,"Letter Opener":[497],"MawBank":276,"obtain_stats":[{"Golden Idol":14,"Vajra":0,"Eternal Feather":9,"Letter Opener":3,"Bottled Tornado":47,"Ancient Tea Set":21,"MawBank":24,"Cables":26,"Sozu":17,"SlaversCollar":34,"DataDisk":11,"Pantograph":7,"Gambling Chip":38,"Bag of Marbles":22,"Cracked Core":0,"InkBottle":43},{"Golden Idol":6,"Vajra":0,"Eternal Feather":4,"Letter Opener":1,"Bottled Tornado":22,"Ancient Tea Set":9,"MawBank":10,"Cables":11,"Sozu":7,"SlaversCollar":15,"DataDisk":5,"Pantograph":3,"Gambling Chip":19,"Bag of Marbles":9,"Cracked Core":0,"InkBottle":21},{"Golden Idol":28,"Vajra":0,"Eternal Feather":20,"Letter Opener":4,"Bottled Tornado":111,"Ancient Tea Set":47,"MawBank":49,"Cables":54,"Sozu":41,"SlaversCollar":73,"DataDisk":24,"Pantograph":17,"Gambling Chip":90,"Bag of Marbles":47,"Cracked Core":0,"InkBottle":108}],"InkBottle":[11],"Cables":[70,37,33,0,0]},"card_choices":[{"not_picked":["Lockon","Recycle"],"picked":"BootSequence","floor":1},{"not_picked":["Ball Lightning","Force Field"],"picked":"Conserve Battery","floor":4},{"not_picked":["Glacier","Cold Snap"],"picked":"Coolheaded","floor":7},{"not_picked":["Steam","Coolheaded","Compile Driver"],"picked":"SKIP","floor":8},{"not_picked":["Reinforced Body","BootSequence"],"picked":"Cold Snap","floor":10},{"not_picked":["Stack","Static Discharge"],"picked":"Echo Form","floor":13},{"not_picked":["Core Surge","Machine Learning"],"picked":"Electrodynamics","floor":16},{"not_picked":["Stack+1","Sweeping Beam","Coolheaded"],"picked":"SKIP","floor":18},{"not_picked":["Beam Cell+1","Go for the Eyes","Steam Power"],"picked":"SKIP","floor":20},{"not_picked":["Streamline+1","Barrage"],"picked":"Glacier+1","floor":24},{"not_picked":["Steam","Leap","All For One"],"picked":"SKIP","floor":25},{"not_picked":["Melter","Genetic Algorithm","Hologram+1"],"picked":"SKIP","floor":28},{"not_picked":["Leap","Skim+1","Sweeping Beam+1"],"picked":"SKIP","floor":30},{"not_picked":["Compile Driver+1","Barrage"],"picked":"White Noise","floor":31},{"not_picked":["Stack","Barrage","Conserve Battery+1"],"picked":"SKIP","floor":35},{"not_picked":["Leap+1","Hologram","Coolheaded"],"picked":"SKIP","floor":36},{"not_picked":["Redo","Cold Snap+1"],"picked":"Hologram+1","floor":37},{"not_picked":["Go for the Eyes","Rebound+1"],"picked":"Buffer","floor":39},{"not_picked":["Redo","Rebound+1","Blizzard"],"picked":"SKIP","floor":41},{"not_picked":["Stack","Static Discharge","Gash"],"picked":"SKIP","floor":46},{"not_picked":["Jack Of All Trades","Mayhem"],"picked":"Panacea","floor":48}],"player_experience":600956,"relics_obtained":[{"floor":7,"key":"Pantograph"},{"floor":9,"key":"Eternal Feather"},{"floor":21,"key":"Ancient Tea Set"},{"floor":24,"key":"MawBank"},{"floor":26,"key":"Cables"},{"floor":38,"key":"Gambling Chip"},{"floor":43,"key":"InkBottle"}],"event_choices":[{"cards_removed":["Strike_B"],"damage_healed":0,"gold_gain":0,"player_choice":"Forget","damage_taken":0,"max_hp_gain":0,"max_hp_loss":0,"event_name":"Living Wall","floor":2,"gold_loss":0},{"damage_healed":0,"gold_gain":0,"player_choice":"Success","damage_taken":18,"relics_obtained":["Letter Opener"],"max_hp_gain":0,"max_hp_loss":0,"event_name":"Scrap Ooze","floor":3,"gold_loss":0},{"cards_removed":["Strike_B"],"damage_healed":0,"gold_gain":0,"player_choice":"Card Removal","damage_taken":0,"max_hp_gain":0,"max_hp_loss":0,"event_name":"Wheel of Change","floor":5,"gold_loss":0},{"damage_healed":0,"gold_gain":0,"player_choice":"Lose Max HP","damage_taken":0,"relics_obtained":["Golden Idol"],"max_hp_gain":0,"max_hp_loss":6,"event_name":"Golden Idol","floor":14,"gold_loss":0},{"damage_healed":0,"gold_gain":0,"player_choice":"Ignored","damage_taken":0,"max_hp_gain":0,"max_hp_loss":0,"event_name":"Vampires","floor":19,"gold_loss":0},{"damage_healed":0,"gold_gain":0,"player_choice":"Opened","damage_taken":0,"relics_obtained":["Bag of Marbles"],"max_hp_gain":0,"max_hp_loss":0,"event_name":"The Mausoleum","floor":22,"gold_loss":0,"cards_obtained":["Writhe"]},{"damage_healed":0,"gold_gain":0,"cards_transformed":["Strike_B"],"player_choice":"Transformed","damage_taken":0,"max_hp_gain":0,"max_hp_loss":0,"event_name":"Transmorgrifier","floor":29,"gold_loss":0,"cards_obtained":["Go for the Eyes"]},{"damage_healed":0,"gold_gain":0,"player_choice":"Fight","damage_taken":0,"max_hp_gain":0,"max_hp_loss":0,"event_name":"MindBloom","floor":38,"gold_loss":0},{"damage_healed":0,"gold_gain":333,"player_choice":"Gave Idol","damage_taken":0,"max_hp_gain":0,"max_hp_loss":0,"event_name":"The Moai Head","floor":44,"relics_lost":["Golden Idol"],"gold_loss":0},{"damage_healed":0,"gold_gain":0,"player_choice":"Memory 1","damage_taken":0,"max_hp_gain":0,"max_hp_loss":0,"event_name":"SensoryStone","floor":48,"gold_loss":0}],"is_beta":false,"boss_relics":[{"not_picked":["Tiny House","Empty Cage"],"picked":"Sozu"},{"not_picked":["Cursed Key","Fusion Hammer"],"picked":"SlaversCollar"}],"items_purged_floors":[47],"is_endless":false,"potions_floor_spawned":[1,8,10,16,24,25,28,30,38,39,41],"killed_by":"Donu and Deca","ascension_level":7}}