{"host":"y24pqu7jih1n8m3t","time":1611475892,"event":{"mods":["AchievementEnabler","BaseMod","Bestiary","Block Reminder","Colored Map","Colored Powertips","DeckTracker","Highlight Path","Minty Spire (QoL Compilation)","Permanent Neow","Quick Restart","Rare Cards Sparkle","Relic Stats"],"gold_per_floor":[163,181,181,191,191,191,222,239,239,271,38,38,66,31,31,133,133,148,148,4,4,16,51,51,67,67,98,98,115,127,141,141,239,239,249,15,27,27,0,0,31,31,31],"floor_reached":42,"language":"ENG","playtime":5983,"items_purged":[],"score":613,"play_id":"a7ef1581-2014-4ce8-9b48-89dd71e450ad","local_time":"20210124031132","is_ascension_mode":true,"campfire_choices":[{"data":"Eruption","floor":6.0,"key":"SMITH"},{"data":"Adaptation","floor":15.0,"key":"SMITH"},{"data":"ClearTheMind","floor":24.0,"key":"SMITH"},{"data":"Crescendo","floor":32.0,"key":"SMITH"},{"floor":40.0,"key":"REST"}],"circlet_count":0,"master_deck":["Strike_P","Strike_P","Defend_P","Defend_P+1","Eruption+1","Vigilance","MentalFortress","Halt","Tantrum","CrushJoints+1","ClearTheMind+1","FlyingSleeves","SandsOfTime","FlurryOfBlows","Crescendo+1","Adaptation+1","Scrawl","TalkToTheHand","CrushJoints+1","EmptyMind","Crescendo","EmptyBody+1","Vengeance","Meditate+1","Protect","DevaForm","WheelKick+1","Finesse","FlurryOfBlows","Protect+1","Ragnarok","FollowUp"],"relics":["Tiny House","Question Card","Meat on the Bone","Toy Ornithopter","PreservedInsect","Orichalcum","SlaversCollar","Oddly Smooth Stone","Darkstone Periapt","The Courier","Dream Catcher","Empty Cage","Happy Flower","Red Mask","Lantern"],"acts_visited":["Exordium","TheCity","TheBeyond"],"potions_floor_usage":[],"damage_taken":[{"damage":1.0,"enemies":"Jaw Worm","floor":1.0,"turns":4.0},{"damage":0.0,"enemies":"Cultist","floor":2.0,"turns":5.0},{"damage":1.0,"enemies":"2 Louse","floor":4.0,"turns":3.0},{"damage":0.0,"enemies":"Gremlin Nob","floor":7.0,"turns":2.0},{"damage":0.0,"enemies":"Red Slaver","floor":8.0,"turns":3.0},{"damage":11.0,"enemies":"3 Sentries","floor":10.0,"turns":7.0},{"damage":0.0,"enemies":"Gremlin Nob","floor":13.0,"turns":3.0},{"damage":0.0,"enemies":"Slime Boss","floor":16.0,"turns":6.0},{"damage":2.0,"enemies":"Shell Parasite","floor":18.0,"turns":3.0},{"damage":0.0,"enemies":"3 Byrds","floor":22.0,"turns":4.0},{"damage":48.0,"enemies":"Book of Stabbing","floor":23.0,"turns":4.0},{"damage":0.0,"enemies":"Cultist and Chosen","floor":25.0,"turns":4.0},{"damage":34.0,"enemies":"Gremlin Leader","floor":27.0,"turns":5.0},{"damage":6.0,"enemies":"Sentry and Sphere","floor":29.0,"turns":3.0},{"damage":6.0,"enemies":"3 Cultists","floor":30.0,"turns":4.0},{"damage":4.0,"enemies":"Snecko","floor":31.0,"turns":4.0},{"damage":33.0,"enemies":"Champ","floor":33.0,"turns":8.0},{"damage":12.0,"enemies":"Orb Walker","floor":35.0,"turns":3.0},{"damage":13.0,"enemies":"3 Shapes","floor":37.0,"turns":5.0},{"damage":13.0,"enemies":"Giant Head","floor":41.0,"turns":5.0},{"damage":29,"enemies":"Writhing Mass","floor":42,"turns":3}],"seed_played":"-4199613083637745427","potions_obtained":[{"floor":0.0,"key":"FearPotion"},{"floor":4.0,"key":"BlessingOfTheForge"},{"floor":8.0,"key":"PowerPotion"},{"floor":10.0,"key":"Energy Potion"},{"floor":25.0,"key":"Ancient Potion"},{"floor":27.0,"key":"PowerPotion"},{"floor":30.0,"key":"ColorlessPotion"},{"floor":33.0,"key":"SpeedPotion"},{"floor":37.0,"key":"GamblersBrew"}],"is_trial":false,"path_per_floor":["M","M","?","M","?","R","E","M","T","E","$","?","E","$","R","B",null,"M","?","$","?","M","E","R","M","T","E","?","M","M","M","R","B",null,"M","$","M","?","?","R","E","M"],"character_chosen":"WATCHER","items_purchased":["FlurryOfBlows","PreservedInsect","Explosive Potion","Adaptation","Oddly Smooth Stone","Happy Flower","Finesse","FlurryOfBlows"],"campfire_rested":1,"item_purchase_floors":[11,11,11,14,20,36,36,36],"current_hp_per_floor":[76,76,76,75,68,68,68,68,68,57,57,57,57,57,57,57,77,75,75,75,75,75,39,39,44,44,22,22,28,39,47,47,36,77,65,65,52,52,52,75,62,33,33],"gold":31,"neow_bonus":"BOSS_RELIC","is_daily":false,"chose_seed":false,"campfire_upgraded":4,"win_rate":0.0,"timestamp":1611475892,"path_taken":["M","M","?","?","?","R","E","M","T","E","$","?","E","$","R","BOSS","M","?","$","?","M","E","R","M","T","E","?","M","?","M","R","BOSS","M","$","M","?","?","R","E","M"],"items_purchased_type":["Card","Relic","Potion","Card","Relic","Relic","Card","Card"],"build_version":"2020-12-22","purchased_purges":0,"victory":false,"max_hp_per_floor":[77,77,77,77,77,77,77,77,77,77,77,77,77,77,77,77,77,77,77,77,77,77,77,77,77,77,77,77,77,77,77,77,77,77,77,77,77,77,77,77,77,77,77],"relic_stats":{"Darkstone Periapt":0,"Dream Catcher":1,"Happy Flower":[4],"counters":[21,88],"PreservedInsect":232,"Orichalcum":[132],"Question Card":17,"obtain_stats":[{"Darkstone Periapt":23,"Lantern":41,"Tiny House":0,"Happy Flower":36,"Oddly Smooth Stone":20,"PreservedInsect":11,"The Courier":26,"Orichalcum":13,"Question Card":7,"Empty Cage":34,"SlaversCollar":17,"Dream Catcher":27,"Red Mask":39,"PureWater":0,"Toy Ornithopter":10,"Meat on the Bone":9},{"Darkstone Periapt":11,"Lantern":20,"Tiny House":0,"Happy Flower":18,"Oddly Smooth Stone":9,"PreservedInsect":6,"The Courier":12,"Orichalcum":7,"Question Card":4,"Empty Cage":17,"SlaversCollar":8,"Dream Catcher":13,"Red Mask":19,"PureWater":0,"Toy Ornithopter":6,"Meat on the Bone":5},{"Darkstone Periapt":44,"Lantern":85,"Tiny House":0,"Happy Flower":75,"Oddly Smooth Stone":36,"PreservedInsect":24,"The Courier":48,"Orichalcum":27,"Question Card":14,"Empty Cage":72,"SlaversCollar":33,"Dream Catcher":53,"Red Mask":80,"PureWater":0,"Toy Ornithopter":24,"Meat on the Bone":17}],"Toy Ornithopter":20,"Meat on the Bone":72},"card_choices":[{"not_picked":["PathToVictory","FlyingSleeves"],"picked":"MentalFortress","floor":0.0},{"not_picked":["FearNoEvil","Evaluate"],"picked":"Halt","floor":1.0},{"not_picked":["Prostrate","CutThroughFate"],"picked":"Meditate","floor":2.0},{"not_picked":["Pray","Study"],"picked":"CrushJoints","floor":4.0},{"not_picked":["InnerPeace","Fasting2"],"picked":"ClearTheMind","floor":7.0},{"not_picked":["FollowUp","Alpha","EmptyBody"],"picked":"FlyingSleeves","floor":8.0},{"not_picked":["EmptyFist","InnerPeace","BattleHymn"],"picked":"SandsOfTime","floor":10.0},{"not_picked":["Conclude","BattleHymn","CrushJoints"],"picked":"Crescendo","floor":13.0},{"not_picked":["Brilliance","Omniscience","SpiritShield"],"picked":"Scrawl","floor":16.0},{"not_picked":["FlyingSleeves","Halt","CrushJoints"],"picked":"TalkToTheHand","floor":18.0},{"not_picked":["EmptyFist","CutThroughFate","Consecrate"],"picked":"CrushJoints+1","floor":22.0},{"not_picked":["ThirdEye","Halt+1","Crescendo"],"picked":"EmptyMind","floor":23.0},{"not_picked":["BowlingBash","PathToVictory","EmptyMind"],"picked":"Crescendo","floor":25.0},{"not_picked":["Fasting2","Consecrate","Indignation"],"picked":"EmptyBody+1","floor":27.0},{"not_picked":["Blasphemy","Swivel","Nirvana"],"picked":"Vengeance","floor":29.0},{"not_picked":["PathToVictory+1","ThirdEye","LikeWater+1"],"picked":"Meditate+1","floor":30.0},{"not_picked":["Nirvana","WaveOfTheHand","Wireheading"],"picked":"Protect","floor":31.0},{"not_picked":["Omniscience","ConjureBlade","Wish"],"picked":"DevaForm","floor":33.0},{"not_picked":["ThirdEye","ClearTheMind+1","PathToVictory+1"],"picked":"WheelKick+1","floor":35.0},{"not_picked":["JustLucky+1","Fasting2","SignatureMove+1"],"picked":"Protect+1","floor":37.0},{"not_picked":["BattleHymn+1","FlurryOfBlows","Halt+1"],"picked":"Ragnarok","floor":40.0},{"not_picked":["JustLucky+1","CrushJoints+1","FearNoEvil"],"picked":"FollowUp","floor":41.0}],"player_experience":170577,"relics_obtained":[{"floor":7.0,"key":"Question Card"},{"floor":9.0,"key":"Meat on the Bone"},{"floor":10.0,"key":"Toy Ornithopter"},{"floor":13.0,"key":"Orichalcum"},{"floor":23.0,"key":"Darkstone Periapt"},{"floor":26.0,"key":"The Courier"},{"floor":27.0,"key":"Dream Catcher"},{"floor":41.0,"key":"Lantern"}],"event_choices":[{"damage_healed":0.0,"max_hp_gain":0.0,"max_hp_loss":0.0,"gold_gain":0.0,"cards_transformed":["Defend_P"],"event_name":"Transmorgrifier","player_choice":"Transformed","floor":3.0,"gold_loss":0.0,"damage_taken":0.0,"cards_obtained":["Tantrum"]},{"cards_removed":["Strike_P"],"damage_healed":0.0,"max_hp_gain":0.0,"max_hp_loss":0.0,"gold_gain":0.0,"event_name":"Golden Wing","player_choice":"Card Removal","floor":5.0,"gold_loss":0.0,"damage_taken":7.0},{"damage_healed":0.0,"max_hp_gain":0.0,"max_hp_loss":0.0,"gold_gain":0.0,"event_name":"Accursed Blacksmith","player_choice":"Forge","floor":12.0,"gold_loss":0.0,"damage_taken":0.0,"cards_upgraded":["CrushJoints"]},{"damage_healed":0.0,"max_hp_gain":0.0,"max_hp_loss":0.0,"gold_gain":0.0,"event_name":"Ghosts","player_choice":"Ignored","floor":19.0,"gold_loss":0.0,"damage_taken":0.0},{"damage_healed":0.0,"max_hp_gain":0.0,"max_hp_loss":0.0,"gold_gain":0.0,"event_name":"Cursed Tome","player_choice":"Ignored","floor":28.0,"gold_loss":0.0,"damage_taken":0.0},{"cards_removed":["Meditate"],"damage_healed":0.0,"max_hp_gain":0.0,"max_hp_loss":0.0,"gold_gain":0.0,"event_name":"Falling","player_choice":"Removed Skill","floor":38.0,"gold_loss":0.0,"damage_taken":0.0},{"damage_healed":0.0,"max_hp_gain":0.0,"max_hp_loss":0.0,"gold_gain":0.0,"event_name":"Tomb of Lord Red Mask","player_choice":"Paid","floor":39.0,"gold_loss":27.0,"damage_taken":0.0,"relics_obtained":["Red Mask"]}],"is_beta":false,"boss_relics":[{"not_picked":["Astrolabe","Coffee Dripper"],"picked":"SlaversCollar"},{"not_picked":["Pandora\u0027s Box","Runic Dome"],"picked":"Empty Cage"}],"items_purged_floors":[],"is_endless":false,"potions_floor_spawned":[4,8,10,25,27,30,31,33,37],"killed_by":"Writhing Mass","ascension_level":1}}