{"host":"cjhtzh7tp54jdfyv","time":1611513056,"event":{"mods":["AchievementEnabler","BaseMod","Colored Map","Colored Powertips","Curses Come First","DeckTracker","Filter the Spire","Minty Spire (QoL Compilation)","RNG Fix","Relic Sorter","Relic Stats","StSLib","UnlockEverythingMod","ojb\u0027s Better Paths Mod","ojb\u0027s Info Mod"],"gold_per_floor":[411,411,421,421,441,472,2,2,70,35,55,65,97,112,112,191,191,211,211,111,121,132,158,158,158,158],"floor_reached":25,"language":"ENG","playtime":2950,"items_purged":["Defend_G","Strike_G"],"score":566,"play_id":"aed6bc3d-61c0-4e75-873d-e88252af4c96","local_time":"20210124133056","is_ascension_mode":true,"campfire_choices":[{"data":"Dash","floor":8,"key":"SMITH"},{"data":"Leg Sweep","floor":15,"key":"SMITH"},{"data":"Neutralize","floor":24,"key":"SMITH"}],"circlet_count":0,"master_deck":["AscendersBane","Strike_G","Strike_G","Strike_G","Strike_G","Defend_G","Defend_G","Defend_G","Defend_G","Survivor","Neutralize+1","Terror","Underhanded Strike","Backstab","Leg Sweep+1","Infinite Blades","Dash+1","Infinite Blades","Infinite Blades","Backflip","After Image","Concentrate"],"relics":["Ring of the Serpent","Old Coin","Bag of Preparation","Kunai","Meat on the Bone","Paper Crane","Shuriken"],"acts_visited":["Exordium","TheCity"],"potions_floor_usage":[6,16,23,23],"damage_taken":[{"damage":0,"enemies":"2 Louse","floor":1,"turns":4},{"damage":0,"enemies":"Cultist","floor":3,"turns":4},{"damage":2,"enemies":"Jaw Worm","floor":5,"turns":4},{"damage":12,"enemies":"3 Sentries","floor":6,"turns":10},{"damage":2,"enemies":"2 Fungi Beasts","floor":11,"turns":3},{"damage":3,"enemies":"Large Slime","floor":12,"turns":5},{"damage":6,"enemies":"Lagavulin","floor":13,"turns":5},{"damage":4,"enemies":"Exordium Thugs","floor":14,"turns":6},{"damage":0,"enemies":"The Guardian","floor":16,"turns":11},{"damage":5,"enemies":"Spheric Guardian","floor":18,"turns":6},{"damage":3,"enemies":"3 Byrds","floor":21,"turns":7},{"damage":9,"enemies":"Snake Plant","floor":22,"turns":5},{"damage":30,"enemies":"Slavers","floor":23,"turns":10},{"damage":32,"enemies":"Gremlin Leader","floor":25,"turns":4}],"seed_played":"-6599684601505960765","potions_obtained":[{"floor":3,"key":"CunningPotion"},{"floor":11,"key":"Ancient Potion"},{"floor":12,"key":"Energy Potion"},{"floor":16,"key":"SkillPotion"}],"is_trial":false,"path_per_floor":["M","?","M","?","M","E","$","R","T","?","M","M","E","M","R","B",null,"M","?","$","M","M","E","R","E"],"character_chosen":"THE_SILENT","items_purchased":["Kunai","Infinite Blades","Dash"],"campfire_rested":0,"item_purchase_floors":[7,7,7],"current_hp_per_floor":[44,44,44,66,64,52,52,52,52,66,64,61,55,51,51,51,62,57,57,57,54,45,27,27,0,0],"gold":158,"neow_bonus":"ONE_RARE_RELIC","is_daily":false,"chose_seed":false,"campfire_upgraded":3,"win_rate":0.0,"timestamp":1611513056,"path_taken":["M","?","M","?","M","E","$","R","T","?","M","M","E","M","R","BOSS","M","?","$","M","M","E","R","E"],"items_purchased_type":["Relic","Card","Card"],"build_version":"2020-12-22","purchased_purges":2,"victory":false,"max_hp_per_floor":[66,66,66,66,66,66,66,66,66,66,66,66,66,66,66,66,66,66,66,66,66,66,66,66,66,66],"relic_stats":{"counters":[14,84],"Shuriken":[2],"Bag of Preparation":[20],"Kunai":[49],"obtain_stats":[{"Shuriken":23,"Bag of Preparation":6,"Kunai":7,"Paper Crane":13,"Ring of the Serpent":17,"Ring of the Snake":0,"Old Coin":0,"Meat on the Bone":9},{"Shuriken":13,"Bag of Preparation":4,"Kunai":4,"Paper Crane":7,"Ring of the Serpent":9,"Ring of the Snake":0,"Old Coin":0,"Meat on the Bone":4},{"Shuriken":80,"Bag of Preparation":22,"Kunai":22,"Paper Crane":35,"Ring of the Serpent":52,"Ring of the Snake":0,"Old Coin":0,"Meat on the Bone":22}],"Meat on the Bone":12},"card_choices":[{"not_picked":["Bouncing Flask","Backflip"],"picked":"Terror","floor":1},{"not_picked":["Tactician","Leg Sweep"],"picked":"Underhanded Strike","floor":3},{"not_picked":["Underhanded Strike","Cloak And Dagger"],"picked":"Backstab","floor":5},{"not_picked":["PiercingWail","Deadly Poison"],"picked":"Leg Sweep","floor":6},{"not_picked":["Reflex","Flying Knee"],"picked":"Infinite Blades","floor":11},{"not_picked":["Deadly Poison","PiercingWail"],"picked":"Infinite Blades","floor":12},{"not_picked":["Bouncing Flask","Dodge and Roll"],"picked":"Backflip","floor":13},{"not_picked":["Eviscerate","Sucker Punch","Dagger Spray"],"picked":"SKIP","floor":14},{"not_picked":["Tools of the Trade","Envenom"],"picked":"After Image","floor":16},{"not_picked":["Dodge and Roll","PiercingWail"],"picked":"Concentrate","floor":18},{"not_picked":["Dodge and Roll","Bane","Flying Knee"],"picked":"SKIP","floor":21},{"not_picked":["Quick Slash","Underhanded Strike","Night Terror"],"picked":"SKIP","floor":22},{"not_picked":["Reflex","Glass Knife","Distraction"],"picked":"SKIP","floor":23}],"player_experience":4508047,"relics_obtained":[{"floor":6,"key":"Bag of Preparation"},{"floor":9,"key":"Meat on the Bone"},{"floor":13,"key":"Paper Crane"},{"floor":23,"key":"Shuriken"}],"event_choices":[{"damage_healed":0,"gold_gain":0,"player_choice":"Ignored","damage_taken":0,"max_hp_gain":0,"max_hp_loss":0,"event_name":"Liars Game","floor":2,"gold_loss":0},{"damage_healed":22,"gold_gain":0,"player_choice":"Banana","damage_taken":0,"max_hp_gain":0,"max_hp_loss":0,"event_name":"Big Fish","floor":4,"gold_loss":0},{"damage_healed":16,"gold_gain":0,"player_choice":"Healed","damage_taken":0,"max_hp_gain":0,"max_hp_loss":0,"event_name":"The Cleric","floor":10,"gold_loss":35},{"damage_healed":0,"gold_gain":0,"player_choice":"Ignored","damage_taken":0,"max_hp_gain":0,"max_hp_loss":0,"event_name":"Vampires","floor":19,"gold_loss":0}],"is_beta":false,"boss_relics":[{"not_picked":["Snecko Eye","Ectoplasm"],"picked":"Ring of the Serpent"}],"items_purged_floors":[7,20],"is_endless":false,"potions_floor_spawned":[3,11,12,16,21],"killed_by":"Gremlin Leader","ascension_level":20}}