{"host":"takgv9cv6xf64vhq","time":1611462399,"event":{"mods":["BaseMod","Colored Powertips","Downfall","Marisa£®ÏF”Í°°ƒß¿Ì…≥£©","Minty Spire (QoL Compilation)","Replay The Spire","StSLib","The Cursed"],"gold_per_floor":[118,118,138,138,157,157,157,7,32,46,56,331,346,372,372,475,475,491,504,504,520,520,546,546,565,565,565,565],"floor_reached":27,"language":"ZHS","playtime":2424,"items_purged":[],"score":235,"play_id":"d7f16508-128b-450e-a81c-b35d41d2c949","local_time":"20210124122639","is_ascension_mode":false,"campfire_choices":[{"data":"Turbo","floor":6,"key":"SMITH"},{"data":"Defragment","floor":15,"key":"SMITH"},{"floor":24,"key":"RECALL"}],"circlet_count":0,"master_deck":["Defend_B","Defend_B","Defend_B","Defend_B","Zap","Dualcast","Tempest","Zap","Electrodynamics","Loop","Turbo+1","Cold Snap","Turbo","Regret","Double Energy","Defragment+1","Reboot","CurseOfTheBell","ReplaySolidLightProjector+1","Storm","Cold Snap","ReplayTheSpireMod:GoodbyeWorld","Cold Snap+1","ReplayTheSpireMod:Calculation Training","Loop+1","ReplayTheSpireMod:System Scan"],"relics":["Runic Pyramid","Bronze Scales","PreservedInsect","Thread and Needle","Replay:Grab Bag","SlaversCollar","ChewingGum","Calling Bell","ReplayTheSpireMod:TigerMarble","Pear","Ginger","Pantograph"],"acts_visited":["Exordium","TheCity"],"potions_floor_usage":[14,16,16,23],"damage_taken":[{"damage":14,"enemies":"Jaw Worm","floor":1,"turns":4},{"damage":0,"enemies":"Cultist","floor":3,"turns":3},{"damage":4,"enemies":"2 Louse","floor":5,"turns":3},{"damage":5,"enemies":"Exordium Thugs","floor":10,"turns":2},{"damage":2,"enemies":"2 Fungi Beasts","floor":11,"turns":3},{"damage":9,"enemies":"Looter","floor":13,"turns":3},{"damage":8,"enemies":"3 Sentries","floor":14,"turns":3},{"damage":27,"enemies":"Fading Forest","floor":16,"turns":11},{"damage":4,"enemies":"Spheric Guardian","floor":18,"turns":4},{"damage":0,"enemies":"Chosen","floor":19,"turns":4},{"damage":5,"enemies":"Snecko","floor":21,"turns":5},{"damage":5,"enemies":"Book of Stabbing","floor":23,"turns":4},{"damage":13,"enemies":"Snake Plant","floor":25,"turns":4}],"seed_played":"5493109531788008694","potions_obtained":[{"floor":5,"key":"ColorlessPotion"},{"floor":10,"key":"SneckoOil"},{"floor":11,"key":"Languid Potion"},{"floor":13,"key":"Swift Potion"},{"floor":18,"key":"BlessingOfTheForge"},{"floor":19,"key":"Adrenaline Potion"},{"floor":25,"key":"LifebloodPotion"}],"is_trial":false,"path_per_floor":["M","?","M","?","M","R","?","$","T","M","M","?","M","E","R","B",null,"M","M","?","M","?","E","R","M","T","?"],"character_chosen":"DEFECT","items_purchased":["Bronze Scales"],"campfire_rested":0,"item_purchase_floors":[8],"current_hp_per_floor":[61,61,61,54,50,50,50,50,50,45,43,43,34,26,26,21,85,81,81,81,76,76,71,71,58,58,58,58],"gold":565,"neow_bonus":"BOSS_RELIC","is_daily":false,"chose_seed":false,"campfire_upgraded":2,"win_rate":0.0,"timestamp":1611462399,"path_taken":["M","?","?","?","M","R","?","$","T","?","M","?","M","E","R","BOSS","M","M","?","M","?","E","R","M","T","?"],"items_purchased_type":["Relic"],"build_version":"2020-12-22","purchased_purges":0,"victory":false,"max_hp_per_floor":[75,75,75,75,75,75,75,75,75,75,75,75,75,75,75,75,85,85,85,85,85,85,85,85,85,85,85,85],"card_choices":[{"not_picked":["Rebound","ReplayTheSpireMod:Reroute Power"],"picked":"Tempest","floor":1},{"not_picked":["FTL","Blizzard"],"picked":"Loop","floor":3},{"not_picked":["Gash","Reboot"],"picked":"Turbo","floor":5},{"not_picked":["Ball Lightning","Compile Driver"],"picked":"Cold Snap","floor":10},{"not_picked":["Hello World","Gash"],"picked":"Turbo","floor":11},{"not_picked":["Coolheaded","Lockon"],"picked":"Double Energy","floor":13},{"not_picked":["Coolheaded","Tempest"],"picked":"Defragment","floor":14},{"not_picked":["Electrodynamics","Meteor Strike"],"picked":"Reboot","floor":16},{"not_picked":["Gash","Blizzard"],"picked":"ReplaySolidLightProjector+1","floor":18},{"not_picked":["Hello World","Hologram"],"picked":"Storm","floor":19},{"not_picked":["Compile Driver","Rebound"],"picked":"Cold Snap+1","floor":21},{"not_picked":["Coolheaded","Gash+1"],"picked":"Loop+1","floor":23},{"not_picked":["Compile Driver","Reprogram+1"],"picked":"ReplayTheSpireMod:System Scan","floor":25}],"player_experience":40705,"relics_obtained":[{"floor":9,"key":"PreservedInsect"},{"floor":14,"key":"Thread and Needle"},{"floor":17,"key":"ReplayTheSpireMod:TigerMarble"},{"floor":17,"key":"Pear"},{"floor":17,"key":"Ginger"},{"floor":23,"key":"Pantograph"}],"event_choices":[{"damage_healed":0,"gold_gain":0,"player_choice":"2 cards matched","damage_taken":0,"max_hp_gain":0,"max_hp_loss":0,"event_name":"Match and Keep!","floor":2,"gold_loss":0,"cards_obtained":["Zap","Electrodynamics"]},{"cards_removed":["Strike_B"],"damage_healed":0,"gold_gain":0,"player_choice":"Card Removal","damage_taken":7,"max_hp_gain":0,"max_hp_loss":0,"event_name":"Golden Wing","floor":4,"gold_loss":0},{"cards_removed":["Strike_B"],"damage_healed":0,"gold_gain":0,"player_choice":"Offered Basic","damage_taken":0,"max_hp_gain":0,"max_hp_loss":0,"event_name":"Bonfire Elementals","floor":7,"gold_loss":0},{"damage_healed":0,"gold_gain":275,"player_choice":"Desecrate","damage_taken":0,"max_hp_gain":0,"max_hp_loss":0,"event_name":"Golden Shrine","floor":12,"gold_loss":0,"cards_obtained":["Regret"]},{"damage_healed":0,"gold_gain":0,"cards_transformed":["Strike_B","Strike_B"],"player_choice":"Became Test Subject","damage_taken":0,"max_hp_gain":0,"max_hp_loss":0,"event_name":"Drug Dealer","floor":20,"gold_loss":0,"cards_obtained":["Cold Snap","ReplayTheSpireMod:GoodbyeWorld"]},{"damage_healed":0,"gold_gain":0,"player_choice":"Read","damage_taken":0,"max_hp_gain":0,"max_hp_loss":0,"event_name":"The Library","floor":22,"gold_loss":0,"cards_obtained":["ReplayTheSpireMod:Calculation Training"]},{"damage_healed":0,"gold_gain":0,"player_choice":"Ignored","damage_taken":0,"max_hp_gain":0,"max_hp_loss":0,"event_name":"Vampires","floor":27,"gold_loss":0}],"is_beta":false,"boss_relics":[{"not_picked":["Astrolabe","Ring of Chaos"],"picked":"Replay:Grab Bag"},{"not_picked":["Fusion Hammer","Runic Dome"],"picked":"SlaversCollar"},{"not_picked":["Cursed Key","Coffee Dripper"],"picked":"ChewingGum"},{"not_picked":["Tiny House","SacredBark"],"picked":"Calling Bell"}],"items_purged_floors":[],"is_endless":false,"potions_floor_spawned":[5,10,11,13,18,19,25],"ascension_level":0}}