{"host":"sav7uxregyirlf69","time":1611470490,"event":{"mods":["AchievementEnabler","BaseMod","Colored Map","DeckTracker","Keyboard Shortcuts","Minty Spire (QoL Compilation)","READ ME - Guardian Mod","StSLib","SuperFastMode"],"gold_per_floor":[111,55,55,55,130,130,160,160,160,189,226,254,276,299,311,400,412,437,449,11,26,38,38,54,54,54,54,54],"floor_reached":27,"language":"KOR","playtime":378,"items_purged":["Strike_G"],"score":542,"play_id":"61618ecf-43cb-49d8-b5e1-a00faf8bb519","local_time":"20210124154130","is_ascension_mode":true,"campfire_choices":[{"data":"Dagger Spray","floor":6,"key":"SMITH"},{"data":"Deadly Poison","floor":15,"key":"SMITH"},{"floor":23,"key":"REST"},{"data":"Acrobatics","floor":25,"key":"SMITH"}],"circlet_count":0,"master_deck":["AscendersBane","Strike_G","Strike_G","Strike_G","Strike_G","Defend_G","Defend_G","Defend_G","Defend_G","Defend_G","Survivor","Neutralize","Dagger Throw","Dagger Spray+1","Deadly Poison+1","Tactician+1","Calculated Gamble","Reflex","Die Die Die","Backflip+1","Blur","Well Laid Plans","Acrobatics+1","Regret"],"relics":["Ring of the Snake","NeowsBlessing","Centennial Puzzle","StrikeDummy","MawBank","Boot","Cursed Key","Incense Burner"],"acts_visited":["Exordium","TheCity"],"potions_floor_usage":[22,24],"damage_taken":[{"damage":0,"enemies":"Cultist","floor":1,"turns":1},{"damage":0,"enemies":"Lagavulin","floor":7,"turns":1},{"damage":0,"enemies":"3 Sentries","floor":10,"turns":1},{"damage":0,"enemies":"2 Louse","floor":12,"turns":1},{"damage":4,"enemies":"Jaw Worm","floor":13,"turns":2},{"damage":1,"enemies":"Blue Slaver","floor":14,"turns":3},{"damage":32,"enemies":"The Guardian","floor":16,"turns":11},{"damage":19,"enemies":"Shell Parasite","floor":18,"turns":5},{"damage":8,"enemies":"Chosen","floor":21,"turns":4},{"damage":28,"enemies":"Sentry and Sphere","floor":22,"turns":9},{"damage":4,"enemies":"Snake Plant","floor":24,"turns":4},{"damage":28,"enemies":"Gremlin Leader","floor":27,"turns":2}],"seed_played":"-3267836680987134776","potions_obtained":[{"floor":10,"key":"Dexterity Potion"},{"floor":13,"key":"Fire Potion"},{"floor":21,"key":"Regen Potion"},{"floor":22,"key":"Block Potion"}],"is_trial":false,"path_per_floor":["M","$","$","?","?","R","E","?","T","E","T","M","M","M","R","B",null,"M","?","$","M","M","R","M","R","T","E"],"character_chosen":"THE_SILENT","items_purchased":["Dagger Spray","Incense Burner","Blur"],"campfire_rested":1,"item_purchase_floors":[2,20,20],"current_hp_per_floor":[59,59,59,59,48,48,48,48,48,48,48,48,44,43,43,11,52,33,33,33,25,12,31,27,27,27,0,0],"gold":54,"neow_bonus":"THREE_ENEMY_KILL","is_daily":false,"chose_seed":false,"campfire_upgraded":3,"win_rate":0.0,"timestamp":1611470490,"path_taken":["M","?","$","?","?","R","E","?","T","E","?","M","M","M","R","BOSS","M","?","$","M","M","R","M","R","T","E"],"items_purchased_type":["Card","Relic","Card"],"build_version":"2020-12-22","purchased_purges":1,"victory":false,"max_hp_per_floor":[66,66,66,66,66,66,66,66,66,66,66,66,66,66,66,66,66,66,66,66,66,66,66,66,66,66,66,66],"card_choices":[{"not_picked":["Catalyst","Backflip"],"picked":"Dagger Throw","floor":1},{"not_picked":["Poisoned Stab","Acrobatics"],"picked":"Deadly Poison","floor":7},{"not_picked":["Dagger Spray","Grand Finale"],"picked":"Tactician","floor":10},{"not_picked":["Bane","Underhanded Strike"],"picked":"Calculated Gamble","floor":12},{"not_picked":["Escape Plan","Outmaneuver"],"picked":"Reflex","floor":13},{"not_picked":["Dagger Throw","Outmaneuver","Tactician"],"picked":"SKIP","floor":14},{"not_picked":["Night Terror","Storm of Steel"],"picked":"Die Die Die","floor":16},{"not_picked":["Dagger Throw","Concentrate"],"picked":"Backflip+1","floor":18},{"not_picked":["Bane","Concentrate"],"picked":"Well Laid Plans","floor":21},{"not_picked":["Outmaneuver","Poisoned Stab","Riddle With Holes+1"],"picked":"SKIP","floor":22},{"not_picked":["Prepared","Slice"],"picked":"Acrobatics","floor":24}],"player_experience":1369219,"relics_obtained":[{"floor":7,"key":"Centennial Puzzle"},{"floor":9,"key":"StrikeDummy"},{"floor":10,"key":"MawBank"},{"floor":11,"key":"Boot"}],"event_choices":[{"damage_healed":0,"gold_gain":0,"player_choice":"Ignored","damage_taken":0,"max_hp_gain":0,"max_hp_loss":0,"event_name":"Liars Game","floor":4,"gold_loss":0},{"damage_healed":0,"gold_gain":75,"player_choice":"Gather Gold","damage_taken":11,"max_hp_gain":0,"max_hp_loss":0,"event_name":"World of Goop","floor":5,"gold_loss":0},{"damage_healed":0,"gold_gain":0,"player_choice":"Searched \u00271\u0027 times","damage_taken":0,"max_hp_gain":0,"max_hp_loss":0,"event_name":"Dead Adventurer","floor":8,"gold_loss":0},{"damage_healed":0,"gold_gain":0,"player_choice":"Upgraded","damage_taken":0,"max_hp_gain":0,"max_hp_loss":0,"event_name":"Upgrade Shrine","floor":19,"gold_loss":0,"cards_upgraded":["Tactician"]}],"is_beta":false,"boss_relics":[{"not_picked":["WristBlade","Coffee Dripper"],"picked":"Cursed Key"}],"items_purged_floors":[20],"is_endless":false,"potions_floor_spawned":[10,13,14,21,22],"killed_by":"Gremlin Leader","ascension_level":20}}