{"host":"qrt7o4dq2qslzw13","time":1611510881,"event":{"mods":["AchievementEnabler","BaseMod","Colored Map","Colored Powertips","Minty Spire (QoL Compilation)","Quick Restart","StSLib","SuperFastMode"],"gold_per_floor":[112,62,77,88,88,88,88,88,113,150,177,201,201,243,243,354,354,383,18,40,40,61,61,97,27,104,128,128,154,179,218,218,218,227,246,246,246],"floor_reached":36,"language":"ENG","playtime":1060,"items_purged":[],"score":539,"play_id":"e8b9c814-5a41-40ad-bcef-ca01761f6603","local_time":"20210124125441","is_ascension_mode":false,"campfire_choices":[{"data":"WaveOfTheHand","floor":6.0,"key":"SMITH"},{"data":"Eruption","floor":8.0,"key":"SMITH"},{"data":"Fasting2","floor":13.0,"key":"SMITH"},{"data":"Collect","floor":15.0,"key":"SMITH"},{"data":"DevaForm","floor":23.0,"key":"SMITH"},{"floor":32.0,"key":"REST"}],"circlet_count":0,"master_deck":["Strike_P","Strike_P","Strike_P","Defend_P+1","Defend_P","Defend_P","Defend_P","Eruption+1","Vigilance","FearNoEvil+1","WaveOfTheHand+1","CarveReality+1","JustLucky","Collect+1","Fasting2+1","Adaptation","DevaForm+1","Wallop","Indignation","EmptyBody+1","TalkToTheHand","Impatience","EmptyBody+1","Protect","EmptyMind","SignatureMove","TalkToTheHand","Prostrate+1","Blasphemy","BattleHymn+1","CurseOfTheBell","Prostrate+1"],"relics":["PureWater","FossilizedHelix","CeramicFish","Pen Nib","Regal Pillow","Darkstone Periapt","VioletLotus","MealTicket","MutagenicStrength","War Paint","Sundial","Frozen Egg 2","Calling Bell","Nunchaku","Mercury Hourglass","Ice Cream"],"acts_visited":["Exordium","TheCity","TheBeyond","TheEnding","TheCity","TheBeyond"],"potions_floor_usage":[36,36],"damage_taken":[{"damage":0.0,"enemies":"Small Slimes","floor":1.0,"turns":3.0},{"damage":0.0,"enemies":"Jaw Worm","floor":3.0,"turns":2.0},{"damage":0.0,"enemies":"2 Louse","floor":4.0,"turns":1.0},{"damage":10.0,"enemies":"3 Sentries","floor":10.0,"turns":5.0},{"damage":0.0,"enemies":"Lots of Slimes","floor":11.0,"turns":4.0},{"damage":0.0,"enemies":"3 Louse","floor":12.0,"turns":2.0},{"damage":0.0,"enemies":"Lagavulin","floor":14.0,"turns":5.0},{"damage":39.0,"enemies":"The Guardian","floor":16.0,"turns":6.0},{"damage":0.0,"enemies":"Spheric Guardian","floor":18.0,"turns":3.0},{"damage":0.0,"enemies":"Shell Parasite","floor":20.0,"turns":2.0},{"damage":0.0,"enemies":"Snecko","floor":22.0,"turns":4.0},{"damage":34.0,"enemies":"Slavers","floor":24.0,"turns":8.0},{"damage":0.0,"enemies":"Chosen and Byrds","floor":27.0,"turns":6.0},{"damage":0.0,"enemies":"Centurion and Healer","floor":29.0,"turns":7.0},{"damage":0.0,"enemies":"Snake Plant","floor":30.0,"turns":3.0},{"damage":0.0,"enemies":"Gremlin Leader","floor":31.0,"turns":1.0},{"damage":0,"enemies":"Collector","floor":33,"turns":10},{"damage":0,"enemies":"Orb Walker","floor":35,"turns":1},{"damage":114,"enemies":"2 Orb Walkers","floor":36,"turns":4}],"seed_played":"8547470926498470682","potions_obtained":[{"floor":4.0,"key":"Energy Potion"},{"floor":10.0,"key":"SteroidPotion"},{"floor":12.0,"key":"Dexterity Potion"},{"floor":16.0,"key":"Fire Potion"},{"floor":20.0,"key":"SkillPotion"},{"floor":27.0,"key":"Regen Potion"},{"floor":30.0,"key":"GamblersBrew"}],"is_trial":false,"path_per_floor":["M","?","M","M","?","R","?","R","T","E","M","M","R","E","R","B",null,"M","$","M","?","M","R","E","$","T","M","?","M","M","E","R","B",null,"M","?"],"character_chosen":"WATCHER","items_purchased":["MealTicket","Indignation","EmptyBody","TalkToTheHand","Impatience","SignatureMove"],"campfire_rested":1,"item_purchase_floors":[19,19,19,19,19,25],"current_hp_per_floor":[72,72,72,72,58,58,58,58,58,48,48,48,48,48,48,9,72,72,72,72,72,72,72,38,53,53,53,53,53,53,53,72,72,78,78,0,0],"gold":246,"neow_bonus":"ONE_RARE_RELIC","is_daily":false,"chose_seed":false,"campfire_upgraded":5,"win_rate":0.0,"timestamp":1611510881,"path_taken":["M","?","M","M","?","R","?","R","T","E","M","?","R","E","R","BOSS","M","$","M","?","M","R","E","$","T","M","?","?","M","E","R","BOSS","M","?"],"items_purchased_type":["Relic","Card","Card","Card","Card","Card"],"build_version":"2020-12-22","purchased_purges":0,"victory":false,"max_hp_per_floor":[72,72,72,72,72,72,72,72,72,72,72,72,72,72,72,72,72,72,72,72,72,72,72,72,72,72,72,72,72,72,72,72,72,78,78,78,78],"card_choices":[{"not_picked":["Halt","TalkToTheHand"],"picked":"FearNoEvil","floor":1.0},{"not_picked":["FlurryOfBlows","FollowUp"],"picked":"WaveOfTheHand","floor":3.0},{"not_picked":["CrushJoints","Evaluate"],"picked":"CarveReality","floor":4.0},{"not_picked":["EmptyFist","ClearTheMind"],"picked":"JustLucky","floor":10.0},{"not_picked":["PathToVictory","CutThroughFate"],"picked":"Collect","floor":11.0},{"not_picked":["EmptyBody","FlurryOfBlows"],"picked":"Fasting2","floor":12.0},{"not_picked":["CrushJoints","Wallop"],"picked":"Adaptation","floor":14.0},{"not_picked":["LessonLearned","SpiritShield"],"picked":"DevaForm","floor":16.0},{"not_picked":["ClearTheMind","CrushJoints+1"],"picked":"Wallop","floor":18.0},{"not_picked":["Perseverance","CutThroughFate+1"],"picked":"EmptyBody+1","floor":20.0},{"not_picked":["EmptyBody","CutThroughFate"],"picked":"Protect","floor":22.0},{"not_picked":["BowlingBash+1","MentalFortress"],"picked":"EmptyMind","floor":24.0},{"not_picked":["EmptyFist","FollowUp"],"picked":"TalkToTheHand","floor":27.0},{"not_picked":["EmptyBody","Evaluate"],"picked":"Prostrate+1","floor":29.0},{"not_picked":["Indignation","CarveReality+1"],"picked":"Blasphemy","floor":30.0},{"not_picked":["BowlingBash","ClearTheMind+1"],"picked":"BattleHymn+1","floor":31.0},{"not_picked":["BattleHymn+1","Nirvana+1"],"picked":"Prostrate+1","floor":35}],"player_experience":584906,"relics_obtained":[{"floor":9.0,"key":"Pen Nib"},{"floor":10.0,"key":"Regal Pillow"},{"floor":14.0,"key":"Darkstone Periapt"},{"floor":24.0,"key":"War Paint"},{"floor":26.0,"key":"Sundial"},{"floor":31.0,"key":"Frozen Egg 2"},{"floor":34,"key":"Nunchaku"},{"floor":34,"key":"Mercury Hourglass"},{"floor":34,"key":"Ice Cream"}],"event_choices":[{"cards_removed":["Normality"],"damage_healed":0.0,"max_hp_gain":0.0,"max_hp_loss":0.0,"gold_gain":0.0,"event_name":"The Cleric","player_choice":"Card Removal","floor":2.0,"gold_loss":50.0,"damage_taken":0.0},{"damage_healed":0.0,"max_hp_gain":0.0,"max_hp_loss":0.0,"gold_gain":0.0,"event_name":"Shining Light","player_choice":"Entered Light","floor":5.0,"gold_loss":0.0,"damage_taken":14.0,"cards_upgraded":["CarveReality","FearNoEvil"]},{"damage_healed":0.0,"max_hp_gain":0.0,"max_hp_loss":0.0,"gold_gain":0.0,"event_name":"WeMeetAgain","player_choice":"Gave Potion","floor":7.0,"gold_loss":0.0,"damage_taken":0.0,"relics_obtained":["CeramicFish"]},{"damage_healed":0.0,"max_hp_gain":0.0,"max_hp_loss":0.0,"gold_gain":0.0,"event_name":"Drug Dealer","player_choice":"Inject Mutagens","floor":21.0,"gold_loss":0.0,"damage_taken":0.0,"relics_obtained":["MutagenicStrength"]},{"cards_removed":["Strike_P"],"damage_healed":0.0,"max_hp_gain":0.0,"max_hp_loss":0.0,"gold_gain":0.0,"event_name":"Bonfire Elementals","player_choice":"Offered Basic","floor":28.0,"gold_loss":0.0,"damage_taken":0.0},{"damage_healed":0,"gold_gain":0,"player_choice":"Fight","damage_taken":0,"max_hp_gain":0,"max_hp_loss":0,"event_name":"Mysterious Sphere","floor":36,"gold_loss":0}],"is_beta":false,"boss_relics":[{"not_picked":["Tiny House","Snecko Eye"],"picked":"VioletLotus"},{"not_picked":["SacredBark","Fusion Hammer"],"picked":"Calling Bell"}],"items_purged_floors":[],"is_endless":false,"potions_floor_spawned":[4,10,12,16,20,27,30,33],"killed_by":"2 Orb Walkers","ascension_level":0}}