{"host":"8xqrs3rh9uxfv7nb","time":1611522633,"event":{"mods":["AchievementEnabler","BaseMod","Colored Powertips","KomeijiMod","Minty Spire (QoL Compilation)","Permanent Neow","StSLib","The Poker Player"],"gold_per_floor":[118,136,146,146,146,146,146,146],"floor_reached":6,"language":"ENG","playtime":323,"items_purged":[],"score":36,"play_id":"ca66d0ff-1b48-49e4-a17b-4807f277ce1d","local_time":"20210124221033","is_ascension_mode":false,"metric_token":530,"campfire_choices":[],"circlet_count":0,"master_deck":["PokerPlayerMod:Diamond1","PokerPlayerMod:Diamond2","PokerPlayerMod:Diamond3","PokerPlayerMod:Diamond4","PokerPlayerMod:Diamond5","PokerPlayerMod:Spade1","PokerPlayerMod:Spade2","PokerPlayerMod:Spade3","PokerPlayerMod:Spade4","PokerPlayerMod:Club1","PokerPlayerMod:Club2","PokerPlayerMod:Heart2","PokerPlayerMod:TrumpStrike","PokerPlayerMod:BadJoker","PokerPlayerMod:Mulligan","PokerPlayerMod:Club3","PokerPlayerMod:Spade4","PokerPlayerMod:Diamond3"],"relics":["PokerPlayerMod:DeckCase","NeowsBlessing"],"acts_visited":["Exordium"],"potions_floor_usage":[],"damage_taken":[{"damage":0,"enemies":"Cultist","floor":1,"turns":1},{"damage":0,"enemies":"2 Louse","floor":2,"turns":1},{"damage":0,"enemies":"Small Slimes","floor":3,"turns":1},{"damage":6,"enemies":"3 Sentries","floor":6,"turns":2}],"seed_played":"-1383017178234474614","potions_obtained":[{"floor":3,"key":"PowerPotion"}],"is_trial":false,"path_per_floor":["M","M","M","?","?","E"],"character_chosen":"THE_POKER_PLAYER","items_purchased":[],"campfire_rested":0,"item_purchase_floors":[],"current_hp_per_floor":[52,52,52,52,52,48,48,48],"gold":146,"neow_bonus":"THREE_ENEMY_KILL","is_daily":false,"chose_seed":false,"campfire_upgraded":0,"win_rate":0.0,"timestamp":1611522633,"path_taken":["M","M","M","?","?","E"],"items_purchased_type":[],"build_version":"2020-12-22","purchased_purges":0,"victory":false,"max_hp_per_floor":[52,52,52,52,52,52,52,52],"card_choices":[{"not_picked":["PokerPlayerMod:Manipulation","PokerPlayerMod:Configure"],"picked":"PokerPlayerMod:Club3","floor":1},{"not_picked":["PokerPlayerMod:Spade2","PokerPlayerMod:Club3"],"picked":"PokerPlayerMod:Spade4","floor":2},{"not_picked":["PokerPlayerMod:Spade1","PokerPlayerMod:CloakAndDiamond"],"picked":"PokerPlayerMod:Diamond3","floor":3}],"player_experience":141502,"relics_obtained":[],"event_choices":[{"damage_healed":0,"gold_gain":0,"player_choice":"Ignored","damage_taken":0,"max_hp_gain":0,"max_hp_loss":0,"event_name":"Liars Game","floor":5,"gold_loss":0}],"is_beta":false,"boss_relics":[],"items_purged_floors":[],"is_endless":false,"potions_floor_spawned":[3],"killed_by":"3 Sentries","ascension_level":0}}