{"host":"w8hjdfrntrrvtiu5","time":1611460717,"event":{"mods":["AchievementEnabler","BaseMod","BetterRewards","Conspire","Hubris","Marisa????????","Minty Spire (QoL Compilation)","Shop Mod","StSLib","Td1madao Mod","The Animator","egg","everything is the same but u backflip on backflip"],"gold_per_floor":[13,88,101,132,13,13,25,42,42,72,105,122,153,153,153,227,227,245,265,78,78,78],"floor_reached":21,"language":"ENG","playtime":785,"items_purged":["Strike_R"],"score":312,"play_id":"62d5276b-6457-4e88-93ea-647b01606ad9","local_time":"20210123225837","is_ascension_mode":true,"campfire_choices":[{"data":"Anger","floor":6,"key":"SMITH"},{"floor":15,"key":"REST"}],"circlet_count":0,"master_deck":["AscendersBane","Strike_R","Strike_R","Strike_R","Strike_R","Defend_R","Defend_R","Defend_R","Defend_R","Bash","Panache","Anger+1","Cleave","Metallicize","conspire:Banana","Thunderclap","Power Through","Clash","Havoc","Carnage","Rage","Exhume","Limit Break","Anger+1","Wild Strike","Double Tap","Intimidate"],"relics":["Burning Blood","Pantograph","hubris:Reverence","Odd Mushroom","The Courier","hubris:TinFlute","Fusion Hammer"],"acts_visited":["Exordium","TheCity"],"potions_floor_usage":[10,11],"damage_taken":[{"damage":0,"enemies":"Small Slimes","floor":1,"turns":3},{"damage":2,"enemies":"Jaw Worm","floor":3,"turns":3},{"damage":26,"enemies":"conspire:MimicChest","floor":4,"turns":6},{"damage":3,"enemies":"2 Louse","floor":7,"turns":3},{"damage":23,"enemies":"Lots of Slimes","floor":8,"turns":4},{"damage":19,"enemies":"The Mushroom Lair","floor":10,"turns":4},{"damage":3,"enemies":"Lagavulin","floor":11,"turns":6},{"damage":3,"enemies":"3 Louse","floor":12,"turns":3},{"damage":17,"enemies":"Gremlin Nob","floor":13,"turns":4},{"damage":81,"enemies":"The Guardian","floor":16,"turns":14},{"damage":47,"enemies":"Shell Parasite","floor":18,"turns":7},{"damage":16,"enemies":"3 Byrds","floor":19,"turns":5},{"damage":24,"enemies":"Centurion and Healer","floor":21,"turns":4}],"seed_played":"-6767809683448749690","potions_obtained":[{"floor":3,"key":"Dexterity Potion"},{"floor":4,"key":"EssenceOfSteel"},{"floor":12,"key":"FairyPotion"}],"is_trial":false,"path_per_floor":["M","?","M","?","$","R","M","M","T","?","E","M","E","?","R","B",null,"M","M","$","M"],"character_chosen":"IRONCLAD","items_purchased":["conspire:Banana","Thunderclap","Double Tap","Intimidate"],"campfire_rested":1,"item_purchase_floors":[5,5,20,20],"current_hp_per_floor":[78,67,71,51,51,51,54,38,38,26,30,34,23,23,48,25,70,30,21,21,0,0],"gold":78,"neow_bonus":"RANDOM_COLORLESS_2","is_daily":false,"chose_seed":false,"campfire_upgraded":1,"win_rate":0.0,"timestamp":1611460717,"path_taken":["M","?","M","?","$","R","M","?","T","?","E","M","E","?","R","BOSS","M","?","?","M"],"items_purchased_type":["Card","Card","Card","Card"],"build_version":"2020-12-22","purchased_purges":1,"victory":false,"max_hp_per_floor":[80,80,80,80,80,80,80,81,81,82,83,84,84,84,84,85,85,86,87,87,88,88],"card_choices":[{"not_picked":["Apotheosis","Secret Technique"],"picked":"Panache","floor":0},{"not_picked":["Pommel Strike","Entrench"],"picked":"Anger","floor":1},{"not_picked":["Twin Strike","Dropkick"],"picked":"Cleave","floor":3},{"not_picked":["Sword Boomerang","Entrench"],"picked":"Metallicize","floor":4},{"not_picked":["Cleave","Body Slam","Clothesline"],"picked":"SKIP","floor":7},{"not_picked":["Thunderclap","Pommel Strike"],"picked":"Power Through","floor":8},{"not_picked":["Inflame","Headbutt"],"picked":"Clash","floor":10},{"not_picked":["Feel No Pain","Pommel Strike"],"picked":"Havoc","floor":11},{"not_picked":["Shrug It Off","Feel No Pain"],"picked":"Carnage","floor":12},{"not_picked":["Berserk","Limit Break"],"picked":"Rage","floor":13},{"not_picked":["Barricade","Brutality"],"picked":"Limit Break","floor":16},{"not_picked":["Warcry","True Grit"],"picked":"Anger+1","floor":18},{"not_picked":["Cleave+1","Spot Weakness"],"picked":"Wild Strike","floor":19}],"player_experience":2402545,"relics_obtained":[{"floor":4,"key":"Pantograph"},{"floor":9,"key":"hubris:Reverence"},{"floor":10,"key":"Odd Mushroom"},{"floor":11,"key":"The Courier"},{"floor":13,"key":"hubris:TinFlute"}],"event_choices":[{"damage_healed":0,"gold_gain":75,"player_choice":"Gather Gold","damage_taken":11,"max_hp_gain":0,"max_hp_loss":0,"event_name":"World of Goop","floor":2,"gold_loss":0},{"damage_healed":0,"gold_gain":0,"player_choice":"Fought Mushrooms","damage_taken":0,"max_hp_gain":0,"max_hp_loss":0,"event_name":"Mushrooms","floor":10,"gold_loss":0},{"damage_healed":0,"gold_gain":0,"player_choice":"1 cards matched","damage_taken":0,"max_hp_gain":0,"max_hp_loss":0,"event_name":"Match and Keep!","floor":14,"gold_loss":0,"cards_obtained":["Exhume"]}],"is_beta":false,"boss_relics":[{"not_picked":["hubris:RunicObelisk","conspire:RunicOctahedron"],"picked":"Fusion Hammer"}],"items_purged_floors":[20],"is_endless":false,"potions_floor_spawned":[3,4,8,12],"killed_by":"Centurion and Healer","ascension_level":13}}