{"host":"kpdd9z48kjnytdt3","time":1611470188,"event":{"mods":["AchievementEnabler","BaseMod","BetterRewards","Colored Map","Colored Powertips","Marisa????????","Minty Spire (QoL Compilation)","Permanent Neow","Quick Restart","StSLib","SuperFastMode","The Cursed","The Necromancer","The Servant 0.9.4","everything is the same but u backflip on backflip","slay the spire mod where everything is the same but ironclad has a cowboy hat"],"gold_per_floor":[210,227,244,244,260,260,278,278,305,328,135,148,148,173,173,292,292,317,217,217,238,3,3,21,36,113,212,212,212],"floor_reached":28,"language":"ENG","playtime":3100,"items_purged":["Strike_S","Strike_S"],"score":214,"play_id":"2819a578-48e8-46de-990b-7b1791565758","local_time":"20210124013628","is_ascension_mode":false,"campfire_choices":[{"floor":6.0,"key":"RECALL"},{"floor":13.0,"key":"REST"},{"data":"Starlight","floor":15.0,"key":"SMITH"},{"data":"BestPractice","floor":23.0,"key":"SMITH"}],"circlet_count":0,"master_deck":["Defend_S","Defend_S","Defend_S","KidneyShot","Exchange","Rewind","TimeWarp","Ricochet","Revamp","Starlight+1","ShiftingGears","SilverBlades","Rearm","Defy","Foresight","FloweringNight","RealityMarble+1","Reset+1","ReturningBlade+1","Moonlight","BestPractice+1"],"relics":["Uniform","Golden Idol","Nloth\u0027s Gift","Lee\u0027s Waffle","Pear"],"acts_visited":["Exordium","TheCity"],"potions_floor_usage":[28],"damage_taken":[{"damage":1.0,"enemies":"Cultist","floor":1.0,"turns":4.0},{"damage":2.0,"enemies":"2 Louse","floor":2.0,"turns":3.0},{"damage":6.0,"enemies":"Jaw Worm","floor":3.0,"turns":4.0},{"damage":0.0,"enemies":"2 Fungi Beasts","floor":5.0,"turns":2.0},{"damage":13.0,"enemies":"Red Slaver","floor":7.0,"turns":4.0},{"damage":5.0,"enemies":"Looter","floor":10.0,"turns":3.0},{"damage":9.0,"enemies":"3 Louse","floor":12.0,"turns":2.0},{"damage":2.0,"enemies":"2 Fungi Beasts","floor":14.0,"turns":3.0},{"damage":5.0,"enemies":"Slime Boss","floor":16.0,"turns":8.0},{"damage":21.0,"enemies":"Spheric Guardian","floor":18.0,"turns":6.0},{"damage":10.0,"enemies":"3 Byrds","floor":21.0,"turns":4.0},{"damage":52.0,"enemies":"3 Cultists","floor":24.0,"turns":6.0},{"damage":12.0,"enemies":"Centurion and Healer","floor":25.0,"turns":7.0},{"damage":14,"enemies":"Snecko","floor":28,"turns":4}],"seed_played":"-2094359611489215792","potions_obtained":[{"floor":1.0,"key":"Explosive Potion"},{"floor":2.0,"key":"SteroidPotion"},{"floor":10.0,"key":"LiquidMemories"},{"floor":12.0,"key":"LiquidBronze"}],"is_trial":false,"path_per_floor":["M","M","M","?","M","R","M","?","T","M","$","M","R","M","R","B",null,"M","$","?","M","$","R","M","M","T","?","M"],"character_chosen":"THE_SERVANT","items_purchased":["SilverBlades","Rearm","BestPractice","Lee\u0027s Waffle"],"campfire_rested":1,"item_purchase_floors":[11,11,22,22],"current_hp_per_floor":[64,62,56,56,56,56,43,43,43,38,38,29,47,45,45,40,60,39,39,39,29,67,67,15,3,13,13,0,0],"gold":212,"neow_bonus":"HUNDRED_GOLD","is_daily":false,"chose_seed":false,"campfire_upgraded":2,"win_rate":0.0,"timestamp":1611470188,"path_taken":["M","?","M","?","M","R","M","?","T","M","$","M","R","M","R","BOSS","M","$","?","?","$","R","M","M","T","?","M"],"items_purchased_type":["Card","Card","Card","Relic"],"build_version":"2020-12-22","purchased_purges":2,"victory":false,"max_hp_per_floor":[65,65,65,65,65,65,65,60,60,60,60,60,60,60,60,60,60,60,60,60,60,67,67,67,67,77,77,77,77],"card_choices":[{"not_picked":["Read","Replace"],"picked":"Rewind","floor":1.0},{"not_picked":["DoubleEdge","Gouge"],"picked":"TimeWarp","floor":2.0},{"not_picked":["Spin","Defy"],"picked":"Ricochet","floor":3.0},{"not_picked":["Alleviate","SurpressingFire"],"picked":"Revamp","floor":5.0},{"not_picked":["DualDimension","Rewind"],"picked":"Starlight","floor":7.0},{"not_picked":["MurderousAura","Reset"],"picked":"ShiftingGears","floor":10.0},{"not_picked":["Rearm","Unruled"],"picked":"Defy","floor":12.0},{"not_picked":["ShiftingGears","Defy"],"picked":"Foresight","floor":14.0},{"not_picked":["Solidify","MurderousAura"],"picked":"FloweringNight","floor":16.0},{"not_picked":["FanOfKnives","DoubleEdge"],"picked":"Moonlight","floor":18.0},{"not_picked":["Unruled","Alleviate","Ricochet"],"picked":"SKIP","floor":21.0},{"not_picked":["Alleviate","Desolation+1","Rewind"],"picked":"SKIP","floor":24.0},{"not_picked":["Starlight","LightFlow","Replace"],"picked":"SKIP","floor":25.0}],"player_experience":90101,"relics_obtained":[{"floor":26.0,"key":"Pear"}],"event_choices":[{"damage_healed":0.0,"max_hp_gain":0.0,"max_hp_loss":0.0,"gold_gain":0.0,"event_name":"Liars Game","player_choice":"Ignored","floor":4.0,"gold_loss":0.0,"damage_taken":0.0},{"damage_healed":0.0,"max_hp_gain":0.0,"max_hp_loss":5.0,"gold_gain":0.0,"event_name":"Golden Idol","player_choice":"Lose Max HP","floor":8.0,"gold_loss":0.0,"damage_taken":0.0,"relics_obtained":["Golden Idol"]},{"damage_healed":0.0,"max_hp_gain":0.0,"max_hp_loss":0.0,"gold_gain":0.0,"event_name":"N\u0027loth","player_choice":"Traded Relic","floor":20.0,"relics_lost":["Astrolabe"],"gold_loss":0.0,"damage_taken":0.0,"relics_obtained":["Nloth\u0027s Gift"]},{"damage_healed":0.0,"max_hp_gain":0.0,"max_hp_loss":0.0,"gold_gain":99.0,"event_name":"Nest","player_choice":"Stole From Cult","floor":27.0,"gold_loss":0.0,"damage_taken":0.0}],"is_beta":false,"boss_relics":[{"not_picked":["Busted Crown","MysterySword"],"picked":"Astrolabe"}],"items_purged_floors":[11,19],"is_endless":false,"potions_floor_spawned":[1,2,10,12,14,16,21],"killed_by":"Snecko","ascension_level":0}}