{"host":"bplbr8uekuotory4","time":1611489087,"event":{"mods":["Act Like it!","BaseMod","Custom Start","Gensokyo","GungeonMod","Hermit","KinomotoSakuraMod(ƒæ÷Æ±æ”£)","Marisa£®ÏF”Í°°ƒß¿Ì…≥£©","Minty Spire (QoL Compilation)","Prisma Mod","Quick Restart","Reimu£®≤©¿ˆ¡È√Œ£©","Replay The Spire","SOS£®Àπ∞Õ¥Ô÷Æ◊”£©","Spicy Shops","StSLib","TestMod","The Blackbeard","The Cursed","The Mystic","The Poker Player","The Runesmith","The Saiyan","The Senshi","The Servant 0.9.4","Yuri Mod","[IsaacMod]“‘»ˆº‚À˛"],"gold_per_floor":[112,287,345,345,361,387,397,397,467,502,516,141,141,141,141,219,219,238,23,35,45,45,76,91,106,188,218,40,52,52,70,70,70,70],"floor_reached":33,"language":"ZHS","playtime":740,"items_purged":["Doubt","Defend_G","Shame"],"score":675,"play_id":"0da1354d-9a6d-4800-9c81-7d6919b4effe","local_time":"20210124195127","is_ascension_mode":true,"campfire_choices":[{"data":"Poisoned Stab","floor":8.0,"key":"SMITH"},{"data":"Catalyst","floor":13.0,"key":"SMITH"},{"data":"ReplayTheSpireMod:Necrosis","floor":15.0,"key":"SMITH"},{"data":"Catalyst","floor":32,"key":"SMITH"}],"circlet_count":0,"master_deck":["AscendersBane","Strike_G","Strike_G","Strike_G","Strike_G","Defend_G","Defend_G","Defend_G","Defend_G","Survivor","Neutralize","Deadly Poison","Poisoned Stab+1","Catalyst+1","Catalyst+1","ReplayTheSpireMod:Necrosis+1","ReplayTheSpireMod:Uncanny Aura","Escape Plan"],"relics":["Ring of the Snake","testmod-TestBox","HushsDoor","GuppysTail","testmod-BouquetWithThorns","NeowsBlessing","Onion Ring","SatanicBible","Vajra","Replay:Bottled Snecko","BargainBundle","Cursed Key","RottenBaby","TwistedFunnel","DemoMod:Metronome","testmod-InjuryResistance","yuri:PortableGlitches","Tiny Chest","yuri:PortableGlitches"],"acts_visited":["Exordium","TheCity"],"potions_floor_usage":[33],"damage_taken":[{"damage":0.0,"enemies":"Jaw Worm","floor":1.0,"turns":1.0},{"damage":0.0,"enemies":"Small Slimes","floor":5.0,"turns":1.0},{"damage":0.0,"enemies":"3 Sentries","floor":6.0,"turns":1.0},{"damage":0.0,"enemies":"Cultist","floor":7.0,"turns":3.0},{"damage":0.0,"enemies":"Gremlin Nob","floor":10.0,"turns":2.0},{"damage":6.0,"enemies":"2 Fungi Beasts","floor":11.0,"turns":3.0},{"damage":11.0,"enemies":"The Guardian","floor":16.0,"turns":4.0},{"damage":3.0,"enemies":"Chosen","floor":18.0,"turns":3.0},{"damage":0.0,"enemies":"3 Byrds","floor":20.0,"turns":1.0},{"damage":0.0,"enemies":"Centurion and Healer","floor":21.0,"turns":2.0},{"damage":30.0,"enemies":"Replay:Snechameleon","floor":23.0,"turns":3.0},{"damage":4.0,"enemies":"Shelled Parasite and Fungi","floor":24.0,"turns":3.0},{"damage":2.0,"enemies":"Snake Plant","floor":25.0,"turns":2.0},{"damage":0.0,"enemies":"Gremlin Leader","floor":27.0,"turns":3.0},{"damage":0.0,"enemies":"Centurion and Healer","floor":29.0,"turns":2.0},{"damage":0,"enemies":"3 Cultists","floor":31,"turns":3},{"damage":7,"enemies":"Collector","floor":33,"turns":2}],"seed_played":"-8859855940575014763","potions_obtained":[{"floor":1.0,"key":"Energy Potion"},{"floor":6.0,"key":"Fire Potion"},{"floor":10.0,"key":"Swift Potion"},{"floor":11.0,"key":"Adrenaline Potion"},{"floor":16.0,"key":"DistilledChaos"},{"floor":23.0,"key":"LifebloodPotion"},{"floor":25.0,"key":"Toxic Potion"}],"is_trial":false,"path_per_floor":["M","?","?","?","M","E","M","R","T","E","M","$","R","?","R","B",null,"M","$","M","M","?","E","M","M","T","E","$","M","?","M","R","B"],"character_chosen":"THE_SILENT","items_purchased":["Replay:Bottled Snecko","BargainBundle","Catalyst","ReplayTheSpireMod:Necrosis","ColorlessPotion","ReplayTheSpireMod:Uncanny Aura","RottenBaby","TwistedFunnel","DemoMod:Metronome","Diplopia"],"campfire_rested":0,"item_purchase_floors":[12,12,12,12,12,12,17,19,19,28],"current_hp_per_floor":[59,59,44,44,44,44,44,44,44,44,38,38,38,38,38,27,41,38,38,38,38,38,8,4,2,2,2,2,2,2,2,2,0,0],"gold":70,"neow_bonus":"THREE_ENEMY_KILL","is_daily":false,"chose_seed":false,"campfire_upgraded":4,"win_rate":0.0,"timestamp":1611489087,"path_taken":["M","?","?","?","?","E","M","R","T","E","M","?","R","?","R","BOSS","M","$","M","M","?","E","M","M","T","E","?","M","?","?","R","BOSS"],"items_purchased_type":["Relic","Relic","Card","Card","Potion","Card","Relic","Relic","Relic","Relic"],"build_version":"2020-12-22","purchased_purges":3,"victory":false,"max_hp_per_floor":[66,66,66,66,66,66,66,66,66,66,66,66,66,66,66,66,45,45,45,45,45,45,45,45,45,45,45,45,45,45,45,45,45,45],"card_choices":[{"not_picked":["Flying Knee","Storm of Steel"],"picked":"Deadly Poison","floor":1.0},{"not_picked":["Cloak And Dagger","Bane"],"picked":"Poisoned Stab","floor":5.0},{"not_picked":["Adrenaline","Finisher"],"picked":"Bomb","floor":6.0},{"not_picked":["Sucker Punch","Quick Slash","Hidden Blade"],"picked":"SKIP","floor":7.0},{"not_picked":["Reflex","Skewer","ReplayTheSpireMod:The Works"],"picked":"SKIP","floor":10.0},{"not_picked":["Acrobatics","Fluid Movement"],"picked":"Catalyst","floor":11.0},{"not_picked":["Blade Dance+1","Prepared","Leg Sweep"],"picked":"SKIP","floor":18.0},{"not_picked":["Setup+1","Blade Dance","Backflip"],"picked":"SKIP","floor":20.0},{"not_picked":["Well Laid Plans","Deadly Poison+1","Flying Knee"],"picked":"SKIP","floor":21.0},{"not_picked":["Dagger Spray","Flechettes+1","Quick Slash"],"picked":"SKIP","floor":23.0},{"not_picked":["Hidden Blade","Catalyst","Distraction"],"picked":"SKIP","floor":24.0},{"not_picked":["Well Laid Plans","Outmaneuver+1","Poisoned Stab"],"picked":"SKIP","floor":25.0},{"not_picked":["Dagger Spray","All Out Attack","Blur"],"picked":"SKIP","floor":27.0},{"not_picked":["Underhanded Strike","Quick Slash+1","Concentrate"],"picked":"SKIP","floor":29.0},{"not_picked":["Setup","Quick Slash+1","Blade Dance"],"picked":"SKIP","floor":31}],"player_experience":1195880,"relics_obtained":[{"floor":6.0,"key":"Onion Ring"},{"floor":9.0,"key":"SatanicBible"},{"floor":10.0,"key":"Vajra"},{"floor":23.0,"key":"testmod-InjuryResistance"},{"floor":26.0,"key":"yuri:PortableGlitches"},{"floor":27.0,"key":"Tiny Chest"}],"event_choices":[{"damage_healed":0.0,"max_hp_gain":0.0,"max_hp_loss":0.0,"gold_gain":175.0,"event_name":"Liars Game","player_choice":"AGREE","floor":2.0,"gold_loss":0.0,"damage_taken":0.0,"cards_obtained":["Doubt"]},{"cards_removed":["Strike_G"],"damage_healed":0.0,"max_hp_gain":0.0,"max_hp_loss":0.0,"gold_gain":0.0,"event_name":"Living Wall","player_choice":"Forget","floor":14.0,"gold_loss":0.0,"damage_taken":0.0},{"damage_healed":0.0,"max_hp_gain":0.0,"max_hp_loss":0.0,"gold_gain":0.0,"event_name":"The Library","player_choice":"Read","floor":22.0,"gold_loss":0.0,"damage_taken":0.0,"cards_obtained":["Escape Plan"]}],"is_beta":false,"boss_relics":[{"not_picked":["testmod-Fanaticism","Ectoplasm"],"picked":"Cursed Key"},{"not_picked":[]}],"items_purged_floors":[12,17,28],"is_endless":false,"potions_floor_spawned":[1,6,10,11,16,23,25],"killed_by":"Collector","ascension_level":14}}