{"host":"2lvuisjyit3p3u01","time":1611507671,"event":{"mods":["Act Like it!","BaseMod","Bestiary","Better Synergies","CapriCore","Colored Map","Colored Powertips","Ekko","Evolution","Fox Events","GifTheSpireLib","Minty Spire (QoL Compilation)","Quick Restart","Replay The Spire","StSLib"],"gold_per_floor":[111,121,121,136,61,61,81,59,59,59,70,23,33,68,68,164,164,177,177,32,82,95,105,105,115,115,149,149,149],"floor_reached":28,"language":"ENG","playtime":1501,"items_purged":["ekkoTheBoyWhoShatteredTime:Defend"],"score":290,"play_id":"749a9f10-ff30-43b4-bd40-94e4d2caf3f2","local_time":"20210124190111","is_ascension_mode":false,"campfire_choices":[{"data":"ekkoTheBoyWhoShatteredTime:Powered","floor":6,"key":"SMITH"},{"data":"ekkoTheBoyWhoShatteredTime:NashorsTooth","floor":10,"key":"SMITH"},{"floor":15,"key":"DIG"},{"floor":24,"key":"REST"}],"circlet_count":0,"master_deck":["ekkoTheBoyWhoShatteredTime:Strike","ekkoTheBoyWhoShatteredTime:Strike","ekkoTheBoyWhoShatteredTime:Strike","ekkoTheBoyWhoShatteredTime:Strike","ekkoTheBoyWhoShatteredTime:Strike","ekkoTheBoyWhoShatteredTime:Defend","ekkoTheBoyWhoShatteredTime:TimeMaster","ekkoTheBoyWhoShatteredTime:Powered+1","ekkoTheBoyWhoShatteredTime:NaggingBlow","ekkoTheBoyWhoShatteredTime:FeelIt","ekkoTheBoyWhoShatteredTime:WideSlice","ekkoTheBoyWhoShatteredTime:Unchained","ekkoTheBoyWhoShatteredTime:NashorsTooth+1","ekkoTheBoyWhoShatteredTime:NeedlesslyLargeRod","ekkoTheBoyWhoShatteredTime:NeedlesslyLargeRod","ekkoTheBoyWhoShatteredTime:HauntingGuise","ekkoTheBoyWhoShatteredTime:Backtrack","ekkoTheBoyWhoShatteredTime:GuinsoosRageblade","ekkoTheBoyWhoShatteredTime:Leap+1","ekkoTheBoyWhoShatteredTime:NaggingBlow"],"relics":["ekkoTheBoyWhoShatteredTime:zDriveResonance","EVO:Axolotl","TungstenRod","Replay:PocketPolymizer","White Beast Statue","Empty Cage","Happy Flower","Replay:Bottled Flurry","Gambling Chip","Toy Ornithopter"],"acts_visited":["Exordium","TheCity"],"potions_floor_usage":[11,14,14,25,27,27],"damage_taken":[{"damage":12,"enemies":"Small Slimes","floor":1,"turns":3},{"damage":0,"enemies":"Cultist","floor":2,"turns":2},{"damage":5,"enemies":"Jaw Worm","floor":4,"turns":2},{"damage":2,"enemies":"3 Louse","floor":7,"turns":3},{"damage":0,"enemies":"Large Slime","floor":11,"turns":3},{"damage":1,"enemies":"Exordium Thugs","floor":13,"turns":3},{"damage":8,"enemies":"Lagavulin","floor":14,"turns":3},{"damage":0,"enemies":"Slime Boss","floor":16,"turns":6},{"damage":13,"enemies":"Chosen","floor":18,"turns":6},{"damage":5,"enemies":"Spheric Guardian","floor":22,"turns":3},{"damage":7,"enemies":"Snecko","floor":23,"turns":4},{"damage":38,"enemies":"Snake Plant","floor":25,"turns":5},{"damage":9,"enemies":"Replay:Snechameleon","floor":27,"turns":4},{"damage":0,"enemies":"3 Cultists","floor":28,"turns":2}],"seed_played":"5191613406962766671","potions_obtained":[{"floor":2,"key":"BlessingOfTheForge"},{"floor":11,"key":"AttackPotion"},{"floor":13,"key":"Dexterity Potion"},{"floor":16,"key":"Elixir"},{"floor":18,"key":"PowerPotion"},{"floor":22,"key":"Regen Potion"},{"floor":23,"key":"PowerPotion"},{"floor":25,"key":"SteroidPotion"},{"floor":27,"key":"Milkshake"}],"is_trial":false,"path_per_floor":["M","M","?","M","$","R","M","$","T","R","M","$","M","E","R_BF","B",null,"M","?","$","?","M","M","R","M","T","E","M"],"character_chosen":"EKKO_THE_BOY_WHO_SHATTERED_TIME","items_purchased":["ekkoTheBoyWhoShatteredTime:NeedlesslyLargeRod","ekkoTheBoyWhoShatteredTime:NeedlesslyLargeRod","Happy Flower"],"campfire_rested":1,"item_purchase_floors":[8,12,20],"current_hp_per_floor":[66,66,66,61,61,61,59,59,59,59,59,59,58,50,50,50,78,65,65,65,35,30,23,46,13,13,4,4,4],"gold":149,"neow_bonus":"THREE_CARDS","is_daily":false,"chose_seed":false,"campfire_upgraded":2,"win_rate":0.0,"timestamp":1611507671,"path_taken":["M","M","?","M","$","R","M","$","T","R","M","?","?","E","R_BF","BOSS","M","?","$","?","M","M","R","M","T","E","?"],"items_purchased_type":["Card","Card","Relic"],"build_version":"2020-12-22","purchased_purges":1,"victory":false,"max_hp_per_floor":[78,78,78,78,78,78,78,78,78,78,78,78,78,78,78,78,78,78,78,78,78,78,78,78,78,78,78,78,78],"card_choices":[{"not_picked":["ekkoTheBoyWhoShatteredTime:CommittedStrike","ekkoTheBoyWhoShatteredTime:AfterimageTease"],"picked":"ekkoTheBoyWhoShatteredTime:NaggingBlow","floor":0.0},{"not_picked":["ekkoTheBoyWhoShatteredTime:Confident","ekkoTheBoyWhoShatteredTime:SneakHit"],"picked":"ekkoTheBoyWhoShatteredTime:FeelIt","floor":1},{"not_picked":["ekkoTheBoyWhoShatteredTime:AfterimageTease","ekkoTheBoyWhoShatteredTime:CalmingWaves"],"picked":"ekkoTheBoyWhoShatteredTime:WideSlice","floor":2},{"not_picked":["ekkoTheBoyWhoShatteredTime:HauntingGuise","ekkoTheBoyWhoShatteredTime:SneakHit"],"picked":"ekkoTheBoyWhoShatteredTime:Unchained","floor":4},{"not_picked":["ekkoTheBoyWhoShatteredTime:CommittedStrike","ekkoTheBoyWhoShatteredTime:SneakHit"],"picked":"ekkoTheBoyWhoShatteredTime:NashorsTooth","floor":7},{"not_picked":["ekkoTheBoyWhoShatteredTime:Confident","ekkoTheBoyWhoShatteredTime:HextechProtobelt","ekkoTheBoyWhoShatteredTime:WideSlice"],"picked":"SKIP","floor":11},{"not_picked":["ekkoTheBoyWhoShatteredTime:CommittedStrike","ekkoTheBoyWhoShatteredTime:Greed"],"picked":"ekkoTheBoyWhoShatteredTime:HauntingGuise","floor":13},{"not_picked":["ekkoTheBoyWhoShatteredTime:CatchUpTime","ekkoTheBoyWhoShatteredTime:PhaseDive"],"picked":"ekkoTheBoyWhoShatteredTime:Backtrack","floor":14},{"not_picked":["ekkoTheBoyWhoShatteredTime:Discharge","ekkoTheBoyWhoShatteredTime:Chronobreak"],"picked":"ekkoTheBoyWhoShatteredTime:GuinsoosRageblade","floor":16},{"not_picked":["ekkoTheBoyWhoShatteredTime:QuickBreak+1","ekkoTheBoyWhoShatteredTime:Dash","ekkoTheBoyWhoShatteredTime:AfterimageTease"],"picked":"SKIP","floor":18},{"not_picked":["ekkoTheBoyWhoShatteredTime:Timewinder","ekkoTheBoyWhoShatteredTime:FluidEnergy"],"picked":"ekkoTheBoyWhoShatteredTime:Leap+1","floor":21},{"not_picked":["ekkoTheBoyWhoShatteredTime:AfterimageHit","ekkoTheBoyWhoShatteredTime:Backtrack","ekkoTheBoyWhoShatteredTime:HauntedAfterimage"],"picked":"SKIP","floor":22},{"not_picked":["ekkoTheBoyWhoShatteredTime:AfterimageBait","ekkoTheBoyWhoShatteredTime:KneeNSwordCombo","ekkoTheBoyWhoShatteredTime:SneakHit"],"picked":"SKIP","floor":23},{"not_picked":["ekkoTheBoyWhoShatteredTime:CommittedStrike","ekkoTheBoyWhoShatteredTime:Vibin","ekkoTheBoyWhoShatteredTime:LoadUp"],"picked":"SKIP","floor":25},{"not_picked":["ekkoTheBoyWhoShatteredTime:Confident","ekkoTheBoyWhoShatteredTime:AfterimageTease+1"],"picked":"ekkoTheBoyWhoShatteredTime:NaggingBlow","floor":27}],"player_experience":208326,"relics_obtained":[{"floor":9,"key":"TungstenRod"},{"floor":14,"key":"Replay:PocketPolymizer"},{"floor":15,"key":"White Beast Statue"},{"floor":21,"key":"Replay:Bottled Flurry"},{"floor":26,"key":"Gambling Chip"},{"floor":27,"key":"Toy Ornithopter"}],"event_choices":[{"damage_healed":0,"gold_gain":0,"player_choice":"Bought 0 Potions","damage_taken":0,"max_hp_gain":0,"max_hp_loss":0,"event_name":"The Woman in Blue","floor":3,"gold_loss":0}],"is_beta":false,"boss_relics":[{"not_picked":["Runic Dome","ChewingGum"],"picked":"Empty Cage"}],"items_purged_floors":[5],"is_endless":false,"potions_floor_spawned":[2,11,13,16,18,22,23,25,27],"killed_by":"3 Cultists","ascension_level":0}}