{"host":"2q4w55ev63ot6isg","time":1611473955,"event":{"mods":["Aspiration","BaseMod","Downfall","Hubris","Marisa????????","Minty Spire (QoL Compilation)","Replay The Spire","StSLib","The Cursed","The Jungle","The Servant 0.9.4"],"gold_per_floor":[117,117,133,52,64,94,94,94,174,187,230,10,33,33,33,154,154,179,229,1,21,34,69,82,82,82,82,96,140,115,165,165],"floor_reached":31,"language":"ENG","playtime":1371,"items_purged":["Strike_B"],"score":357,"play_id":"56b3a600-d758-41b6-a626-6cfeafd93cc3","local_time":"20210123233915","is_ascension_mode":true,"campfire_choices":[{"data":"Bandage Up","floor":7,"key":"SMITH"},{"floor":15,"key":"REST"},{"floor":25,"key":"REST"},{"floor":27,"key":"RECALL"}],"circlet_count":0,"master_deck":["Strike_B","Strike_B","Defend_B","Defend_B","Defend_B","Defend_B+1","Zap","Dualcast","Coolheaded+1","ReplaySort","Bandage Up+1","Conserve Battery","Storm","Defragment+1","Streamline","hubris:DoWhile+1","Fusion+1","BasicCrystalCard+1"],"relics":["Philosopher\u0027s Stone","hubris:Zylophone","Golden Idol","hubris:RGBLights","Golden Egg","Replay:Rubber Ducky","SsserpentHead","Nuclear Battery","Membership Card","aspiration:Lifesprig","Iron Hammer","Garlic","hubris:ToyBattleship"],"acts_visited":["Exordium","TheCity"],"potions_floor_usage":[11,11,11,29,29,31],"damage_taken":[{"damage":3,"enemies":"Jaw Worm","floor":1,"turns":4},{"damage":0,"enemies":"Small Slimes","floor":3,"turns":3},{"damage":0,"enemies":"Cultist","floor":5,"turns":4},{"damage":36,"enemies":"3 Sentries","floor":6,"turns":11},{"damage":7,"enemies":"3 Louse","floor":10,"turns":6},{"damage":16,"enemies":"Gremlin Nob","floor":11,"turns":4},{"damage":16,"enemies":"Red Slaver","floor":13,"turns":5},{"damage":37,"enemies":"Slime Boss","floor":16,"turns":11},{"damage":11,"enemies":"Chosen","floor":18,"turns":3},{"damage":6,"enemies":"Shell Parasite","floor":21,"turns":8},{"damage":20,"enemies":"Snake Plant","floor":22,"turns":5},{"damage":56,"enemies":"Replay:Snechameleon","floor":23,"turns":10},{"damage":24,"enemies":"Snecko","floor":24,"turns":6},{"damage":7,"enemies":"Centurion and Healer","floor":28,"turns":4},{"damage":39,"enemies":"Gremlin Leader","floor":29,"turns":8},{"damage":0,"enemies":"Colosseum Slavers","floor":31,"turns":4},{"damage":73,"enemies":"Colosseum Nobs","floor":31,"turns":4}],"seed_played":"5057389930031883398","potions_obtained":[{"floor":1,"key":"Languid Potion"},{"floor":3,"key":"FocusPotion"},{"floor":10,"key":"GamblersBrew"},{"floor":11,"key":"SteroidPotion"},{"floor":21,"key":"EssenceOfDarkness"},{"floor":28,"key":"Block Potion"},{"floor":29,"key":"Toxic Potion"}],"is_trial":false,"path_per_floor":["M","?","M","$","M","E","R","?","T","M","E","$","M","?","R","B",null,"M","?","$","M","M","E","M","R","T","R","M","E","?","?"],"character_chosen":"DEFECT","items_purchased":["Bandage Up","Replay:Rubber Ducky","Membership Card","aspiration:Lifesprig"],"campfire_rested":2,"item_purchase_floors":[4,12,20,20],"current_hp_per_floor":[72,57,57,57,61,29,29,29,29,34,30,30,32,32,52,33,69,58,58,58,52,44,18,24,44,44,44,61,22,22,0,0],"gold":165,"neow_bonus":"BOSS_RELIC","is_daily":false,"chose_seed":false,"campfire_upgraded":1,"win_rate":0.0,"timestamp":1611473955,"path_taken":["M","?","M","?","M","E","R","?","T","?","E","$","?","?","R","BOSS","M","?","$","M","M","E","M","R","T","R","M","E","?","?"],"items_purchased_type":["Card","Relic","Relic","Relic"],"build_version":"2020-12-22","purchased_purges":1,"victory":false,"max_hp_per_floor":[75,75,75,75,75,75,75,69,69,69,69,69,69,69,69,69,69,69,69,69,69,69,69,69,69,69,69,69,69,69,69,69],"card_choices":[{"not_picked":["ReplaySort","Redo"],"picked":"Coolheaded","floor":1},{"not_picked":["Turbo","Barrage"],"picked":"ReplaySort","floor":3},{"not_picked":["Heatsinks","Consume"],"picked":"Conserve Battery","floor":5},{"not_picked":["Melter","ReplayTheSpireMod:Repulse"],"picked":"Storm","floor":6},{"not_picked":["Leap","Rip and Tear"],"picked":"Defragment","floor":10},{"not_picked":["Ball Lightning","Chill"],"picked":"Streamline","floor":11},{"not_picked":["Hologram","Recycle","Turbo"],"picked":"SKIP","floor":13},{"not_picked":["Biased Cognition","ReplayRNGCard"],"picked":"hubris:DoWhile","floor":16},{"not_picked":["Redo","Rip and Tear+1"],"picked":"Fusion+1","floor":18},{"not_picked":["Consume","Panic Button"],"picked":"BasicCrystalCard+1","floor":21},{"not_picked":["Loop","Rip and Tear","Lockon"],"picked":"SKIP","floor":22},{"not_picked":["Barrage+1","Chill","Hologram"],"picked":"SKIP","floor":23},{"not_picked":["Cold Snap","Blizzard+1","ReplayRNGCard"],"picked":"SKIP","floor":24},{"not_picked":["Turbo","Stack","Ball Lightning"],"picked":"SKIP","floor":28},{"not_picked":["FIFO Queue","Defragment","Cold Snap"],"picked":"SKIP","floor":29}],"player_experience":157550,"relics_obtained":[{"floor":6,"key":"hubris:Zylophone"},{"floor":9,"key":"hubris:RGBLights"},{"floor":11,"key":"Golden Egg"},{"floor":23,"key":"Iron Hammer"},{"floor":26,"key":"Garlic"},{"floor":29,"key":"hubris:ToyBattleship"}],"event_choices":[{"damage_healed":0,"gold_gain":0,"player_choice":"Entered Light","damage_taken":15,"max_hp_gain":0,"max_hp_loss":0,"event_name":"Shining Light","floor":2,"gold_loss":0,"cards_upgraded":["Coolheaded","Defend_B"]},{"damage_healed":0,"gold_gain":0,"player_choice":"Lose Max HP","damage_taken":0,"relics_obtained":["Golden Idol"],"max_hp_gain":0,"max_hp_loss":6,"event_name":"Golden Idol","floor":8,"gold_loss":0},{"damage_healed":0,"gold_gain":0,"player_choice":"Trade","damage_taken":0,"relics_obtained":["SsserpentHead"],"max_hp_gain":0,"max_hp_loss":0,"event_name":"FaceTrader","floor":14,"gold_loss":0},{"cards_removed":["Strike_B"],"damage_healed":0,"gold_gain":0,"player_choice":"Gave Gold","damage_taken":0,"max_hp_gain":0,"max_hp_loss":0,"event_name":"Beggar","floor":30,"gold_loss":75},{"damage_healed":0,"gold_gain":0,"player_choice":"Fight","damage_taken":0,"max_hp_gain":0,"max_hp_loss":0,"event_name":"Colosseum","floor":31,"gold_loss":0},{"damage_healed":0,"gold_gain":0,"player_choice":"Fought Nobs","damage_taken":0,"max_hp_gain":0,"max_hp_loss":0,"event_name":"Colosseum","floor":31,"gold_loss":0}],"is_beta":false,"boss_relics":[{"not_picked":["aspiration:PoetsPen_weak","Cursed Key"],"picked":"Nuclear Battery"}],"items_purged_floors":[12],"is_endless":false,"potions_floor_spawned":[1,3,10,11,21,28,29],"killed_by":"Colosseum Nobs","ascension_level":3}}