{"host":"snn1c4qsf0fj7fzf","time":1611464212,"event":{"mods":["AchievementEnabler","Aspiration","Astrologer","BaseMod","Colored Powertips","Downfall","Hermit","Hubris","Infinite Spire","Lobotomy","LobotomyExtend","Marisa????????","Minty Spire (QoL Compilation)","Random Character Button","Rare Cards Sparkle","Reimu??????","Replay The Spire","Shop Mod","Spire Arcade","StSLib","The Administrix","The Animator","The Cursed","The Gatherer","The Hierophant","The Marked","The Poker Player","The Runesmith"],"gold_per_floor":[99,9,23,23,23,23,46,40,38,38,45,10,10,34,34,34,34,34],"floor_reached":16,"language":"ENG","playtime":868,"items_purged":["bronze:Strike"],"score":106,"play_id":"172723e3-1053-404b-9c53-de3bf14487d5","local_time":"20210124125652","is_ascension_mode":false,"campfire_choices":[{"floor":1,"key":"RECALL"},{"data":"bronze:BuggyMess","floor":10,"key":"SMITH"},{"data":"bronze:Virus","floor":13,"key":"SMITH"}],"circlet_count":0,"master_deck":["bronze:Strike","bronze:Strike","bronze:Strike","bronze:Defend","bronze:Defend","bronze:Defend","bronze:Defend","bronze:Replicate","bronze:Goto","bronze:Invalidate","bronze:DelayedSlice","bronze:BuggyMess+1","bronze:FineTuning","bronze:Optimize","bronze:Virus+1","Pot Of Greed","Pot Of Greed","bronze:Shell"],"relics":["bronze:BronzeCore","LetterFromLob","YidongShenshe:ReiMu","Kunai","Grinning Jar","Gaze_r","MagicBullet_r"],"acts_visited":["Exordium"],"potions_floor_usage":[14,16,16],"damage_taken":[{"damage":5,"enemies":"downfall:FleeingMerchant","floor":2,"turns":4},{"damage":0,"enemies":"Cultist","floor":3,"turns":3},{"damage":6,"enemies":"Jaw Worm","floor":8,"turns":3},{"damage":0,"enemies":"2 Louse","floor":9,"turns":3},{"damage":44,"enemies":"Lagavulin","floor":11,"turns":8},{"damage":14,"enemies":"downfall:FleeingMerchant","floor":12,"turns":4},{"damage":2,"enemies":"Gremlin Nob","floor":14,"turns":3},{"damage":23,"enemies":"Lots of Slimes","floor":15,"turns":4},{"damage":77,"enemies":"SI_SHIV_ARCHETYPE","floor":16,"turns":3}],"seed_played":"-5613536319373936398","potions_obtained":[{"floor":3,"key":"Dexterity Potion"},{"floor":9,"key":"ColorlessPotion"},{"floor":11,"key":"hexamod:SoulburnPotion"}],"is_trial":false,"path_per_floor":["R","$","M","?","?","?","T","M","M","R","E","$","R","E","M","B"],"character_chosen":"THE_AUTOMATON","items_purchased":[],"campfire_rested":0,"item_purchase_floors":[],"current_hp_per_floor":[77,72,72,77,77,77,77,71,71,71,27,13,13,11,77,0,0,0],"gold":34,"neow_bonus":"TEN_PERCENT_HP_BONUS","is_daily":false,"chose_seed":false,"campfire_upgraded":2,"win_rate":0.0,"timestamp":1611464212,"path_taken":["R","$","M","?","?","?","T","M","M","R","E","$","R","E","M","BOSS"],"items_purchased_type":[],"build_version":"2020-12-22","purchased_purges":1,"victory":false,"max_hp_per_floor":[77,77,77,77,77,77,77,77,77,77,77,77,77,77,77,77,77,77],"card_choices":[{"not_picked":["bronze:Turbo","bronze:Frontload"],"picked":"bronze:Invalidate","floor":2},{"not_picked":["bronze:ClassDefault","bronze:Deprecate"],"picked":"bronze:DelayedSlice","floor":3},{"not_picked":["bronze:ForceShield","bronze:WhirlingStrike"],"picked":"bronze:BuggyMess","floor":8},{"not_picked":["bronze:OilSpill","bronze:WildBeam"],"picked":"bronze:FineTuning","floor":9},{"not_picked":["bronze:CloningBeam","bronze:Backtrace"],"picked":"bronze:Optimize","floor":11},{"not_picked":["bronze:DelayedGuard","bronze:Safeguard"],"picked":"bronze:Virus","floor":12},{"not_picked":["bronze:OilSpill","bronze:BuggyMess"],"picked":"bronze:Shell","floor":14}],"player_experience":285553,"relics_obtained":[{"floor":3,"key":"LetterFromLob"},{"floor":11,"key":"Kunai"},{"floor":14,"key":"Grinning Jar"}],"event_choices":[{"damage_healed":0,"gold_gain":0,"player_choice":"Take Tiny Shrine away","damage_taken":0,"relics_obtained":["YidongShenshe:ReiMu"],"max_hp_gain":0,"max_hp_loss":0,"event_name":"yidonshenshe","floor":5,"gold_loss":0,"cards_obtained":["Poor:ReiMu"]}],"is_beta":false,"boss_relics":[],"items_purged_floors":[2],"is_endless":false,"potions_floor_spawned":[3,9,11,15],"killed_by":"SI_SHIV_ARCHETYPE","ascension_level":0}}