{"host":"h8dlanc0me325zs6","time":1611496587,"event":{"mods":["AchievementEnabler","BaseMod","Colored Powertips","Highlight Path","Minty Spire (QoL Compilation)"],"gold_per_floor":[117,185,185,196,371,371,152,152,152,165,165,184,211,26,26,124,124,139,152,152,152,152],"floor_reached":21,"language":"ENG","playtime":1125,"items_purged":["Doubt"],"score":221,"play_id":"e33b2007-b0b2-46cc-9bf7-73582e3e4ea1","local_time":"20210124145627","is_ascension_mode":true,"campfire_choices":[{"floor":6,"key":"RECALL"},{"data":"Clothesline","floor":8,"key":"SMITH"},{"data":"Barricade","floor":15,"key":"SMITH"}],"circlet_count":0,"master_deck":["Strike_R","Strike_R","Strike_R","Strike_R","Strike_R","Defend_R","Defend_R","Defend_R","Bash","Clothesline+1","Dropkick","Entrench","Entrench","Battle Trance","Barricade+1","Body Slam","Demon Form","Pummel","Flex+1"],"relics":["Burning Blood","NeowsBlessing","HandDrill","Ginger","Letter Opener","Fusion Hammer"],"acts_visited":["Exordium","TheCity"],"potions_floor_usage":[13,16],"damage_taken":[{"damage":0,"enemies":"2 Louse","floor":1,"turns":1},{"damage":0,"enemies":"Jaw Worm","floor":4,"turns":1},{"damage":0,"enemies":"Cultist","floor":10,"turns":1},{"damage":7,"enemies":"2 Fungi Beasts","floor":12,"turns":4},{"damage":45,"enemies":"Lagavulin","floor":13,"turns":9},{"damage":28,"enemies":"Slime Boss","floor":16,"turns":13},{"damage":43,"enemies":"Spheric Guardian","floor":18,"turns":6},{"damage":21,"enemies":"Chosen","floor":19,"turns":5},{"damage":0,"enemies":"Snecko","floor":21,"turns":3}],"seed_played":"-7685584678546490802","potions_obtained":[{"floor":12,"key":"SpeedPotion"},{"floor":13,"key":"PowerPotion"}],"is_trial":false,"path_per_floor":["M","?","?","M","?","R","$","R","T","M","?","M","E","$","R","B",null,"M","M","?","M"],"character_chosen":"IRONCLAD","items_purchased":["HandDrill","Barricade","Body Slam"],"campfire_rested":0,"item_purchase_floors":[7,14,14],"current_hp_per_floor":[80,80,80,80,80,80,80,80,80,80,80,79,40,40,40,18,65,28,13,5,5,5],"gold":152,"neow_bonus":"THREE_ENEMY_KILL","is_daily":false,"chose_seed":false,"campfire_upgraded":2,"win_rate":0.0,"timestamp":1611496587,"path_taken":["M","?","?","?","?","R","$","R","T","M","?","?","E","$","R","BOSS","M","M","?","?"],"items_purchased_type":["Relic","Card","Card"],"build_version":"2020-12-22","purchased_purges":1,"victory":false,"max_hp_per_floor":[80,80,80,80,80,80,80,80,80,80,80,80,80,80,80,80,80,80,80,80,80,80],"card_choices":[{"not_picked":["Havoc","Wild Strike"],"picked":"Clothesline","floor":1},{"not_picked":["Twin Strike","Rampage"],"picked":"Dropkick","floor":4},{"not_picked":["Anger","Havoc","Feel No Pain"],"picked":"SKIP","floor":10},{"not_picked":["Shrug It Off","Havoc"],"picked":"Entrench","floor":12},{"not_picked":["Hemokinesis","Combust"],"picked":"Battle Trance","floor":13},{"not_picked":["Brutality","Reaper"],"picked":"Demon Form","floor":16},{"not_picked":["Evolve","Headbutt+1"],"picked":"Pummel","floor":18},{"not_picked":["Body Slam","Clash"],"picked":"Flex+1","floor":19}],"player_experience":307522,"relics_obtained":[{"floor":9,"key":"Ginger"},{"floor":13,"key":"Letter Opener"}],"event_choices":[{"damage_healed":0,"gold_gain":68,"player_choice":"Gained Gold","damage_taken":0,"max_hp_gain":0,"max_hp_loss":0,"event_name":"Golden Wing","floor":2,"gold_loss":0},{"damage_healed":0,"gold_gain":0,"player_choice":"Ignored","damage_taken":0,"max_hp_gain":0,"max_hp_loss":0,"event_name":"WeMeetAgain","floor":3,"gold_loss":0},{"damage_healed":0,"gold_gain":175,"player_choice":"AGREE","damage_taken":0,"max_hp_gain":0,"max_hp_loss":0,"event_name":"Liars Game","floor":5,"gold_loss":0,"cards_obtained":["Doubt"]},{"damage_healed":0,"gold_gain":0,"cards_transformed":["Defend_R"],"player_choice":"Transformed","damage_taken":0,"max_hp_gain":0,"max_hp_loss":0,"event_name":"Transmorgrifier","floor":11,"gold_loss":0,"cards_obtained":["Entrench"]},{"damage_healed":0,"gold_gain":0,"player_choice":"Damaged","damage_taken":8,"max_hp_gain":0,"max_hp_loss":0,"event_name":"Wheel of Change","floor":20,"gold_loss":0}],"is_beta":false,"boss_relics":[{"not_picked":["SlaversCollar","Velvet Choker"],"picked":"Fusion Hammer"}],"items_purged_floors":[7],"is_endless":false,"potions_floor_spawned":[12,13],"killed_by":"Snecko","ascension_level":5}}