{"host":"9n6i2vl93jt4o42q","time":1611489052,"event":{"mods":["BaseMod","Minty Spire (QoL Compilation)","Relic Stats"],"gold_per_floor":[109,126,126,140,150,150,182,182,182,182,201,229,245,309,309,380,380,399,77,87,87,105,137,137,168,195,139,150,150,165,190,190,190,190],"floor_reached":33,"language":"ENG","playtime":2790,"items_purged":["Defend_R"],"score":734,"play_id":"207a88b1-5b46-4ce3-8bad-e8fc67b28902","local_time":"20210124125052","is_ascension_mode":true,"campfire_choices":[{"data":"Dark Embrace","floor":6.0,"key":"SMITH"},{"data":"Anger","floor":8.0,"key":"SMITH"},{"data":"Infernal Blade","floor":15.0,"key":"SMITH"},{"data":"Exhume","floor":24,"key":"SMITH"},{"data":"True Grit","floor":32,"key":"SMITH"}],"circlet_count":0,"master_deck":["AscendersBane","Strike_R+1","Strike_R+1","Defend_R","Defend_R","Bash+1","Power Through","Dark Embrace+1","Anger+1","Intimidate","Offering","Pommel Strike","Disarm","Thunderclap","Infernal Blade+1","Exhume+1","Ghostly Armor+1","Double Tap+1","Wild Strike+1","Burning Pact","Ghostly Armor","Battle Trance","Infernal Blade+1","Metallicize+1","Intimidate","True Grit+1","Calculated Gamble","Deflect"],"relics":["Burning Blood","InkBottle","Ornamental Fan","Meat on the Bone","Whetstone","Astrolabe","PrismaticShard","Centennial Puzzle","Red Skull","Blood Vial","White Beast Statue"],"acts_visited":["Exordium","TheCity"],"potions_floor_usage":[23,33],"damage_taken":[{"damage":5.0,"enemies":"2 Louse","floor":1.0,"turns":3.0},{"damage":1.0,"enemies":"Cultist","floor":2.0,"turns":4.0},{"damage":8.0,"enemies":"Small Slimes","floor":4.0,"turns":5.0},{"damage":11.0,"enemies":"Blue Slaver","floor":5.0,"turns":4.0},{"damage":35.0,"enemies":"3 Sentries","floor":7.0,"turns":11.0},{"damage":6.0,"enemies":"2 Fungi Beasts","floor":11.0,"turns":4.0},{"damage":12.0,"enemies":"Gremlin Nob","floor":12.0,"turns":3.0},{"damage":15.0,"enemies":"Gremlin Gang","floor":13.0,"turns":6.0},{"damage":26.0,"enemies":"Gremlin Nob","floor":14.0,"turns":4.0},{"damage":17.0,"enemies":"Slime Boss","floor":16.0,"turns":5.0},{"damage":6.0,"enemies":"3 Byrds","floor":18.0,"turns":4.0},{"damage":25.0,"enemies":"Spheric Guardian","floor":20.0,"turns":4.0},{"damage":3.0,"enemies":"Snake Plant","floor":22.0,"turns":5.0},{"damage":31,"enemies":"Slavers","floor":23,"turns":5},{"damage":6,"enemies":"Book of Stabbing","floor":25,"turns":4},{"damage":13,"enemies":"Centurion and Healer","floor":28,"turns":2},{"damage":8,"enemies":"Shelled Parasite and Fungi","floor":30,"turns":3},{"damage":14,"enemies":"Gremlin Leader","floor":31,"turns":5},{"damage":67,"enemies":"Collector","floor":33,"turns":9}],"seed_played":"397624677606636324","potions_obtained":[{"floor":1.0,"key":"ColorlessPotion"},{"floor":3.0,"key":"BlessingOfTheForge"},{"floor":5.0,"key":"Swift Potion"},{"floor":12.0,"key":"ElixirPotion"},{"floor":16.0,"key":"Ancient Potion"},{"floor":20.0,"key":"Regen Potion"},{"floor":25,"key":"AttackPotion"}],"is_trial":false,"path_per_floor":["M","M","?","M","M","R","E","R","T","?","M","E","M","?","R","B",null,"M","$","M","?","M","E","R","E","T","$","M","?","M","E","R","B"],"character_chosen":"IRONCLAD","items_purchased":["PrismaticShard","Ghostly Armor","True Grit"],"campfire_rested":0,"item_purchase_floors":[19,19,27],"current_hp_per_floor":[69,74,74,72,67,67,38,38,38,38,38,32,35,27,27,28,63,63,63,44,44,47,48,48,48,48,48,55,55,55,49,49,0,0],"gold":190,"neow_bonus":"UPGRADE_CARD","is_daily":false,"chose_seed":false,"campfire_upgraded":5,"win_rate":0.0,"timestamp":1611489052,"path_taken":["M","M","?","?","M","R","E","R","T","?","M","E","M","?","R","BOSS","M","$","M","?","?","E","R","E","T","?","M","?","M","E","R","BOSS"],"items_purchased_type":["Relic","Card","Card"],"build_version":"2020-12-22","purchased_purges":1,"victory":false,"max_hp_per_floor":[75,75,75,75,75,75,75,75,75,75,75,75,75,75,75,75,75,75,75,75,75,75,75,75,75,75,75,75,75,75,75,75,75,75],"relic_stats":{"Blood Vial":8,"Centennial Puzzle":[15],"counters":[19,90],"Ornamental Fan":[156],"Astrolabe":["Ghostly Armor","Double Tap","Wild Strike"],"Whetstone":["Strike_R","Strike_R"],"obtain_stats":[{"Blood Vial":26,"Centennial Puzzle":23,"Ornamental Fan":9,"Astrolabe":17,"Whetstone":14,"PrismaticShard":19,"Burning Blood":0,"InkBottle":7,"Red Skull":25,"White Beast Statue":31,"Meat on the Bone":12},{"Blood Vial":15,"Centennial Puzzle":14,"Ornamental Fan":5,"Astrolabe":10,"Whetstone":9,"PrismaticShard":11,"Burning Blood":0,"InkBottle":5,"Red Skull":15,"White Beast Statue":18,"Meat on the Bone":7},{"Blood Vial":71,"Centennial Puzzle":67,"Ornamental Fan":27,"Astrolabe":49,"Whetstone":44,"PrismaticShard":53,"Burning Blood":0,"InkBottle":27,"Red Skull":71,"White Beast Statue":81,"Meat on the Bone":34}],"Burning Blood":108,"InkBottle":[27],"Meat on the Bone":60},"card_choices":[{"not_picked":["Twin Strike","Warcry"],"picked":"Power Through","floor":1.0},{"not_picked":["Entrench","Sword Boomerang"],"picked":"Dark Embrace","floor":2.0},{"not_picked":["Twin Strike","Ghostly Armor"],"picked":"Anger","floor":4.0},{"not_picked":["Ghostly Armor","Shrug It Off"],"picked":"Intimidate","floor":5.0},{"not_picked":["Headbutt","Barricade","Dark Embrace"],"picked":"SKIP","floor":7.0},{"not_picked":["Iron Wave","Thunderclap"],"picked":"Pommel Strike","floor":11.0},{"not_picked":["Body Slam","Bloodletting"],"picked":"Disarm","floor":12.0},{"not_picked":["Reaper","Heavy Blade"],"picked":"Thunderclap","floor":13.0},{"not_picked":["Warcry","Heavy Blade"],"picked":"Infernal Blade","floor":14.0},{"not_picked":["Double Tap","Impervious"],"picked":"Exhume","floor":16.0},{"not_picked":["Dual Wield","Heavy Blade"],"picked":"Burning Pact","floor":18.0},{"not_picked":["Purity","Outmaneuver"],"picked":"Battle Trance","floor":20.0},{"not_picked":["Predator+1","Barrage"],"picked":"Metallicize+1","floor":22.0},{"not_picked":["All Out Attack","PathToVictory","Consume"],"picked":"SKIP","floor":23},{"not_picked":["All Out Attack","PathToVictory","Consume"],"picked":"SKIP","floor":23},{"not_picked":["FlurryOfBlows","Barrage"],"picked":"Intimidate","floor":25},{"not_picked":["Dual Wield","Iron Wave"],"picked":"Calculated Gamble","floor":28},{"not_picked":["Impatience","Prepared"],"picked":"Deflect","floor":30},{"not_picked":["Recycle","Ghostly Armor","Forethought"],"picked":"SKIP","floor":31}],"player_experience":2256132,"relics_obtained":[{"floor":7.0,"key":"InkBottle"},{"floor":9.0,"key":"Ornamental Fan"},{"floor":12.0,"key":"Meat on the Bone"},{"floor":14.0,"key":"Whetstone"},{"floor":23,"key":"Centennial Puzzle"},{"floor":25,"key":"Red Skull"},{"floor":26,"key":"Blood Vial"},{"floor":31,"key":"White Beast Statue"}],"event_choices":[{"damage_healed":0.0,"max_hp_gain":0.0,"max_hp_loss":0.0,"gold_gain":0.0,"event_name":"Lab","player_choice":"Got Potions","floor":3.0,"gold_loss":0.0,"damage_taken":0.0},{"damage_healed":0.0,"max_hp_gain":0.0,"max_hp_loss":0.0,"gold_gain":0.0,"cards_transformed":["Strike_R"],"event_name":"Living Wall","player_choice":"Change","floor":10.0,"gold_loss":0.0,"damage_taken":0.0,"cards_obtained":["Offering"]},{"damage_healed":0.0,"max_hp_gain":0.0,"max_hp_loss":0.0,"gold_gain":0.0,"event_name":"Dead Adventurer","player_choice":"Searched \u00271\u0027 times","floor":14.0,"gold_loss":0.0,"damage_taken":0.0},{"damage_healed":0.0,"max_hp_gain":0.0,"max_hp_loss":0.0,"gold_gain":0.0,"event_name":"Duplicator","player_choice":"Copied","floor":21.0,"gold_loss":0.0,"damage_taken":0.0,"cards_obtained":["Infernal Blade"]},{"damage_healed":0,"gold_gain":0,"player_choice":"Ignored","damage_taken":0,"max_hp_gain":0,"max_hp_loss":0,"event_name":"The Mausoleum","floor":29,"gold_loss":0}],"is_beta":false,"boss_relics":[{"not_picked":["Sozu","Philosopher\u0027s Stone"],"picked":"Astrolabe"}],"items_purged_floors":[19],"is_endless":false,"potions_floor_spawned":[1,5,7,12,14,16,20,22,25],"killed_by":"Collector","ascension_level":20}}