{"host":"edndssuekvzbh3is","time":1611520589,"event":{"mods":["BaseMod","Colored Map","Colored Powertips","Minty Spire (QoL Compilation)","SuperFastMode"],"gold_per_floor":[116,129,140,156,11,11,11,11,11,42,53,53,88,155,155,251,251,268,268,279,293,16,43,58,58,84,95,95,1,27,42,42,145,145,155,169,169,189,204,204,204,204],"floor_reached":41,"language":"ENG","playtime":1866,"items_purged":[],"score":537,"play_id":"286ee629-45cf-450a-b5bb-71509f92196a","local_time":"20210124153629","is_ascension_mode":true,"campfire_choices":[{"data":"Grand Finale","floor":6,"key":"SMITH"},{"data":"Blur","floor":8,"key":"SMITH"},{"data":"Blade Dance","floor":12,"key":"SMITH"},{"floor":15,"key":"REST"},{"data":"Deflect","floor":25,"key":"SMITH"},{"floor":32,"key":"REST"},{"data":"Adrenaline","floor":40,"key":"SMITH"}],"circlet_count":0,"master_deck":["Survivor","Neutralize","Accuracy","Blur+1","Poisoned Stab","All Out Attack","Calculated Gamble","Blade Dance+1","Corpse Explosion","Poisoned Stab","Venomology","Quick Slash","Bane","Footwork+1","Backstab","Acrobatics","Heel Hook","Dagger Throw","Prepared","Die Die Die","Blur","Deflect+1","Backflip+1","Blade Dance","Well Laid Plans","Footwork","Leg Sweep","Adrenaline+1","Accuracy","Backflip","Noxious Fumes","Dodge and Roll","PiercingWail+1","Envenom","PiercingWail+1","Terror+1","Cloak And Dagger+1","Blade Dance+1","Concentrate+1","Parasite","Outmaneuver","Footwork"],"relics":["Ring of the Serpent","Akabeko","Bird Faced Urn","Singing Bowl","HornCleat","Dream Catcher","Pandora\u0027s Box","Strange Spoon","Prayer Wheel","Pen Nib","Bag of Marbles"],"acts_visited":["Exordium","TheCity","TheBeyond"],"potions_floor_usage":[10,10,18,21,23,23,23,30,33,33,33,38,38,38,41],"damage_taken":[{"damage":0,"enemies":"Small Slimes","floor":1,"turns":3},{"damage":8,"enemies":"Jaw Worm","floor":2,"turns":6},{"damage":0,"enemies":"Cultist","floor":3,"turns":3},{"damage":9,"enemies":"Looter","floor":4,"turns":3},{"damage":16,"enemies":"Lagavulin","floor":10,"turns":4},{"damage":0,"enemies":"2 Fungi Beasts","floor":11,"turns":3},{"damage":17,"enemies":"3 Sentries","floor":13,"turns":7},{"damage":14,"enemies":"Hexaghost","floor":16,"turns":11},{"damage":3,"enemies":"Shell Parasite","floor":18,"turns":4},{"damage":28,"enemies":"Spheric Guardian","floor":20,"turns":6},{"damage":0,"enemies":"3 Cultists","floor":21,"turns":4},{"damage":1,"enemies":"Slavers","floor":23,"turns":4},{"damage":21,"enemies":"Shelled Parasite and Fungi","floor":24,"turns":3},{"damage":9,"enemies":"Centurion and Healer","floor":27,"turns":4},{"damage":13,"enemies":"Book of Stabbing","floor":30,"turns":4},{"damage":28,"enemies":"Snake Plant","floor":31,"turns":5},{"damage":35,"enemies":"Collector","floor":33,"turns":10},{"damage":22,"enemies":"3 Darklings","floor":35,"turns":3},{"damage":14,"enemies":"3 Shapes","floor":36,"turns":3},{"damage":11,"enemies":"3 Darklings","floor":38,"turns":3},{"damage":19,"enemies":"Writhing Mass","floor":39,"turns":7},{"damage":48,"enemies":"Giant Head","floor":41,"turns":5}],"seed_played":"-9047570500521443929","potions_obtained":[{"floor":1,"key":"AttackPotion"},{"floor":3,"key":"EssenceOfSteel"},{"floor":16,"key":"GamblersBrew"},{"floor":18,"key":"Strength Potion"},{"floor":23,"key":"Fire Potion"},{"floor":27,"key":"Energy Potion"},{"floor":31,"key":"Weak Potion"},{"floor":35,"key":"Explosive Potion"},{"floor":36,"key":"GamblersBrew"},{"floor":38,"key":"FearPotion"}],"is_trial":false,"path_per_floor":["M","M","M","M","$","R","?","R","T","E","M","R","E","?","R","B",null,"M","?","M","M","$","E","M","R","T","M","?","$","E","M","R","B",null,"M","M","?","M","M","R","E"],"character_chosen":"THE_SILENT","items_purchased":["Grand Finale","Strange Spoon","Well Laid Plans","Block Potion","Backflip","Noxious Fumes"],"campfire_rested":2,"item_purchase_floors":[5,22,22,22,29,29],"current_hp_per_floor":[70,62,62,53,53,53,50,50,50,34,34,34,19,19,40,28,70,67,67,42,42,42,49,32,32,32,27,51,51,46,30,54,31,76,54,44,44,39,30,30,0,0],"gold":204,"neow_bonus":"RANDOM_COMMON_RELIC","is_daily":false,"chose_seed":false,"campfire_upgraded":5,"win_rate":0.0,"timestamp":1611520589,"path_taken":["M","M","M","M","$","R","?","R","T","E","M","R","E","?","R","BOSS","M","?","M","M","?","E","M","R","T","M","?","$","E","M","R","BOSS","M","M","?","?","?","R","E"],"items_purchased_type":["Card","Relic","Card","Potion","Card","Card"],"build_version":"2020-12-22","purchased_purges":0,"victory":false,"max_hp_per_floor":[70,70,70,70,70,70,70,70,70,70,70,70,70,70,70,70,70,70,70,70,70,70,72,72,72,72,72,72,72,72,74,76,76,76,76,76,76,78,78,78,78,78],"card_choices":[{"not_picked":["Underhanded Strike","Heel Hook"],"picked":"Accuracy","floor":1},{"not_picked":["Outmaneuver","Dagger Throw"],"picked":"Blur","floor":2},{"not_picked":["Eviscerate","Dodge and Roll"],"picked":"Poisoned Stab","floor":3},{"not_picked":["Underhanded Strike","Backflip"],"picked":"All Out Attack","floor":4},{"not_picked":["Tools of the Trade","Flying Knee"],"picked":"Calculated Gamble","floor":10},{"not_picked":["Caltrops","Bane"],"picked":"Blade Dance","floor":11},{"not_picked":["Backflip","Poisoned Stab"],"picked":"Corpse Explosion","floor":13},{"not_picked":["Expertise","Acrobatics"],"picked":"Poisoned Stab","floor":15},{"not_picked":["Night Terror","Unload"],"picked":"Venomology","floor":16},{"not_picked":["Reflex","Choke"],"picked":"Deflect","floor":18},{"not_picked":["Setup","Quick Slash"],"picked":"Backflip+1","floor":20},{"not_picked":["Blur","Sucker Punch+1"],"picked":"Blade Dance","floor":21},{"not_picked":["Masterful Stab","Dagger Spray","Dodge and Roll"],"picked":"Singing Bowl","floor":23},{"not_picked":["Skewer","Outmaneuver+1"],"picked":"Footwork","floor":24},{"not_picked":["Bane","Slice+1"],"picked":"Leg Sweep","floor":24},{"not_picked":["Dagger Throw","Acrobatics"],"picked":"Adrenaline","floor":27},{"not_picked":["Quick Slash","Escape Plan+1"],"picked":"Accuracy","floor":27},{"not_picked":["Prepared","Expertise"],"picked":"Dodge and Roll","floor":30},{"not_picked":["Slice","Calculated Gamble","Die Die Die"],"picked":"Singing Bowl","floor":31},{"not_picked":["Slice+1","Endless Agony+1"],"picked":"PiercingWail+1","floor":31},{"not_picked":["Tactician","Quick Slash","Noxious Fumes"],"picked":"Singing Bowl","floor":32},{"not_picked":["Storm of Steel","Adrenaline"],"picked":"Envenom","floor":33},{"not_picked":["Dagger Spray+1","Bouncing Flask+1"],"picked":"PiercingWail+1","floor":35},{"not_picked":["Bouncing Flask+1","Setup"],"picked":"Terror+1","floor":35},{"not_picked":["Catalyst+1","Backflip"],"picked":"Cloak And Dagger+1","floor":36},{"not_picked":["Acrobatics+1","Dagger Spray"],"picked":"Blade Dance+1","floor":36},{"not_picked":["Cloak And Dagger","Skewer+1"],"picked":"Concentrate+1","floor":38},{"not_picked":["Backflip+1","Blade Dance","Reflex"],"picked":"Singing Bowl","floor":38},{"not_picked":["Dagger Throw+1","Quick Slash"],"picked":"Outmaneuver","floor":39},{"not_picked":["Heel Hook","Noxious Fumes"],"picked":"Footwork","floor":39}],"player_experience":326666,"relics_obtained":[{"floor":9,"key":"Singing Bowl"},{"floor":10,"key":"HornCleat"},{"floor":13,"key":"Dream Catcher"},{"floor":23,"key":"Prayer Wheel"},{"floor":26,"key":"Pen Nib"},{"floor":30,"key":"Bag of Marbles"}],"event_choices":[{"damage_healed":0,"gold_gain":0,"player_choice":"Success","damage_taken":3,"relics_obtained":["Bird Faced Urn"],"max_hp_gain":0,"max_hp_loss":0,"event_name":"Scrap Ooze","floor":7,"gold_loss":0},{"damage_healed":0,"gold_gain":67,"player_choice":"Gained Gold","damage_taken":0,"max_hp_gain":0,"max_hp_loss":0,"event_name":"Golden Wing","floor":14,"gold_loss":0},{"damage_healed":0,"gold_gain":0,"player_choice":"Upgraded","damage_taken":0,"max_hp_gain":0,"max_hp_loss":0,"event_name":"Upgrade Shrine","floor":19,"gold_loss":0,"cards_upgraded":["Footwork"]},{"damage_healed":24,"gold_gain":0,"player_choice":"Heal","damage_taken":0,"max_hp_gain":0,"max_hp_loss":0,"event_name":"The Library","floor":28,"gold_loss":0},{"cards_removed":["Grand Finale"],"damage_healed":0,"gold_gain":0,"player_choice":"Purged","damage_taken":0,"max_hp_gain":0,"max_hp_loss":0,"event_name":"Purifier","floor":37,"gold_loss":0}],"is_beta":false,"boss_relics":[{"not_picked":["Snecko Eye","Tiny House"],"picked":"Pandora\u0027s Box"},{"not_picked":["Runic Pyramid","Busted Crown"],"picked":"Ring of the Serpent"}],"items_purged_floors":[],"is_endless":false,"potions_floor_spawned":[1,3,16,18,23,27,31,35,36,38],"killed_by":"Giant Head","ascension_level":3}}