{"host":"Bilverbakes","time":1611519376,"event":{"mods":["2.2 Compatiblity","AchievementEnabler","BaseMod","Bestiary","Colored Map","Minty Spire (QoL Compilation)","Relic Stats","StSLib","ojb\u0027s Info Mod"],"gold_per_floor":[110,185,185,203,203,203,236,236,236,265,275,24,24,34,34,113,113,128,128,146,158,208,208,234,234,234,109,144,144,144,159,159,159,159],"floor_reached":33,"language":"ENG","playtime":1115,"items_purged":["Injury"],"score":582,"play_id":"056ce36d-926e-4a19-ad71-f10aa72ae091","local_time":"20210124141616","is_ascension_mode":true,"campfire_choices":[{"data":"Rainbow","floor":6.0,"key":"SMITH"},{"floor":8.0,"key":"REST"},{"data":"Electrodynamics","floor":13.0,"key":"SMITH"},{"data":"Chill","floor":15.0,"key":"SMITH"},{"data":"Loop","floor":23.0,"key":"SMITH"},{"data":"Dualcast","floor":25.0,"key":"SMITH"},{"data":"Buffer","floor":29.0,"key":"SMITH"},{"floor":32.0,"key":"REST"}],"circlet_count":0,"master_deck":["AscendersBane","Strike_B","Strike_B","Strike_B","Defend_B","Defend_B+1","Zap+1","Dualcast+1","Rainbow+1","Electrodynamics+1","Ball Lightning","Genetic Algorithm+1","Chill+1","FTL","Leap","Hologram","Core Surge","All For One","Loop+1","Glacier","Coolheaded","Buffer+1","Seek"],"relics":["Cracked Core","Regal Pillow","Pantograph","Akabeko","War Paint","Cursed Key","Question Card","Mummified Hand","Ancient Tea Set"],"acts_visited":["Exordium","TheCity"],"potions_floor_usage":[33],"damage_taken":[{"damage":0.0,"enemies":"2 Louse","floor":1.0,"turns":1.0},{"damage":1.0,"enemies":"Cultist","floor":4.0,"turns":3.0},{"damage":10.0,"enemies":"3 Sentries","floor":7.0,"turns":2.0},{"damage":15.0,"enemies":"Lagavulin","floor":10.0,"turns":5.0},{"damage":0.0,"enemies":"Small Slimes","floor":11.0,"turns":2.0},{"damage":0.0,"enemies":"Gremlin Gang","floor":14.0,"turns":3.0},{"damage":44.0,"enemies":"The Guardian","floor":16.0,"turns":10.0},{"damage":0.0,"enemies":"2 Thieves","floor":18.0,"turns":2.0},{"damage":0.0,"enemies":"3 Byrds","floor":20.0,"turns":2.0},{"damage":0.0,"enemies":"Cultist and Chosen","floor":21.0,"turns":5.0},{"damage":25.0,"enemies":"Book of Stabbing","floor":24.0,"turns":5.0},{"damage":19.0,"enemies":"Slavers","floor":28.0,"turns":3.0},{"damage":0.0,"enemies":"Chosen and Byrds","floor":31.0,"turns":3.0},{"damage":85,"enemies":"Champ","floor":33,"turns":12}],"seed_played":"-977987730902705327","potions_obtained":[{"floor":1.0,"key":"SneckoOil"},{"floor":11.0,"key":"Energy Potion"},{"floor":19.0,"key":"PowerPotion"},{"floor":19.0,"key":"Weak Potion"},{"floor":31.0,"key":"FearPotion"}],"is_trial":false,"path_per_floor":["M","?","?","M","?","R","E","R","T","E","M","$","R","M","R","B",null,"M","?","M","M","?","R","E","R","T","$","E","R","$","M","R","B"],"character_chosen":"DEFECT","items_purchased":["War Paint","Core Surge","Coolheaded"],"campfire_rested":2,"item_purchase_floors":[12,12,27],"current_hp_per_floor":[46,35,35,34,34,34,24,60,60,45,45,45,45,45,45,26,60,60,60,60,60,60,60,35,35,35,35,16,16,16,16,52,0,0],"gold":159,"neow_bonus":"TRANSFORM_TWO_CARDS","is_daily":false,"chose_seed":false,"campfire_upgraded":6,"win_rate":0.0,"timestamp":1611519376,"path_taken":["M","?","?","M","?","R","E","R","T","E","?","$","R","M","R","BOSS","M","?","?","M","?","R","E","R","T","$","E","R","?","M","R","BOSS"],"items_purchased_type":["Relic","Card","Card"],"build_version":"2020-12-18","purchased_purges":1,"victory":false,"max_hp_per_floor":[71,71,71,71,71,71,71,71,71,71,71,71,71,71,71,71,71,71,71,71,71,71,71,71,71,71,71,71,71,71,71,71,71,71],"relic_stats":{"Regal Pillow":30,"counters":[14,58],"Mummified Hand":[10],"Pantograph":44,"War Paint":["Defend_B","Zap"],"Cursed Key":1,"Question Card":2,"obtain_stats":[{"Regal Pillow":7,"Mummified Hand":26,"Pantograph":9,"War Paint":12,"Cracked Core":0,"Cursed Key":17,"Question Card":24,"Ancient Tea Set":28,"Akabeko":10},{"Regal Pillow":3,"Mummified Hand":11,"Pantograph":3,"War Paint":5,"Cracked Core":0,"Cursed Key":7,"Question Card":11,"Ancient Tea Set":12,"Akabeko":4},{"Regal Pillow":6,"Mummified Hand":40,"Pantograph":6,"War Paint":13,"Cracked Core":0,"Cursed Key":26,"Question Card":40,"Ancient Tea Set":43,"Akabeko":11}]},"card_choices":[{"not_picked":["Doom and Gloom","Rebound"],"picked":"Ball Lightning","floor":1.0},{"not_picked":["Reprogram","Cold Snap"],"picked":"Chill","floor":4.0},{"not_picked":["Steam","Sweeping Beam"],"picked":"FTL","floor":7.0},{"not_picked":["Streamline","Fusion"],"picked":"Leap","floor":10.0},{"not_picked":["Gash","Leap"],"picked":"Hologram","floor":11.0},{"not_picked":["Leap","Cold Snap","Sweeping Beam"],"picked":"SKIP","floor":14.0},{"not_picked":["Core Surge","Hyperbeam"],"picked":"All For One","floor":16.0},{"not_picked":["Turbo+1","Go for the Eyes"],"picked":"Loop","floor":18.0},{"not_picked":["Conserve Battery","Storm"],"picked":"Glacier","floor":20.0},{"not_picked":["Scrape","Blizzard","Hologram"],"picked":"SKIP","floor":21.0},{"not_picked":["Leap","Steam","Double Energy"],"picked":"SKIP","floor":24.0},{"not_picked":["Barrage+1","Turbo","Conserve Battery"],"picked":"Buffer","floor":28.0},{"not_picked":["Gash","Steam Power","Redo"],"picked":"Seek","floor":31.0}],"player_experience":804141,"relics_obtained":[{"floor":7.0,"key":"Regal Pillow"},{"floor":9.0,"key":"Pantograph"},{"floor":10.0,"key":"Akabeko"},{"floor":24.0,"key":"Question Card"},{"floor":26.0,"key":"Mummified Hand"},{"floor":28.0,"key":"Ancient Tea Set"}],"event_choices":[{"damage_healed":0.0,"max_hp_gain":0.0,"max_hp_loss":0.0,"gold_gain":75.0,"event_name":"World of Goop","player_choice":"Gather Gold","floor":2.0,"gold_loss":0.0,"damage_taken":11.0},{"damage_healed":0.0,"max_hp_gain":0.0,"max_hp_loss":0.0,"gold_gain":0.0,"cards_transformed":["Defend_B"],"event_name":"Living Wall","player_choice":"Change","floor":3.0,"gold_loss":0.0,"damage_taken":0.0,"cards_obtained":["Genetic Algorithm"]},{"damage_healed":0.0,"max_hp_gain":0.0,"max_hp_loss":0.0,"gold_gain":0.0,"event_name":"Upgrade Shrine","player_choice":"Upgraded","floor":5.0,"gold_loss":0.0,"damage_taken":0.0,"cards_upgraded":["Genetic Algorithm"]},{"damage_healed":0.0,"max_hp_gain":0.0,"max_hp_loss":0.0,"gold_gain":0.0,"event_name":"Lab","player_choice":"Got Potions","floor":19.0,"gold_loss":0.0,"damage_taken":0.0},{"damage_healed":0.0,"max_hp_gain":0.0,"max_hp_loss":0.0,"gold_gain":100.0,"event_name":"The Joust","player_choice":"Bet on Murderer","floor":22.0,"gold_loss":50.0,"damage_taken":0.0}],"is_beta":true,"boss_relics":[{"not_picked":["FrozenCore","Runic Dome"],"picked":"Cursed Key"}],"items_purged_floors":[27],"is_endless":false,"potions_floor_spawned":[1,11,21,31],"killed_by":"Champ","ascension_level":20}}