{"host":"bq4pt811tk9yrmjl","time":1611493742,"event":{"mods":["AchievementEnabler","BaseMod","Colored Map","Colored Powertips","Defuse TimeMaze Blight","Hermit","Minty Spire (QoL Compilation)","StSLib","SuperFastMode"],"gold_per_floor":[119,119,134,157,332,332,332,363,363,377,377,377],"floor_reached":11,"language":"ENG","playtime":107,"items_purged":[],"score":101,"play_id":"2c862273-a26a-484b-a413-9b46b2b7b88b","local_time":"20210124110902","is_ascension_mode":true,"campfire_choices":[{"data":"hermit:TakeCover","floor":6,"key":"SMITH"}],"circlet_count":0,"master_deck":["hermit:Strike_Hermit","hermit:Strike_Hermit","hermit:Strike_Hermit","hermit:Strike_Hermit","hermit:Defend_Hermit","hermit:Defend_Hermit","hermit:Defend_Hermit","hermit:Defend_Hermit","hermit:Snapshot","hermit:Covet","hermit:TakeCover+1","Injury","Doubt","hermit:Dive"],"relics":["hermit:Momento","NeowsBlessing","Golden Idol","hermit:Horseshoe","Calipers","Bottled Lightning"],"acts_visited":["Exordium"],"potions_floor_usage":[10,11],"damage_taken":[{"damage":0,"enemies":"Jaw Worm","floor":1,"turns":1},{"damage":0,"enemies":"Small Slimes","floor":3,"turns":1},{"damage":0,"enemies":"3 Sentries","floor":8,"turns":2},{"damage":0,"enemies":"2 Louse","floor":10,"turns":3},{"damage":0,"enemies":"Lagavulin","floor":11,"turns":4}],"seed_played":"-1099697864331041513","potions_obtained":[{"floor":1,"key":"Fire Potion"},{"floor":10,"key":"AttackPotion"}],"is_trial":false,"path_per_floor":["M","?","M","T","?","R","T","E","T","M","E"],"character_chosen":"HERMIT","items_purchased":[],"campfire_rested":0,"item_purchase_floors":[],"current_hp_per_floor":[75,75,75,75,75,75,75,75,75,75,75,75],"gold":377,"neow_bonus":"THREE_ENEMY_KILL","is_daily":false,"chose_seed":false,"campfire_upgraded":1,"win_rate":0.0,"timestamp":1611493742,"path_taken":["M","?","M","?","?","R","?","E","T","M","E"],"items_purchased_type":[],"build_version":"2020-12-22","purchased_purges":0,"victory":false,"max_hp_per_floor":[75,75,75,75,75,75,75,75,75,75,75,75],"card_choices":[{"not_picked":["hermit:Malice","hermit:Combo"],"picked":"hermit:TakeCover","floor":1},{"not_picked":["hermit:Roulette","hermit:Combo","hermit:LowProfile"],"picked":"SKIP","floor":3},{"not_picked":["hermit:FinalCanter","hermit:ShadowCloak"],"picked":"hermit:Dive","floor":8},{"not_picked":["hermit:Grudge","hermit:HoleUp","hermit:Spite"],"picked":"SKIP","floor":10}],"player_experience":225049,"relics_obtained":[{"floor":7,"key":"hermit:Horseshoe"},{"floor":8,"key":"Calipers"},{"floor":9,"key":"Bottled Lightning"}],"event_choices":[{"damage_healed":0,"gold_gain":0,"player_choice":"Take Wound","damage_taken":0,"relics_obtained":["Golden Idol"],"max_hp_gain":0,"max_hp_loss":0,"event_name":"Golden Idol","floor":2,"gold_loss":0,"cards_obtained":["Injury"]},{"damage_healed":0,"gold_gain":175,"player_choice":"AGREE","damage_taken":0,"max_hp_gain":0,"max_hp_loss":0,"event_name":"Liars Game","floor":5,"gold_loss":0,"cards_obtained":["Doubt"]}],"is_beta":false,"boss_relics":[],"items_purged_floors":[],"is_endless":false,"potions_floor_spawned":[1,10],"killed_by":"Lagavulin","ascension_level":1}}