{"host":"z9grmtg2w0nmz8n1","time":1611478652,"event":{"mods":["Aspiration","BaseMod","Better Altar","Better Match","Better Note","Better Sensory Stone","Better Skull","Better Third Choice","BetterRewards","Clawfect","Colored Map","Conspire","GifTheSpireLib","Halation","Highlight Path","Hubris","Hunter ??","Jedi Mod","Minty Spire (QoL Compilation)","Permanent Neow","Replay The Spire","Shop Mod","Spicy Shops","StSLib","Stuff the Spire","The Runesmith"],"gold_per_floor":[110,110,35,55,69,85,110,10,10,24,41,66,88,106,106,204,204,219,231,248,248,17,43,43,43,43,43,56,56,83,93,93,93,93],"floor_reached":33,"language":"ENG","playtime":1470,"items_purged":["Strike_R","Strike_R","Strike_R"],"score":314,"play_id":"21cfa29e-ff03-452e-bf46-59d63895b6c4","local_time":"20210124065732","is_ascension_mode":true,"campfire_choices":[{"floor":15,"key":"REST"},{"floor":32,"key":"REST"}],"circlet_count":0,"master_deck":["Strike_R","Defend_R","Defend_R","Defend_R","Defend_R","Bash","StuffTheSpire:Incineration","Combust","Flex","Pummel","Inflame","Clash","jedi:collectorstrike","Iron Wave"],"relics":["Burning Blood","StuffTheSpire:Mouthbags","Quantum Egg","Boot","Odd Mushroom","halation:PinkAlligatorPlush","Incense Burner","BargainBundle","hubris:SlimyHat","hubris:TenFootPole","conspire:Flyswatter"],"acts_visited":["Exordium","TheCity"],"potions_floor_usage":[7,12,16,31,33],"damage_taken":[{"damage":3,"enemies":"Cultist","floor":1,"turns":5},{"damage":1,"enemies":"Jaw Worm","floor":4,"turns":4},{"damage":4,"enemies":"2 Louse","floor":5,"turns":4},{"damage":22,"enemies":"Exordium Thugs","floor":6,"turns":3},{"damage":22,"enemies":"3 Sentries","floor":7,"turns":6},{"damage":0,"enemies":"Large Slime","floor":10,"turns":2},{"damage":10,"enemies":"Looter","floor":11,"turns":2},{"damage":25,"enemies":"Lagavulin","floor":12,"turns":4},{"damage":10,"enemies":"The Mushroom Lair","floor":13,"turns":4},{"damage":8,"enemies":"Blue Slaver","floor":14,"turns":2},{"damage":35,"enemies":"Slime Boss","floor":16,"turns":7},{"damage":22,"enemies":"conspire:FuzzyDice","floor":18,"turns":5},{"damage":14,"enemies":"Chosen","floor":19,"turns":4},{"damage":31,"enemies":"3 Cultists","floor":20,"turns":4},{"damage":29,"enemies":"Replay:Snechameleon","floor":23,"turns":4},{"damage":8,"enemies":"Chosen and Byrds","floor":28,"turns":2},{"damage":59,"enemies":"Slavers","floor":30,"turns":6},{"damage":10,"enemies":"Cultist and Chosen","floor":31,"turns":7},{"damage":49,"enemies":"Automaton","floor":33,"turns":4}],"seed_played":"8178429665169819739","potions_obtained":[{"floor":4,"key":"Strength Potion"},{"floor":5,"key":"SteroidPotion"},{"floor":7,"key":"Dexterity Potion"},{"floor":11,"key":"Adrenaline Potion"},{"floor":14,"key":"DistilledChaos"},{"floor":28,"key":"Energy Potion"},{"floor":30,"key":"SteroidPotion"}],"is_trial":false,"path_per_floor":["M","T","$","M","M","M","E","$","T","M","M","E","?","M","R","B",null,"M","M","M","?","$","E","?","$","T","?","M","?","E","M","R","B"],"character_chosen":"IRONCLAD","items_purchased":["BargainBundle"],"campfire_rested":2,"item_purchase_floors":[22],"current_hp_per_floor":[80,80,80,80,80,64,48,48,48,54,50,31,27,25,49,20,80,64,56,31,31,31,8,8,8,8,8,80,80,27,23,47,0,0],"gold":93,"neow_bonus":"RANDOM_EVENT","is_daily":false,"chose_seed":false,"campfire_upgraded":0,"win_rate":0.0,"timestamp":1611478652,"path_taken":["M","?","$","M","M","M","E","?","T","?","M","E","?","M","R","BOSS","M","M","M","?","$","E","?","$","T","?","?","?","E","M","R","BOSS"],"items_purchased_type":["Relic"],"build_version":"2020-12-22","purchased_purges":3,"victory":false,"max_hp_per_floor":[80,80,80,80,80,80,80,80,80,80,80,80,80,80,80,80,80,80,80,80,80,80,80,80,80,80,80,80,80,80,80,80,80,80],"card_choices":[{"not_picked":["Flex","StuffTheSpire:Pyroclast"],"picked":"StuffTheSpire:Incineration","floor":1},{"not_picked":["Flame Barrier","Iron Wave"],"picked":"Combust","floor":4},{"not_picked":["Anger","Warcry"],"picked":"Flex","floor":5},{"not_picked":["StuffTheSpire:RockThrow","Searing Blow"],"picked":"Pummel","floor":6},{"not_picked":["Twin Strike","Defy Death","Sentinel"],"picked":"SKIP","floor":7},{"not_picked":["Abandon","Battle Trance"],"picked":"Inflame","floor":10},{"not_picked":["Dark Embrace","Shrug It Off"],"picked":"Clash","floor":11},{"not_picked":["StuffTheSpire:TitanForm","Shrug It Off"],"picked":"jedi:collectorstrike","floor":12},{"not_picked":["StuffTheSpire:Incineration","Searing Blow"],"picked":"jedi:collectorstrike","floor":13},{"not_picked":["Uppercut","Twin Strike"],"picked":"Iron Wave","floor":14},{"not_picked":["jedi:bloodyhammer","Hemogenesis"],"picked":"jedi:collectorstrike","floor":16},{"not_picked":["Evolve","Thunderclap"],"picked":"jedi:collectorstrike","floor":18},{"not_picked":["StuffTheSpire:RockThrow+1","StuffTheSpire:BloodClot"],"picked":"jedi:collectorstrike","floor":19},{"not_picked":["StuffTheSpire:RockThrow","Havoc"],"picked":"jedi:collectorstrike","floor":20},{"not_picked":["ReplayTheSpireMod:Limb From Limb","hubris:ReadiedAction+1"],"picked":"jedi:collectorstrike","floor":23},{"not_picked":["Twin Strike+1","Clothesline"],"picked":"jedi:collectorstrike","floor":28},{"not_picked":["Replay:Many Hands","StuffTheSpire:RockThrow+1"],"picked":"jedi:collectorstrike","floor":30},{"not_picked":["Flame Barrier+1","Replay:Undeath\u0027s Touch"],"picked":"jedi:collectorstrike","floor":31}],"player_experience":837176,"relics_obtained":[{"floor":7,"key":"StuffTheSpire:Mouthbags"},{"floor":9,"key":"Quantum Egg"},{"floor":12,"key":"Boot"},{"floor":13,"key":"Odd Mushroom"},{"floor":23,"key":"hubris:SlimyHat"},{"floor":26,"key":"hubris:TenFootPole"},{"floor":30,"key":"conspire:Flyswatter"}],"event_choices":[{"cards_removed":["Strike_R"],"damage_healed":0,"gold_gain":0,"player_choice":"Forget","damage_taken":0,"max_hp_gain":0,"max_hp_loss":0,"event_name":"Living Wall","floor":0,"gold_loss":0},{"damage_healed":0,"gold_gain":0,"player_choice":"Fought Mushrooms","damage_taken":0,"max_hp_gain":0,"max_hp_loss":0,"event_name":"Mushrooms","floor":13,"gold_loss":0},{"damage_healed":0,"gold_gain":0,"player_choice":"Gave Potion","damage_taken":0,"relics_obtained":["Incense Burner"],"max_hp_gain":0,"max_hp_loss":0,"event_name":"WeMeetAgain","floor":21,"gold_loss":0},{"cards_removed":["Strike_R"],"damage_healed":0,"gold_gain":0,"player_choice":"Give","damage_taken":0,"max_hp_gain":0,"max_hp_loss":0,"event_name":"betterNote:BetterNote","floor":24,"gold_loss":0,"cards_obtained":["None"]},{"damage_healed":0,"gold_gain":0,"player_choice":"Ignored","damage_taken":0,"max_hp_gain":0,"max_hp_loss":0,"event_name":"N\u0027loth","floor":27,"gold_loss":0}],"is_beta":false,"boss_relics":[{"not_picked":["halation:PlatinumPhoenix","hubris:TerracottaHorce"],"picked":"halation:PinkAlligatorPlush"}],"items_purged_floors":[3,8,22],"is_endless":false,"potions_floor_spawned":[4,5,7,11,14,28,30],"killed_by":"Automaton","ascension_level":1}}