{"host":"i9z6y8pcdeu2qxnx","time":1611515864,"event":{"mods":["BaseMod","Colored Map","Googly Eyes","Highlight Path","Minty Spire (QoL Compilation)","Replay The Spire","StSLib"],"gold_per_floor":[111,131,131,146,146,178,178,193,193,223,234,245,245,279,279,381,381,393,25,25,25,25,25,54,54,54,69,82,82,100,114,114,114,114],"floor_reached":33,"language":"ENG","playtime":2896,"items_purged":[],"score":337,"play_id":"858d58ee-ff04-41c9-8daa-6d7d9921b3ef","local_time":"20210124141744","daily_mods":["Insanity","Diverse","Binary"],"is_ascension_mode":false,"campfire_choices":[{"floor":7,"key":"REST"},{"floor":13,"key":"REST"},{"floor":15,"key":"REST"},{"data":"Seeing Red","floor":23,"key":"SMITH"},{"floor":25,"key":"REST"},{"data":"Panache","floor":29,"key":"SMITH"}],"circlet_count":0,"master_deck":["Compile Driver+1","Terror","Draining Mist","ReplayTheSpireMod:Strike From Hell","Quick Slash","Blade Dance","Twin Strike","Second Wind","Blade Dance","Prepared","Sucker Punch","Evolve","Replay:AtTheReady","Clash","Bane","Prepared","Replay:Vibes","Sanctity","Burning Pact","Dodge and Roll","Disarm","Time Bomb","Heel Hook","Bane","Defragment","Slice","Reflex","Steam","Poisoned Stab","Replay:AtTheReady+1","FTL","Ghostly Armor","Sweeping Beam","Flying Knee","ReplaySort","Hidden Blade","Auto Shields","Crescendo","Bane","Deflect","WheelKick","JustLucky","Pommel Strike","Adaptation","Infernal Blade","Second Wind","Shrug It Off","Finisher","Consecrate","EmptyFist+1","Dagger Spray","Seeing Red+1","Slice","Streamline","Footwork","Run Through","Stack","Rip and Tear","Feed","Havoc","Panache+1","Leap+1","Sweeping Beam","Protect","Slice+1","Conserve Battery"],"relics":["Ring of the Snake","Snack Pack","Kunai","Onion Ring","Snake Skull","Pen Nib","StrikeDummy","Replay:Bottled Snecko","The Courier"],"acts_visited":["Exordium","TheCity"],"potions_floor_usage":[10,24,28,28,33,33],"damage_taken":[{"damage":0,"enemies":"Small Slimes","floor":1,"turns":3},{"damage":7,"enemies":"Jaw Worm","floor":2,"turns":2},{"damage":2,"enemies":"Cultist","floor":4,"turns":3},{"damage":40,"enemies":"Lagavulin","floor":6,"turns":6},{"damage":0,"enemies":"2 Fungi Beasts","floor":8,"turns":1},{"damage":10,"enemies":"3 Sentries","floor":10,"turns":5},{"damage":0,"enemies":"Lots of Slimes","floor":11,"turns":3},{"damage":1,"enemies":"Blue Slaver","floor":12,"turns":2},{"damage":16,"enemies":"Lagavulin","floor":14,"turns":6},{"damage":33,"enemies":"Hexaghost","floor":16,"turns":8},{"damage":6,"enemies":"Chosen","floor":18,"turns":4},{"damage":23,"enemies":"Replay:Snechameleon","floor":24,"turns":6},{"damage":4,"enemies":"Shell Parasite","floor":27,"turns":3},{"damage":0,"enemies":"Snake Plant","floor":28,"turns":2},{"damage":15,"enemies":"3 Cultists","floor":30,"turns":4},{"damage":14,"enemies":"Cultist and Chosen","floor":31,"turns":8},{"damage":95,"enemies":"Champ","floor":33,"turns":14}],"seed_played":"1507163767128320116","potions_obtained":[{"floor":2,"key":"SpeedPotion"},{"floor":8,"key":"Cursed Concoction"},{"floor":16,"key":"SpeedPotion"},{"floor":18,"key":"AttackPotion"},{"floor":24,"key":"SkillPotion"},{"floor":31,"key":"PowerPotion"}],"is_trial":true,"path_per_floor":["M","M","?","M","?","E","R","M","T","E","M","M","R","E","R","B",null,"M","$","?","?","?","R","E","R","T","M","M","R","M","M","R_BF","B"],"character_chosen":"THE_SILENT","items_purchased":["Panache","Pen Nib","Leap+1"],"campfire_rested":4,"item_purchase_floors":[19,19,19],"current_hp_per_floor":[70,63,49,47,52,12,33,35,35,27,31,32,53,41,62,37,70,68,68,68,68,68,68,47,68,68,69,73,73,62,54,73,0,0],"gold":114,"neow_bonus":"","is_daily":false,"chose_seed":false,"campfire_upgraded":2,"win_rate":0.0,"timestamp":1611515864,"path_taken":["M","M","?","M","?","E","R","M","T","E","?","M","R","E","R","BOSS","M","$","?","?","?","R","E","R","T","M","M","R","M","M","R_BF","BOSS"],"items_purchased_type":["Card","Relic","Card"],"build_version":"2020-12-22","purchased_purges":0,"victory":false,"max_hp_per_floor":[70,70,70,70,70,70,70,70,70,70,70,70,70,70,70,70,70,70,70,70,70,70,70,70,70,70,73,73,73,73,73,73,73,73],"card_choices":[{"not_picked":["Static Discharge"],"picked":"EmptyFist","floor":1},{"not_picked":["Deflect"],"picked":"Dagger Spray","floor":2},{"not_picked":["CarveReality"],"picked":"Seeing Red","floor":4},{"not_picked":["WheelKick"],"picked":"Slice","floor":6},{"not_picked":["Wild Strike"],"picked":"Streamline","floor":8},{"not_picked":["Panic Button"],"picked":"Footwork","floor":10},{"not_picked":["Pommel Strike"],"picked":"Run Through","floor":11},{"not_picked":["Searing Blow"],"picked":"Stack","floor":12},{"not_picked":["Crystallizer"],"picked":"Rip and Tear","floor":14},{"not_picked":["Doppelganger"],"picked":"Feed","floor":16},{"not_picked":["Panic Button"],"picked":"Havoc","floor":18},{"not_picked":["BasicCrystalCard"],"picked":"Sweeping Beam","floor":24},{"not_picked":["Heavy Blade"],"picked":"Protect","floor":27},{"not_picked":["Replay:Vibes"],"picked":"Slice+1","floor":28},{"not_picked":["CrushJoints"],"picked":"Conserve Battery","floor":30},{"not_picked":["Bloodletting","CrushJoints"],"picked":"SKIP","floor":31}],"player_experience":953222,"relics_obtained":[{"floor":6,"key":"Snack Pack"},{"floor":9,"key":"Kunai"},{"floor":10,"key":"Onion Ring"},{"floor":14,"key":"Snake Skull"},{"floor":24,"key":"Replay:Bottled Snecko"},{"floor":26,"key":"The Courier"}],"event_choices":[{"damage_healed":0,"gold_gain":0,"player_choice":"Entered Light","damage_taken":14,"max_hp_gain":0,"max_hp_loss":0,"event_name":"Shining Light","floor":3,"gold_loss":0,"cards_upgraded":["Compile Driver","Replay:AtTheReady"]},{"cards_removed":["Panic Button"],"damage_healed":5,"gold_gain":0,"player_choice":"Offered Common","damage_taken":0,"max_hp_gain":0,"max_hp_loss":0,"event_name":"Bonfire Elementals","floor":5,"gold_loss":0},{"cards_removed":["Panic Button"],"damage_healed":5,"gold_gain":0,"player_choice":"Offered Special","damage_taken":0,"max_hp_gain":0,"max_hp_loss":0,"event_name":"Bonfire Elementals","floor":5,"gold_loss":0},{"damage_healed":0,"gold_gain":0,"player_choice":"Ignored","damage_taken":0,"max_hp_gain":0,"max_hp_loss":0,"event_name":"Vampires","floor":22,"gold_loss":0}],"is_beta":false,"boss_relics":[{"not_picked":["ReplayTheSpireMod:DimensionalGlitch","Ectoplasm","Coffee Dripper"]}],"items_purged_floors":[],"is_endless":false,"potions_floor_spawned":[2,8,16,18,24,31],"killed_by":"Champ","ascension_level":0}}