{"host":"rolltorest","time":1611530085,"event":{"mods":["BaseMod","Minty Spire (QoL Compilation)","Relic Stats","Slay the Relics Exporter","StSLib"],"gold_per_floor":[110,110,110,125,146,180,180,198,198,198,37,37,37],"floor_reached":12,"language":"ENG","playtime":217,"items_purged":[],"score":156,"play_id":"20a58494-447c-47e6-bbc2-14c88461436a","local_time":"20210124151445","is_ascension_mode":true,"campfire_choices":[{"data":"Crippling Poison","floor":7,"key":"SMITH"},{"data":"Dagger Spray","floor":10,"key":"SMITH"}],"circlet_count":0,"master_deck":["AscendersBane","Strike_G","Strike_G","Strike_G","Strike_G","Strike_G","Defend_G","Defend_G","Defend_G","Defend_G","Defend_G","Survivor","Neutralize+1","PiercingWail","Poisoned Stab","Crippling Poison+1","Well Laid Plans","Dagger Spray+1"],"relics":["Ring of the Snake","NeowsBlessing","Golden Idol","Tiny Chest","Bag of Marbles","TwistedFunnel"],"acts_visited":["Exordium"],"potions_floor_usage":[12],"damage_taken":[{"damage":0,"enemies":"Small Slimes","floor":1,"turns":1},{"damage":0,"enemies":"Cultist","floor":4,"turns":1},{"damage":0,"enemies":"Jaw Worm","floor":5,"turns":1},{"damage":36,"enemies":"3 Sentries","floor":6,"turns":10},{"damage":3,"enemies":"2 Fungi Beasts","floor":8,"turns":3},{"damage":6,"enemies":"Gremlin Nob","floor":12,"turns":3}],"seed_played":"8005557346379008884","potions_obtained":[{"floor":4,"key":"SkillPotion"},{"floor":6,"key":"Swift Potion"}],"is_trial":false,"path_per_floor":["M","?","?","M","M","E","R","M","T","R","$","E"],"character_chosen":"THE_SILENT","items_purchased":["TwistedFunnel"],"campfire_rested":0,"item_purchase_floors":[11],"current_hp_per_floor":[59,59,59,59,59,23,23,20,20,20,20,14,14],"gold":37,"neow_bonus":"THREE_ENEMY_KILL","is_daily":false,"chose_seed":false,"campfire_upgraded":2,"win_rate":0.0,"timestamp":1611530085,"path_taken":["M","?","?","?","M","E","R","M","T","R","?","E"],"items_purchased_type":["Relic"],"build_version":"2020-12-18","purchased_purges":0,"victory":false,"max_hp_per_floor":[66,60,60,60,60,60,60,60,60,60,60,60,60],"relic_stats":{"counters":[6,19],"Golden Idol":18,"Tiny Chest":0,"obtain_stats":[{"TwistedFunnel":11,"NeowsBlessing":0,"Golden Idol":2,"Tiny Chest":6,"Bag of Marbles":9,"Ring of the Snake":0},{"TwistedFunnel":5,"NeowsBlessing":0,"Golden Idol":1,"Tiny Chest":4,"Bag of Marbles":5,"Ring of the Snake":0},{"TwistedFunnel":16,"NeowsBlessing":0,"Golden Idol":1,"Tiny Chest":13,"Bag of Marbles":16,"Ring of the Snake":0}],"Ring of the Snake":[12]},"card_choices":[{"not_picked":["Slice","Flying Knee"],"picked":"PiercingWail","floor":1},{"not_picked":["Well Laid Plans","Choke"],"picked":"Poisoned Stab","floor":4},{"not_picked":["Dodge and Roll","Acrobatics"],"picked":"Crippling Poison","floor":5},{"not_picked":["Dodge and Roll","Sucker Punch"],"picked":"Well Laid Plans","floor":6},{"not_picked":["Backflip","Poisoned Stab"],"picked":"Dagger Spray","floor":8}],"player_experience":1774983,"relics_obtained":[{"floor":6,"key":"Tiny Chest"},{"floor":9,"key":"Bag of Marbles"}],"event_choices":[{"damage_healed":0,"gold_gain":0,"player_choice":"Lose Max HP","damage_taken":0,"relics_obtained":["Golden Idol"],"max_hp_gain":0,"max_hp_loss":6,"event_name":"Golden Idol","floor":2,"gold_loss":0},{"damage_healed":0,"gold_gain":0,"player_choice":"Upgraded","damage_taken":0,"max_hp_gain":0,"max_hp_loss":0,"event_name":"Upgrade Shrine","floor":3,"gold_loss":0,"cards_upgraded":["Neutralize"]}],"is_beta":true,"boss_relics":[],"items_purged_floors":[],"is_endless":false,"potions_floor_spawned":[4,6],"killed_by":"Gremlin Nob","ascension_level":20}}