{"host":"y76clbnovzmw9ubx","time":1611495005,"event":{"mods":["AchievementEnabler","BaseMod","Minty Spire (QoL Compilation)","Permanent Neow","Relic Stats"],"gold_per_floor":[109,119,219,17,31,64,64,99,99,117,151,161,187,205,205,205,205],"floor_reached":16,"language":"ENG","playtime":1069,"items_purged":[],"score":264,"play_id":"07d4e0ae-18c3-4611-9443-385b2f8d0984","local_time":"20210124083005","is_ascension_mode":true,"campfire_choices":[{"data":"Poisoned Stab","floor":7,"key":"SMITH"},{"floor":15,"key":"REST"}],"circlet_count":0,"master_deck":["AscendersBane","Strike_G","Strike_G","Strike_G","Strike_G","Strike_G","Defend_G","Defend_G","Defend_G","Defend_G","Defend_G","Survivor","Neutralize","Blade Dance","Venomology","Poisoned Stab+1","Backstab","Leg Sweep","Predator","Leg Sweep","Blur","Backstab","Die Die Die"],"relics":["Ring of the Snake","Art of War","Potion Belt","Pear","Strawberry","Lantern","White Beast Statue"],"acts_visited":["Exordium"],"potions_floor_usage":[6,6,8,8,10,11,11,13,13,13,16,16,16,16],"damage_taken":[{"damage":1,"enemies":"Cultist","floor":1,"turns":5},{"damage":1,"enemies":"Small Slimes","floor":2,"turns":5},{"damage":6,"enemies":"2 Louse","floor":5,"turns":4},{"damage":8,"enemies":"Gremlin Nob","floor":6,"turns":3},{"damage":14,"enemies":"3 Sentries","floor":8,"turns":7},{"damage":3,"enemies":"Looter","floor":10,"turns":2},{"damage":8,"enemies":"Gremlin Nob","floor":11,"turns":3},{"damage":1,"enemies":"2 Fungi Beasts","floor":12,"turns":3},{"damage":11,"enemies":"Lagavulin","floor":13,"turns":5},{"damage":4,"enemies":"Large Slime","floor":14,"turns":6},{"damage":49,"enemies":"Slime Boss","floor":16,"turns":10}],"seed_played":"-886484387778760995","potions_obtained":[{"floor":5,"key":"Fire Potion"},{"floor":6,"key":"Explosive Potion"},{"floor":8,"key":"ColorlessPotion"},{"floor":10,"key":"SkillPotion"},{"floor":11,"key":"Weak Potion"},{"floor":14,"key":"Poison Potion"}],"is_trial":false,"path_per_floor":["M","M","?","$","M","E","R","E","T","M","E","M","E","M","R","B"],"character_chosen":"THE_SILENT","items_purchased":["Venomology","Poisoned Stab"],"campfire_rested":1,"item_purchase_floors":[4,4],"current_hp_per_floor":[58,57,57,57,51,43,43,39,46,43,35,34,23,19,43,0,0],"gold":205,"neow_bonus":"RANDOM_COMMON_RELIC","is_daily":false,"chose_seed":false,"campfire_upgraded":1,"win_rate":0.0,"timestamp":1611495005,"path_taken":["M","M","?","$","M","E","R","E","T","M","E","M","E","M","R","BOSS"],"items_purchased_type":["Card","Card"],"build_version":"2020-12-22","purchased_purges":0,"victory":false,"max_hp_per_floor":[66,66,66,66,66,66,66,76,83,83,83,83,83,83,83,83,83],"relic_stats":{"counters":[11,53],"Art of War":[4],"obtain_stats":[{"Potion Belt":6,"Lantern":11,"Pear":8,"Strawberry":9,"Art of War":0,"White Beast Statue":13,"Ring of the Snake":0},{"Potion Belt":4,"Lantern":7,"Pear":5,"Strawberry":5,"Art of War":0,"White Beast Statue":9,"Ring of the Snake":0},{"Potion Belt":17,"Lantern":29,"Pear":24,"Strawberry":24,"Art of War":0,"White Beast Statue":37,"Ring of the Snake":0}],"Ring of the Snake":[22]},"card_choices":[{"not_picked":["Cloak And Dagger","Setup","Well Laid Plans"],"picked":"SKIP","floor":1},{"not_picked":["Calculated Gamble","Outmaneuver"],"picked":"Blade Dance","floor":2},{"not_picked":["Quick Slash","Slice"],"picked":"Backstab","floor":5},{"not_picked":["Concentrate","Dagger Throw"],"picked":"Leg Sweep","floor":6},{"not_picked":["Bane","Deflect"],"picked":"Predator","floor":8},{"not_picked":["Dodge and Roll","Prepared","Bane"],"picked":"SKIP","floor":10},{"not_picked":["Prepared","Deadly Poison"],"picked":"Leg Sweep","floor":11},{"not_picked":["Prepared","Acrobatics"],"picked":"Blur","floor":12},{"not_picked":["Dodge and Roll","Sucker Punch"],"picked":"Backstab","floor":13},{"not_picked":["Escape Plan","Sucker Punch"],"picked":"Die Die Die","floor":14}],"player_experience":3113914,"relics_obtained":[{"floor":6,"key":"Potion Belt"},{"floor":8,"key":"Pear"},{"floor":9,"key":"Strawberry"},{"floor":11,"key":"Lantern"},{"floor":13,"key":"White Beast Statue"}],"event_choices":[{"damage_healed":0,"gold_gain":100,"player_choice":"Gold","damage_taken":0,"max_hp_gain":0,"max_hp_loss":0,"event_name":"Wheel of Change","floor":3,"gold_loss":0}],"is_beta":false,"boss_relics":[],"items_purged_floors":[],"is_endless":false,"potions_floor_spawned":[5,6,8,10,11,14],"killed_by":"Slime Boss","ascension_level":20}}