{"host":"Ringo","time":1611466957,"event":{"mods":["BaseMod","Colored Map","Conspire","Dota2Spire","Minty Spire (QoL Compilation)","Replay The Spire","StSLib","[IsaacMod]ÒÔÈö¼âËþ","¡¾ÒÅÎï¿¨ÅÆ¡¿REMEMod"],"gold_per_floor":[115,115,135,161,174,205,233,265,265,297,326,358,358,376,376,453,453,467,49,63,63,83,115,140,169,196,196,121,153,182,195,195,267,267,277,277,293,120,135,191,27,59,129,159,193,226,252,285,285,145,5],"floor_reached":52,"language":"ZHS","playtime":1815,"items_purged":["Pain"],"score":3133,"play_id":"593dda52-f4e1-46ab-9554-5a3d9dfdbe43","local_time":"20210124134237","daily_mods":["SealedDeck","Vintage","Heirloom","Time Dilation","Flight","DeadlyEvents","Elite Swarm","Lethality","Binary"],"is_ascension_mode":true,"campfire_choices":[{"data":"Rainbow","floor":13.0,"key":"SMITH"},{"data":"Beam Cell","floor":15.0,"key":"SMITH"},{"data":"ReplaySolidLightProjector","floor":27.0,"key":"SMITH"},{"data":"Panacea","floor":32,"key":"SMITH"},{"data":"Storm","floor":49,"key":"SMITH"}],"circlet_count":0,"master_deck":["AscendersBane","Conserve Battery","Sweeping Beam","Rip and Tear+1","Beam Cell+1","White Noise","White Noise","Cold Snap","Ball Lightning","Melter+1","Beam Cell","Establishment","Reboot","Rainbow+1","BootSequence","Panache","Storm+1","Panacea+1","ReplaySolidLightProjector+1","Gash","Thunder Strike"],"relics":["Cracked Core","Busted Crown","HushsDoor","REME_ComplimentaryCards","replay:Trail_Library","conspire:GiftBox","GuppysPaw","Vajra","D6","Pet Ghost","Geode","DataDisk","Bag of Preparation","TungstenRod","Kunai","Gremlin Food","Mercury Hourglass","DeathBook","Dota2Spire:CrimsonGuard","conspire:RoyalGoblet","Incubus","NineLifeCat","Dota2Spire:AghanimScepter","Replay:Antivirus Software","Akabeko","Divine Protection","WarpedTongs","Omamori","ReplayFunnel","TheBible","SharpPlug","Replay:Rubber Ducky","Mango","Dota2Spire:ArmletOfMordiggian","FossilizedHelix","Painkiller Herb","GuppysTail","conspire:Dentures","Pen Nib","REME_OnlineShoppingPlatform","Dota2Spire:PhaseBoots","Whetstone","Lee\u0027s Waffle","Dota2Spire:MonkeyKingBar","Frozen Egg 2","Onion Ring","Dota2Spire:DivineRapier","conspire:BottledYoYo","EdensBlessing","PunchingBag"],"acts_visited":["TheCity","TheBeyond"],"potions_floor_usage":[33,33,50,50,50,50,50,50,50,51,51,51,51,51,51,51],"damage_taken":[{"damage":0.0,"enemies":"Small Slimes","floor":1.0,"turns":2.0},{"damage":0.0,"enemies":"Cultist","floor":3.0,"turns":2.0},{"damage":0.0,"enemies":"2 Louse","floor":4.0,"turns":1.0},{"damage":0.0,"enemies":"Exordium Thugs","floor":5.0,"turns":2.0},{"damage":0.0,"enemies":"3 Sentries","floor":6.0,"turns":2.0},{"damage":0.0,"enemies":"Gremlin Nob","floor":7.0,"turns":2.0},{"damage":0.0,"enemies":"3 Sentries","floor":8.0,"turns":2.0},{"damage":0.0,"enemies":"Lagavulin","floor":10.0,"turns":2.0},{"damage":0.0,"enemies":"3 Sentries","floor":11.0,"turns":2.0},{"damage":0.0,"enemies":"Replay:BlueRogue","floor":12.0,"turns":2.0},{"damage":0.0,"enemies":"Large Slime","floor":14.0,"turns":2.0},{"damage":15.0,"enemies":"Fading Forest","floor":16.0,"turns":11.0},{"damage":0.0,"enemies":"Shell Parasite","floor":18.0,"turns":2.0},{"damage":0.0,"enemies":"Chosen","floor":20.0,"turns":2.0},{"damage":0.0,"enemies":"Sentry and Sphere","floor":22.0,"turns":2.0},{"damage":0.0,"enemies":"Book of Stabbing","floor":23.0,"turns":2.0},{"damage":0.0,"enemies":"Gremlin Leader","floor":24.0,"turns":2.0},{"damage":0.0,"enemies":"Book of Stabbing","floor":25.0,"turns":2.0},{"damage":0.0,"enemies":"conspire:SneckoGhost","floor":29.0,"turns":3.0},{"damage":0,"enemies":"Book of Stabbing","floor":30,"turns":3},{"damage":0,"enemies":"Centurion and Healer","floor":31,"turns":2},{"damage":0,"enemies":"Automaton","floor":33,"turns":4},{"damage":0,"enemies":"3 Shapes","floor":35,"turns":1},{"damage":0,"enemies":"3 Darklings","floor":37,"turns":2},{"damage":0,"enemies":"Jaw Worm Horde","floor":39,"turns":2},{"damage":0,"enemies":"R_Hoarder","floor":40,"turns":2},{"damage":0,"enemies":"Nemesis","floor":42,"turns":1},{"damage":0,"enemies":"Giant Head","floor":44,"turns":3},{"damage":0,"enemies":"Reptomancer","floor":45,"turns":2},{"damage":0,"enemies":"Nemesis","floor":46,"turns":1},{"damage":0,"enemies":"R_Hoarder","floor":47,"turns":2},{"damage":0,"enemies":"Nemesis","floor":48,"turns":1},{"damage":0,"enemies":"Donu and Deca","floor":50,"turns":2},{"damage":0,"enemies":"Replay:Hell Engine","floor":51,"turns":2}],"seed_played":"2959847413390319850","potions_obtained":[{"floor":4.0,"key":"Elixir"},{"floor":4.0,"key":"Elixir"},{"floor":5.0,"key":"Regen Potion"},{"floor":7.0,"key":"AttackPotion"},{"floor":10.0,"key":"PotionOfCapacity"},{"floor":11.0,"key":"Toxic Potion"},{"floor":14.0,"key":"PowerPotion"},{"floor":16.0,"key":"Explosive Potion"},{"floor":18.0,"key":"Dota2Spire:HealingSalve"}],"is_trial":true,"path_per_floor":["M","?","M","M","M","E","E","E","T","E","E","E","R","M","R","B",null,"M","$","M","?","M","E","E","E","T","R","$","E","E","M","R","B",null,"?","?","?","T","?","E","T","E","T","E","E","E","E","E","T","B","B",null],"character_chosen":"DEFECT","items_purchased":["Incubus","Panache","Storm","Panacea","NineLifeCat","Replay:Antivirus Software","Akabeko","ReplaySolidLightProjector","GuppysTail","REME_OnlineShoppingPlatform","Lee\u0027s Waffle"],"campfire_rested":0,"item_purchase_floors":[17,17,17,17,17,19,19,19,34,38,41],"current_hp_per_floor":[62,62,62,62,62,62,62,62,62,62,62,62,62,62,62,47,5,5,1,1,1,1,1,1,1,1,1,1,15,15,15,15,15,5,5,5,5,5,5,5,6,6,6,6,3,3,3,3,3,3,1],"gold":5,"neow_bonus":"","is_daily":false,"chose_seed":false,"campfire_upgraded":5,"win_rate":0.0,"timestamp":1611466957,"path_taken":["M","?","?","M","M","E","E","E","T","E","E","E","R","M","R","BOSS","M","$","M","?","M","E","E","E","T","R","$","E","E","M","R","BOSS","?","?","?","T","?","E","T","E","T","E","E","E","?","E","T","BOSS","BOSS"],"items_purchased_type":["Relic","Card","Card","Card","Relic","Relic","Relic","Card","Relic","Relic","Relic"],"build_version":"2020-12-18","purchased_purges":1,"victory":true,"max_hp_per_floor":[62,62,62,62,62,62,62,62,62,62,62,62,62,62,62,62,5,5,1,1,1,1,1,1,1,1,1,1,15,15,15,15,15,5,5,5,5,5,5,5,6,6,6,6,3,3,3,3,3,3,1],"card_choices":[{"not_picked":["Amplify"],"picked":"Reboot","floor":10.0},{"not_picked":[],"picked":"Rainbow","floor":12.0},{"not_picked":["Hyperbeam"],"picked":"Thunder Strike","floor":42}],"player_experience":555814,"relics_obtained":[{"floor":1.0,"key":"Vajra"},{"floor":3.0,"key":"D6"},{"floor":4.0,"key":"Pet Ghost"},{"floor":5.0,"key":"Geode"},{"floor":6.0,"key":"DataDisk"},{"floor":7.0,"key":"Bag of Preparation"},{"floor":8.0,"key":"TungstenRod"},{"floor":9.0,"key":"Kunai"},{"floor":10.0,"key":"Gremlin Food"},{"floor":11.0,"key":"Mercury Hourglass"},{"floor":12.0,"key":"DeathBook"},{"floor":14.0,"key":"Dota2Spire:CrimsonGuard"},{"floor":18.0,"key":"Dota2Spire:AghanimScepter"},{"floor":20.0,"key":"Divine Protection"},{"floor":22.0,"key":"Omamori"},{"floor":23.0,"key":"ReplayFunnel"},{"floor":24.0,"key":"TheBible"},{"floor":25.0,"key":"SharpPlug"},{"floor":26.0,"key":"Replay:Rubber Ducky"},{"floor":29.0,"key":"Mango"},{"floor":30,"key":"Dota2Spire:ArmletOfMordiggian"},{"floor":31,"key":"FossilizedHelix"},{"floor":35,"key":"conspire:Dentures"},{"floor":37,"key":"Pen Nib"},{"floor":39,"key":"Dota2Spire:PhaseBoots"},{"floor":40,"key":"Whetstone"},{"floor":42,"key":"Dota2Spire:MonkeyKingBar"},{"floor":43,"key":"Frozen Egg 2"},{"floor":44,"key":"Onion Ring"},{"floor":45,"key":"Dota2Spire:DivineRapier"},{"floor":46,"key":"conspire:BottledYoYo"},{"floor":47,"key":"EdensBlessing"},{"floor":48,"key":"PunchingBag"}],"event_choices":[{"damage_healed":0.0,"max_hp_gain":0.0,"max_hp_loss":0.0,"gold_gain":0.0,"event_name":"conspire:LoneGhost","player_choice":"Agree","floor":2.0,"gold_loss":0.0,"damage_taken":0.0},{"damage_healed":0.0,"max_hp_gain":0.0,"max_hp_loss":0.0,"gold_gain":0.0,"event_name":"Accursed Blacksmith","player_choice":"Rummage","floor":21.0,"gold_loss":0.0,"damage_taken":0.0,"relics_obtained":["WarpedTongs"],"cards_obtained":["Pain"]}],"is_beta":true,"boss_relics":[{"not_picked":["Black Star","Empty Cage"],"picked":"conspire:RoyalGoblet"},{"not_picked":[]},{"not_picked":["Honey Jar","Cursed Key"],"picked":"Painkiller Herb"},{"not_picked":[]}],"items_purged_floors":[28],"is_endless":false,"potions_floor_spawned":[4,5,7,10,11,14,16,18,24,25,31,39,45,46,47,48],"ascension_level":20}}