{"host":"ko40t1o51xotjt2v","time":1611529124,"event":{"mods":["2.2 Compatiblity","AchievementEnabler","Aspiration","BaseMod","Better Match","Better Third Choice","Better Vampires","Conspire","Downfall","Energized Spire","GifTheSpireLib","Halation","Hubris","Jedi Mod","Minty Spire (QoL Compilation)","MostiFishMod","Spicy Shops","Spikes Relics","StSLib","Stuff the Spire","TestMod","??????REMEMod"],"gold_per_floor":[111,131,147,147,222,251,269,269,269],"floor_reached":8,"language":"SPA","playtime":366,"items_purged":[],"score":99,"play_id":"96b9d071-f456-492b-a463-29349b3edd89","local_time":"20210124235844","is_ascension_mode":true,"campfire_choices":[],"circlet_count":0,"master_deck":["AscendersBane","Strike_R","Strike_R","Strike_R","Strike_R","Strike_R","Defend_R","Defend_R","Defend_R","Defend_R","Bash","bronze:ShipIt","Wild Strike","jedi:collectorstrike"],"relics":["Burning Blood","DaveBox","testmod-TestBox","REME_ComplimentaryCards","testmod-AssaultLearning","SacredBark","NeowsBlessing","SynthV:TestCard","Blue Candle","jedi:shrinkray"],"acts_visited":["Exordium"],"potions_floor_usage":[6],"damage_taken":[{"damage":0,"enemies":"Jaw Worm","floor":1,"turns":1},{"damage":0,"enemies":"Small Slimes","floor":2,"turns":1},{"damage":0,"enemies":"2 Louse","floor":3,"turns":1},{"damage":16,"enemies":"Gremlin Nob","floor":6,"turns":2},{"damage":38,"enemies":"Exordium Wildlife","floor":7,"turns":6},{"damage":17,"enemies":"3 Sentries","floor":8,"turns":3}],"seed_played":"6794906021620767425","potions_obtained":[{"floor":3,"key":"champ:CounterPotion"}],"is_trial":false,"path_per_floor":["M","M","M","?","?","E","M","E"],"character_chosen":"IRONCLAD","items_purchased":[],"campfire_rested":0,"item_purchase_floors":[],"current_hp_per_floor":[74,75,75,70,59,49,17,0,0],"gold":269,"neow_bonus":"THREE_ENEMY_KILL","is_daily":false,"chose_seed":false,"campfire_upgraded":0,"win_rate":0.0,"timestamp":1611529124,"path_taken":["M","M","M","?","?","E","M","E"],"items_purchased_type":[],"build_version":"2020-12-22","purchased_purges":0,"victory":false,"max_hp_per_floor":[75,75,75,75,75,75,75,75,75],"card_choices":[{"not_picked":["StuffTheSpire:Pyroclast","Searing Blow"],"picked":"Wild Strike","floor":1},{"not_picked":["jedi:fear","jedi:hate","Flame Barrier","conspire:ExplosiveBarrier","REME_Scribble"],"picked":"SKIP","floor":2},{"not_picked":["Clothesline","hubris:ReadiedAction","Havoc","Carnage","Pommel Strike"],"picked":"SKIP","floor":3},{"not_picked":["conspire:ExplosiveBarrier","Hemokinesis","Iron Wave","MostiFishMod:BrandingRite"],"picked":"jedi:collectorstrike","floor":6},{"not_picked":["jedi:fear","Headbutt","Twin Strike","Shrug It Off"],"picked":"jedi:collectorstrike","floor":7}],"player_experience":445277,"relics_obtained":[{"floor":1,"key":"SynthV:TestCard"},{"floor":6,"key":"jedi:shrinkray"}],"event_choices":[{"damage_healed":0,"gold_gain":75,"player_choice":"Gold","damage_taken":11,"max_hp_gain":0,"max_hp_loss":0,"event_name":"betterThird:BetterGoop","floor":5,"gold_loss":0}],"is_beta":false,"boss_relics":[],"items_purged_floors":[],"is_endless":false,"potions_floor_spawned":[3],"killed_by":"3 Sentries","ascension_level":14}}