{"host":"5fpb1gzflhq9886n","time":1611532504,"event":{"mods":["AchievementEnabler","BaseMod","Colored Map","Colored Powertips","Minty Spire (QoL Compilation)","Permanent Neow"],"gold_per_floor":[110,110,123,123,143,174,193,193,216,232,264,264,264,274,274,370,370,381,381,381,397,312,312,337,355,355,355,69,69,88,88,88,88,88],"floor_reached":33,"language":"ENG","playtime":1550,"items_purged":[],"score":330,"play_id":"95190da1-11d4-428c-8cdf-fe7e2a0a45ec","local_time":"20210124185504","is_ascension_mode":true,"campfire_choices":[{"floor":8,"key":"REST"},{"floor":12,"key":"REST"},{"data":"Catalyst","floor":15,"key":"SMITH"},{"floor":23,"key":"REST"},{"floor":27,"key":"REST"},{"floor":29,"key":"REST"},{"data":"Noxious Fumes","floor":32,"key":"SMITH"}],"circlet_count":0,"master_deck":["Strike_G","Strike_G","Strike_G","Strike_G","Strike_G","Defend_G","Defend_G","Defend_G","Defend_G","Defend_G","Survivor+1","Neutralize","Deadly Poison","Dash","Prepared+1","Backstab","Bullet Time","Deadly Poison","Catalyst+1","Catalyst+1","Malaise","Bane","Decay","Well Laid Plans+1","Noxious Fumes+1","Outmaneuver+1","Night Terror","Deadly Poison"],"relics":["Ring of the Snake","Tough Bandages","Anchor","Orichalcum","Boot","Strawberry","FaceOfCleric","Philosopher\u0027s Stone","MealTicket","War Paint","Juzu Bracelet","Toxic Egg 2"],"acts_visited":["Exordium","TheCity"],"potions_floor_usage":[11,16,24,25,30,33],"damage_taken":[{"damage":8,"enemies":"Small Slimes","floor":1,"turns":4},{"damage":6,"enemies":"Jaw Worm","floor":3,"turns":3},{"damage":0,"enemies":"Cultist","floor":5,"turns":3},{"damage":19,"enemies":"Gremlin Nob","floor":6,"turns":5},{"damage":0,"enemies":"2 Fungi Beasts","floor":7,"turns":3},{"damage":0,"enemies":"Red Slaver","floor":10,"turns":2},{"damage":17,"enemies":"Lagavulin","floor":11,"turns":5},{"damage":0,"enemies":"Blue Slaver","floor":14,"turns":3},{"damage":40,"enemies":"Slime Boss","floor":16,"turns":10},{"damage":43,"enemies":"Spheric Guardian","floor":18,"turns":7},{"damage":0,"enemies":"Shell Parasite","floor":21,"turns":3},{"damage":15,"enemies":"Gremlin Leader","floor":24,"turns":5},{"damage":37,"enemies":"Centurion and Healer","floor":25,"turns":4},{"damage":10,"enemies":"Cultist and Chosen","floor":30,"turns":8},{"damage":88,"enemies":"Automaton","floor":33,"turns":6}],"seed_played":"558182675032494478","potions_obtained":[{"floor":7,"key":"Fire Potion"},{"floor":10,"key":"Explosive Potion"},{"floor":11,"key":"EssenceOfSteel"},{"floor":14,"key":"Dexterity Potion"},{"floor":16,"key":"SkillPotion"},{"floor":18,"key":"PowerPotion"},{"floor":21,"key":"CunningPotion"},{"floor":24,"key":"ColorlessPotion"}],"is_trial":false,"path_per_floor":["M","?","M","?","M","E","M","R","T","M","E","R","?","M","R","B",null,"M","?","?","M","?","R","E","M","T","R","$","R","M","T","R","B"],"character_chosen":"THE_SILENT","items_purchased":["Night Terror","Juzu Bracelet"],"campfire_rested":5,"item_purchase_floors":[28,28],"current_hp_per_floor":[55,55,49,42,42,23,23,41,41,41,31,52,52,53,53,14,72,30,30,30,31,31,53,39,3,3,25,40,62,53,53,53,0,0],"gold":88,"neow_bonus":"ONE_RARE_RELIC","is_daily":false,"chose_seed":false,"campfire_upgraded":2,"win_rate":0.0,"timestamp":1611532504,"path_taken":["M","?","M","?","M","E","?","R","T","?","E","R","?","M","R","BOSS","M","?","?","?","?","R","E","M","T","R","$","R","M","?","R","BOSS"],"items_purchased_type":["Card","Relic"],"build_version":"2020-12-22","purchased_purges":0,"victory":false,"max_hp_per_floor":[63,63,63,63,63,63,63,63,63,63,70,70,70,71,71,72,72,73,73,73,74,74,74,75,76,76,76,76,76,77,77,77,77,77],"card_choices":[{"not_picked":["Prepared","Finisher"],"picked":"Deadly Poison","floor":1},{"not_picked":["Caltrops","Deadly Poison"],"picked":"Dash","floor":3},{"not_picked":["Tactician","Expertise"],"picked":"Prepared","floor":5},{"not_picked":["Riddle With Holes","Dagger Spray"],"picked":"Backstab","floor":6},{"not_picked":["Deadly Poison","Blade Dance"],"picked":"Bullet Time","floor":7},{"not_picked":["Accuracy","Well Laid Plans"],"picked":"Deadly Poison","floor":10},{"not_picked":["Sucker Punch","Glass Knife"],"picked":"Catalyst","floor":11},{"not_picked":["Sucker Punch","Concentrate"],"picked":"Catalyst","floor":14},{"not_picked":["After Image","Grand Finale"],"picked":"Malaise","floor":16},{"not_picked":["Quick Slash","Predator"],"picked":"Bane","floor":18},{"not_picked":["Blade Dance","Slice"],"picked":"Well Laid Plans+1","floor":21},{"not_picked":["Bane","Venomology"],"picked":"Noxious Fumes","floor":24},{"not_picked":["Masterful Stab","Deflect"],"picked":"Outmaneuver+1","floor":25},{"not_picked":["Heel Hook","Quick Slash"],"picked":"Deadly Poison","floor":30}],"player_experience":763118,"relics_obtained":[{"floor":6,"key":"Orichalcum"},{"floor":9,"key":"Boot"},{"floor":11,"key":"Strawberry"},{"floor":24,"key":"War Paint"},{"floor":31,"key":"Toxic Egg 2"}],"event_choices":[{"damage_healed":0,"gold_gain":0,"player_choice":"Box","damage_taken":0,"relics_obtained":["Anchor"],"max_hp_gain":0,"max_hp_loss":0,"event_name":"Big Fish","floor":2,"gold_loss":0,"cards_obtained":["Regret"]},{"cards_removed":["Regret"],"damage_healed":0,"gold_gain":0,"player_choice":"Card Removal","damage_taken":7,"max_hp_gain":0,"max_hp_loss":0,"event_name":"Golden Wing","floor":4,"gold_loss":0},{"damage_healed":0,"gold_gain":0,"player_choice":"Trade","damage_taken":0,"relics_obtained":["FaceOfCleric"],"max_hp_gain":0,"max_hp_loss":0,"event_name":"FaceTrader","floor":13,"gold_loss":0},{"damage_healed":0,"gold_gain":0,"player_choice":"Smashed Altar","damage_taken":0,"max_hp_gain":0,"max_hp_loss":0,"event_name":"Forgotten Altar","floor":19,"gold_loss":0,"cards_obtained":["Decay"]},{"damage_healed":0,"gold_gain":0,"player_choice":"Upgraded","damage_taken":0,"max_hp_gain":0,"max_hp_loss":0,"event_name":"Upgrade Shrine","floor":20,"gold_loss":0,"cards_upgraded":["Catalyst"]},{"damage_healed":0,"gold_gain":0,"player_choice":"Obtained Relic","damage_taken":0,"relics_obtained":["MealTicket"],"max_hp_gain":0,"max_hp_loss":0,"event_name":"Addict","floor":22,"gold_loss":85}],"is_beta":false,"boss_relics":[{"not_picked":["SlaversCollar","Ectoplasm"],"picked":"Philosopher\u0027s Stone"}],"items_purged_floors":[],"is_endless":false,"potions_floor_spawned":[7,10,11,14,16,18,21,24],"killed_by":"Automaton","ascension_level":4}}