{"host":"ggy1mjjy92c62u6a","time":1611458649,"event":{"mods":["10 clothes from DAL","ATMod(阿瑾Mod)","Act Like it!","BaseMod","Colored Powertips","Downfall","GifTheSpireLib","Minty Spire (QoL Compilation)","Quick Restart","Relic Stats","RumiaBox-露米娅的神秘盒子","Shop Mod","Spicy Shops","StSLib","TestMod","Waifu the Spire","Warlord Emblem","【功能Mod】混沌之环修复补丁","【遗物Mod】死灵法师NEW","【遗物卡牌】REMEMod"],"gold_per_floor":[99,122,397,419,438,438,438,438,456,9,12,12,12],"floor_reached":11,"language":"ZHS","playtime":474,"items_purged":["bronze:Strike"],"score":62,"play_id":"7f8de294-9b20-4f0f-b9a2-6cbb3b330e48","local_time":"20210124112409","is_ascension_mode":false,"campfire_choices":[{"floor":1.0,"key":"RECALL"},{"data":"AT_ChampionStep","floor":6.0,"key":"SMITH"}],"circlet_count":0,"master_deck":["bronze:Strike","bronze:Strike","bronze:Strike","bronze:Defend","bronze:Defend","bronze:Defend","bronze:Defend","bronze:Replicate","bronze:Goto","Guardian:ArmoredProtocol","AT_ChampionStep+1","bronze:Overheat","bronze:Optimize+1","bronze:Frontload","bronze:DelayedSlice","bronze:NullPointer"],"relics":["bronze:BronzeCore","REME_ComplimentaryCards","AT_ATBox","testmod-TestBox","testmod-Acrobat","Spirit Poop","AT_SilvercatRing"],"acts_visited":["Exordium"],"potions_floor_usage":[11],"damage_taken":[{"damage":6.0,"enemies":"Small Slimes","floor":2.0,"turns":3.0},{"damage":8.0,"enemies":"Cultist","floor":4.0,"turns":4.0},{"damage":20.0,"enemies":"Jaw Worm","floor":5.0,"turns":5.0},{"damage":21.0,"enemies":"Large Slime","floor":9.0,"turns":6.0},{"damage":5.0,"enemies":"downfall:FleeingMerchant","floor":10.0,"turns":4.0},{"damage":31,"enemies":"Lagavulin","floor":11,"turns":5}],"seed_played":"-6989312129363680763","potions_obtained":[{"floor":4.0,"key":"SkillPotion"}],"is_trial":false,"path_per_floor":["R","M","?","M","M","R","T","?","M","$","E"],"character_chosen":"THE_AUTOMATON","items_purchased":["AT_SilvercatRing","bronze:NullPointer"],"campfire_rested":0,"item_purchase_floors":[10,10],"current_hp_per_floor":[77,71,71,63,43,43,43,43,22,17,0,0,0],"gold":12,"neow_bonus":"TEN_PERCENT_HP_BONUS","is_daily":false,"chose_seed":false,"campfire_upgraded":1,"win_rate":0.0,"timestamp":1611458649,"path_taken":["R","M","?","?","M","R","T","?","M","$","E"],"items_purchased_type":["Relic","Card"],"build_version":"2020-12-22","purchased_purges":1,"victory":false,"max_hp_per_floor":[77,77,77,77,77,77,77,77,77,77,77,77,77],"relic_stats":{"counters":[6,27],"obtain_stats":[{"bronze:BronzeCore":0,"AT_ATBox":0,"testmod-TestBox":0,"testmod-Acrobat":0,"Spirit Poop":8,"AT_SilvercatRing":10,"REME_ComplimentaryCards":0},{"bronze:BronzeCore":0,"AT_ATBox":0,"testmod-TestBox":0,"testmod-Acrobat":0,"Spirit Poop":3,"AT_SilvercatRing":5,"REME_ComplimentaryCards":0},{"bronze:BronzeCore":0,"AT_ATBox":0,"testmod-TestBox":0,"testmod-Acrobat":0,"Spirit Poop":12,"AT_SilvercatRing":22,"REME_ComplimentaryCards":0}]},"card_choices":[{"not_picked":["bronze:CloningBeam","bronze:OilSpill"],"picked":"bronze:Overheat","floor":2.0},{"not_picked":["bronze:FollowUp","bronze:Deprecate","bronze:Backtrace"],"picked":"SKIP","floor":4.0},{"not_picked":["bronze:Invalidate","bronze:Fortify"],"picked":"bronze:Optimize","floor":5.0},{"not_picked":["bronze:Overheat","bronze:DelayedGuard"],"picked":"bronze:Frontload","floor":9.0},{"not_picked":["bronze:DigitalCarnage","bronze:HardenedForm"],"picked":"bronze:DelayedSlice","floor":10.0}],"player_experience":94061,"relics_obtained":[],"event_choices":[{"cards_removed":["Regret"],"damage_healed":0.0,"max_hp_gain":0.0,"max_hp_loss":0.0,"gold_gain":0.0,"event_name":"Bonfire Elementals","player_choice":"Offered Curse","floor":8.0,"gold_loss":0.0,"damage_taken":0.0,"relics_obtained":["Spirit Poop"]}],"is_beta":false,"boss_relics":[],"items_purged_floors":[10],"is_endless":false,"potions_floor_spawned":[4],"killed_by":"Lagavulin","ascension_level":0}}