{"host":"oigynbtg272c19pw","time":1611491199,"event":{"mods":["BaseMod","Colored Map","Minty Spire (QoL Compilation)","Relic Stats","Slay the Relics Exporter","StSLib"],"gold_per_floor":[116,41,54,65,65,65,95,95,118,129,146,174,190,222,222,298,298,312,16,32,45,55,87,101,101,153,185,185,214,233,248,248,321,321,361,1,13,58,58,58,123,123,147,192,226,268,326,376,376,406,436,436,436,13,40,40],"floor_reached":57,"playtime":4267,"items_purged":["Injury","Strike_P","Strike_P","Defend_P+1"],"score":3256,"play_id":"083f506a-e483-4219-8672-41a473a25be3","local_time":"20210124132639","is_ascension_mode":true,"campfire_choices":[{"data":"Consecrate","floor":6.0,"key":"SMITH"},{"data":"DeceiveReality","floor":8.0,"key":"SMITH"},{"floor":15.0,"key":"REST"},{"data":"Adaptation","floor":25.0,"key":"SMITH"},{"floor":32.0,"key":"RECALL"},{"data":"Wish","floor":40.0,"key":"SMITH"},{"data":"Ragnarok","floor":42.0,"key":"SMITH"},{"floor":49.0,"key":"REST"},{"floor":53.0,"key":"REST"}],"circlet_count":0,"master_deck":["AscendersBane","Defend_P+1","Defend_P+1","Defend_P+1","Eruption+1","Vigilance","Consecrate+1","Weave+1","DeceiveReality+1","Worship+1","Prostrate+1","LessonLearned+1","SandsOfTime+1","Tantrum+1","FlurryOfBlows+1","Ragnarok+1","TalkToTheHand+1","BowlingBash+1","Worship+1","Adaptation+1","FlurryOfBlows+1","EmptyBody+1","EmptyFist+1","TalkToTheHand+1","InnerPeace+1","Wish+1","Consecrate+1","Collect+1","JustLucky+1","Fasting2+1","TalkToTheHand+1","Fasting2+1","CutThroughFate+1","Wallop+1","Fasting2+1"],"relics":["HolyWater","Incense Burner","Bag of Preparation","Damaru","Kunai","Ornamental Fan","Lee\u0027s Waffle","Vajra","Toy Ornithopter","Bottled Lightning","GoldenEye","Cursed Key","OrangePellets","Omamori","Bronze Scales","Centennial Puzzle","Toolbox","Yang"],"acts_visited":["Exordium","TheCity","TheBeyond","TheEnding"],"potions_floor_usage":[56,56],"damage_taken":[{"damage":4.0,"enemies":"Cultist","floor":1.0,"turns":5.0},{"damage":1.0,"enemies":"2 Louse","floor":3.0,"turns":2.0},{"damage":0.0,"enemies":"Small Slimes","floor":4.0,"turns":1.0},{"damage":0.0,"enemies":"Lagavulin","floor":7.0,"turns":7.0},{"damage":21.0,"enemies":"Exordium Thugs","floor":10.0,"turns":6.0},{"damage":0.0,"enemies":"Gremlin Gang","floor":11.0,"turns":1.0},{"damage":4.0,"enemies":"Gremlin Nob","floor":12.0,"turns":4.0},{"damage":3.0,"enemies":"Lots of Slimes","floor":13.0,"turns":4.0},{"damage":4.0,"enemies":"Lagavulin","floor":14.0,"turns":7.0},{"damage":12.0,"enemies":"The Guardian","floor":16.0,"turns":8.0},{"damage":2.0,"enemies":"3 Byrds","floor":18.0,"turns":3.0},{"damage":3.0,"enemies":"Shell Parasite","floor":20.0,"turns":7.0},{"damage":6.0,"enemies":"Cultist and Chosen","floor":21.0,"turns":3.0},{"damage":3.0,"enemies":"Snake Plant","floor":22.0,"turns":5.0},{"damage":0.0,"enemies":"Book of Stabbing","floor":23.0,"turns":4.0},{"damage":1.0,"enemies":"Sentry and Sphere","floor":24.0,"turns":5.0},{"damage":0.0,"enemies":"Gremlin Leader","floor":27.0,"turns":4.0},{"damage":0.0,"enemies":"Slavers","floor":29.0,"turns":3.0},{"damage":0.0,"enemies":"Centurion and Healer","floor":30.0,"turns":5.0},{"damage":0.0,"enemies":"Cultist and Chosen","floor":31.0,"turns":3.0},{"damage":0.0,"enemies":"Champ","floor":33.0,"turns":10.0},{"damage":3.0,"enemies":"Orb Walker","floor":35.0,"turns":4.0},{"damage":0.0,"enemies":"3 Darklings","floor":37.0,"turns":3.0},{"damage":0.0,"enemies":"4 Shapes","floor":38.0,"turns":4.0},{"damage":6.0,"enemies":"Reptomancer","floor":41.0,"turns":7.0},{"damage":3.0,"enemies":"Jaw Worm Horde","floor":44.0,"turns":4.0},{"damage":0.0,"enemies":"Nemesis","floor":45.0,"turns":5.0},{"damage":0.0,"enemies":"Sphere and 2 Shapes","floor":46.0,"turns":4.0},{"damage":9.0,"enemies":"Reptomancer","floor":47.0,"turns":4.0},{"damage":18.0,"enemies":"3 Darklings","floor":48.0,"turns":5.0},{"damage":29.0,"enemies":"Time Eater","floor":50.0,"turns":6.0},{"damage":12.0,"enemies":"Donu and Deca","floor":51.0,"turns":5.0},{"damage":0.0,"enemies":"Shield and Spear","floor":55.0,"turns":3.0},{"damage":22,"enemies":"The Heart","floor":56,"turns":9}],"seed_played":"-6363935646584147465","potions_obtained":[{"floor":4.0,"key":"LiquidMemories"},{"floor":7.0,"key":"Weak Potion"},{"floor":10.0,"key":"SteroidPotion"},{"floor":12.0,"key":"Ancient Potion"},{"floor":13.0,"key":"Strength Potion"},{"floor":21.0,"key":"Strength Potion"},{"floor":22.0,"key":"Strength Potion"},{"floor":23.0,"key":"DistilledChaos"},{"floor":24.0,"key":"SneckoOil"},{"floor":30.0,"key":"CultistPotion"},{"floor":33.0,"key":"ColorlessPotion"},{"floor":38.0,"key":"Block Potion"},{"floor":41.0,"key":"SneckoOil"},{"floor":48.0,"key":"Ambrosia"}],"is_trial":false,"path_per_floor":["M","$","M","M","?","R","E","R","T","M","M","E","M","E","R","B",null,"M","$","M","M","M","E","M","R","T","E","?","E","M","M","R","B",null,"M","$","M","M","?","R","E","R","T","M","E","M","E","M","R","B","B",null,"R","$","E","B",null],"character_chosen":"WATCHER","items_purchased":["Lee\u0027s Waffle","BowlingBash","OrangePellets","Collect","Toolbox","SpeedPotion","Fire Potion"],"campfire_rested":3,"item_purchase_floors":[19,19,36,36,54,54,54],"current_hp_per_floor":[57,57,56,56,49,49,49,49,49,28,28,24,21,17,37,25,57,55,75,72,66,63,63,62,62,62,67,67,67,67,67,67,72,74,71,71,71,71,71,71,69,69,69,66,71,71,66,48,70,46,34,65,75,75,75,53],"gold":40,"neow_bonus":"ONE_RARE_RELIC","is_daily":false,"chose_seed":false,"campfire_upgraded":5,"win_rate":0.0,"timestamp":1611491199,"path_taken":["M","$","?","?","?","R","E","R","T","M","M","E","M","E","R","BOSS","M","$","M","M","M","E","M","R","T","E","?","E","M","M","R","BOSS","M","$","M","M","?","R","E","R","T","M","E","?","E","M","R","BOSS","BOSS","R","$","E","BOSS"],"items_purchased_type":["Relic","Card","Relic","Card","Relic","Potion","Potion"],"build_version":"2020-12-13","purchased_purges":4,"victory":true,"max_hp_per_floor":[68,68,68,68,68,68,68,68,68,68,68,68,68,68,68,68,68,68,75,75,75,75,75,75,75,75,75,75,75,75,75,75,75,75,75,75,75,75,75,75,75,75,75,75,75,75,75,75,75,75,75,75,75,75,75,75],"relic_stats":{"Lee\u0027s Waffle":20,"counters":[34,160],"Yang":[23],"Bag of Preparation":[58],"GoldenEye":[32],"Cursed Key":1,"OrangePellets":[20],"Centennial Puzzle":[12],"Ornamental Fan":[320],"Bronze Scales":[192],"Kunai":[81],"obtain_stats":[{"Lee\u0027s Waffle":19,"Damaru":9,"Vajra":23,"Yang":55,"Incense Burner":0,"Bag of Preparation":7,"Omamori":41,"GoldenEye":29,"Cursed Key":34,"OrangePellets":36,"Centennial Puzzle":47,"Ornamental Fan":14,"Bronze Scales":45,"HolyWater":17,"Toolbox":54,"Kunai":12,"Bottled Lightning":27,"PureWater":0,"Toy Ornithopter":26},{"Lee\u0027s Waffle":11,"Damaru":4,"Vajra":15,"Yang":33,"Incense Burner":0,"Bag of Preparation":4,"Omamori":25,"GoldenEye":18,"Cursed Key":21,"OrangePellets":22,"Centennial Puzzle":29,"Ornamental Fan":9,"Bronze Scales":27,"HolyWater":10,"Toolbox":32,"Kunai":7,"Bottled Lightning":17,"PureWater":0,"Toy Ornithopter":16},{"Lee\u0027s Waffle":48,"Damaru":15,"Vajra":67,"Yang":151,"Incense Burner":0,"Bag of Preparation":15,"Omamori":115,"GoldenEye":79,"Cursed Key":97,"OrangePellets":101,"Centennial Puzzle":132,"Ornamental Fan":37,"Bronze Scales":124,"HolyWater":45,"Toolbox":148,"Kunai":26,"Bottled Lightning":76,"PureWater":0,"Toy Ornithopter":72}],"Toy Ornithopter":28},"card_choices":[{"not_picked":["Fasting2","Protect"],"picked":"Consecrate","floor":1.0},{"not_picked":["Crescendo","ReachHeaven"],"picked":"Weave","floor":3.0},{"not_picked":["BowlingBash","EmptyBody"],"picked":"DeceiveReality","floor":4.0},{"not_picked":["WreathOfFlame","ClearTheMind"],"picked":"Worship","floor":7.0},{"not_picked":["CutThroughFate","FlurryOfBlows"],"picked":"Prostrate","floor":10.0},{"not_picked":["SashWhip","Protect"],"picked":"LessonLearned","floor":11.0},{"not_picked":["SashWhip","Worship"],"picked":"SandsOfTime","floor":12.0},{"not_picked":["Consecrate","BowlingBash"],"picked":"Tantrum","floor":13.0},{"not_picked":["ReachHeaven","ThirdEye"],"picked":"FlurryOfBlows","floor":14.0},{"not_picked":["ConjureBlade","Establishment"],"picked":"Ragnarok","floor":16.0},{"not_picked":["SashWhip","Tantrum"],"picked":"TalkToTheHand","floor":18.0},{"not_picked":["Study","SandsOfTime"],"picked":"Worship+1","floor":20.0},{"not_picked":["Crescendo","FollowUp"],"picked":"Adaptation","floor":21.0},{"not_picked":["Evaluate","Protect+1"],"picked":"FlurryOfBlows+1","floor":22.0},{"not_picked":["ClearTheMind","Halt"],"picked":"EmptyBody","floor":23.0},{"not_picked":["Swivel","EmptyBody","ForeignInfluence+1"],"picked":"SKIP","floor":24.0},{"not_picked":["Swivel","EmptyBody","ForeignInfluence+1"],"picked":"SKIP","floor":24.0},{"not_picked":["Prostrate","Nirvana"],"picked":"EmptyFist","floor":27.0},{"not_picked":["Prostrate","ReachHeaven","DeceiveReality"],"picked":"SKIP","floor":29.0},{"not_picked":["WheelKick","Prostrate+1"],"picked":"InnerPeace","floor":30.0},{"not_picked":["PathToVictory","Judgement","CrushJoints+1"],"picked":"SKIP","floor":31.0},{"not_picked":["Blasphemy","MasterReality"],"picked":"Wish","floor":33.0},{"not_picked":["BowlingBash","ClearTheMind"],"picked":"Consecrate","floor":35.0},{"not_picked":["FollowUp+1","ClearTheMind"],"picked":"JustLucky+1","floor":37.0},{"not_picked":["BowlingBash","CrushJoints"],"picked":"Fasting2+1","floor":38.0},{"not_picked":["FlyingSleeves","Protect"],"picked":"TalkToTheHand+1","floor":41.0},{"not_picked":["EmptyFist","LikeWater"],"picked":"Fasting2","floor":44.0},{"not_picked":["Alpha","Crescendo"],"picked":"CutThroughFate","floor":45.0},{"not_picked":["PathToVictory","Consecrate","EmptyBody+1"],"picked":"SKIP","floor":46.0},{"not_picked":["FlurryOfBlows+1","Blasphemy","Protect"],"picked":"SKIP","floor":47.0},{"not_picked":["Adaptation","Consecrate"],"picked":"Wallop","floor":48.0},{"not_picked":["ForeignInfluence+1","SashWhip"],"picked":"Fasting2+1","floor":55.0}],"player_experience":1480097,"relics_obtained":[{"floor":7.0,"key":"Bag of Preparation"},{"floor":9.0,"key":"Damaru"},{"floor":12.0,"key":"Kunai"},{"floor":14.0,"key":"Ornamental Fan"},{"floor":23.0,"key":"Vajra"},{"floor":26.0,"key":"Toy Ornithopter"},{"floor":27.0,"key":"Bottled Lightning"},{"floor":29.0,"key":"GoldenEye"},{"floor":41.0,"key":"Omamori"},{"floor":45.0,"key":"Bronze Scales"},{"floor":47.0,"key":"Centennial Puzzle"},{"floor":55.0,"key":"Yang"}],"event_choices":[{"cards_removed":["Strike_P"],"damage_healed":0.0,"max_hp_gain":0.0,"max_hp_loss":0.0,"gold_gain":0.0,"event_name":"Golden Wing","player_choice":"Card Removal","floor":5.0,"gold_loss":0.0,"damage_taken":7.0},{"damage_healed":0.0,"max_hp_gain":0.0,"max_hp_loss":0.0,"gold_gain":0.0,"event_name":"Duplicator","player_choice":"Copied","floor":28.0,"gold_loss":0.0,"damage_taken":0.0,"cards_obtained":["TalkToTheHand"]},{"cards_removed":["Strike_P"],"damage_healed":0.0,"max_hp_gain":0.0,"max_hp_loss":0.0,"gold_gain":0.0,"event_name":"Purifier","player_choice":"Purged","floor":39.0,"gold_loss":0.0,"damage_taken":0.0}],"is_beta":false,"boss_relics":[{"not_picked":["Tiny House","Snecko Eye"],"picked":"HolyWater"},{"not_picked":["Astrolabe","Calling Bell"],"picked":"Cursed Key"}],"items_purged_floors":[2,19,36,54],"is_endless":false,"potions_floor_spawned":[4,7,10,12,13,21,22,23,24,30,33,38,41,44,48],"ascension_level":20}}