{"host":"h3bgw7p7cb1roykn","time":1611489565,"event":{"mods":["AchievementEnabler","BaseMod","Colored Map","Minty Spire (QoL Compilation)","StSLib"],"gold_per_floor":[110,110,110,210,223,223,261,285,285,318,318,11,11,34,34,154,154,122,47,47,61,75,75,75],"floor_reached":23,"language":"ENG","playtime":778,"items_purged":["Strike_R"],"score":229,"play_id":"22dcc7df-35f4-4078-bce7-11a75590db17","local_time":"20210124125925","is_ascension_mode":true,"campfire_choices":[{"data":"Clothesline","floor":6,"key":"SMITH"},{"floor":11,"key":"REST"},{"data":"Shrug It Off","floor":13,"key":"SMITH"},{"data":"Headbutt","floor":15,"key":"SMITH"}],"circlet_count":0,"master_deck":["Strike_R","Strike_R","Strike_R","Strike_R","Defend_R","Defend_R","Defend_R","Defend_R","Bash","Shrug It Off+1","Clothesline+1","Disarm+1","Headbutt+1","Bloodletting+1","Reaper","CurseOfTheBell","Limit Break+1","Battle Trance+1","Seeing Red+1"],"relics":["Burning Blood","Golden Idol","Toxic Egg 2","Dream Catcher","Blue Candle","Bag of Marbles","Sling","Calling Bell","Blood Vial","InkBottle","Ginger"],"acts_visited":["Exordium","TheCity"],"potions_floor_usage":[7,10,14,16,23,23],"damage_taken":[{"damage":4,"enemies":"2 Louse","floor":1,"turns":4},{"damage":1,"enemies":"Jaw Worm","floor":5,"turns":5},{"damage":17,"enemies":"Gremlin Nob","floor":7,"turns":5},{"damage":0,"enemies":"Cultist","floor":8,"turns":4},{"damage":33,"enemies":"Lagavulin","floor":10,"turns":6},{"damage":4,"enemies":"Looter","floor":14,"turns":3},{"damage":19,"enemies":"The Guardian","floor":16,"turns":11},{"damage":37,"enemies":"2 Thieves","floor":18,"turns":5},{"damage":8,"enemies":"Chosen","floor":21,"turns":8},{"damage":58,"enemies":"Snecko","floor":22,"turns":7},{"damage":32,"enemies":"Book of Stabbing","floor":23,"turns":4}],"seed_played":"-2375065600837809593","potions_obtained":[{"floor":1,"key":"EssenceOfSteel"},{"floor":8,"key":"FearPotion"},{"floor":10,"key":"AttackPotion"},{"floor":14,"key":"Fruit Juice"},{"floor":18,"key":"Strength Potion"},{"floor":21,"key":"FearPotion"}],"is_trial":false,"path_per_floor":["M","?","T","?","M","R","E","M","T","E","R","$","R","M","R","B",null,"M","$","?","M","M","E"],"character_chosen":"IRONCLAD","items_purchased":["Bag of Marbles","Sling"],"campfire_rested":1,"item_purchase_floors":[12,12],"current_hp_per_floor":[88,66,66,66,71,71,60,66,66,39,65,65,65,72,72,59,93,70,70,70,74,30,0,0],"gold":75,"neow_bonus":"TEN_PERCENT_HP_BONUS","is_daily":false,"chose_seed":false,"campfire_upgraded":3,"win_rate":0.0,"timestamp":1611489565,"path_taken":["M","?","?","?","?","R","E","M","T","E","R","$","R","M","R","BOSS","M","$","?","M","M","E"],"items_purchased_type":["Relic","Relic"],"build_version":"2020-12-22","purchased_purges":1,"victory":false,"max_hp_per_floor":[88,88,88,88,88,88,88,88,88,88,88,88,88,93,93,93,93,93,93,93,93,93,93,93],"card_choices":[{"not_picked":["Disarm","Pommel Strike"],"picked":"Shrug It Off","floor":1},{"not_picked":["True Grit+1","Sentinel+1"],"picked":"Clothesline","floor":5},{"not_picked":["Blood for Blood","Iron Wave"],"picked":"Disarm+1","floor":7},{"not_picked":["Sword Boomerang","Rupture"],"picked":"Headbutt","floor":8},{"not_picked":["Hemokinesis","Heavy Blade"],"picked":"Bloodletting+1","floor":10},{"not_picked":["Metallicize","Sword Boomerang","Wild Strike"],"picked":"SKIP","floor":14},{"not_picked":["Berserk","Fiend Fire"],"picked":"Reaper","floor":16},{"not_picked":["Perfected Strike","Clothesline","Iron Wave"],"picked":"SKIP","floor":18},{"not_picked":["Carnage","Blood for Blood"],"picked":"Battle Trance+1","floor":21},{"not_picked":["Iron Wave+1","Anger"],"picked":"Seeing Red+1","floor":22}],"player_experience":229810,"relics_obtained":[{"floor":3,"key":"Toxic Egg 2"},{"floor":7,"key":"Dream Catcher"},{"floor":10,"key":"Blue Candle"},{"floor":17,"key":"Blood Vial"},{"floor":17,"key":"InkBottle"},{"floor":17,"key":"Ginger"}],"event_choices":[{"damage_healed":0,"gold_gain":0,"player_choice":"Take Damage","damage_taken":22,"relics_obtained":["Golden Idol"],"max_hp_gain":0,"max_hp_loss":0,"event_name":"Golden Idol","floor":2,"gold_loss":0},{"damage_healed":0,"gold_gain":100,"player_choice":"Pray","damage_taken":0,"max_hp_gain":0,"max_hp_loss":0,"event_name":"Golden Shrine","floor":4,"gold_loss":0},{"damage_healed":0,"gold_gain":0,"player_choice":"1 cards matched","damage_taken":0,"max_hp_gain":0,"max_hp_loss":0,"event_name":"Match and Keep!","floor":20,"gold_loss":0,"cards_obtained":["Limit Break"]}],"is_beta":false,"boss_relics":[{"not_picked":["Cursed Key","Velvet Choker"],"picked":"Calling Bell"}],"items_purged_floors":[19],"is_endless":false,"potions_floor_spawned":[1,8,10,14,18,21],"killed_by":"Book of Stabbing","ascension_level":3}}