{"host":"swphzoo6hmc78epl","time":1611451619,"event":{"mods":["BaseMod","Highlight Path","Minty Spire (QoL Compilation)","Quick Restart"],"gold_per_floor":[117,117,135,235,247,279,297,323,394,394,408,438,438,458,458,579,579,597,77,77,95,95,128,128,128,128],"floor_reached":25,"language":"ENG","playtime":1160,"items_purged":["Injury"],"score":320,"play_id":"b0cfd732-29ea-4c75-ade2-34a2ced8a010","local_time":"20210123202659","is_ascension_mode":true,"campfire_choices":[{"data":"WindmillStrike","floor":13,"key":"SMITH"},{"data":"Eruption","floor":15,"key":"SMITH"},{"floor":24,"key":"REST"}],"circlet_count":0,"master_deck":["Strike_P","Strike_P","Strike_P","Defend_P","Defend_P","Defend_P","Defend_P","Eruption+1","Vigilance","SashWhip","BowlingBash","FlurryOfBlows","WindmillStrike+1","DevaForm","JustLucky","CutThroughFate","ClearTheMind","Establishment","FlurryOfBlows","Swift Strike+1","FlurryOfBlows+1","Protect+1","Consecrate"],"relics":["PureWater","NeowsBlessing","StrikeDummy","Ginger","Shuriken","Golden Idol","Regal Pillow","SlaversCollar","Whetstone","OrangePellets","Anchor","StoneCalendar"],"acts_visited":["Exordium","TheCity"],"potions_floor_usage":[11,16,18,21,25,25,25],"damage_taken":[{"damage":0,"enemies":"2 Louse","floor":1,"turns":1},{"damage":0,"enemies":"Small Slimes","floor":3,"turns":1},{"damage":0,"enemies":"Cultist","floor":5,"turns":1},{"damage":17,"enemies":"3 Sentries","floor":6,"turns":8},{"damage":0,"enemies":"Large Slime","floor":7,"turns":4},{"damage":0,"enemies":"Gremlin Nob","floor":8,"turns":2},{"damage":1,"enemies":"3 Louse","floor":11,"turns":2},{"damage":0,"enemies":"Blue Slaver","floor":14,"turns":2},{"damage":34,"enemies":"The Guardian","floor":16,"turns":11},{"damage":11,"enemies":"Shell Parasite","floor":18,"turns":4},{"damage":11,"enemies":"2 Thieves","floor":21,"turns":3},{"damage":24,"enemies":"Book of Stabbing","floor":23,"turns":5},{"damage":49,"enemies":"Gremlin Leader","floor":25,"turns":6}],"seed_played":"-4758434860605459269","potions_obtained":[{"floor":6,"key":"Fire Potion"},{"floor":7,"key":"LiquidMemories"},{"floor":8,"key":"DuplicationPotion"},{"floor":14,"key":"LiquidBronze"},{"floor":16,"key":"DistilledChaos"},{"floor":21,"key":"BottledMiracle"},{"floor":23,"key":"Dexterity Potion"}],"is_trial":false,"path_per_floor":["M","?","M","?","M","E","M","E","T","?","M","?","R","M","R","B",null,"M","$","?","M","?","E","R","E"],"character_chosen":"WATCHER","items_purchased":["Swift Strike","FlurryOfBlows","Whetstone","OrangePellets"],"campfire_rested":1,"item_purchase_floors":[19,19,19,19],"current_hp_per_floor":[72,72,72,72,72,55,55,55,55,55,54,54,54,54,54,20,59,48,48,48,37,37,13,49,0,0],"gold":128,"neow_bonus":"THREE_ENEMY_KILL","is_daily":false,"chose_seed":false,"campfire_upgraded":2,"win_rate":0.0,"timestamp":1611451619,"path_taken":["M","?","M","?","?","E","M","E","T","?","M","?","R","M","R","BOSS","M","$","?","M","?","E","R","E"],"items_purchased_type":["Card","Card","Relic","Relic"],"build_version":"2020-12-22","purchased_purges":1,"victory":false,"max_hp_per_floor":[72,72,72,72,72,72,72,72,72,72,72,72,72,72,72,72,72,72,72,72,72,72,72,72,72,72],"card_choices":[{"not_picked":["EmptyBody","ThirdEye"],"picked":"SashWhip","floor":1},{"not_picked":["ThirdEye","ClearTheMind"],"picked":"BowlingBash","floor":3},{"not_picked":["FollowUp","ThirdEye"],"picked":"FlurryOfBlows","floor":5},{"not_picked":["ClearTheMind","Nirvana"],"picked":"WindmillStrike","floor":6},{"not_picked":["SandsOfTime","SashWhip"],"picked":"DevaForm","floor":7},{"not_picked":["Pray","SignatureMove"],"picked":"JustLucky","floor":8},{"not_picked":["Evaluate","BowlingBash"],"picked":"CutThroughFate","floor":11},{"not_picked":["JustLucky","SashWhip"],"picked":"ClearTheMind","floor":14},{"not_picked":["Blasphemy","DevaForm"],"picked":"Establishment","floor":16},{"not_picked":["CutThroughFate","EmptyFist+1"],"picked":"FlurryOfBlows","floor":18},{"not_picked":["FlyingSleeves","EmptyFist"],"picked":"Protect+1","floor":21},{"not_picked":["InnerPeace","JustLucky"],"picked":"Consecrate","floor":23}],"player_experience":815701,"relics_obtained":[{"floor":6,"key":"StrikeDummy"},{"floor":8,"key":"Ginger"},{"floor":9,"key":"Shuriken"},{"floor":23,"key":"StoneCalendar"}],"event_choices":[{"cards_removed":["Strike_P"],"damage_healed":0,"gold_gain":0,"player_choice":"Forget","damage_taken":0,"max_hp_gain":0,"max_hp_loss":0,"event_name":"Living Wall","floor":2,"gold_loss":0},{"damage_healed":0,"gold_gain":100,"player_choice":"Pray","damage_taken":0,"max_hp_gain":0,"max_hp_loss":0,"event_name":"Golden Shrine","floor":4,"gold_loss":0},{"damage_healed":0,"gold_gain":0,"player_choice":"Take Wound","damage_taken":0,"relics_obtained":["Golden Idol"],"max_hp_gain":0,"max_hp_loss":0,"event_name":"Golden Idol","floor":10,"gold_loss":0,"cards_obtained":["Injury"]},{"damage_healed":0,"gold_gain":30,"player_choice":"Searched \u00273\u0027 times","damage_taken":0,"relics_obtained":["Regal Pillow"],"max_hp_gain":0,"max_hp_loss":0,"event_name":"Dead Adventurer","floor":12,"gold_loss":0},{"damage_healed":0,"gold_gain":0,"player_choice":"Opened","damage_taken":0,"relics_obtained":["Anchor"],"max_hp_gain":0,"max_hp_loss":0,"event_name":"The Mausoleum","floor":20,"gold_loss":0,"cards_obtained":["Writhe"]},{"cards_removed":["Writhe"],"damage_healed":0,"gold_gain":0,"player_choice":"Elegance","damage_taken":0,"max_hp_gain":0,"max_hp_loss":0,"event_name":"Back to Basics","floor":22,"gold_loss":0}],"is_beta":false,"boss_relics":[{"not_picked":["Runic Dome","Fusion Hammer"],"picked":"SlaversCollar"}],"items_purged_floors":[19],"is_endless":false,"potions_floor_spawned":[6,7,8,14,16,21,23],"killed_by":"Gremlin Leader","ascension_level":5}}