{"host":"lvglfvqy3xrupc2a","time":1611520298,"event":{"mods":["Act Like it!","Aspiration","BaseMod","Better Altar","Better Match","Better Note","Better Sensory Stone","Better Skull","Better Third Choice","BetterRewards","Conspire","Dark Map","Friendly Minions","Gensokyo","Grow up Mod","GungeonMod","Hallownest","Hubris","HumanHunterMod(????mod)","Humility","Infinite Spire","Ironclad Rager","Lobotomy","LobotomyExtend","Mimic Mod","Minty Spire (QoL Compilation)","MostiFishMod","Remove Card Discount Mod","Replay The Spire","Reworked Bosses","Spicy Shops","StSLib","The Blue Laboratory","Uncapped","[IsaacMod]????","vexMod"],"gold_per_floor":[111,145,155,166,26,26,26],"floor_reached":6,"language":"ENG","playtime":334,"items_purged":[],"score":100,"play_id":"ed5bc452-2414-40bd-95d1-2662f50f725d","local_time":"20210124143138","is_ascension_mode":true,"campfire_choices":[],"circlet_count":0,"master_deck":["Strike_B","Strike_B","Strike_B","Strike_B","Defend_B","Defend_B","Defend_B","Defend_B","Zap","Dualcast","MHz","Go for the Eyes","ShyLook","Compile Driver","CherryBlossoms","FIFO Queue","OSAHOGD","Conserve Battery","Leap"],"relics":["Cracked Core","HushsDoor","DaveBox","CogitoBucket","RabbitCall","Leech","SacredBark","SynthV:TestCard","LetterFromLob","aspiration:Lifesprig","DemoMod:GnawedKey"],"acts_visited":["Exordium"],"potions_floor_usage":[],"damage_taken":[{"damage":7,"enemies":"Small Slimes","floor":1,"turns":4},{"damage":4,"enemies":"Jaw Worm","floor":2,"turns":6},{"damage":26,"enemies":"Jaw Worm","floor":3,"turns":5},{"damage":0,"enemies":"Cultist","floor":4,"turns":3},{"damage":30,"enemies":"3 Sentries","floor":6,"turns":4}],"seed_played":"7792098670137242691","potions_obtained":[],"is_trial":false,"path_per_floor":["M","?","M","M","$","E"],"character_chosen":"DEFECT","items_purchased":["DemoMod:GnawedKey","Leap"],"campfire_rested":0,"item_purchase_floors":[5,5],"current_hp_per_floor":[81,92,81,93,103,76,76],"gold":26,"neow_bonus":"","is_daily":false,"chose_seed":false,"campfire_upgraded":0,"win_rate":0.0,"timestamp":1611520298,"path_taken":["M","?","M","M","$","E"],"items_purchased_type":["Relic","Card"],"build_version":"2020-12-22","purchased_purges":0,"victory":false,"max_hp_per_floor":[95,105,115,125,135,135,135],"card_choices":[{"not_picked":["VoidDream","FieryBird","PunishingBird"],"picked":"Singing Bowl","floor":1},{"not_picked":["Woodsman","Bloodbath"],"picked":"MHz","floor":1},{"not_picked":["Cold Snap","Turbo"],"picked":"Go for the Eyes","floor":1},{"not_picked":["Alriune","QueenBee","Scarecrow"],"picked":"Singing Bowl","floor":2},{"not_picked":["MeatLantern","Porccubus"],"picked":"ShyLook","floor":2},{"not_picked":["Undo","Turbo","Crystallizer","Bomb"],"picked":"Compile Driver","floor":2},{"not_picked":["Alriune","PunishingBird","Murderer"],"picked":"Singing Bowl","floor":3},{"not_picked":["MeatLantern","FairyFestival"],"picked":"CherryBlossoms","floor":3},{"not_picked":["Go for the Eyes","Storm","Ball Lightning","aspiration:Polymerization"],"picked":"FIFO Queue","floor":3},{"not_picked":["Scorched","Woodsman","SpiderBud"],"picked":"Singing Bowl","floor":4},{"not_picked":["HeroicMonk","UniverseFragment"],"picked":"OSAHOGD","floor":4},{"not_picked":["Rebound","Undo","Beam Cell","Steam"],"picked":"Conserve Battery","floor":4}],"player_experience":1052230,"relics_obtained":[{"floor":1,"key":"SynthV:TestCard"},{"floor":1,"key":"LetterFromLob"},{"floor":2,"key":"aspiration:Lifesprig"}],"event_choices":[],"is_beta":false,"boss_relics":[],"items_purged_floors":[],"is_endless":false,"potions_floor_spawned":[],"killed_by":"3 Sentries","ascension_level":8}}