{"host":"e5u7qs1emxzejr12","time":1611505311,"event":{"mods":["2.2 Compatiblity","Act Like it!","Arknights The Spire","BaseMod","CapriCore","Card Forge","Colored Powertips","Custom Start","GifTheSpireLib","Highlight Path","Marisa£¨ìFÓê¡¡Ä§ÀíÉ³£©","Minty Spire (QoL Compilation)","Quick Restart","Replay The Spire","StSLib","SuperFastMode","óô»ðÖ¸ÄÏ"],"gold_per_floor":[159,213,246,296,356,449,524,524,524,629,713,823,245,340,72,331,331,412,332,381,25,25,131,226,330,330,459,561,658,767,610,295,540,540,612,612,612,717,769,769,875,980,1005,836,269,104,240,338,338,400,472,472,420,325,443,505],"floor_reached":57,"language":"ZHS","playtime":2766,"items_purged":[],"score":3352,"play_id":"3b294b10-0fa6-4d46-85f3-dce94321c759","local_time":"20210125002151","daily_mods":["Heirloom","Flight","DeadlyEvents","Elite Swarm","Midas"],"is_ascension_mode":true,"campfire_choices":[{"floor":8.0,"key":"REST"},{"floor":40.0,"key":"RECALL"},{"floor":49,"key":"DIG"}],"circlet_count":1,"master_deck":["AscendersBane","ats:Armor Crushing Shot+1","ats:Emotion Absorption+1","ats:Assault Order+1","ats:Explosion Area Strengthen+1","ats:Absolute Focus+1","ats:Blood Oath+1","ats:Shadow Assault+1","ats:Echo Reverb+1","ats:Roar Of Ursus+1","ats:Disruption Kick+1","ats:Soul Absorption+1","ats:Phantom+1","ReplayUltimateDefense+1","Finesse+1","Dramatic Entrance+1","ats:Part Time Job+1","Madness+1","ats:Wolf Pack+1","ats:Apocalypse+1","ats:Soul Rend+1","ats:Apocalypse+1","ats:Composite Medical Shells+1","Secret Technique+1"],"relics":["ats:Sanity","Hammer of Thor","Seething Fire","Anvil of the Gods","ats:Originium","Replay:Mystery Machine","Incense Burner","Unceasing Top","Replay:Bandana","ats:Bonebreaker","Snack Pack","ReplayTheSpireMod:ShopPack","Smiling Mask","Circlet","ReplayTheSpireMod:Ninjato","Busted Crown","Shuriken","ats:Military Tradition","Blue Candle","Bag of Marbles","Pondfish Scales","Regal Pillow","Prayer Wheel","InkBottle","Calipers","ReplayTheSpireMod:TigerMarble","ats:Special","Matryoshka","Coffee Dripper","Blue Doll","ats:Spiritual Recovery","Chameleon Ring","Gremlin Food","PreservedInsect","DollysMirror","Garlic","Replay:Bottled Flurry","ats:Cure","Meat on the Bone","War Paint","Mummified Hand","Durian"],"acts_visited":["Exordium","TheCity","TheBeyond","TheEnding"],"potions_floor_usage":[],"damage_taken":[{"damage":3.0,"enemies":"Cultist","floor":1.0,"turns":4.0},{"damage":0.0,"enemies":"2 Louse","floor":2.0,"turns":3.0},{"damage":2.0,"enemies":"Small Slimes","floor":3.0,"turns":3.0},{"damage":4.0,"enemies":"Exordium Wildlife","floor":5.0,"turns":3.0},{"damage":23.0,"enemies":"Gremlin Nob","floor":6.0,"turns":4.0},{"damage":34.0,"enemies":"Replay:BlueRogue","floor":7.0,"turns":4.0},{"damage":0.0,"enemies":"Gremlin Nob","floor":10.0,"turns":2.0},{"damage":0.0,"enemies":"Lagavulin","floor":11.0,"turns":5.0},{"damage":17.0,"enemies":"Gremlin Nob","floor":12.0,"turns":3.0},{"damage":0.0,"enemies":"Replay:BlueRogue","floor":14.0,"turns":3.0},{"damage":10.0,"enemies":"Fading Forest","floor":16.0,"turns":13.0},{"damage":0.0,"enemies":"3 Byrds","floor":18.0,"turns":3.0},{"damage":0.0,"enemies":"Chosen","floor":20.0,"turns":5.0},{"damage":18.0,"enemies":"Replay:Snechameleon","floor":23.0,"turns":2.0},{"damage":1.0,"enemies":"Book of Stabbing","floor":24.0,"turns":2.0},{"damage":1.0,"enemies":"Slavers","floor":25.0,"turns":2.0},{"damage":0.0,"enemies":"Gremlin Leader","floor":27.0,"turns":3.0},{"damage":15.0,"enemies":"Replay:Snechameleon","floor":28.0,"turns":3.0},{"damage":0.0,"enemies":"Slavers","floor":29.0,"turns":2.0},{"damage":0.0,"enemies":"Book of Stabbing","floor":30.0,"turns":4.0},{"damage":79.0,"enemies":"Champ","floor":33.0,"turns":5.0},{"damage":0.0,"enemies":"3 Darklings","floor":35.0,"turns":3.0},{"damage":7.0,"enemies":"Giant Head","floor":38.0,"turns":4.0},{"damage":7.0,"enemies":"3 Shapes","floor":39.0,"turns":3.0},{"damage":5.0,"enemies":"R_Hoarder","floor":41.0,"turns":5.0},{"damage":1.0,"enemies":"Nemesis","floor":42.0,"turns":3.0},{"damage":1.0,"enemies":"R_Hoarder","floor":47.0,"turns":6.0},{"damage":0.0,"enemies":"Giant Head","floor":48.0,"turns":5.0},{"damage":1,"enemies":"Replay:Hell Engine","floor":50,"turns":2},{"damage":1,"enemies":"Donu and Deca","floor":51,"turns":4},{"damage":2,"enemies":"Shield and Spear","floor":55,"turns":3},{"damage":7,"enemies":"The Heart","floor":56,"turns":6}],"seed_played":"-3385357123069818072","potions_obtained":[{"floor":2.0,"key":"Weak Potion"},{"floor":5.0,"key":"SneckoOil"},{"floor":10.0,"key":"BlessingOfTheForge"},{"floor":14.0,"key":"SkillPotion"}],"is_trial":true,"path_per_floor":["M","M","M","?","M","E","E","R","T","E","E","E","$","E","R","B",null,"M","?","M","$","T","E","E","E","T","E","E","E","E","$","R","B",null,"M","?","?","E","M","R","E","E","T","$","$","R","E","E","R","B","B",null,"R","$","E","B",null],"character_chosen":"DOCTOR_CLASS","items_purchased":["Snack Pack","ats:Soul Absorption","ats:Phantom","ReplayTheSpireMod:ShopPack","ReplayTheSpireMod:Ninjato","Shuriken","Madness","ats:Special","Matryoshka","ats:Apocalypse","DollysMirror","Garlic","Replay:Bottled Flurry","ats:Cure","ats:Composite Medical Shells+1","Secret Technique"],"campfire_rested":1,"item_purchase_floors":[13,13,13,13,15,21,21,31,32,32,44,45,45,46,53,54],"current_hp_per_floor":[62,62,60,53,49,31,2,23,23,28,39,27,27,31,31,39,64,72,72,72,72,72,56,66,71,71,72,67,72,72,72,72,34,63,72,72,72,72,72,72,72,71,71,71,71,71,72,72,72,72,72,72,72,72,77,77],"gold":505,"neow_bonus":"","is_daily":false,"chose_seed":false,"campfire_upgraded":0,"win_rate":0.0,"timestamp":1611505311,"path_taken":["M","M","?","?","?","E","E","R","T","E","E","E","?","E","R","BOSS","M","?","?","?","?","E","?","E","T","E","E","E","E","$","R","BOSS","M","?","?","?","?","R","E","E","T","$","$","R","E","E","R","BOSS","BOSS","R","$","E","BOSS"],"items_purchased_type":["Relic","Card","Card","Relic","Relic","Relic","Card","Relic","Relic","Card","Relic","Relic","Relic","Relic","Card","Card"],"build_version":"2020-12-22","purchased_purges":0,"victory":true,"max_hp_per_floor":[72,72,72,72,72,72,72,72,72,72,72,72,72,72,72,72,72,72,72,72,72,72,72,72,72,72,72,72,72,72,72,72,72,72,72,72,72,72,72,72,72,72,72,72,72,72,72,72,72,72,72,72,72,72,77,77],"card_choices":[{"not_picked":["ats:Spore Proliferation","ats:Flexible Camouflage"],"picked":"ats:Assault Order","floor":1.0},{"not_picked":["ats:Absolute Focus","ats:Revitalization"],"picked":"ats:Explosion Area Strengthen","floor":2.0},{"not_picked":["ats:Collapsing Strike","ats:Leaping Hammer"],"picked":"ats:Absolute Focus","floor":3.0},{"not_picked":["ats:Ignite","ats:Hook Shot"],"picked":"ats:Blood Oath","floor":5.0},{"not_picked":["ats:Durian","ats:True Silver Slash"],"picked":"ats:Shadow Assault","floor":6.0},{"not_picked":["ats:Nebulous Foxfire","ats:Roar Of Ursus"],"picked":"ats:Echo Reverb","floor":7.0},{"not_picked":["ats:Durian","ats:Wolf Pack","ats:Rat Pack"],"picked":"SKIP","floor":10.0},{"not_picked":["ats:Calcification","ats:Disruption Kick"],"picked":"ats:Roar Of Ursus","floor":11.0},{"not_picked":["ats:Calcification","ats:Roar Of Ursus"],"picked":"ats:Disruption Kick","floor":12.0},{"not_picked":["Violence","The Bomb"],"picked":"ReplayUltimateDefense","floor":13.0},{"not_picked":["Jack Of All Trades","Survey Options"],"picked":"Finesse","floor":13.0},{"not_picked":["Replay:Bootleg Shield Generator","Trip"],"picked":"Dramatic Entrance","floor":13.0},{"not_picked":["ats:Wolf Pack","ats:Fractured Body"],"picked":"ats:Durian","floor":14.0},{"not_picked":[],"picked":"ats:Part Time Job","floor":18.0},{"not_picked":["ats:Guard Mode"],"picked":"SKIP","floor":20.0},{"not_picked":["ats:Roar Of Ursus"],"picked":"SKIP","floor":23.0},{"not_picked":["ats:Roar Of Ursus"],"picked":"SKIP","floor":24.0},{"not_picked":["ats:Dogmatic Field"],"picked":"SKIP","floor":25.0},{"not_picked":["ats:Shadow Assault"],"picked":"SKIP","floor":27.0},{"not_picked":["ats:Roar Of Ursus"],"picked":"SKIP","floor":28.0},{"not_picked":[],"picked":"ats:Wolf Pack","floor":29.0},{"not_picked":["ats:Ambush"],"picked":"SKIP","floor":30.0},{"not_picked":["ats:Consecutive Shot Auto+1"],"picked":"SKIP","floor":35.0},{"not_picked":["ats:LN2 Cannon"],"picked":"SKIP","floor":35.0},{"not_picked":["ats:True Silver Slash"],"picked":"SKIP","floor":38.0},{"not_picked":[],"picked":"ats:Powerful Strike","floor":39.0},{"not_picked":["ats:Automatic Cover"],"picked":"SKIP","floor":39.0},{"not_picked":["ats:Calcification"],"picked":"SKIP","floor":41.0},{"not_picked":[],"picked":"ats:Soul Rend","floor":42.0},{"not_picked":["ats:Soul Rend"],"picked":"SKIP","floor":47.0},{"not_picked":["ats:Disruption Kick"],"picked":"SKIP","floor":48.0},{"not_picked":["ats:Soul Rend"],"picked":"SKIP","floor":55}],"player_experience":56156,"relics_obtained":[{"floor":6.0,"key":"ats:Originium"},{"floor":6.0,"key":"Replay:Mystery Machine"},{"floor":7.0,"key":"ats:Originium"},{"floor":7.0,"key":"Incense Burner"},{"floor":10.0,"key":"ats:Originium"},{"floor":10.0,"key":"Unceasing Top"},{"floor":11.0,"key":"ats:Originium"},{"floor":11.0,"key":"Replay:Bandana"},{"floor":12.0,"key":"ats:Bonebreaker"},{"floor":14.0,"key":"Smiling Mask"},{"floor":22.0,"key":"ats:Military Tradition"},{"floor":23.0,"key":"Blue Candle"},{"floor":24.0,"key":"Bag of Marbles"},{"floor":25.0,"key":"Pondfish Scales"},{"floor":26.0,"key":"Regal Pillow"},{"floor":27.0,"key":"Prayer Wheel"},{"floor":28.0,"key":"InkBottle"},{"floor":29.0,"key":"Calipers"},{"floor":30.0,"key":"ReplayTheSpireMod:TigerMarble"},{"floor":38.0,"key":"Blue Doll"},{"floor":41.0,"key":"ats:Spiritual Recovery"},{"floor":42.0,"key":"Chameleon Ring"},{"floor":43.0,"key":"Gremlin Food"},{"floor":43.0,"key":"PreservedInsect"},{"floor":47.0,"key":"Meat on the Bone"},{"floor":48.0,"key":"War Paint"},{"floor":49,"key":"Mummified Hand"},{"floor":55,"key":"Durian"}],"event_choices":[{"damage_healed":0.0,"max_hp_gain":0.0,"max_hp_loss":0.0,"gold_gain":50.0,"event_name":"FaceTrader","player_choice":"Touch","floor":4.0,"gold_loss":0.0,"damage_taken":7.0},{"damage_healed":0.0,"max_hp_gain":0.0,"max_hp_loss":0.0,"gold_gain":0.0,"event_name":"Tomb of Lord Red Mask","player_choice":"Ignored","floor":36.0,"gold_loss":0.0,"damage_taken":0.0},{"damage_healed":0.0,"max_hp_gain":0.0,"max_hp_loss":0.0,"gold_gain":0.0,"event_name":"SecretPortal","player_choice":"Ignored","floor":37.0,"gold_loss":0.0,"damage_taken":0.0}],"is_beta":false,"boss_relics":[{"not_picked":["Pandora\u0027s Box","SacredBark"],"picked":"Busted Crown"},{"not_picked":["Calling Bell","Tiny House"],"picked":"Coffee Dripper"}],"items_purged_floors":[],"is_endless":false,"potions_floor_spawned":[2,5,10,14,16,27,30,33,35,41,47],"ascension_level":20}}