{"host":"8n3a40idg6eftpiu","time":1611504018,"event":{"mods":["Act Like it!","BaseMod","BetterRewards","Block Reminder","Colored Map","Colored Powertips","DeckTracker","GungeonMod","Hallownest","Highlight Path","Hubris","Minty Spire (QoL Compilation)","Practice Mode","Relic Sorter","StSLib","The Blue Laboratory","The Bug Knight","The Necromancer"],"gold_per_floor":[117,135,147,72,82,82,94,123,123,142,175,175,175,192,192,192,192],"floor_reached":16,"language":"POL","playtime":613,"items_purged":["Strike_R"],"score":114,"play_id":"b217c0ab-5aa5-4403-92ce-6c2b8aa4032f","local_time":"20210124170018","is_ascension_mode":false,"campfire_choices":[{"floor":6.0,"key":"RECALL"},{"data":"Metallicize","floor":13,"key":"SMITH"},{"data":"Flex","floor":15,"key":"SMITH"}],"circlet_count":0,"master_deck":["Strike_R","Strike_R","Strike_R","Strike_R","Defend_R","Defend_R","Defend_R","Defend_R","Bash","Impervious","Spot Weakness","Spot Weakness","Shrug It Off","Metallicize+1","Parasite","Flex+1"],"relics":["Burning Blood","Sling","Gremlin Horn","DollysMirror","The Courier"],"acts_visited":["Exordium"],"potions_floor_usage":[11],"damage_taken":[{"damage":1.0,"enemies":"Cultist","floor":1.0,"turns":4.0},{"damage":1.0,"enemies":"Jaw Worm","floor":2.0,"turns":6.0},{"damage":0.0,"enemies":"2 Louse","floor":3.0,"turns":2.0},{"damage":14.0,"enemies":"Exordium Wildlife","floor":5.0,"turns":4.0},{"damage":5.0,"enemies":"3 Louse","floor":7.0,"turns":5.0},{"damage":36.0,"enemies":"Lagavulin","floor":8.0,"turns":6.0},{"damage":6.0,"enemies":"Blue Slaver","floor":10.0,"turns":5.0},{"damage":24,"enemies":"Gremlin Nob","floor":11,"turns":4},{"damage":7,"enemies":"2 Fungi Beasts","floor":14,"turns":5},{"damage":46,"enemies":"Slime Boss","floor":16,"turns":6}],"seed_played":"3955580849893245262","potions_obtained":[{"floor":2.0,"key":"PowerPotion"},{"floor":5.0,"key":"LiquidBronze"},{"floor":10.0,"key":"BlessingOfTheForge"},{"floor":14,"key":"blueLaboratory:PolymorphPotion"}],"is_trial":false,"path_per_floor":["M","M","M","$","M","R","M","E","T","M","E","?","R","M","R","B"],"character_chosen":"IRONCLAD","items_purchased":["Impervious","Spot Weakness","Sling","Gremlin Horn","DollysMirror"],"campfire_rested":0,"item_purchase_floors":[0,0,0,0,0],"current_hp_per_floor":[80,80,80,80,72,72,73,43,43,43,25,45,45,44,44,0,0],"gold":192,"neow_bonus":"","is_daily":false,"chose_seed":false,"campfire_upgraded":2,"win_rate":0.0,"timestamp":1611504018,"path_taken":["M","M","M","$","M","R","M","E","T","M","E","?","R","M","R","BOSS"],"items_purchased_type":["Card","Card","Relic","Relic","Relic"],"build_version":"2020-12-22","purchased_purges":1,"victory":false,"max_hp_per_floor":[80,80,80,80,80,80,80,80,80,80,80,80,80,80,80,80,80],"card_choices":[{"not_picked":["DemoMod:BlackBlade","hubris:ReadiedAction","Armaments"],"picked":"SKIP","floor":1.0},{"not_picked":["Thunderclap","Dual Wield","Pommel Strike"],"picked":"SKIP","floor":2.0},{"not_picked":["Clothesline","Hemokinesis","Power Through"],"picked":"SKIP","floor":3.0},{"not_picked":["hubris:StunningStrike","Anger"],"picked":"Shrug It Off","floor":5.0},{"not_picked":["Anger","Sword Boomerang","Shockwave"],"picked":"SKIP","floor":7.0},{"not_picked":["Clothesline","hubris:ReadiedAction"],"picked":"Metallicize","floor":8.0},{"not_picked":["Pommel Strike","Headbutt","Dark Embrace"],"picked":"SKIP","floor":10.0},{"not_picked":["Clash","Uppercut","Feel No Pain"],"picked":"SKIP","floor":11},{"not_picked":["Clash","Carnage"],"picked":"Flex","floor":14}],"player_experience":240963,"relics_obtained":[{"floor":11,"key":"The Courier"}],"event_choices":[{"damage_healed":20,"gold_gain":0,"player_choice":"Healed and dodged fight","damage_taken":0,"max_hp_gain":0,"max_hp_loss":0,"event_name":"Mushrooms","floor":12,"gold_loss":0,"cards_obtained":["Parasite"]}],"is_beta":false,"boss_relics":[],"items_purged_floors":[4],"is_endless":false,"potions_floor_spawned":[2,5,10,14],"killed_by":"Slime Boss","ascension_level":0}}