{"host":"mmqs5ul2bvb60kyc","time":1611453261,"event":{"mods":["AchievementEnabler","BaseMod","Colored Map","Colored Powertips","Minty Spire (QoL Compilation)","Quick Restart","StSLib"],"gold_per_floor":[110,185,5,24,38,38,66,66,66,66,16,31,31,51,51,150,150,166,166,177,196,216,248,248,265,265,290,390,419,248,275,275,375,375,395,395,395,406,406,406,438,458,458,458,488,710,720,378,378,378,378,378,5,37,37],"floor_reached":56,"language":"ZHS","playtime":4100,"items_purged":["Shame","Strike_B"],"score":2016,"play_id":"8ca7ca9c-2b52-4e49-a3e0-30c1161be5ae","local_time":"20210124095421","is_ascension_mode":true,"campfire_choices":[{"data":"Defragment","floor":6.0,"key":"SMITH"},{"data":"Dualcast","floor":8.0,"key":"SMITH"},{"data":"Recycle","floor":13.0,"key":"SMITH"},{"data":"Skim","floor":15.0,"key":"SMITH"},{"data":"Fission","floor":24.0,"key":"SMITH"},{"data":"Coolheaded","floor":32.0,"key":"SMITH"},{"data":"Hologram","floor":40.0,"key":"SMITH"},{"floor":44.0,"key":"RECALL"},{"data":"Heatsinks","floor":49.0,"key":"SMITH"},{"data":"Turbo","floor":52.0,"key":"SMITH"}],"circlet_count":0,"master_deck":["AscendersBane","Strike_B+1","Defend_B","Defend_B","Defend_B","Defend_B+1","Zap","Dualcast+1","Compile Driver","Defragment+1","Recycle+1","Skim+1","Cold Snap+1","Ball Lightning","Glacier+1","Fission+1","CurseOfTheBell","Heatsinks+1","Defragment+1","Coolheaded+1","Coolheaded+1","Reinforced Body","White Noise","Core Surge","Turbo+1","Tempest","Panacea","Hologram+1","Echo Form","Flash of Steel","Recycle","Creative AI","Hologram","Heatsinks"],"relics":["Coffee Dripper","DataDisk","Eternal Feather","Calling Bell","Toy Ornithopter","InkBottle","Thread and Needle","War Paint","Oddly Smooth Stone","Question Card","Whetstone","Ginger","StrikeDummy","Cables","Red Mask","Runic Pyramid","Potion Belt","Juzu Bracelet","Boot","Bottled Lightning","Letter Opener","HornCleat"],"acts_visited":["Exordium","TheCity","TheBeyond","TheEnding"],"potions_floor_usage":[55,55,55,55],"damage_taken":[{"damage":1.0,"enemies":"Small Slimes","floor":1.0,"turns":3.0},{"damage":2.0,"enemies":"2 Louse","floor":4.0,"turns":3.0},{"damage":7.0,"enemies":"Jaw Worm","floor":5.0,"turns":2.0},{"damage":25.0,"enemies":"Lagavulin","floor":7.0,"turns":7.0},{"damage":3.0,"enemies":"Looter","floor":12.0,"turns":4.0},{"damage":0.0,"enemies":"Blue Slaver","floor":14.0,"turns":4.0},{"damage":1.0,"enemies":"Hexaghost","floor":16.0,"turns":12.0},{"damage":16.0,"enemies":"2 Thieves","floor":18.0,"turns":5.0},{"damage":0.0,"enemies":"Chosen","floor":20.0,"turns":6.0},{"damage":0.0,"enemies":"Centurion and Healer","floor":21.0,"turns":9.0},{"damage":9.0,"enemies":"Sentry and Sphere","floor":22.0,"turns":7.0},{"damage":6.0,"enemies":"Gremlin Leader","floor":23.0,"turns":14.0},{"damage":17.0,"enemies":"Snake Plant","floor":25.0,"turns":6.0},{"damage":0.0,"enemies":"Book of Stabbing","floor":27.0,"turns":7.0},{"damage":1.0,"enemies":"Colosseum Slavers","floor":28.0,"turns":5.0},{"damage":0.0,"enemies":"Colosseum Nobs","floor":28.0,"turns":8.0},{"damage":13.0,"enemies":"Slavers","floor":29.0,"turns":7.0},{"damage":5.0,"enemies":"Masked Bandits","floor":31.0,"turns":6.0},{"damage":0.0,"enemies":"Collector","floor":33.0,"turns":13.0},{"damage":4.0,"enemies":"3 Shapes","floor":35.0,"turns":4.0},{"damage":0.0,"enemies":"Orb Walker","floor":38.0,"turns":4.0},{"damage":0.0,"enemies":"Reptomancer","floor":41.0,"turns":5.0},{"damage":0.0,"enemies":"Transient","floor":42.0,"turns":5.0},{"damage":2.0,"enemies":"Nemesis","floor":45.0,"turns":7.0},{"damage":12.0,"enemies":"Sphere and 2 Shapes","floor":47.0,"turns":5.0},{"damage":36.0,"enemies":"Time Eater","floor":50.0,"turns":12.0},{"damage":0.0,"enemies":"Shield and Spear","floor":54.0,"turns":7.0},{"damage":63,"enemies":"The Heart","floor":55,"turns":12}],"seed_played":"-8721505903410716260","potions_obtained":[{"floor":5.0,"key":"BlessingOfTheForge"},{"floor":7.0,"key":"SmokeBomb"},{"floor":12.0,"key":"Fire Potion"},{"floor":16.0,"key":"LiquidMemories"},{"floor":18.0,"key":"GamblersBrew"},{"floor":22.0,"key":"EssenceOfDarkness"},{"floor":25.0,"key":"Block Potion"},{"floor":28.0,"key":"Swift Potion"},{"floor":33.0,"key":"LiquidMemories"},{"floor":39.0,"key":"PotionOfCapacity"},{"floor":41.0,"key":"GamblersBrew"},{"floor":42.0,"key":"Strength Potion"}],"is_trial":false,"path_per_floor":["M","?","$","M","M","R","E","R","T","?","?","M","R","M","R","B",null,"M","?","M","M","M","E","R","M","T","E","?","E","$","?","R","B",null,"M","?","?","M","?","R","E","M","T","R","E","?","M","$","R","B",null,"R","$","E","B",null],"character_chosen":"DEFECT","items_purchased":["Defragment","DataDisk","Panacea","Bottled Lightning","Letter Opener","PowerPotion","Heatsinks"],"campfire_rested":0,"item_purchase_floors":[3,3,30,48,53,53,53],"current_hp_per_floor":[67,56,56,54,47,47,22,31,31,36,36,33,42,42,51,50,73,62,62,62,62,58,57,72,55,55,55,64,51,51,46,64,64,76,72,72,72,72,72,80,80,80,80,80,78,78,66,66,80,44,71,80,80,80,27],"gold":37,"neow_bonus":"BOSS_RELIC","is_daily":false,"chose_seed":false,"campfire_upgraded":9,"win_rate":0.0,"timestamp":1611453261,"path_taken":["M","?","$","M","M","R","E","R","T","?","?","?","R","M","R","BOSS","M","?","M","M","M","E","R","M","T","E","?","E","$","?","R","BOSS","M","?","?","?","?","R","E","M","T","R","E","?","M","$","R","BOSS","R","$","E","BOSS"],"items_purchased_type":["Card","Relic","Card","Relic","Relic","Potion","Card"],"build_version":"2020-12-22","purchased_purges":2,"victory":true,"max_hp_per_floor":[75,75,75,75,75,75,75,75,75,80,80,80,80,80,80,80,80,80,80,80,80,80,80,80,80,80,80,80,80,80,80,80,80,80,80,80,80,80,80,80,80,80,80,80,80,80,80,80,80,80,80,80,80,80,80],"card_choices":[{"not_picked":["Conserve Battery","Leap"],"picked":"Compile Driver","floor":1.0},{"not_picked":["Streamline","Fusion"],"picked":"Recycle","floor":4.0},{"not_picked":["Aggregate","Capacitor"],"picked":"Skim","floor":5.0},{"not_picked":["Beam Cell","Rebound"],"picked":"Cold Snap","floor":7.0},{"not_picked":["Gash","Melter"],"picked":"Ball Lightning","floor":12.0},{"not_picked":["Go for the Eyes","Skim"],"picked":"Glacier","floor":14.0},{"not_picked":["Meteor Strike","Thunder Strike"],"picked":"Fission","floor":16.0},{"not_picked":["Streamline","Lockon"],"picked":"Heatsinks","floor":18.0},{"not_picked":["Conserve Battery+1","Doom and Gloom"],"picked":"Defragment+1","floor":20.0},{"not_picked":["Fusion","Streamline"],"picked":"Coolheaded","floor":21.0},{"not_picked":["Self Repair","Gash+1"],"picked":"Coolheaded+1","floor":22.0},{"not_picked":["Storm","Stack"],"picked":"Reinforced Body","floor":23.0},{"not_picked":["Redo","Steam"],"picked":"White Noise","floor":25.0},{"not_picked":["Cold Snap+1","Go for the Eyes","Sunder"],"picked":"Core Surge","floor":27.0},{"not_picked":["Ball Lightning","Stack+1","Rebound"],"picked":"Turbo","floor":28.0},{"not_picked":["Chaos","Leap","Lockon"],"picked":"Tempest","floor":29.0},{"not_picked":["Ball Lightning","Steam","Undo"],"picked":"Hologram","floor":31.0},{"not_picked":["Hyperbeam","Fission","Meteor Strike"],"picked":"Echo Form","floor":33.0},{"not_picked":["Consume+1","Stack","Coolheaded","Force Field"],"picked":"SKIP","floor":35.0},{"not_picked":["Mayhem","Master of Strategy","Swift Strike"],"picked":"Flash of Steel","floor":36.0},{"not_picked":["Steam Power+1","Go for the Eyes","Chill"],"picked":"Recycle","floor":38.0},{"not_picked":["Conserve Battery","Self Repair","Glacier+1","Gash"],"picked":"SKIP","floor":41.0},{"not_picked":["Tempest","Storm","Ball Lightning+1","Undo+1"],"picked":"SKIP","floor":42.0},{"not_picked":["Static Discharge+1","Conserve Battery+1","Aggregate"],"picked":"Creative AI","floor":45.0},{"not_picked":["Conserve Battery","Gash+1","Rebound"],"picked":"Hologram","floor":47.0},{"not_picked":["Rip and Tear","Gash","Coolheaded","Barrage+1"],"picked":"SKIP","floor":54.0}],"player_experience":292727,"relics_obtained":[{"floor":7.0,"key":"Eternal Feather"},{"floor":17.0,"key":"Toy Ornithopter"},{"floor":17.0,"key":"InkBottle"},{"floor":17.0,"key":"Thread and Needle"},{"floor":23.0,"key":"Oddly Smooth Stone"},{"floor":26.0,"key":"Question Card"},{"floor":27.0,"key":"Whetstone"},{"floor":28.0,"key":"Ginger"},{"floor":28.0,"key":"StrikeDummy"},{"floor":29.0,"key":"Cables"},{"floor":31.0,"key":"Red Mask"},{"floor":41.0,"key":"Potion Belt"},{"floor":43.0,"key":"Juzu Bracelet"},{"floor":45.0,"key":"Boot"},{"floor":54.0,"key":"HornCleat"}],"event_choices":[{"damage_healed":0.0,"max_hp_gain":0.0,"max_hp_loss":0.0,"gold_gain":75.0,"event_name":"World of Goop","player_choice":"Gather Gold","floor":2.0,"gold_loss":0.0,"damage_taken":11.0},{"damage_healed":0.0,"max_hp_gain":5.0,"max_hp_loss":0.0,"gold_gain":0.0,"event_name":"Big Fish","player_choice":"Donut","floor":10.0,"gold_loss":0.0,"damage_taken":0.0},{"cards_removed":["Strike_B"],"damage_healed":0.0,"max_hp_gain":0.0,"max_hp_loss":0.0,"gold_gain":0.0,"event_name":"The Cleric","player_choice":"Card Removal","floor":11.0,"gold_loss":50.0,"damage_taken":0.0},{"damage_healed":0.0,"max_hp_gain":0.0,"max_hp_loss":0.0,"gold_gain":0.0,"event_name":"Addict","player_choice":"Stole Relic","floor":19.0,"gold_loss":0.0,"damage_taken":0.0,"relics_obtained":["War Paint"],"cards_obtained":["Shame"]},{"damage_healed":0.0,"max_hp_gain":0.0,"max_hp_loss":0.0,"gold_gain":0.0,"event_name":"Colosseum","player_choice":"Fight","floor":28.0,"gold_loss":0.0,"damage_taken":0.0},{"damage_healed":0.0,"max_hp_gain":0.0,"max_hp_loss":0.0,"gold_gain":0.0,"event_name":"Colosseum","player_choice":"Fought Nobs","floor":28.0,"gold_loss":0.0,"damage_taken":0.0},{"damage_healed":0.0,"max_hp_gain":0.0,"max_hp_loss":0.0,"gold_gain":0.0,"event_name":"Masked Bandits","player_choice":"Fought Bandits","floor":31.0,"gold_loss":0.0,"damage_taken":0.0},{"damage_healed":0.0,"max_hp_gain":0.0,"max_hp_loss":0.0,"gold_gain":0.0,"event_name":"SensoryStone","player_choice":"Memory 1","floor":36.0,"gold_loss":0.0,"damage_taken":0.0},{"cards_removed":["Strike_B"],"damage_healed":0.0,"max_hp_gain":0.0,"max_hp_loss":0.0,"gold_gain":0.0,"event_name":"Purifier","player_choice":"Purged","floor":37.0,"gold_loss":0.0,"damage_taken":0.0},{"damage_healed":0.0,"max_hp_gain":0.0,"max_hp_loss":0.0,"gold_gain":0.0,"event_name":"Lab","player_choice":"Got Potions","floor":39.0,"gold_loss":0.0,"damage_taken":0.0},{"damage_healed":0.0,"max_hp_gain":0.0,"max_hp_loss":0.0,"gold_gain":222.0,"event_name":"Tomb of Lord Red Mask","player_choice":"Wore Mask","floor":46.0,"gold_loss":0.0,"damage_taken":0.0}],"is_beta":false,"boss_relics":[{"not_picked":["Sozu","Busted Crown"],"picked":"Calling Bell"},{"not_picked":["Tiny House","Cursed Key"],"picked":"Runic Pyramid"}],"items_purged_floors":[30,48],"is_endless":false,"potions_floor_spawned":[5,7,12,16,18,20,22,25,28,33,41,42,54],"ascension_level":12}}