{"host":"70zhvo5nwrhp1mbg","time":1611528877,"event":{"mods":["BaseMod","Colored Map","Colored Powertips","Filter the Spire","Highlight Path","Minty Spire (QoL Compilation)","Rare Cards Sparkle","StSLib"],"gold_per_floor":[111,111,111,286,299,299,337,337,337,376,376,36,36,54,54,173,173,187,210,231,81,0,0,0],"floor_reached":23,"language":"ENG","playtime":1117,"items_purged":[],"score":300,"play_id":"01cb0608-2fb3-4a9e-b756-9b393a7042e2","local_time":"20210124175437","is_ascension_mode":true,"campfire_choices":[{"data":"Perfected Strike","floor":6,"key":"SMITH"},{"floor":11,"key":"REST"},{"data":"Double Tap","floor":13,"key":"SMITH"},{"data":"Defend_R","floor":15,"key":"SMITH"}],"circlet_count":0,"master_deck":["Strike_R","Strike_R","Strike_R","Strike_R","Strike_R","Defend_R+1","Defend_R","Defend_R","Defend_R","Bash","Perfected Strike+1","Injury","Doubt","Anger+1","Metallicize","Double Tap+1","Twin Strike","Immolate","Shrug It Off+1","Searing Blow+1","Shrug It Off+1"],"relics":["Black Blood","NeowsBlessing","Golden Idol","Darkstone Periapt","Kunai","Gremlin Horn","Eternal Feather","Sling"],"acts_visited":["Exordium","TheCity"],"potions_floor_usage":[16,16,16,18,19,20],"damage_taken":[{"damage":0,"enemies":"Cultist","floor":1,"turns":1},{"damage":0,"enemies":"Small Slimes","floor":5,"turns":1},{"damage":0,"enemies":"Gremlin Nob","floor":7,"turns":1},{"damage":45,"enemies":"Lagavulin","floor":10,"turns":7},{"damage":6,"enemies":"2 Louse","floor":14,"turns":3},{"damage":64,"enemies":"Hexaghost","floor":16,"turns":10},{"damage":11,"enemies":"Spheric Guardian","floor":18,"turns":3},{"damage":39,"enemies":"Shell Parasite","floor":19,"turns":7},{"damage":39,"enemies":"Snake Plant","floor":20,"turns":6},{"damage":29,"enemies":"Slavers","floor":23,"turns":1}],"seed_played":"-6953254028303845119","potions_obtained":[{"floor":10,"key":"ElixirPotion"},{"floor":14,"key":"ColorlessPotion"},{"floor":16,"key":"Ancient Potion"},{"floor":18,"key":"DuplicationPotion"},{"floor":19,"key":"Swift Potion"},{"floor":20,"key":"DuplicationPotion"}],"is_trial":false,"path_per_floor":["M","?","?","?","M","R","E","?","T","E","R","$","R","M","R","B",null,"M","M","M","$","?","E"],"character_chosen":"IRONCLAD","items_purchased":["Eternal Feather","CultistPotion","Sling"],"campfire_rested":1,"item_purchase_floors":[12,12,21],"current_hp_per_floor":[78,83,83,83,85,85,85,85,85,46,71,71,80,80,85,27,71,72,45,18,18,18,0,0],"gold":0,"neow_bonus":"THREE_ENEMY_KILL","is_daily":false,"chose_seed":false,"campfire_upgraded":3,"win_rate":0.0,"timestamp":1611528877,"path_taken":["M","?","?","?","M","R","E","?","T","E","R","$","R","M","R","BOSS","M","M","?","$","?","E"],"items_purchased_type":["Relic","Potion","Relic"],"build_version":"2020-12-22","purchased_purges":0,"victory":false,"max_hp_per_floor":[80,85,85,85,85,85,85,85,85,85,85,85,85,85,85,85,85,85,85,85,85,85,85,85],"card_choices":[{"not_picked":["Body Slam","Anger"],"picked":"Perfected Strike","floor":1},{"not_picked":["Pommel Strike","Sword Boomerang"],"picked":"Anger","floor":5},{"not_picked":["Anger","Combust"],"picked":"Metallicize","floor":7},{"not_picked":["Infernal Blade","Sever Soul"],"picked":"Double Tap","floor":10},{"not_picked":["True Grit","Clash"],"picked":"Twin Strike","floor":14},{"not_picked":["Bludgeon","Berserk"],"picked":"Immolate","floor":16},{"not_picked":["Thunderclap+1","Sever Soul"],"picked":"Shrug It Off+1","floor":18},{"not_picked":["Feel No Pain+1","Inflame"],"picked":"Searing Blow+1","floor":19},{"not_picked":["Warcry","Pommel Strike"],"picked":"Shrug It Off+1","floor":20}],"player_experience":472487,"relics_obtained":[{"floor":7,"key":"Darkstone Periapt"},{"floor":9,"key":"Kunai"},{"floor":10,"key":"Gremlin Horn"}],"event_choices":[{"damage_healed":0,"gold_gain":0,"player_choice":"Donut","damage_taken":0,"max_hp_gain":5,"max_hp_loss":0,"event_name":"Big Fish","floor":2,"gold_loss":0},{"damage_healed":0,"gold_gain":0,"player_choice":"Take Wound","damage_taken":0,"relics_obtained":["Golden Idol"],"max_hp_gain":0,"max_hp_loss":0,"event_name":"Golden Idol","floor":3,"gold_loss":0,"cards_obtained":["Injury"]},{"damage_healed":0,"gold_gain":175,"player_choice":"AGREE","damage_taken":0,"max_hp_gain":0,"max_hp_loss":0,"event_name":"Liars Game","floor":4,"gold_loss":0,"cards_obtained":["Doubt"]},{"damage_healed":0,"gold_gain":0,"player_choice":"Upgraded","damage_taken":0,"max_hp_gain":0,"max_hp_loss":0,"event_name":"Upgrade Shrine","floor":8,"gold_loss":0,"cards_upgraded":["Anger"]},{"damage_healed":0,"gold_gain":0,"player_choice":"Paid Fearfully","damage_taken":0,"max_hp_gain":0,"max_hp_loss":0,"event_name":"Masked Bandits","floor":22,"gold_loss":81}],"is_beta":false,"boss_relics":[{"not_picked":["Tiny House","Coffee Dripper"],"picked":"Black Blood"}],"items_purged_floors":[],"is_endless":false,"potions_floor_spawned":[10,14,16,18,19,20],"killed_by":"Slavers","ascension_level":7}}