{"host":"zxd7sxkt31l2m2hb","time":1611530683,"event":{"mods":["AchievementEnabler","BaseMod","BetterRewards","Colored Map","Colored Powertips","Highlight Path","Minty Spire (QoL Compilation)","StSLib","SuperFastMode","The Jungle","slay the spire mod where everything is the same but ironclad has a cowboy hat"],"gold_per_floor":[112,112,112,112,112,112,82,82,82,95,95,95,111,43,43,144,144,156,156],"floor_reached":18,"language":"DEU","playtime":1528,"items_purged":[],"score":173,"play_id":"2bc022db-7071-4674-9d60-eacc77c5c8ad","local_time":"20210125002443","daily_mods":["SealedDeck","Vintage","Green Cards","Colorless Cards","Heirloom","Flight","Night Terrors"],"is_ascension_mode":false,"campfire_choices":[{"data":"Crippling Poison","floor":6,"key":"SMITH"},{"data":"Warcry","floor":8,"key":"SMITH"},{"data":"Footwork","floor":15,"key":"SMITH"}],"circlet_count":0,"master_deck":["Warcry+1","Anger","Armaments","Good Instincts+1","Sucker Punch","Dodge and Roll","Crippling Poison+1","Poisoned Stab+1","Bane","Poisoned Stab","Footwork+1","Offering"],"relics":["Burning Blood","CaptainsWheel","Pear","Prayer Wheel","Ornamental Fan","Singing Bowl","Meat on the Bone","TungstenRod","Bag of Marbles","Busted Crown","Happy Flower"],"acts_visited":["Exordium","TheCity"],"potions_floor_usage":[],"damage_taken":[{"damage":0,"enemies":"Small Slimes","floor":1,"turns":3},{"damage":0,"enemies":"Jaw Worm","floor":10,"turns":2},{"damage":0,"enemies":"2 Louse","floor":13,"turns":1},{"damage":17,"enemies":"The Guardian","floor":16,"turns":8},{"damage":5,"enemies":"Shell Parasite","floor":18,"turns":3}],"seed_played":"-5160629428627319488","potions_obtained":[{"floor":1,"key":"HeartOfIron"},{"floor":7,"key":"LiquidMemories"},{"floor":7,"key":"DistilledChaos"}],"is_trial":true,"path_per_floor":["M","$","?","?","?","R","?","R","T","M","T","T","M","$","R","B",null,"M"],"character_chosen":"IRONCLAD","items_purchased":["Footwork"],"campfire_rested":0,"item_purchase_floors":[14],"current_hp_per_floor":[90,90,83,88,69,69,69,69,69,75,75,75,81,81,81,70,95,95,95],"gold":156,"neow_bonus":"","is_daily":false,"chose_seed":false,"campfire_upgraded":3,"win_rate":0.0,"timestamp":1611530683,"path_taken":["M","$","?","?","?","R","?","R","T","?","?","?","M","$","R","BOSS","M"],"items_purchased_type":["Card"],"build_version":"2020-12-22","purchased_purges":0,"victory":false,"max_hp_per_floor":[90,90,90,95,95,95,95,95,95,95,95,95,95,95,95,95,95,95,95],"card_choices":[{"not_picked":["Bullet Time","Transmutation"],"picked":"Offering","floor":16}],"player_experience":91632,"relics_obtained":[{"floor":1,"key":"Pear"},{"floor":9,"key":"Ornamental Fan"},{"floor":10,"key":"Singing Bowl"},{"floor":11,"key":"Meat on the Bone"},{"floor":12,"key":"TungstenRod"},{"floor":13,"key":"Bag of Marbles"},{"floor":18,"key":"Happy Flower"}],"event_choices":[{"damage_healed":0,"gold_gain":0,"player_choice":"Success","damage_taken":7,"relics_obtained":["Prayer Wheel"],"max_hp_gain":0,"max_hp_loss":0,"event_name":"Scrap Ooze","floor":3,"gold_loss":0},{"damage_healed":0,"gold_gain":0,"player_choice":"Donut","damage_taken":0,"max_hp_gain":5,"max_hp_loss":0,"event_name":"Big Fish","floor":4,"gold_loss":0},{"damage_healed":0,"gold_gain":0,"player_choice":"Entered Light","damage_taken":19,"max_hp_gain":0,"max_hp_loss":0,"event_name":"Shining Light","floor":5,"gold_loss":0,"cards_upgraded":["Poisoned Stab","Good Instincts"]},{"damage_healed":0,"gold_gain":0,"player_choice":"Bought 2 Potions","damage_taken":0,"max_hp_gain":0,"max_hp_loss":0,"event_name":"The Woman in Blue","floor":7,"gold_loss":0}],"is_beta":false,"boss_relics":[{"not_picked":["SlaversCollar","Velvet Choker"],"picked":"Busted Crown"}],"items_purged_floors":[],"is_endless":false,"potions_floor_spawned":[1,18],"killed_by":"Shell Parasite","ascension_level":0}}