{"host":"684z1xpuwaoqmmh1","time":1611492609,"event":{"mods":["BaseMod","Downfall","Hermit","Jorbs\u0027s Wanderer Trilogy","Marisa????????","Minty Spire (QoL Compilation)","Robot Space Explorer","Shade Mod","StSLib","The Bug Knight","The Cursed","The Dragon Tamer","The Hayseed","The Hierophant","The Marked","The Mystic","The Runesmith","The Senshi"],"gold_per_floor":[116,1,20,20,30,65,65,79,79,29,42,75,90,101,101,196,196,206,220,232,252,252,252,286,286,312,312,312,312],"floor_reached":28,"language":"ENG","playtime":1240,"items_purged":["Doubt","TheSimpletonMod:Strike_TheSimpleton"],"score":328,"play_id":"6a1189d9-bb89-4400-b96d-8cd582ee0dd8","local_time":"20210124145009","is_ascension_mode":true,"campfire_choices":[{"data":"TheSimpletonMod:Corn","floor":7,"key":"SMITH"},{"data":"TheSimpletonMod:CrackOfDawn","floor":15,"key":"SMITH"},{"floor":23,"key":"REST"}],"circlet_count":0,"master_deck":["TheSimpletonMod:Strike_TheSimpleton+1","TheSimpletonMod:Strike_TheSimpleton+1","TheSimpletonMod:Strike_TheSimpleton+1","TheSimpletonMod:Defend_TheSimpleton+1","TheSimpletonMod:Defend_TheSimpleton+1","TheSimpletonMod:Defend_TheSimpleton+1","TheSimpletonMod:Defend_TheSimpleton+1","TheSimpletonMod:Haymaker","TheSimpletonMod:ReapAndSow","TheSimpletonMod:Thresh","TheSimpletonMod:Corn+1","TheSimpletonMod:Sunseed","TheSimpletonMod:PestManagement","TheSimpletonMod:SlashAndBurn","TheSimpletonMod:OnionBloom","TheSimpletonMod:Aerate","TheSimpletonMod:CrackOfDawn+1","TheSimpletonMod:Photosynthesis","CurseOfTheBell","TheSimpletonMod:CloseScrape+1","TheSimpletonMod:Swelter","TheSimpletonMod:DoubleDigging","Writhe","Decay"],"relics":["TheSimpletonMod:SpudOfTheInnocent","TheSimpletonMod:NightSoil","TheSimpletonMod:TheHarvester","HollowMod:QueensCombRelic","sneckomod:BlankCard","Smiling Mask","hexamod:CandleOfCauterizing","Calling Bell","Akabeko","Slimebound:PreparedRelic","Peace Pipe","Juzu Bracelet","Bird Faced Urn","Bag of Marbles"],"acts_visited":["Exordium","TheCity"],"potions_floor_usage":[12,16,19,20,24],"damage_taken":[{"damage":4,"enemies":"Cultist","floor":1,"turns":5},{"damage":9,"enemies":"Jaw Worm","floor":3,"turns":4},{"damage":0,"enemies":"Small Slimes","floor":5,"turns":3},{"damage":32,"enemies":"Gremlin Nob","floor":6,"turns":4},{"damage":0,"enemies":"3 Louse","floor":8,"turns":6},{"damage":13,"enemies":"Large Slime","floor":11,"turns":6},{"damage":8,"enemies":"Lagavulin","floor":12,"turns":6},{"damage":0,"enemies":"2 Fungi Beasts","floor":13,"turns":3},{"damage":10,"enemies":"3 Louse","floor":14,"turns":4},{"damage":13,"enemies":"Hexaghost","floor":16,"turns":9},{"damage":13,"enemies":"Spheric Guardian","floor":18,"turns":4},{"damage":14,"enemies":"2 Thieves","floor":19,"turns":4},{"damage":10,"enemies":"Cultist and Chosen","floor":20,"turns":5},{"damage":25,"enemies":"3 Cultists","floor":21,"turns":5},{"damage":36,"enemies":"Gremlin Leader","floor":24,"turns":6},{"damage":12,"enemies":"Slavers","floor":28,"turns":1}],"seed_played":"-7717282801885188206","potions_obtained":[{"floor":1,"key":"SkillPotion"},{"floor":6,"key":"Weak Potion"},{"floor":11,"key":"sneckomod:MuddlingPotion"},{"floor":14,"key":"Energy Potion"},{"floor":16,"key":"hexamod:SoulburnPotion"},{"floor":24,"key":"bronze:BurnAndBuffPotion"}],"is_trial":false,"path_per_floor":["M","$","M","?","M","E","R","M","T","$","M","E","M","M","R","B",null,"M","M","M","M","?","R","E","?","T","?","E"],"character_chosen":"THE_SIMPLETON","items_purchased":["TheSimpletonMod:Corn"],"campfire_rested":1,"item_purchase_floors":[2],"current_hp_per_floor":[46,46,45,45,50,22,22,50,50,50,37,42,50,43,43,37,47,41,35,33,16,16,31,7,7,7,7,0,0],"gold":312,"neow_bonus":"ONE_RARE_RELIC","is_daily":false,"chose_seed":false,"campfire_upgraded":2,"win_rate":0.0,"timestamp":1611492609,"path_taken":["M","$","M","?","M","E","R","M","T","$","?","E","M","M","R","BOSS","M","M","M","M","?","R","E","?","T","?","E"],"items_purchased_type":["Card"],"build_version":"2020-12-22","purchased_purges":2,"victory":false,"max_hp_per_floor":[50,50,50,50,50,50,50,50,50,50,50,50,50,50,50,50,50,50,50,50,50,50,50,50,50,50,50,50,50],"card_choices":[{"not_picked":["TheSimpletonMod:PestManagement","TheSimpletonMod:DigIn"],"picked":"TheSimpletonMod:Thresh","floor":1},{"not_picked":["TheSimpletonMod:ToughenUp","TheSimpletonMod:Thresh"],"picked":"TheSimpletonMod:Sunseed","floor":3},{"not_picked":["TheSimpletonMod:VineRipen","TheSimpletonMod:KeenEdge"],"picked":"TheSimpletonMod:SlashAndBurn","floor":5},{"not_picked":["TheSimpletonMod:VineRipen","TheSimpletonMod:CullingStrike"],"picked":"TheSimpletonMod:OnionBloom","floor":6},{"not_picked":["TheSimpletonMod:ControlledBurn","TheSimpletonMod:DoubleBarrel","TheSimpletonMod:Rototilling"],"picked":"SKIP","floor":8},{"not_picked":["TheSimpletonMod:Rake","TheSimpletonMod:BumperCrop","TheSimpletonMod:SpiceUp"],"picked":"SKIP","floor":11},{"not_picked":["TheSimpletonMod:Ferment","TheSimpletonMod:Rototilling"],"picked":"TheSimpletonMod:Aerate","floor":12},{"not_picked":["TheSimpletonMod:Fertilaser","TheSimpletonMod:BumperCrop"],"picked":"TheSimpletonMod:CrackOfDawn","floor":13},{"not_picked":["TheSimpletonMod:Rototilling","TheSimpletonMod:CullingStrike","TheSimpletonMod:SoilSample"],"picked":"SKIP","floor":14},{"not_picked":["TheSimpletonMod:Biorefinement","TheSimpletonMod:FanTheFlames"],"picked":"TheSimpletonMod:Photosynthesis","floor":16},{"not_picked":["TheSimpletonMod:ToughenUp+1","TheSimpletonMod:DigIn"],"picked":"TheSimpletonMod:CloseScrape+1","floor":18},{"not_picked":["TheSimpletonMod:SpiceUp+1","TheSimpletonMod:OnionBloom","TheSimpletonMod:CloseScrape+1"],"picked":"SKIP","floor":19},{"not_picked":["TheSimpletonMod:ControlledBurn","TheSimpletonMod:BumperCrop"],"picked":"TheSimpletonMod:Swelter","floor":20},{"not_picked":["TheSimpletonMod:Sunseed+1","TheSimpletonMod:CloseScrape"],"picked":"TheSimpletonMod:DoubleDigging","floor":21},{"not_picked":["TheSimpletonMod:PestManagement","TheSimpletonMod:Ferment","TheSimpletonMod:Fertilaser"],"picked":"SKIP","floor":24}],"player_experience":2933373,"relics_obtained":[{"floor":6,"key":"sneckomod:BlankCard"},{"floor":9,"key":"Smiling Mask"},{"floor":12,"key":"hexamod:CandleOfCauterizing"},{"floor":17,"key":"Akabeko"},{"floor":17,"key":"Slimebound:PreparedRelic"},{"floor":17,"key":"Peace Pipe"},{"floor":24,"key":"Juzu Bracelet"},{"floor":26,"key":"Bag of Marbles"}],"event_choices":[{"damage_healed":0,"gold_gain":0,"player_choice":"1 cards matched","damage_taken":0,"max_hp_gain":0,"max_hp_loss":0,"event_name":"Match and Keep!","floor":4,"gold_loss":0,"cards_obtained":["TheSimpletonMod:PestManagement"]},{"damage_healed":0,"gold_gain":0,"player_choice":"Simplicity","damage_taken":0,"max_hp_gain":0,"max_hp_loss":0,"event_name":"Back to Basics","floor":22,"gold_loss":0,"cards_upgraded":["TheSimpletonMod:Strike_TheSimpleton","TheSimpletonMod:Strike_TheSimpleton","TheSimpletonMod:Strike_TheSimpleton","TheSimpletonMod:Defend_TheSimpleton","TheSimpletonMod:Defend_TheSimpleton","TheSimpletonMod:Defend_TheSimpleton","TheSimpletonMod:Defend_TheSimpleton"]},{"damage_healed":0,"gold_gain":0,"player_choice":"Opened","damage_taken":0,"relics_obtained":["Bird Faced Urn"],"max_hp_gain":0,"max_hp_loss":0,"event_name":"The Mausoleum","floor":25,"gold_loss":0,"cards_obtained":["Writhe"]},{"damage_healed":0,"gold_gain":0,"player_choice":"Smashed Altar","damage_taken":0,"max_hp_gain":0,"max_hp_loss":0,"event_name":"Forgotten Altar","floor":27,"gold_loss":0,"cards_obtained":["Decay"]}],"is_beta":false,"boss_relics":[{"not_picked":["Fusion Hammer","Pandora\u0027s Box"],"picked":"Calling Bell"}],"items_purged_floors":[2,10],"is_endless":false,"potions_floor_spawned":[1,6,11,14,16,24],"killed_by":"Slavers","ascension_level":6}}