{"host":"g2kelmgng7xf1xjg","time":1611530911,"event":{"mods":["BaseMod","Bestiary","Highlight Path","Minty Spire (QoL Compilation)","Relic Stats","StSLib"],"gold_per_floor":[113,130,130,4,16,41,41,66,66,66,66,80,113,123,123,223,223,241,166,183,183,194,194,229,242,269,101,101,101,114,147,147,251,251,266,266,286,13,13,47,47,75,75,89,89,139,139,19,19,19],"floor_reached":51,"language":"ENG","playtime":4297,"items_purged":["Strike_B","Strike_B","Defend_B","Writhe"],"score":1218,"play_id":"021b00b0-5215-4584-a5cc-df9233fb9886","local_time":"20210124172831","is_ascension_mode":true,"campfire_choices":[{"data":"Zap","floor":7,"key":"SMITH"},{"data":"Streamline","floor":10,"key":"SMITH"},{"data":"Consume","floor":15,"key":"SMITH"},{"data":"Hologram","floor":23,"key":"SMITH"},{"data":"Loop","floor":29,"key":"SMITH"},{"data":"Genetic Algorithm","floor":32,"key":"SMITH"},{"data":"Seek","floor":41,"key":"SMITH"},{"data":"Rainbow","floor":45,"key":"SMITH"},{"data":"Seek","floor":49,"key":"SMITH"}],"circlet_count":0,"master_deck":["AscendersBane","Defend_B","Defend_B","Defend_B","Zap+1","Dualcast","Streamline+1","Cold Snap+1","Ball Lightning","Streamline+1","Multi-Cast","Undo","Genetic Algorithm+1","Auto Shields","Electrodynamics","Glacier","Hologram+1","Loop+1","FTL+1","Seek+1","Glacier+1","Seek+1","Defragment+1","Secret Weapon","Rainbow+1","Hologram+1"],"relics":["Cracked Core","Boot","Matryoshka","Meat on the Bone","Anchor","Question Card","DataDisk","Coffee Dripper","TungstenRod","White Beast Statue","Pen Nib","Juzu Bracelet","Cursed Key","Whetstone","Prayer Wheel","FossilizedHelix","The Courier","Girya"],"acts_visited":["Exordium","TheCity","TheBeyond"],"potions_floor_usage":[6,13,24,31,40,42,50,50],"damage_taken":[{"damage":5,"enemies":"2 Louse","floor":1,"turns":2},{"damage":5,"enemies":"Small Slimes","floor":2,"turns":3},{"damage":2,"enemies":"Jaw Worm","floor":5,"turns":3},{"damage":17,"enemies":"Lagavulin","floor":6,"turns":5},{"damage":18,"enemies":"Gremlin Nob","floor":8,"turns":3},{"damage":0,"enemies":"Blue Slaver","floor":12,"turns":2},{"damage":11,"enemies":"Lagavulin","floor":13,"turns":5},{"damage":14,"enemies":"Exordium Thugs","floor":14,"turns":4},{"damage":30,"enemies":"Slime Boss","floor":16,"turns":7},{"damage":5,"enemies":"2 Thieves","floor":18,"turns":4},{"damage":22,"enemies":"Shell Parasite","floor":20,"turns":4},{"damage":8,"enemies":"Snake Plant","floor":22,"turns":4},{"damage":7,"enemies":"Book of Stabbing","floor":24,"turns":8},{"damage":7,"enemies":"Snecko","floor":25,"turns":5},{"damage":0,"enemies":"Centurion and Healer","floor":30,"turns":5},{"damage":0,"enemies":"Gremlin Leader","floor":31,"turns":5},{"damage":20,"enemies":"Collector","floor":33,"turns":9},{"damage":0,"enemies":"3 Shapes","floor":35,"turns":3},{"damage":0,"enemies":"Orb Walker","floor":37,"turns":3},{"damage":16,"enemies":"Giant Head","floor":40,"turns":10},{"damage":15,"enemies":"Reptomancer","floor":42,"turns":8},{"damage":0,"enemies":"Writhing Mass","floor":44,"turns":4},{"damage":0,"enemies":"Mind Bloom Boss Battle","floor":46,"turns":4},{"damage":0,"enemies":"Awakened One","floor":50,"turns":17}],"seed_played":"7650911710136254782","potions_obtained":[{"floor":1,"key":"FocusPotion"},{"floor":2,"key":"LiquidBronze"},{"floor":8,"key":"SneckoOil"},{"floor":12,"key":"EntropicBrew"},{"floor":13,"key":"Dexterity Potion"},{"floor":30,"key":"DistilledChaos"},{"floor":31,"key":"SpeedPotion"},{"floor":33,"key":"FearPotion"},{"floor":35,"key":"Strength Potion"},{"floor":37,"key":"FocusPotion"},{"floor":40,"key":"SkillPotion"},{"floor":42,"key":"DistilledChaos"},{"floor":44,"key":"FocusPotion"}],"is_trial":false,"path_per_floor":["M","M","?","$","M","E","R","E","T","R","?","M","E","M","R","B",null,"M","?","M","?","M","R","E","M","T","$","?","R","M","E","R","B",null,"M","?","M","$","?","E","R","E","T","M","R","?","?","$","R","B",null],"character_chosen":"DEFECT","items_purchased":["Ball Lightning","Loop","Whetstone"],"campfire_rested":0,"item_purchase_floors":[4,27,38],"current_hp_per_floor":[63,58,58,58,56,39,39,21,21,21,26,38,39,37,37,19,65,60,60,50,35,39,39,44,49,49,49,49,49,49,49,49,41,74,74,74,74,74,74,58,58,43,43,43,43,43,43,43,43,43],"gold":19,"neow_bonus":"RANDOM_COMMON_RELIC","is_daily":false,"chose_seed":false,"campfire_upgraded":9,"win_rate":0.0,"timestamp":1611530911,"path_taken":["M","M","?","$","M","E","R","E","T","R","?","M","E","M","R","BOSS","M","?","M","?","M","R","E","M","T","$","?","R","?","E","R","BOSS","M","?","M","?","?","E","R","E","T","M","R","?","?","$","R","BOSS"],"items_purchased_type":["Card","Card","Relic"],"build_version":"2020-12-22","purchased_purges":4,"victory":true,"max_hp_per_floor":[75,75,75,75,75,75,75,75,75,75,80,80,80,80,80,80,80,80,80,80,85,85,85,85,85,85,85,85,85,85,85,85,85,85,85,85,85,85,85,85,85,85,85,85,85,85,85,85,85,85],"relic_stats":{"counters":[24,126],"Prayer Wheel":1,"Pen Nib":[7],"Juzu Bracelet":0,"Whetstone":["Streamline","Cold Snap"],"Boot":[7],"Question Card":20,"Cursed Key":1,"obtain_stats":[{"Girya":46,"Pen Nib":26,"The Courier":43,"Juzu Bracelet":31,"Whetstone":38,"Boot":0,"Question Card":9,"Cursed Key":34,"White Beast Statue":26,"Anchor":9,"DataDisk":13,"Matryoshka":6,"Prayer Wheel":40,"Coffee Dripper":17,"Cracked Core":0,"TungstenRod":24,"FossilizedHelix":42,"Meat on the Bone":8},{"Girya":23,"Pen Nib":14,"The Courier":21,"Juzu Bracelet":16,"Whetstone":19,"Boot":0,"Question Card":5,"Cursed Key":17,"White Beast Statue":14,"Anchor":5,"DataDisk":7,"Matryoshka":4,"Prayer Wheel":20,"Coffee Dripper":9,"Cracked Core":0,"TungstenRod":13,"FossilizedHelix":21,"Meat on the Bone":5},{"Girya":109,"Pen Nib":59,"The Courier":101,"Juzu Bracelet":69,"Whetstone":84,"Boot":0,"Question Card":16,"Cursed Key":78,"White Beast Statue":59,"Anchor":16,"DataDisk":23,"Matryoshka":13,"Prayer Wheel":94,"Coffee Dripper":34,"Cracked Core":0,"TungstenRod":54,"FossilizedHelix":101,"Meat on the Bone":16}],"TungstenRod":8,"Meat on the Bone":108},"card_choices":[{"not_picked":["Conserve Battery","Stack"],"picked":"Streamline","floor":1},{"not_picked":["Conserve Battery","Leap"],"picked":"Cold Snap","floor":2},{"not_picked":["Undo","Heatsinks"],"picked":"Streamline","floor":5},{"not_picked":["Reinforced Body","Darkness"],"picked":"Multi-Cast","floor":6},{"not_picked":["Gash","White Noise"],"picked":"Undo","floor":8},{"not_picked":["Steam","Stack","Sunder"],"picked":"Genetic Algorithm","floor":12},{"not_picked":["Sweeping Beam","Barrage","Rebound"],"picked":"Consume","floor":13},{"not_picked":["Gash","Stack","Steam"],"picked":"Auto Shields","floor":14},{"not_picked":["Echo Form","Biased Cognition","Amplify"],"picked":"Electrodynamics","floor":16},{"not_picked":["Coolheaded","Compile Driver+1","Turbo"],"picked":"Glacier","floor":18},{"not_picked":["Lockon","Steam","Turbo","Sweeping Beam+1"],"picked":"SKIP","floor":20},{"not_picked":["Conserve Battery","Undo","Sweeping Beam"],"picked":"Hologram","floor":22},{"not_picked":["Reprogram","Chill","Stack","Creative AI"],"picked":"SKIP","floor":24},{"not_picked":["Stack","Leap","Sunder","Self Repair"],"picked":"SKIP","floor":25},{"not_picked":["Hologram","BootSequence+1","Undo","Conserve Battery+1"],"picked":"SKIP","floor":30},{"not_picked":["Steam Power+1","Lockon","Coolheaded"],"picked":"FTL+1","floor":31},{"not_picked":["Multi-Cast","Reboot","All For One"],"picked":"Seek","floor":33},{"not_picked":["Sunder","Cold Snap+1","Redo+1"],"picked":"Glacier+1","floor":35},{"not_picked":["Doom and Gloom+1","Sweeping Beam","Hello World"],"picked":"Defragment+1","floor":37},{"not_picked":["Forethought","Deep Breath","Trip"],"picked":"Secret Weapon","floor":39},{"not_picked":["Lockon+1","Undo+1","Conserve Battery+1","Compile Driver+1"],"picked":"SKIP","floor":40},{"not_picked":["Lockon+1","Undo+1","Conserve Battery+1","Compile Driver+1"],"picked":"SKIP","floor":40},{"not_picked":["Compile Driver+1","Blizzard+1","Steam+1"],"picked":"Rainbow","floor":42},{"not_picked":["Storm","Compile Driver+1","Sunder+1"],"picked":"Hologram+1","floor":44},{"not_picked":["Leap+1","Sweeping Beam","Glacier","Blizzard"],"picked":"SKIP","floor":44}],"player_experience":1024624,"relics_obtained":[{"floor":6,"key":"Matryoshka"},{"floor":8,"key":"Meat on the Bone"},{"floor":9,"key":"Anchor"},{"floor":9,"key":"Question Card"},{"floor":13,"key":"DataDisk"},{"floor":24,"key":"TungstenRod"},{"floor":26,"key":"White Beast Statue"},{"floor":26,"key":"Pen Nib"},{"floor":31,"key":"Juzu Bracelet"},{"floor":40,"key":"Prayer Wheel"},{"floor":42,"key":"FossilizedHelix"},{"floor":43,"key":"The Courier"},{"floor":46,"key":"Girya"}],"event_choices":[{"cards_removed":["Strike_B"],"damage_healed":0,"gold_gain":0,"player_choice":"Forget","damage_taken":0,"max_hp_gain":0,"max_hp_loss":0,"event_name":"Living Wall","floor":3,"gold_loss":0},{"damage_healed":0,"gold_gain":0,"player_choice":"Donut","damage_taken":0,"max_hp_gain":5,"max_hp_loss":0,"event_name":"Big Fish","floor":11,"gold_loss":0},{"cards_removed":["Strike_B"],"damage_healed":0,"gold_gain":0,"player_choice":"Gave Gold","damage_taken":0,"max_hp_gain":0,"max_hp_loss":0,"event_name":"Beggar","floor":19,"gold_loss":75},{"damage_healed":0,"gold_gain":0,"player_choice":"Shed Blood","damage_taken":20,"max_hp_gain":5,"max_hp_loss":0,"event_name":"Forgotten Altar","floor":21,"gold_loss":0},{"damage_healed":0,"gold_gain":0,"player_choice":"Ignored","damage_taken":0,"max_hp_gain":0,"max_hp_loss":0,"event_name":"The Mausoleum","floor":28,"gold_loss":0},{"damage_healed":0,"gold_gain":0,"player_choice":"Copied","damage_taken":0,"max_hp_gain":0,"max_hp_loss":0,"event_name":"Duplicator","floor":36,"gold_loss":0,"cards_obtained":["Seek"]},{"damage_healed":0,"gold_gain":0,"player_choice":"Memory 1","damage_taken":0,"max_hp_gain":0,"max_hp_loss":0,"event_name":"SensoryStone","floor":39,"gold_loss":0},{"damage_healed":0,"gold_gain":0,"player_choice":"Fight","damage_taken":0,"max_hp_gain":0,"max_hp_loss":0,"event_name":"MindBloom","floor":46,"gold_loss":0},{"cards_removed":["Consume"],"damage_healed":0,"gold_gain":0,"player_choice":"Removed Skill","damage_taken":0,"max_hp_gain":0,"max_hp_loss":0,"event_name":"Falling","floor":47,"gold_loss":0}],"is_beta":false,"boss_relics":[{"not_picked":["Pandora\u0027s Box","Philosopher\u0027s Stone"],"picked":"Coffee Dripper"},{"not_picked":["FrozenCore","SacredBark"],"picked":"Cursed Key"}],"items_purged_floors":[4,27,38,48],"is_endless":false,"potions_floor_spawned":[1,2,8,12,13,18,22,30,31,33,35,37,40,42,44,46],"ascension_level":11}}