{"host":"dm4yvegl9um2tlqd","time":1611462595,"event":{"mods":["2.2 Compatiblity","AchievementEnabler","BaseMod","Colored Map","DeckTracker","Highlight Path","KOR Keyword Fix","Keyboard Shortcuts","Minty Spire (QoL Compilation)","Permanent Neow","Quick Restart","Random Character Button","StSLib","SuperFastMode","everything is the same but u backflip on backflip"],"gold_per_floor":[119,69,89,108,108,108,137,62,139,139,151,164,178,205,205,303,303,313,333,349,51,65,65,65],"floor_reached":23,"language":"KOR","playtime":579,"items_purged":["Strike_R"],"score":297,"play_id":"9646e3f7-b108-4424-b7b6-f65112f5b4f8","local_time":"20210124132955","is_ascension_mode":true,"campfire_choices":[{"data":"Cleave","floor":6.0,"key":"SMITH"},{"data":"Bludgeon","floor":10.0,"key":"SMITH"},{"data":"Bloodletting","floor":15.0,"key":"SMITH"}],"circlet_count":0,"master_deck":["Strike_R","Defend_R","Defend_R","Defend_R","Defend_R","Bash+1","Anger+1","Cleave+1","Bludgeon+1","Hemokinesis","Bloodletting+1","Reaper","Shrug It Off","Power Through"],"relics":["Burning Blood","Strawberry","Darkstone Periapt","Letter Opener","Empty Cage","Thread and Needle"],"acts_visited":["Exordium","TheCity"],"potions_floor_usage":[23],"damage_taken":[{"damage":0.0,"enemies":"Small Slimes","floor":1.0,"turns":3.0},{"damage":3.0,"enemies":"2 Louse","floor":3.0,"turns":4.0},{"damage":0.0,"enemies":"Cultist","floor":4.0,"turns":3.0},{"damage":5.0,"enemies":"Gremlin Nob","floor":7.0,"turns":3.0},{"damage":9.0,"enemies":"2 Fungi Beasts","floor":11.0,"turns":3.0},{"damage":4.0,"enemies":"Exordium Thugs","floor":12.0,"turns":3.0},{"damage":2.0,"enemies":"Large Slime","floor":13.0,"turns":2.0},{"damage":7.0,"enemies":"Lagavulin","floor":14.0,"turns":3.0},{"damage":41.0,"enemies":"The Guardian","floor":16.0,"turns":8.0},{"damage":18.0,"enemies":"2 Thieves","floor":18.0,"turns":3.0},{"damage":34.0,"enemies":"3 Byrds","floor":19.0,"turns":5.0},{"damage":24.0,"enemies":"Snake Plant","floor":20.0,"turns":3.0},{"damage":21.0,"enemies":"Sentry and Sphere","floor":22.0,"turns":5.0},{"damage":10,"enemies":"Book of Stabbing","floor":23,"turns":3}],"seed_played":"-3421405712771976224","potions_obtained":[{"floor":1.0,"key":"ColorlessPotion"},{"floor":4.0,"key":"DistilledChaos"},{"floor":12.0,"key":"SteroidPotion"},{"floor":16.0,"key":"DistilledChaos"},{"floor":19.0,"key":"BlessingOfTheForge"},{"floor":22.0,"key":"FairyPotion"}],"is_trial":false,"path_per_floor":["M","?","M","M","?","R","E","$","T","R","M","M","M","E","R","B",null,"M","M","M","$","M","E"],"character_chosen":"IRONCLAD","items_purchased":["Thread and Needle"],"campfire_rested":0,"item_purchase_floors":[21],"current_hp_per_floor":[78,78,80,80,80,80,87,87,87,87,84,86,87,86,86,51,78,66,47,29,29,18,8,8],"gold":65,"neow_bonus":"UPGRADE_CARD","is_daily":false,"chose_seed":false,"campfire_upgraded":3,"win_rate":0.0,"timestamp":1611462595,"path_taken":["M","?","M","M","?","R","E","$","T","R","?","M","M","E","R","BOSS","M","M","M","$","M","E"],"items_purchased_type":["Relic"],"build_version":"2020-12-22","purchased_purges":1,"victory":false,"max_hp_per_floor":[80,80,80,80,80,80,87,87,87,87,87,87,87,87,87,87,87,87,87,87,87,87,87,87],"card_choices":[{"not_picked":["Infernal Blade","True Grit","Havoc"],"picked":"SKIP","floor":1.0},{"not_picked":["Twin Strike","Clash"],"picked":"Anger","floor":3.0},{"not_picked":["Flex","Sword Boomerang"],"picked":"Cleave","floor":4.0},{"not_picked":["Body Slam","Havoc"],"picked":"Bludgeon","floor":7.0},{"not_picked":["Metallicize","Thunderclap","True Grit"],"picked":"SKIP","floor":11.0},{"not_picked":["Entrench","Thunderclap"],"picked":"Hemokinesis","floor":12.0},{"not_picked":["Warcry","Iron Wave","Flex"],"picked":"SKIP","floor":13.0},{"not_picked":["Flex","Bludgeon"],"picked":"Bloodletting","floor":14.0},{"not_picked":["Exhume","Bludgeon"],"picked":"Reaper","floor":16.0},{"not_picked":["Perfected Strike","Inflame"],"picked":"Shrug It Off","floor":18.0},{"not_picked":["Body Slam","Iron Wave","Cleave"],"picked":"SKIP","floor":19.0},{"not_picked":["Heavy Blade","Shockwave"],"picked":"Power Through","floor":20.0},{"not_picked":["Heavy Blade","Intimidate","Flex+1"],"picked":"SKIP","floor":22.0}],"player_experience":85439,"relics_obtained":[{"floor":7.0,"key":"Strawberry"},{"floor":9.0,"key":"Darkstone Periapt"},{"floor":14.0,"key":"Letter Opener"}],"event_choices":[{"cards_removed":["Strike_R"],"damage_healed":0.0,"max_hp_gain":0.0,"max_hp_loss":0.0,"gold_gain":0.0,"event_name":"The Cleric","player_choice":"Card Removal","floor":2.0,"gold_loss":50.0,"damage_taken":0.0},{"damage_healed":0.0,"max_hp_gain":0.0,"max_hp_loss":0.0,"gold_gain":0.0,"event_name":"Accursed Blacksmith","player_choice":"Forge","floor":5.0,"gold_loss":0.0,"damage_taken":0.0,"cards_upgraded":["Anger"]}],"is_beta":false,"boss_relics":[{"not_picked":["SlaversCollar","SacredBark"],"picked":"Empty Cage"}],"items_purged_floors":[8],"is_endless":false,"potions_floor_spawned":[1,4,12,16,19,22],"killed_by":"Book of Stabbing","ascension_level":9}}