{"host":"iimv3xr0scyjt3cx","time":1611522818,"event":{"mods":["BaseMod","Hermit","Minty Spire (QoL Compilation)","Replay The Spire","StSLib","The Bladedancer","The Bug Knight","The Cursed","The Judge","The Necromancer","The Senshi","The Servant 0.9.4","The Wild Card"],"gold_per_floor":[119,194,206,290,304,316,342,397,423,449,464,464,73,91,91,194,194,209,224,194,147,103,114,114,114],"floor_reached":24,"language":"ENG","playtime":1612,"items_purged":[],"score":208,"play_id":"11528628-5f53-47d8-89d9-e0bdbccf9da8","local_time":"20210124221338","is_ascension_mode":false,"campfire_choices":[{"data":"Blood_Curse","floor":12,"key":"SMITH"},{"data":"Pandemic","floor":15,"key":"SMITH"}],"circlet_count":0,"master_deck":["Strike_W","Strike_W","Strike_W","Strike_W","Defend_W","Defend_W","Defend_W","Defend_W","Negative_Energy_Arrows+1","Bone_Wall","Bone_Spikes","Spectral_Armor","Death_March_Dance","Bone_Bullets","Bone_Armor","Blood_Curse+1","Necrotic_Claws","Negative_Energy_Mist","Exploit","Siphon_Strength","Bone_Armory+1","Uncharnel+1","Vampiric_Strike+1","Pandemic+1","Hellfire+1","Corrupt","Epidemic","Summon_Lich+1","Summon_Undead_Army+1","Consume_Illness+1"],"relics":["Vampire_Amulet","Potion Belt","Boot","Regal Pillow","Blue Doll","Golden Egg","Runic Dome"],"acts_visited":["Exordium","TheCity"],"potions_floor_usage":[10,10,24,24],"damage_taken":[{"damage":0.0,"enemies":"Cultist","floor":1.0,"turns":4.0},{"damage":0.0,"enemies":"2 Louse","floor":3.0,"turns":2.0},{"damage":1.0,"enemies":"Jaw Worm","floor":5.0,"turns":5.0},{"damage":4.0,"enemies":"Looter","floor":6.0,"turns":3.0},{"damage":12.0,"enemies":"HollowMod:MossKnight","floor":7.0,"turns":14.0},{"damage":6.0,"enemies":"Gremlin Nob","floor":8.0,"turns":4.0},{"damage":5,"enemies":"Gremlin Nob","floor":10,"turns":5},{"damage":8,"enemies":"Exordium Wildlife","floor":11,"turns":3},{"damage":13,"enemies":"Exordium Thugs","floor":14,"turns":6},{"damage":10,"enemies":"Hexaghost","floor":16,"turns":9},{"damage":21,"enemies":"Spheric Guardian","floor":18,"turns":5},{"damage":32,"enemies":"2 Thieves","floor":19,"turns":4},{"damage":15,"enemies":"Snake Plant","floor":23,"turns":4},{"damage":22,"enemies":"Slavers","floor":24,"turns":1}],"seed_played":"-2038875883312798777","potions_obtained":[{"floor":3.0,"key":"SpeedPotion"},{"floor":5.0,"key":"Fire Potion"},{"floor":8.0,"key":"Swift Potion"},{"floor":10,"key":"Elixir"},{"floor":19,"key":"Dexterity Potion"},{"floor":20,"key":"Strength Potion"},{"floor":20,"key":"Energy Potion"}],"is_trial":false,"path_per_floor":["M","?","M","?","M","M","E","?","T","E","M","R","$","M","R","B",null,"M","M","?","$","$","M","E"],"character_chosen":"NECROMANCER","items_purchased":["Golden Egg","Bone_Armory","Uncharnel","Vampiric_Strike","Summon_Lich+1","Summon_Undead_Army+1"],"campfire_rested":0,"item_purchase_floors":[13,13,13,13,21,22],"current_hp_per_floor":[75,68,72,72,73,71,63,59,59,56,52,52,52,46,46,41,75,57,32,32,32,32,19,0,0],"gold":114,"neow_bonus":"UPGRADE_CARD","is_daily":false,"chose_seed":false,"campfire_upgraded":2,"win_rate":0.0,"timestamp":1611522818,"path_taken":["M","?","?","?","M","M","E","?","T","E","M","R","$","M","R","BOSS","M","M","?","?","$","M","E"],"items_purchased_type":["Relic","Card","Card","Card","Card","Card"],"build_version":"2020-12-22","purchased_purges":0,"victory":false,"max_hp_per_floor":[75,75,75,75,75,75,75,75,75,75,75,75,75,75,75,75,75,75,75,75,75,75,75,75,75],"card_choices":[{"not_picked":["Consume_Illness","Death_Coil"],"picked":"Bone_Spikes","floor":1.0},{"not_picked":["Negative_Energy_Sphere","Shade_Step"],"picked":"Spectral_Armor","floor":3.0},{"not_picked":["Blood_Curse","Deaths_Shadow"],"picked":"Death_March_Dance","floor":4.0},{"not_picked":["Consume_Illness","Strike_from_Beyond"],"picked":"Bone_Bullets","floor":4.0},{"not_picked":["Reap_The_Weak","Necromantic_Selection"],"picked":"Bone_Armor","floor":5.0},{"not_picked":["Consume_Illness","Bone_Spikes"],"picked":"Blood_Curse","floor":6.0},{"not_picked":["Vampiric_Strike","Deaths_Shadow"],"picked":"Necrotic_Claws","floor":7.0},{"not_picked":["Negative_Energy_Burst","Thousand_Bone_Knives"],"picked":"Negative_Energy_Mist","floor":8.0},{"not_picked":["Deaths_Shadow","Bone_Shift"],"picked":"Exploit","floor":10},{"not_picked":["Bone_Armor","Vampiric_Strike"],"picked":"Siphon_Strength","floor":11},{"not_picked":["Blood_Whip","Negative_Energy_Mist"],"picked":"Pandemic","floor":14},{"not_picked":["Requiem","Blood_Wake"],"picked":"Hellfire","floor":16},{"not_picked":["Uncharnel+1","Negative_Energy_Burst+1"],"picked":"Corrupt","floor":18},{"not_picked":["Spectral_Walk","Blood_for_Blood+1"],"picked":"Epidemic","floor":19},{"not_picked":["Negative_Energy_Javelin+1","Blood_Curse"],"picked":"Consume_Illness+1","floor":23}],"player_experience":494928,"relics_obtained":[{"floor":4.0,"key":"Potion Belt"},{"floor":7.0,"key":"Boot"},{"floor":10,"key":"Blue Doll"}],"event_choices":[{"damage_healed":0.0,"max_hp_gain":0.0,"max_hp_loss":0.0,"gold_gain":75.0,"event_name":"FaceTrader","player_choice":"Touch","floor":2.0,"gold_loss":0.0,"damage_taken":7.0},{"damage_healed":0.0,"max_hp_gain":0.0,"max_hp_loss":0.0,"gold_gain":0.0,"event_name":"Dead Adventurer","player_choice":"Searched \u00272\u0027 times","floor":8.0,"gold_loss":0.0,"damage_taken":0.0,"relics_obtained":["Regal Pillow"]},{"damage_healed":0,"gold_gain":0,"player_choice":"Bought 2 Potions","damage_taken":0,"max_hp_gain":0,"max_hp_loss":0,"event_name":"The Woman in Blue","floor":20,"gold_loss":0}],"is_beta":false,"boss_relics":[{"not_picked":["SlaversCollar","Velvet Choker"],"picked":"Runic Dome"}],"items_purged_floors":[],"is_endless":false,"potions_floor_spawned":[3,5,8,10,19],"killed_by":"Slavers","ascension_level":0}}