{"host":"Bilverbakes","time":1611519719,"event":{"mods":["2.2 Compatiblity","AchievementEnabler","BaseMod","Bestiary","Colored Map","Minty Spire (QoL Compilation)","Relic Stats","StSLib","ojb\u0027s Info Mod"],"gold_per_floor":[112,262,131,142,158,158,185,242,269,269,301,321,74,74,74],"floor_reached":14,"language":"ENG","playtime":331,"items_purged":["Doubt"],"score":196,"play_id":"e4ee2fc0-7dc9-413f-a3a9-0278c9f69776","local_time":"20210124142159","is_ascension_mode":true,"campfire_choices":[{"data":"Streamline","floor":6,"key":"SMITH"},{"data":"Coolheaded","floor":10,"key":"SMITH"}],"circlet_count":0,"master_deck":["AscendersBane","Strike_B","Strike_B","Strike_B","Strike_B","Defend_B","Defend_B","Defend_B","Defend_B","Zap","Dualcast","Streamline+1","Coolheaded+1","Compile Driver","Cold Snap","Compile Driver","Self Repair"],"relics":["Coffee Dripper","Nunchaku","Vajra","Strawberry","Toolbox"],"acts_visited":["Exordium"],"potions_floor_usage":[11],"damage_taken":[{"damage":10,"enemies":"2 Louse","floor":1,"turns":2},{"damage":2,"enemies":"Cultist","floor":4,"turns":4},{"damage":5,"enemies":"Small Slimes","floor":5,"turns":4},{"damage":28,"enemies":"Gremlin Nob","floor":7,"turns":4},{"damage":1,"enemies":"3 Sentries","floor":11,"turns":7},{"damage":18,"enemies":"Exordium Thugs","floor":12,"turns":4},{"damage":6,"enemies":"Gremlin Nob","floor":14,"turns":3}],"seed_played":"-2565598853055495508","potions_obtained":[{"floor":4,"key":"PotionOfCapacity"},{"floor":7,"key":"Energy Potion"}],"is_trial":false,"path_per_floor":["M","?","$","M","M","R","E","?","T","R","E","M","$","E"],"character_chosen":"DEFECT","items_purchased":["Streamline","Toolbox","Self Repair"],"campfire_rested":0,"item_purchase_floors":[3,13,13],"current_hp_per_floor":[54,54,54,52,47,47,19,19,19,19,25,7,7,1,1],"gold":74,"neow_bonus":"BOSS_RELIC","is_daily":false,"chose_seed":false,"campfire_upgraded":2,"win_rate":0.0,"timestamp":1611519719,"path_taken":["M","?","$","M","M","R","E","?","T","R","E","M","$","E"],"items_purchased_type":["Card","Relic","Card"],"build_version":"2020-12-18","purchased_purges":1,"victory":false,"max_hp_per_floor":[71,71,71,71,71,71,71,71,71,71,78,78,78,78,78],"relic_stats":{"Nunchaku":[2],"counters":[7,28],"obtain_stats":[{"Nunchaku":7,"Strawberry":11,"Vajra":9,"Toolbox":13,"Coffee Dripper":0,"Cracked Core":0},{"Nunchaku":4,"Strawberry":5,"Vajra":4,"Toolbox":6,"Coffee Dripper":0,"Cracked Core":0},{"Nunchaku":14,"Strawberry":21,"Vajra":14,"Toolbox":25,"Coffee Dripper":0,"Cracked Core":0}]},"card_choices":[{"not_picked":["Turbo","Beam Cell","Fusion"],"picked":"SKIP","floor":1},{"not_picked":["Consume","Steam"],"picked":"Coolheaded","floor":4},{"not_picked":["Coolheaded","Redo"],"picked":"Compile Driver","floor":5},{"not_picked":["Loop","Stack"],"picked":"Cold Snap","floor":7},{"not_picked":["Gash","Amplify","Beam Cell"],"picked":"SKIP","floor":11},{"not_picked":["Coolheaded","Stack"],"picked":"Compile Driver","floor":12}],"player_experience":805256,"relics_obtained":[{"floor":7,"key":"Nunchaku"},{"floor":9,"key":"Vajra"},{"floor":11,"key":"Strawberry"}],"event_choices":[{"damage_healed":0,"gold_gain":150,"player_choice":"AGREE","damage_taken":0,"max_hp_gain":0,"max_hp_loss":0,"event_name":"Liars Game","floor":2,"gold_loss":0,"cards_obtained":["Doubt"]},{"damage_healed":0,"gold_gain":57,"player_choice":"Gained Gold","damage_taken":0,"max_hp_gain":0,"max_hp_loss":0,"event_name":"Golden Wing","floor":8,"gold_loss":0}],"is_beta":true,"boss_relics":[],"items_purged_floors":[3],"is_endless":false,"potions_floor_spawned":[4,7],"killed_by":"Gremlin Nob","ascension_level":20}}