{"host":"kh6fvhxn285ncg0o","time":1611487433,"event":{"mods":["Act Like it!","BaseMod","Colored Map","Friendly Minions","Keyboard Shortcuts","Minty Spire (QoL Compilation)","Quick Restart","Relic Stats","StSLib","SuperFastMode","UnlockEverythingMod"],"gold_per_floor":[116,41,41,60,80,80,111,111,111,127,147,147,160,189,189,260,260,277,292,308,339,349,374,374,374],"floor_reached":24,"language":"KOR","playtime":657,"items_purged":[],"score":460,"play_id":"18187731-6ffb-4030-87f1-7c3f1aa72898","local_time":"20210124202353","is_ascension_mode":true,"campfire_choices":[{"data":"Bash","floor":6,"key":"SMITH"},{"floor":8,"key":"REST"},{"floor":12,"key":"REST"},{"data":"Whirlwind","floor":15,"key":"SMITH"}],"circlet_count":0,"master_deck":["AscendersBane","Strike_R","Strike_R","Strike_R","Strike_R","Defend_R","Defend_R","Defend_R","Defend_R","Bash+1","Pain","Feel No Pain","Infernal Blade","Hemokinesis","Power Through","Whirlwind+1","Immolate","Shrug It Off","Disarm","Dark Embrace","Impervious"],"relics":["Burning Blood","NeowsBlessing","WarpedTongs","HornCleat","Shuriken","Calipers","Coffee Dripper","Red Mask","PreservedInsect"],"acts_visited":["Exordium","TheCity"],"potions_floor_usage":[14,16,21,23],"damage_taken":[{"damage":0,"enemies":"Small Slimes","floor":1,"turns":1},{"damage":1,"enemies":"Jaw Worm","floor":4,"turns":1},{"damage":0,"enemies":"Cultist","floor":5,"turns":1},{"damage":53,"enemies":"Lagavulin","floor":7,"turns":8},{"damage":31,"enemies":"Gremlin Gang","floor":10,"turns":6},{"damage":6,"enemies":"2 Fungi Beasts","floor":11,"turns":3},{"damage":3,"enemies":"Exordium Wildlife","floor":13,"turns":3},{"damage":10,"enemies":"3 Sentries","floor":14,"turns":12},{"damage":6,"enemies":"Slime Boss","floor":16,"turns":7},{"damage":3,"enemies":"Chosen","floor":18,"turns":3},{"damage":3,"enemies":"3 Byrds","floor":19,"turns":4},{"damage":1,"enemies":"Cultist and Chosen","floor":20,"turns":2},{"damage":6,"enemies":"Masked Bandits","floor":21,"turns":4},{"damage":18,"enemies":"Snake Plant","floor":22,"turns":5},{"damage":45,"enemies":"Book of Stabbing","floor":23,"turns":6},{"damage":33,"enemies":"Centurion and Healer","floor":24,"turns":4}],"seed_played":"-6314567980525088041","potions_obtained":[{"floor":7,"key":"PowerPotion"},{"floor":13,"key":"HeartOfIron"},{"floor":14,"key":"Block Potion"},{"floor":19,"key":"SteroidPotion"},{"floor":23,"key":"Ancient Potion"}],"is_trial":false,"path_per_floor":["M","?","?","M","M","R","E","R","T","M","M","R","M","E","R","B",null,"M","M","M","?","M","E","M"],"character_chosen":"IRONCLAD","items_purchased":[],"campfire_rested":2,"item_purchase_floors":[],"current_hp_per_floor":[74,74,74,75,75,75,28,50,50,25,25,47,50,46,46,46,68,71,74,75,75,63,24,0,0],"gold":374,"neow_bonus":"THREE_ENEMY_KILL","is_daily":false,"chose_seed":false,"campfire_upgraded":2,"win_rate":0.0,"timestamp":1611487433,"path_taken":["M","?","?","?","M","R","E","R","T","M","M","R","M","E","R","BOSS","M","M","?","?","M","E","M"],"items_purchased_type":[],"build_version":"2020-12-22","purchased_purges":0,"victory":false,"max_hp_per_floor":[75,75,75,75,75,75,75,75,75,75,75,75,75,75,75,75,75,75,75,75,75,75,75,75,75],"relic_stats":{"counters":[16,70],"Shuriken":[8],"PreservedInsect":0,"obtain_stats":[{"HornCleat":7,"Calipers":14,"NeowsBlessing":0,"Shuriken":9,"PreservedInsect":23,"Coffee Dripper":17,"Red Mask":21,"Burning Blood":0,"WarpedTongs":3},{"HornCleat":4,"Calipers":8,"NeowsBlessing":0,"Shuriken":4,"PreservedInsect":15,"Coffee Dripper":9,"Red Mask":13,"Burning Blood":0,"WarpedTongs":1},{"HornCleat":11,"Calipers":35,"NeowsBlessing":0,"Shuriken":11,"PreservedInsect":66,"Coffee Dripper":42,"Red Mask":55,"Burning Blood":0,"WarpedTongs":1}],"Burning Blood":76,"WarpedTongs":[67]},"card_choices":[{"not_picked":["Headbutt","Clash","Anger"],"picked":"SKIP","floor":1},{"not_picked":["Twin Strike","Heavy Blade"],"picked":"Feel No Pain","floor":4},{"not_picked":["Seeing Red","True Grit"],"picked":"Infernal Blade","floor":5},{"not_picked":["Thunderclap","Sever Soul"],"picked":"Hemokinesis","floor":7},{"not_picked":["Intimidate","Thunderclap","Iron Wave"],"picked":"SKIP","floor":10},{"not_picked":["Anger","Wild Strike","Body Slam"],"picked":"SKIP","floor":11},{"not_picked":["Flame Barrier","Cleave"],"picked":"Power Through","floor":13},{"not_picked":["Warcry","Iron Wave"],"picked":"Whirlwind","floor":14},{"not_picked":["Double Tap","Limit Break"],"picked":"Immolate","floor":16},{"not_picked":["Metallicize","Heavy Blade"],"picked":"Shrug It Off","floor":19},{"not_picked":["Perfected Strike","Infernal Blade"],"picked":"Disarm","floor":20},{"not_picked":["Inflame","Dual Wield"],"picked":"Dark Embrace","floor":22},{"not_picked":["Blood for Blood","Sword Boomerang"],"picked":"Impervious","floor":23}],"player_experience":1265990,"relics_obtained":[{"floor":7,"key":"HornCleat"},{"floor":9,"key":"Shuriken"},{"floor":14,"key":"Calipers"},{"floor":21,"key":"Red Mask"},{"floor":23,"key":"PreservedInsect"}],"event_choices":[{"cards_removed":["Strike_R"],"damage_healed":0,"gold_gain":0,"player_choice":"Card Removal","damage_taken":0,"max_hp_gain":0,"max_hp_loss":0,"event_name":"The Cleric","floor":2,"gold_loss":75},{"damage_healed":0,"gold_gain":0,"player_choice":"Rummage","damage_taken":0,"relics_obtained":["WarpedTongs"],"max_hp_gain":0,"max_hp_loss":0,"event_name":"Accursed Blacksmith","floor":3,"gold_loss":0,"cards_obtained":["Pain"]},{"damage_healed":0,"gold_gain":0,"player_choice":"Fought Bandits","damage_taken":0,"max_hp_gain":0,"max_hp_loss":0,"event_name":"Masked Bandits","floor":21,"gold_loss":0}],"is_beta":false,"boss_relics":[{"not_picked":["Astrolabe","Empty Cage"],"picked":"Coffee Dripper"}],"items_purged_floors":[],"is_endless":false,"potions_floor_spawned":[7,13,14,19,23],"killed_by":"Centurion and Healer","ascension_level":20}}