{"host":"hwrdjx5eod2cxh09","time":1611515432,"event":{"mods":["AchievementEnabler","BaseMod","Bestiary","Minty Spire (QoL Compilation)","Relic Stats"],"gold_per_floor":[18,18,33,44,61,89,89,124,124,163,190,217,261,285,297,411,423,445,457,469,498,132,159,159,185,185,211,211,221,221,251,251,354,354,374,596,611,611,611,642,660,687,687,687,687,133,133,148,148,148,148,148,69,97,97],"floor_reached":56,"language":"ENG","playtime":2984,"items_purged":["Strike_B","Strike_B"],"score":1332,"play_id":"9c6eed5e-b4ed-4a96-ae75-d89faf90168d","local_time":"20210125041032","is_ascension_mode":true,"campfire_choices":[{"data":"Defragment","floor":15.0,"key":"SMITH"},{"data":"Capacitor","floor":24.0,"key":"SMITH"},{"data":"Chill","floor":28.0,"key":"SMITH"},{"data":"Zap","floor":30.0,"key":"SMITH"},{"floor":32.0,"key":"REST"},{"data":"Seek","floor":44,"key":"SMITH"},{"data":"Consume","floor":47,"key":"SMITH"},{"floor":49,"key":"RECALL"},{"data":"Master of Strategy","floor":52,"key":"SMITH"}],"circlet_count":0,"master_deck":["Defend_B","Defend_B","Defend_B","Defend_B","Zap+1","Dualcast","Defragment+1","Cold Snap","Lockon","Glacier","Capacitor+1","Barrage","Sweeping Beam","Genetic Algorithm","Electrodynamics","Auto Shields","Chill+1","Core Surge","Self Repair+1","Ball Lightning+1","Seek+1","Consume+1","Master of Strategy+1","Coolheaded+1","Glacier+1","Capacitor+1","Defragment+1","Defragment+1"],"relics":["Cracked Core","Girya","Strawberry","Omamori","MawBank","Bronze Scales","Ornamental Fan","Philosopher\u0027s Stone","MealTicket","Happy Flower","Boot","Blood Vial","Frozen Egg 2","Red Mask","Molten Egg 2","Nuclear Battery","Nunchaku","Bottled Tornado","Torii","DollysMirror","Oddly Smooth Stone"],"acts_visited":["Exordium","TheCity","TheBeyond","TheEnding"],"potions_floor_usage":[41,55,55],"damage_taken":[{"damage":2.0,"enemies":"2 Louse","floor":1.0,"turns":3.0},{"damage":6.0,"enemies":"Jaw Worm","floor":3.0,"turns":3.0},{"damage":0.0,"enemies":"Cultist","floor":4.0,"turns":3.0},{"damage":3.0,"enemies":"Looter","floor":5.0,"turns":3.0},{"damage":20.0,"enemies":"Lagavulin","floor":6.0,"turns":6.0},{"damage":6.0,"enemies":"3 Sentries","floor":8.0,"turns":12.0},{"damage":11.0,"enemies":"Exordium Thugs","floor":11.0,"turns":5.0},{"damage":3.0,"enemies":"Exordium Wildlife","floor":12.0,"turns":6.0},{"damage":8.0,"enemies":"Gremlin Nob","floor":13.0,"turns":4.0},{"damage":3.0,"enemies":"Looter","floor":14.0,"turns":3.0},{"damage":15.0,"enemies":"Slime Boss","floor":16.0,"turns":12.0},{"damage":9.0,"enemies":"Shell Parasite","floor":18.0,"turns":7.0},{"damage":3.0,"enemies":"Spheric Guardian","floor":21.0,"turns":5.0},{"damage":3.0,"enemies":"Slavers","floor":23.0,"turns":5.0},{"damage":15.0,"enemies":"Book of Stabbing","floor":25.0,"turns":5.0},{"damage":12.0,"enemies":"Masked Bandits","floor":27.0,"turns":4.0},{"damage":24.0,"enemies":"Snake Plant","floor":29.0,"turns":5.0},{"damage":26.0,"enemies":"Gremlin Leader","floor":31.0,"turns":6.0},{"damage":9.0,"enemies":"Automaton","floor":33.0,"turns":10.0},{"damage":0.0,"enemies":"3 Darklings","floor":35.0,"turns":5.0},{"damage":0.0,"enemies":"3 Shapes","floor":37.0,"turns":4.0},{"damage":56.0,"enemies":"Nemesis","floor":40.0,"turns":11.0},{"damage":12,"enemies":"Writhing Mass","floor":41,"turns":7},{"damage":0,"enemies":"Reptomancer","floor":42,"turns":5},{"damage":0,"enemies":"Transient","floor":48,"turns":5},{"damage":13,"enemies":"Donu and Deca","floor":50,"turns":9},{"damage":19,"enemies":"Shield and Spear","floor":54,"turns":5},{"damage":41,"enemies":"The Heart","floor":55,"turns":11}],"seed_played":"7577650387067689580","potions_obtained":[{"floor":5.0,"key":"DistilledChaos"},{"floor":6.0,"key":"DuplicationPotion"},{"floor":11.0,"key":"PotionOfCapacity"},{"floor":14.0,"key":"Regen Potion"},{"floor":16.0,"key":"PotionOfCapacity"},{"floor":18.0,"key":"ColorlessPotion"},{"floor":25.0,"key":"Regen Potion"},{"floor":40.0,"key":"Swift Potion"},{"floor":42,"key":"Energy Potion"}],"is_trial":false,"path_per_floor":["M","?","M","M","M","E","?","E","T","T","M","M","E","M","R","B",null,"M","?","T","M","$","E","R","E","T","?","R","M","R","E","R","B",null,"M","?","M","?","?","E","M","E","T","R","?","$","R","M","R","B",null,"R","$","E","B",null],"character_chosen":"DEFECT","items_purchased":["Happy Flower","Core Surge","Torii","DollysMirror","Defragment+1"],"campfire_rested":1,"item_purchase_floors":[22,22,46,46,53],"current_hp_per_floor":[73,73,67,67,64,51,44,38,38,38,27,24,16,13,13,13,82,73,57,57,54,69,66,66,51,51,51,51,39,39,25,51,54,87,87,87,87,77,77,33,48,60,60,60,60,75,75,87,87,84,87,87,87,78,49],"gold":97,"neow_bonus":"ONE_RARE_RELIC","is_daily":false,"chose_seed":false,"campfire_upgraded":7,"win_rate":0.0,"timestamp":1611515432,"path_taken":["M","?","M","M","M","E","?","E","T","?","M","?","E","M","R","BOSS","M","?","?","M","$","E","R","E","T","?","R","?","R","E","R","BOSS","M","?","M","?","?","E","M","E","T","R","?","$","R","M","R","BOSS","R","$","E","BOSS"],"items_purchased_type":["Relic","Card","Relic","Relic","Card"],"build_version":"2020-12-22","purchased_purges":2,"victory":true,"max_hp_per_floor":[75,75,75,75,75,82,82,82,82,82,82,82,82,82,82,82,82,82,87,87,87,87,87,87,87,87,87,87,87,87,87,87,87,87,87,87,87,87,87,87,87,87,87,87,87,87,87,87,87,87,87,87,87,87,87],"relic_stats":{"Blood Vial":18,"Nunchaku":[5],"Happy Flower":[32],"Torii":11,"counters":[28,169],"Ornamental Fan":[64],"Bronze Scales":[497],"MealTicket":30,"MawBank":156,"Boot":[124],"obtain_stats":[{"Girya":0,"Happy Flower":22,"Torii":46,"Oddly Smooth Stone":54,"Omamori":8,"Frozen Egg 2":26,"Bottled Tornado":42,"MawBank":9,"Boot":23,"Nuclear Battery":34,"Blood Vial":25,"Nunchaku":40,"Ornamental Fan":13,"DollysMirror":46,"Strawberry":6,"Bronze Scales":10,"Philosopher\u0027s Stone":17,"MealTicket":20,"Molten Egg 2":31,"Red Mask":27,"Cracked Core":0},{"Girya":0,"Happy Flower":13,"Torii":24,"Oddly Smooth Stone":27,"Omamori":6,"Frozen Egg 2":15,"Bottled Tornado":24,"MawBank":6,"Boot":14,"Nuclear Battery":19,"Blood Vial":15,"Nunchaku":22,"Ornamental Fan":9,"DollysMirror":24,"Strawberry":5,"Bronze Scales":6,"Philosopher\u0027s Stone":11,"MealTicket":12,"Molten Egg 2":18,"Red Mask":16,"Cracked Core":0},{"Girya":0,"Happy Flower":72,"Torii":139,"Oddly Smooth Stone":158,"Omamori":30,"Frozen Egg 2":82,"Bottled Tornado":139,"MawBank":30,"Boot":77,"Nuclear Battery":107,"Blood Vial":82,"Nunchaku":127,"Ornamental Fan":45,"DollysMirror":139,"Strawberry":18,"Bronze Scales":30,"Philosopher\u0027s Stone":60,"MealTicket":67,"Molten Egg 2":97,"Red Mask":86,"Cracked Core":0}]},"card_choices":[{"not_picked":["Turbo","Beam Cell"],"picked":"Gash","floor":1.0},{"not_picked":["Storm","Stack"],"picked":"Defragment","floor":3.0},{"not_picked":["Aggregate","Double Energy"],"picked":"Cold Snap","floor":4.0},{"not_picked":["Conserve Battery","Hologram"],"picked":"Lockon","floor":5.0},{"not_picked":["Aggregate","Hologram"],"picked":"Glacier","floor":6.0},{"not_picked":["Coolheaded","Melter"],"picked":"Capacitor","floor":8.0},{"not_picked":["Compile Driver","Leap"],"picked":"Barrage","floor":11.0},{"not_picked":["Heatsinks","Aggregate"],"picked":"Sweeping Beam","floor":12.0},{"not_picked":["Creative AI","Go for the Eyes"],"picked":"Genetic Algorithm","floor":13.0},{"not_picked":["Redo","Fusion","Gash"],"picked":"SKIP","floor":14.0},{"not_picked":["Biased Cognition","All For One"],"picked":"Electrodynamics","floor":16.0},{"not_picked":["Conserve Battery+1","Leap"],"picked":"Auto Shields","floor":18.0},{"not_picked":["Barrage+1","Undo+1"],"picked":"Chill","floor":21.0},{"not_picked":["Barrage","Conserve Battery","Darkness"],"picked":"SKIP","floor":23.0},{"not_picked":["Amplify","Streamline"],"picked":"Self Repair+1","floor":25.0},{"not_picked":["Cold Snap","White Noise","Redo"],"picked":"SKIP","floor":29.0},{"not_picked":["Sweeping Beam+1","Stack"],"picked":"Ball Lightning+1","floor":31.0},{"not_picked":["Amplify","Multi-Cast"],"picked":"Seek","floor":33.0},{"not_picked":["Hologram","Sunder+1","Hello World+1"],"picked":"SKIP","floor":35.0},{"not_picked":["Compile Driver+1","Double Energy+1"],"picked":"Consume","floor":37.0},{"not_picked":["Magnetism+1","Good Instincts"],"picked":"Master of Strategy","floor":38.0},{"not_picked":["Doom and Gloom+1","Ball Lightning+1"],"picked":"Coolheaded+1","floor":40.0},{"not_picked":["Coolheaded+1","Sweeping Beam+1","Ball Lightning+1"],"picked":"SKIP","floor":41},{"not_picked":["Rainbow","Leap+1"],"picked":"Glacier+1","floor":42},{"not_picked":["Lockon+1","Cold Snap+1"],"picked":"Defragment+1","floor":48},{"not_picked":["Steam","Chaos+1","Stack+1"],"picked":"SKIP","floor":54}],"player_experience":280860,"relics_obtained":[{"floor":6.0,"key":"Strawberry"},{"floor":8.0,"key":"Omamori"},{"floor":9.0,"key":"MawBank"},{"floor":10.0,"key":"Bronze Scales"},{"floor":13.0,"key":"Ornamental Fan"},{"floor":20.0,"key":"MealTicket"},{"floor":23.0,"key":"Boot"},{"floor":25.0,"key":"Blood Vial"},{"floor":26.0,"key":"Frozen Egg 2"},{"floor":27.0,"key":"Red Mask"},{"floor":31.0,"key":"Molten Egg 2"},{"floor":40.0,"key":"Nunchaku"},{"floor":42,"key":"Bottled Tornado"},{"floor":54,"key":"Oddly Smooth Stone"}],"event_choices":[{"cards_removed":["Strike_B"],"damage_healed":0.0,"max_hp_gain":0.0,"max_hp_loss":0.0,"gold_gain":0.0,"event_name":"Living Wall","player_choice":"Forget","floor":2.0,"gold_loss":0.0,"damage_taken":0.0},{"cards_removed":["Gash"],"damage_healed":0.0,"max_hp_gain":0.0,"max_hp_loss":0.0,"gold_gain":0.0,"event_name":"Golden Wing","player_choice":"Card Removal","floor":7.0,"gold_loss":0.0,"damage_taken":7.0},{"damage_healed":0.0,"max_hp_gain":5.0,"max_hp_loss":0.0,"gold_gain":0.0,"event_name":"Forgotten Altar","player_choice":"Shed Blood","floor":19.0,"gold_loss":0.0,"damage_taken":21.0},{"damage_healed":0.0,"max_hp_gain":0.0,"max_hp_loss":0.0,"gold_gain":0.0,"event_name":"Masked Bandits","player_choice":"Fought Bandits","floor":27.0,"gold_loss":0.0,"damage_taken":0.0},{"damage_healed":0.0,"max_hp_gain":0.0,"max_hp_loss":0.0,"gold_gain":222.0,"event_name":"Tomb of Lord Red Mask","player_choice":"Wore Mask","floor":36.0,"gold_loss":0.0,"damage_taken":0.0},{"damage_healed":0.0,"max_hp_gain":0.0,"max_hp_loss":0.0,"gold_gain":0.0,"event_name":"SensoryStone","player_choice":"Memory 3","floor":38.0,"gold_loss":0.0,"damage_taken":10.0},{"cards_removed":["Strike_B"],"damage_healed":0.0,"max_hp_gain":0.0,"max_hp_loss":0.0,"gold_gain":0.0,"event_name":"Falling","player_choice":"Removed Attack","floor":39.0,"gold_loss":0.0,"damage_taken":0.0},{"damage_healed":0,"gold_gain":0,"player_choice":"Cursed","damage_taken":0,"max_hp_gain":0,"max_hp_loss":0,"event_name":"Wheel of Change","floor":45,"gold_loss":0,"cards_obtained":["Decay"]}],"is_beta":false,"boss_relics":[{"not_picked":["Runic Dome","Busted Crown"],"picked":"Philosopher\u0027s Stone"},{"not_picked":["Velvet Choker","Calling Bell"],"picked":"Nuclear Battery"}],"items_purged_floors":[22,46],"is_endless":false,"potions_floor_spawned":[5,6,11,14,16,18,25,33,40,42,48],"ascension_level":1}}