{"host":"uvd23xk3ig6bv7xx","time":1611500631,"event":{"mods":["BaseMod","Colored Powertips","Marisa£®ÏF”Í°°ƒß¿Ì…≥£©","Minty Spire (QoL Compilation)","Quick Restart","Spicy Shops","StSLib","SuperFastMode"],"gold_per_floor":[109,284,234,8,8,8,43,60,60,28,44,77,77,91,91,194,194,208,208,7,7,27,62,62,74,74,85,85,99,111,111],"floor_reached":30,"language":"ZHS","playtime":943,"items_purged":["Strike_MRS"],"score":285,"play_id":"92d598ef-48fb-42ad-9c48-d1bd5b893f38","local_time":"20210124230351","is_ascension_mode":false,"campfire_choices":[{"data":"MasterSpark","floor":6,"key":"SMITH"},{"data":"Finesse","floor":15,"key":"SMITH"},{"data":"SuperNova","floor":24,"key":"SMITH"}],"circlet_count":0,"master_deck":["Strike_MRS","Defend_MRS","Defend_MRS","Defend_MRS","Defend_MRS","MasterSpark+1","UpSweep","WitchLeyline","Finesse+1","FairyDestructionRay","AsteroidBelt","SporeBomb","ShootingEcho","NonDirectionalLaser","SuperPerseids","SuperNova+1","EnergyRecoil+1","GalacticHalo+1","JA","WitchLeyline","Finesse+1","MilkyWay+1"],"relics":["MiniHakkero","NeowsBlessing","Toolbox","Omamori","Incense Burner","Smiling Mask","Bronze Scales","Empty Cage","Pen Nib","Toxic Egg 2","Blood Vial","Mercury Hourglass"],"acts_visited":["Exordium","TheCity"],"potions_floor_usage":[12,23,23,30],"damage_taken":[{"damage":0,"enemies":"Jaw Worm","floor":1,"turns":1},{"damage":0,"enemies":"Lagavulin","floor":7,"turns":1},{"damage":0,"enemies":"2 Louse","floor":8,"turns":1},{"damage":1,"enemies":"Small Slimes","floor":11,"turns":2},{"damage":22,"enemies":"3 Sentries","floor":12,"turns":3},{"damage":0,"enemies":"Exordium Wildlife","floor":14,"turns":2},{"damage":35,"enemies":"The Guardian","floor":16,"turns":12},{"damage":10,"enemies":"3 Byrds","floor":18,"turns":2},{"damage":1,"enemies":"Spheric Guardian","floor":22,"turns":4},{"damage":32,"enemies":"Slavers","floor":23,"turns":6},{"damage":0,"enemies":"Centurion and Healer","floor":25,"turns":6},{"damage":21,"enemies":"Snecko","floor":27,"turns":4},{"damage":0,"enemies":"Cultist and Chosen","floor":29,"turns":3},{"damage":17,"enemies":"Shelled Parasite and Fungi","floor":30,"turns":3}],"seed_played":"-8777450363125923424","potions_obtained":[{"floor":1,"key":"GamblersBrew"},{"floor":8,"key":"SkillPotion"},{"floor":16,"key":"SpeedPotion"},{"floor":18,"key":"BlessingOfTheForge"},{"floor":23,"key":"AttackPotion"},{"floor":27,"key":"Ancient Potion"},{"floor":30,"key":"Fire Potion"}],"is_trial":false,"path_per_floor":["M","?","?","$","?","R","E","M","T","$","M","E","?","M","R","B",null,"M","?","$","T","M","E","R","M","T","M","?","M","M"],"character_chosen":"MARISA","items_purchased":["Finesse","Toolbox","SporeBomb","Pen Nib"],"campfire_rested":0,"item_purchase_floors":[4,4,10,20],"current_hp_per_floor":[75,75,75,75,80,80,80,80,80,80,79,57,54,54,54,19,80,70,70,70,70,69,37,37,39,39,20,20,22,7,7],"gold":111,"neow_bonus":"THREE_ENEMY_KILL","is_daily":false,"chose_seed":false,"campfire_upgraded":3,"win_rate":0.0,"timestamp":1611500631,"path_taken":["M","?","?","?","?","R","E","?","T","?","M","E","?","M","R","BOSS","M","?","$","?","M","E","R","M","T","M","?","M","M"],"items_purchased_type":["Card","Relic","Card","Relic"],"build_version":"2020-12-22","purchased_purges":1,"victory":false,"max_hp_per_floor":[75,75,75,75,80,80,80,80,80,80,80,80,80,80,80,80,80,80,80,80,80,80,80,80,80,80,80,80,80,80,80],"card_choices":[{"not_picked":["EarthLightRay","LuminesStrike"],"picked":"WitchLeyline","floor":1},{"not_picked":["DC","LuminesStrike"],"picked":"FairyDestructionRay","floor":7},{"not_picked":["ChargingUp","Orbital"],"picked":"AsteroidBelt","floor":8},{"not_picked":["WitchOfGreed","PowerUp"],"picked":"ShootingEcho","floor":11},{"not_picked":["MilkyWay","SprinkleStarSeal"],"picked":"NonDirectionalLaser","floor":12},{"not_picked":["DeepEcoloBomb","MysteriousBeam"],"picked":"SuperPerseids","floor":14},{"not_picked":["TreasureHunter","EscapeVelocity"],"picked":"SuperNova","floor":16},{"not_picked":["GrandCross","MysteriousBeam","AsteroidBelt"],"picked":"SKIP","floor":18},{"not_picked":["EventHorizon","PulseMagic+1"],"picked":"EnergyRecoil+1","floor":22},{"not_picked":["MilkyWay+1","SporeBomb+1"],"picked":"GalacticHalo+1","floor":23},{"not_picked":["6A","DoubleSpark"],"picked":"JA","floor":25},{"not_picked":["SporeBomb+1","IllusionStar+1"],"picked":"WitchLeyline","floor":27},{"not_picked":["ShootingEcho+1","EnergyFlow"],"picked":"MilkyWay+1","floor":29},{"not_picked":["MysteriousBeam","ChargeUpSpray","UnstableBomb"],"picked":"SKIP","floor":30}],"player_experience":335136,"relics_obtained":[{"floor":7,"key":"Omamori"},{"floor":9,"key":"Incense Burner"},{"floor":12,"key":"Smiling Mask"},{"floor":21,"key":"Toxic Egg 2"},{"floor":23,"key":"Blood Vial"},{"floor":26,"key":"Mercury Hourglass"}],"event_choices":[{"damage_healed":0,"gold_gain":175,"player_choice":"AGREE","damage_taken":0,"max_hp_gain":0,"max_hp_loss":0,"event_name":"Liars Game","floor":2,"gold_loss":0,"cards_obtained":["Doubt"]},{"cards_removed":["Strike_MRS"],"damage_healed":0,"gold_gain":0,"player_choice":"Card Removal","damage_taken":0,"max_hp_gain":0,"max_hp_loss":0,"event_name":"The Cleric","floor":3,"gold_loss":50},{"damage_healed":0,"gold_gain":0,"player_choice":"Donut","damage_taken":0,"max_hp_gain":5,"max_hp_loss":0,"event_name":"Big Fish","floor":5,"gold_loss":0},{"damage_healed":0,"gold_gain":0,"player_choice":"Success","damage_taken":3,"relics_obtained":["Bronze Scales"],"max_hp_gain":0,"max_hp_loss":0,"event_name":"Scrap Ooze","floor":13,"gold_loss":0},{"damage_healed":0,"gold_gain":0,"player_choice":"Ignored","damage_taken":0,"max_hp_gain":0,"max_hp_loss":0,"event_name":"NoteForYourself","floor":19,"gold_loss":0},{"damage_healed":0,"gold_gain":0,"player_choice":"Copied","damage_taken":0,"max_hp_gain":0,"max_hp_loss":0,"event_name":"Duplicator","floor":28,"gold_loss":0,"cards_obtained":["Finesse"]}],"is_beta":false,"boss_relics":[{"not_picked":["Astrolabe","Runic Dome"],"picked":"Empty Cage"}],"items_purged_floors":[20],"is_endless":false,"potions_floor_spawned":[1,8,16,18,23,27,30],"killed_by":"Shelled Parasite and Fungi","ascension_level":0}}