{"host":"b1dzdo8uo7e6jx8g","time":1611495880,"event":{"mods":["AchievementEnabler","BaseMod","BetterRewards","Colored Map","Downfall","Highlight Path","Minty Spire (QoL Compilation)","StSLib","The Bug Knight"],"gold_per_floor":[117,117,292,309,25,25,42,42,65,76,76,76,41,61,61,61,61],"floor_reached":16,"language":"ENG","playtime":333,"items_purged":["Doubt"],"score":140,"play_id":"18a85524-9e46-4e77-96ef-106f562efc17","local_time":"20210124144440","is_ascension_mode":false,"campfire_choices":[{"floor":6,"key":"REST"},{"floor":8,"key":"REST"},{"data":"Backstab","floor":15,"key":"SMITH"}],"circlet_count":0,"master_deck":["Strike_G","Strike_G","Strike_G","Strike_G","Strike_G","Defend_G","Defend_G","Defend_G","Defend_G","Survivor","Neutralize","Backstab+1","Poisoned Stab","Backstab","Poisoned Stab","PiercingWail"],"relics":["Ring of the Snake","Snake Skull","Gambling Chip","Strange Spoon","Boot","DollysMirror","Strawberry"],"acts_visited":["Exordium"],"potions_floor_usage":[16],"damage_taken":[{"damage":5,"enemies":"Small Slimes","floor":1,"turns":3},{"damage":0,"enemies":"2 Louse","floor":4,"turns":1},{"damage":0,"enemies":"Cultist","floor":7,"turns":2},{"damage":0,"enemies":"Large Slime","floor":10,"turns":4},{"damage":4,"enemies":"Exordium Thugs","floor":14,"turns":3},{"damage":66,"enemies":"The Guardian","floor":16,"turns":10}],"seed_played":"-3277057948429144753","potions_obtained":[{"floor":1,"key":"Explosive Potion"},{"floor":4,"key":"DistilledChaos"}],"is_trial":false,"path_per_floor":["M","$","?","M","$","R","M","R","T","M","?","?","?","M","R","B"],"character_chosen":"THE_SILENT","items_purchased":["Snake Skull","Strange Spoon","Backstab","Boot","Poisoned Stab","DollysMirror"],"campfire_rested":2,"item_purchase_floors":[0,0,0,0,5,5],"current_hp_per_floor":[34,34,34,34,34,55,55,70,70,70,63,45,64,60,60,0,0],"gold":61,"neow_bonus":"","is_daily":false,"chose_seed":false,"campfire_upgraded":1,"win_rate":0.0,"timestamp":1611495880,"path_taken":["M","$","?","M","$","R","M","R","T","M","?","?","?","M","R","BOSS"],"items_purchased_type":["Relic","Relic","Card","Relic","Card","Relic"],"build_version":"2020-12-22","purchased_purges":1,"victory":false,"max_hp_per_floor":[70,70,70,70,70,70,70,70,70,70,70,77,77,77,77,77,77],"card_choices":[{"not_picked":["Dagger Spray","Slice","Dagger Throw"],"picked":"SKIP","floor":1},{"not_picked":["Dash","Underhanded Strike","Skewer"],"picked":"SKIP","floor":4},{"not_picked":["Dagger Throw","Underhanded Strike"],"picked":"Poisoned Stab","floor":7},{"not_picked":["Reflex","Leg Sweep","Setup"],"picked":"SKIP","floor":10},{"not_picked":["Escape Plan","Quick Slash"],"picked":"PiercingWail","floor":14}],"player_experience":239266,"relics_obtained":[],"event_choices":[{"damage_healed":0,"gold_gain":175,"player_choice":"AGREE","damage_taken":0,"max_hp_gain":0,"max_hp_loss":0,"event_name":"Liars Game","floor":3,"gold_loss":0,"cards_obtained":["Doubt"]},{"cards_removed":["Defend_G"],"damage_healed":0,"gold_gain":0,"player_choice":"Card Removal","damage_taken":7,"max_hp_gain":0,"max_hp_loss":0,"event_name":"Golden Wing","floor":11,"gold_loss":0},{"damage_healed":0,"gold_gain":0,"player_choice":"Success","damage_taken":25,"relics_obtained":["Strawberry"],"max_hp_gain":0,"max_hp_loss":0,"event_name":"Scrap Ooze","floor":12,"gold_loss":0},{"damage_healed":19,"gold_gain":0,"player_choice":"Healed","damage_taken":0,"max_hp_gain":0,"max_hp_loss":0,"event_name":"The Cleric","floor":13,"gold_loss":35}],"is_beta":false,"boss_relics":[],"items_purged_floors":[5],"is_endless":false,"potions_floor_spawned":[1,4],"killed_by":"The Guardian","ascension_level":0}}