{"host":"ojezjkpqju62j8xy","time":1611460923,"event":{"mods":["ATMod(°¢èªMod)","Act Like it!","Aspiration","BaseMod","Conspire","Hermit","Minty Spire (QoL Compilation)","Pale of the Ancients","Replay The Spire","Spicy Shops","StSLib","¡¾ÒÅÎï¿¨ÅÆ¡¿REMEMod","²ÐÁôÖ®Îï"],"gold_per_floor":[110,19,31,31,48,82,100,132,144,173,200,287,309,353,365,452,464,492,537,449,461,495,507,574,586,598,636,659,699,754,819,831,982,994,1061,1073,149,229,273,393,495,702,727,780,790,804,843,843,843,843,883,915,915,80,80,114,114,114,114,157],"floor_reached":61,"language":"ZHS","playtime":3276,"items_purged":["Injury"],"score":3355,"play_id":"dcde8cca-33a2-4fa1-85b6-6d69991b34c9","local_time":"20210124120203","is_ascension_mode":true,"campfire_choices":[{"floor":15,"key":"RECALL"},{"data":"PlaceholderMod:Inner","floor":23,"key":"SMITH"},{"data":"PlaceholderMod:MultipleOxi","floor":25,"key":"SMITH"},{"floor":32,"key":"DIG"},{"data":"PlaceholderMod:Colorful","floor":49,"key":"SMITH"}],"circlet_count":0,"master_deck":["AscendersBane","PlaceholderMod:BaseStrike","PlaceholderMod:BaseStrike","PlaceholderMod:BaseStrike","PlaceholderMod:BaseStrike","PlaceholderMod:BaseStrike","PlaceholderMod:BaseDefend","PlaceholderMod:BaseDefend","PlaceholderMod:BaseDefend","PlaceholderMod:BaseDefend","PlaceholderMod:BaseDefend","PlaceholderMod:Crystal","PlaceholderMod:PoisonWhip+1","AT_DrawKnifeCut","Hyperbeam+1","hermit:Strike_Hermit","Defend_P","PlaceholderMod:PoisonBlast","PlaceholderMod:CycleAttack","PlaceholderMod:ProliferateStrike","PlaceholderMod:HealingAttack+1","PlaceholderMod:ComplexForm","PlaceholderMod:MultipleOxi+1","PlaceholderMod:PoisonBlast","PlaceholderMod:ParasiteChange","PlaceholderMod:Polyp","PlaceholderMod:InnerSoften+1","PlaceholderMod:DirectingGroup+1","PlaceholderMod:TriggerStrike+1","PlaceholderMod:Inner+1","CurseOfTheBell","PlaceholderMod:EnergyAbsorb","PlaceholderMod:AttackAsDefend+1","conspire:SpireCoStock","conspire:SpireCoStock","PlaceholderMod:ComplexForm+1","PlaceholderMod:TriggerStrike+1","PlaceholderMod:DoublePoint+1","PlaceholderMod:ComplexForm","PlaceholderMod:ReactionCatalyze","PlaceholderMod:CycleAttack","PlaceholderMod:ReactionCatalyze+1","PlaceholderMod:Inner+1","PlaceholderMod:HardStinger+1","REME_WheelOfFate+1","Specialist","PlaceholderMod:ComplexForm+1","AT_FamilyPortrait+1","PlaceholderMod:Break+1","Hallucinations","PlaceholderMod:Corrosion","PlaceholderMod:PoisonAbsorb+1","PlaceholderMod:HardStinger","PlaceholderMod:ComplexForm+1","Parasite","PlaceholderMod:UnpureUse","PlaceholderMod:Colorful+1","Sickly","PlaceholderMod:PoisonAbsorb+1","PlaceholderMod:Sweep+1","PlaceholderMod:Hyperplasia","PlaceholderMod:SeverePoisonStrike+1","PlaceholderMod:QualitativeChange+1","PlaceholderMod:Hyperplasia","Regret","PlaceholderMod:Activation+1","PlaceholderMod:ComplexForm+1","PlaceholderMod:SpinBlade+1","conspire:NecroticWound"],"relics":["PlaceholderMod:Tancle","AT_ATBox","REME_ComplimentaryCards","Thread and Needle","AT_ChloranthyRing","MawBank","PlaceholderMod:EltdownShards","Garlic","Calling Bell","Orichalcum","Replay:Accelerometer","AT_RabadonDeathcap","War Paint","conspire:DeflatedDodgeball","Peace Pipe","Golden Egg","StrikeDummy","Replay:Grab Bag","Philosopher\u0027s Stone","Cursed Key","SacredBark","Guide Book","Anchor","Nunchaku","Happy Flower","Whetstone","AT_Kusabimaru","Simple Rune","Pen Nib","AT_BellDemon","paleoftheancients:Timepiece","paleoftheancients:KeyRelic","Spirit Poop","aspiration:ArtOfWarUpgrade","paleoftheancients:SoulOfTheGuardian","Ring of Peace","Ring of Fangs","ReplayTheSpireMod:CursedCoin","aspiration:VileToxins","aspiration:FetidBarrel","ReplayTheSpireMod:Ninjato"],"acts_visited":["Exordium","TheCity","TheBeyond","paleoftheancients:PaleOfTheAncients"],"potions_floor_usage":[8,14,22,24,24,24,41,41,47,60,60],"damage_taken":[{"damage":0,"enemies":"2 Louse","floor":1,"turns":2},{"damage":0,"enemies":"Cultist","floor":3,"turns":3},{"damage":0,"enemies":"Small Slimes","floor":5,"turns":3},{"damage":47,"enemies":"Lagavulin","floor":6,"turns":7},{"damage":3,"enemies":"2 Fungi Beasts","floor":7,"turns":4},{"damage":12,"enemies":"Gremlin Nob","floor":8,"turns":3},{"damage":0,"enemies":"Looter","floor":10,"turns":2},{"damage":0,"enemies":"Exordium Wildlife","floor":11,"turns":1},{"damage":12,"enemies":"conspire:2 RoseBushes","floor":13,"turns":8},{"damage":0,"enemies":"3 Sentries","floor":14,"turns":2},{"damage":0,"enemies":"Hexaghost","floor":16,"turns":6},{"damage":0,"enemies":"Chosen","floor":18,"turns":3},{"damage":10,"enemies":"conspire:MimicChest","floor":19,"turns":8},{"damage":2,"enemies":"Shell Parasite","floor":22,"turns":2},{"damage":32,"enemies":"REME_1_Revenger","floor":24,"turns":7},{"damage":0,"enemies":"Snecko","floor":27,"turns":6},{"damage":2,"enemies":"Centurion and Healer","floor":28,"turns":5},{"damage":0,"enemies":"Replay:Snechameleon","floor":29,"turns":6},{"damage":0,"enemies":"conspire:HollyBat","floor":30,"turns":7},{"damage":10,"enemies":"Slavers","floor":31,"turns":7},{"damage":10,"enemies":"Pondfish","floor":33,"turns":12},{"damage":14,"enemies":"3 Shapes","floor":35,"turns":7},{"damage":15,"enemies":"3 Darklings","floor":39,"turns":6},{"damage":0,"enemies":"R_Hoarder","floor":40,"turns":8},{"damage":8,"enemies":"Writhing Mass","floor":41,"turns":4},{"damage":24,"enemies":"Nemesis","floor":42,"turns":7},{"damage":0,"enemies":"Maw","floor":44,"turns":6},{"damage":0,"enemies":"Sphere and 2 Shapes","floor":45,"turns":3},{"damage":0,"enemies":"Spire Growth","floor":46,"turns":2},{"damage":1,"enemies":"Jaw Worm Horde","floor":47,"turns":3},{"damage":0,"enemies":"Giant Head","floor":48,"turns":1},{"damage":0,"enemies":"Donu and Deca","floor":50,"turns":7},{"damage":18,"enemies":"Donu and Deca","floor":51,"turns":4},{"damage":0,"enemies":"Donu and Deca","floor":52,"turns":4},{"damage":0,"enemies":"Donu and Deca","floor":56,"turns":5},{"damage":105,"enemies":"paleoftheancients:N","floor":60,"turns":7}],"seed_played":"-2373070424068681824","potions_obtained":[{"floor":1,"key":"SkillPotion"},{"floor":7,"key":"GamblersBrew"},{"floor":8,"key":"Block Potion"},{"floor":10,"key":"Explosive Potion"},{"floor":16,"key":"Languid Potion"},{"floor":22,"key":"BlessingOfTheForge"},{"floor":24,"key":"Fruit Juice"},{"floor":29,"key":"Venom Potion"},{"floor":30,"key":"Elixir"},{"floor":39,"key":"Fire Potion"},{"floor":42,"key":"SpeedPotion"},{"floor":44,"key":"Toxic Potion"},{"floor":45,"key":"Strength Potion"},{"floor":51,"key":"Elixir"}],"is_trial":false,"path_per_floor":["M","$","M","?","M","E","M","E","T","M","M","?","M","E","R","B",null,"M","?","?","?","M","R","E","R","T","M","M","E","M","E","R","B",null,"M","?","$","?","M","E","M","E","T","M","M","M","M","E","R","B","M","M","?","$","R","M","R","T","?","B",null],"character_chosen":"THE_PLACEHOLDER","items_purchased":["PlaceholderMod:CycleAttack","PlaceholderMod:ProliferateStrike","Guide Book","PlaceholderMod:ComplexForm","AT_FamilyPortrait","Anchor","Nunchaku","PlaceholderMod:Break+1","ReplayTheSpireMod:CursedCoin","aspiration:VileToxins","aspiration:FetidBarrel","PlaceholderMod:Activation","PlaceholderMod:ComplexForm"],"campfire_rested":0,"item_purchase_floors":[2,2,37,37,37,37,37,37,54,54,54,54,54],"current_hp_per_floor":[70,70,70,70,70,37,34,27,27,27,27,16,19,19,19,33,67,76,77,77,77,78,78,60,60,60,72,83,83,83,83,83,79,82,83,78,78,78,63,78,80,69,69,83,83,83,82,82,82,83,74,80,80,80,80,83,83,83,83,82],"gold":157,"neow_bonus":"ONE_RARE_RELIC","is_daily":false,"chose_seed":false,"campfire_upgraded":3,"win_rate":0.0,"timestamp":1611460923,"path_taken":["M","$","M","?","M","E","?","E","T","M","M","?","M","E","R","BOSS","M","?","?","?","M","R","E","R","T","M","M","E","?","E","R","BOSS","M","?","$","?","M","E","M","E","T","M","M","?","M","E","R","BOSS","M","M","?","$","R","M","R","T","?","BOSS"],"items_purchased_type":["Card","Card","Relic","Card","Card","Relic","Relic","Card","Relic","Relic","Relic","Card","Card"],"build_version":"2020-12-22","purchased_purges":1,"victory":true,"max_hp_per_floor":[78,78,78,78,78,78,78,78,78,78,78,78,78,78,78,78,78,78,78,78,78,78,78,83,83,83,83,83,83,83,83,83,83,83,83,83,83,83,83,83,83,83,83,83,83,83,83,83,83,83,83,83,83,83,83,83,83,83,83,83],"card_choices":[{"not_picked":["PlaceholderMod:SprayAttack","PlaceholderMod:DirectingGroup"],"picked":"PlaceholderMod:PoisonBlast","floor":1},{"not_picked":["PlaceholderMod:SpinBlade","PlaceholderMod:OHStrongAttack"],"picked":"PlaceholderMod:HealingAttack","floor":3},{"not_picked":["PlaceholderMod:HornyBlast","PlaceholderMod:SprayAttack"],"picked":"PlaceholderMod:ComplexForm","floor":5},{"not_picked":["PlaceholderMod:OHStrongAttack","PlaceholderMod:ProliferateStrike"],"picked":"PlaceholderMod:MultipleOxi","floor":6},{"not_picked":["PlaceholderMod:EvolutionSpray","PlaceholderMod:UnpureUse"],"picked":"PlaceholderMod:PoisonBlast","floor":7},{"not_picked":["PlaceholderMod:Stratification","PlaceholderMod:ProliferateStrike"],"picked":"PlaceholderMod:ParasiteChange","floor":8},{"not_picked":["PlaceholderMod:RadicalHit","PlaceholderMod:OHStrongAttack"],"picked":"PlaceholderMod:Polyp","floor":10},{"not_picked":["PlaceholderMod:StrongAcid","PlaceholderMod:DissolvingSpikes"],"picked":"PlaceholderMod:InnerSoften","floor":11},{"not_picked":["PlaceholderMod:Stable","PlaceholderMod:Polyp"],"picked":"PlaceholderMod:DirectingGroup","floor":13},{"not_picked":["PlaceholderMod:RadicalHit","PlaceholderMod:ContinueSpray"],"picked":"PlaceholderMod:TriggerStrike","floor":14},{"not_picked":["PlaceholderMod:GrowthForm","PlaceholderMod:ReactionCatalyze"],"picked":"PlaceholderMod:Inner","floor":16},{"not_picked":["PlaceholderMod:Break","PlaceholderMod:Polyp"],"picked":"PlaceholderMod:EnergyAbsorb","floor":18},{"not_picked":["PlaceholderMod:HornyBlast","PlaceholderMod:SpinBlade"],"picked":"PlaceholderMod:AttackAsDefend+1","floor":19},{"not_picked":["PlaceholderMod:TriggerStrike","PlaceholderMod:Sweep"],"picked":"PlaceholderMod:ComplexForm+1","floor":22},{"not_picked":["PlaceholderMod:DirectingGroup","PlaceholderMod:AttackAsDefend"],"picked":"PlaceholderMod:TriggerStrike+1","floor":24},{"not_picked":["PlaceholderMod:PoisonExcitation","PlaceholderMod:PoisonAbsorb"],"picked":"PlaceholderMod:DoublePoint","floor":27},{"not_picked":["PlaceholderMod:AttackAsDefend","PlaceholderMod:ThreeBenzyolStart"],"picked":"PlaceholderMod:ComplexForm","floor":28},{"not_picked":["PlaceholderMod:PoisonAbsorb","PlaceholderMod:DissolvingSpikes"],"picked":"PlaceholderMod:ReactionCatalyze","floor":29},{"not_picked":["PlaceholderMod:TriggerStrike+1","PlaceholderMod:PoisonExcitation"],"picked":"PlaceholderMod:CycleAttack","floor":30},{"not_picked":["PlaceholderMod:ComplexForm","PlaceholderMod:SpinBlade"],"picked":"PlaceholderMod:ReactionCatalyze","floor":31},{"not_picked":["PlaceholderMod:SelfCoupling","PlaceholderMod:DoublePoint"],"picked":"PlaceholderMod:Inner","floor":33},{"not_picked":["PlaceholderMod:SpinBlade","PlaceholderMod:PoisonExcitation"],"picked":"PlaceholderMod:HardStinger+1","floor":35},{"not_picked":["Master of Strategy","HandOfGreed"],"picked":"REME_WheelOfFate","floor":36},{"not_picked":["AT_Homeward","Good Instincts"],"picked":"Specialist","floor":36},{"not_picked":["PlaceholderMod:ConsolidateHit","PlaceholderMod:TriggerStrike"],"picked":"PlaceholderMod:Corrosion","floor":38},{"not_picked":["PlaceholderMod:HardStrike","PlaceholderMod:NutritionAbsorb"],"picked":"PlaceholderMod:PoisonAbsorb+1","floor":38},{"not_picked":["PlaceholderMod:Turn","PlaceholderMod:HighConcentration"],"picked":"PlaceholderMod:HardStinger","floor":39},{"not_picked":["PlaceholderMod:Hyperplasia","PlaceholderMod:RadicalHit"],"picked":"PlaceholderMod:ComplexForm+1","floor":40},{"not_picked":["PlaceholderMod:SevereHeat","PlaceholderMod:ConsolidateHit"],"picked":"PlaceholderMod:UnpureUse","floor":41},{"not_picked":["PlaceholderMod:CrystallizationStrike","PlaceholderMod:UnpureUse"],"picked":"PlaceholderMod:Colorful","floor":42},{"not_picked":["PlaceholderMod:Break","PlaceholderMod:HardStinger"],"picked":"PlaceholderMod:PoisonAbsorb+1","floor":44},{"not_picked":["PlaceholderMod:StrongAcid","PlaceholderMod:OHStrongAttack"],"picked":"PlaceholderMod:Sweep+1","floor":45},{"not_picked":["PlaceholderMod:CycleAttack","PlaceholderMod:Sweep"],"picked":"PlaceholderMod:Hyperplasia","floor":46},{"not_picked":["PlaceholderMod:CrystallizationStrike","PlaceholderMod:HardStinger+1"],"picked":"PlaceholderMod:SeverePoisonStrike+1","floor":47},{"not_picked":["PlaceholderMod:NearChange","PlaceholderMod:HardStrike"],"picked":"PlaceholderMod:QualitativeChange","floor":51},{"not_picked":["PlaceholderMod:MultipleOxi+1","PlaceholderMod:InnerStable"],"picked":"PlaceholderMod:Hyperplasia","floor":52},{"not_picked":["PlaceholderMod:ParasiteChange+1","PlaceholderMod:SubstitutionNucleophilic1"],"picked":"PlaceholderMod:SpinBlade+1","floor":56}],"player_experience":1440778,"relics_obtained":[{"floor":6,"key":"AT_ChloranthyRing"},{"floor":8,"key":"MawBank"},{"floor":9,"key":"PlaceholderMod:EltdownShards"},{"floor":14,"key":"Garlic"},{"floor":17,"key":"Orichalcum"},{"floor":17,"key":"Replay:Accelerometer"},{"floor":17,"key":"AT_RabadonDeathcap"},{"floor":19,"key":"War Paint"},{"floor":24,"key":"conspire:DeflatedDodgeball"},{"floor":29,"key":"Peace Pipe"},{"floor":31,"key":"Golden Egg"},{"floor":32,"key":"StrikeDummy"},{"floor":38,"key":"Happy Flower"},{"floor":40,"key":"AT_Kusabimaru"},{"floor":42,"key":"Simple Rune"},{"floor":43,"key":"Pen Nib"},{"floor":51,"key":"paleoftheancients:SoulOfTheGuardian"},{"floor":53,"key":"Ring of Peace"},{"floor":53,"key":"Ring of Fangs"},{"floor":58,"key":"ReplayTheSpireMod:Ninjato"}],"event_choices":[{"damage_healed":0,"gold_gain":0,"player_choice":"Upgraded","damage_taken":0,"max_hp_gain":0,"max_hp_loss":0,"event_name":"Upgrade Shrine","floor":4,"gold_loss":0,"cards_upgraded":["PlaceholderMod:HealingAttack"]},{"damage_healed":0,"gold_gain":75,"player_choice":"Gather Gold","damage_taken":11,"max_hp_gain":0,"max_hp_loss":0,"event_name":"World of Goop","floor":12,"gold_loss":0},{"damage_healed":0,"gold_gain":0,"player_choice":"Invest 2","damage_taken":0,"max_hp_gain":0,"max_hp_loss":0,"event_name":"conspire:Investor","floor":20,"gold_loss":0},{"damage_healed":0,"gold_gain":0,"player_choice":"Simplicity","damage_taken":0,"max_hp_gain":0,"max_hp_loss":0,"event_name":"Back to Basics","floor":21,"gold_loss":0,"cards_upgraded":["PlaceholderMod:BaseStrike","PlaceholderMod:BaseStrike","PlaceholderMod:BaseStrike","PlaceholderMod:BaseStrike","PlaceholderMod:BaseStrike","PlaceholderMod:BaseDefend","PlaceholderMod:BaseDefend","PlaceholderMod:BaseDefend","PlaceholderMod:BaseDefend","PlaceholderMod:BaseDefend","hermit:Strike_Hermit","Defend_P"]},{"damage_healed":0,"gold_gain":0,"player_choice":"Memory 2","damage_taken":5,"max_hp_gain":0,"max_hp_loss":0,"event_name":"SensoryStone","floor":36,"gold_loss":0}],"is_beta":false,"boss_relics":[{"not_picked":["REME_DuelDisc","conspire:SpecialSausage"],"picked":"Calling Bell"},{"not_picked":["ChewingGum","PlaceholderMod:LiveLive"],"picked":"Replay:Grab Bag"},{"not_picked":["Fusion Hammer","SlaversCollar"],"picked":"Philosopher\u0027s Stone"},{"not_picked":["Busted Crown","Sozu"],"picked":"Cursed Key"},{"not_picked":["conspire:RunicOctahedron","Runic Pyramid"],"picked":"SacredBark"}],"items_purged_floors":[37],"is_endless":false,"potions_floor_spawned":[1,7,8,10,11,16,22,24,29,30,33,39,42,44,45,46,51],"ascension_level":17}}