{"host":"uzp1tn8qxn9571p9","time":1611447563,"event":{"mods":["BaseMod","Colored Map","Colored Powertips","Hermit","Minty Spire (QoL Compilation)","StSLib","óô»ðÖ¸ÄÏ"],"gold_per_floor":[119,44,59,59,76,95,112,112,136,136,161,61,77,77,77,179,179,191,203,219,219,27,27,47,47,71,71,71,71,98,138,138,138,138],"floor_reached":33,"language":"ZHS","playtime":1253,"items_purged":["Strike_P","Defend_P","Strike_P"],"score":257,"play_id":"aab57150-dba4-498e-8191-8a16d14359ad","local_time":"20210124081923","is_ascension_mode":false,"campfire_choices":[{"data":"SashWhip","floor":8.0,"key":"SMITH"},{"data":"FollowUp","floor":10.0,"key":"SMITH"},{"data":"EmptyFist","floor":15.0,"key":"SMITH"},{"data":"Vigilance","floor":23.0,"key":"SMITH"},{"data":"Consecrate","floor":27.0,"key":"SMITH"},{"data":"Perseverance","floor":29.0,"key":"SMITH"},{"data":"EmptyBody","floor":32.0,"key":"SMITH"}],"circlet_count":0,"master_deck":["Strike_P","Strike_P","Defend_P","Defend_P","Eruption+1","Vigilance+1","Perseverance+1","EmptyFist+1","FollowUp+1","SashWhip+1","ForeignInfluence","Consecrate+1","DeusExMachina","CurseOfTheBell","Conclude+1","ForeignInfluence","WindmillStrike+1","Consecrate+1","EmptyBody+1","Halt"],"relics":["PureWater","Centennial Puzzle","Odd Mushroom","Pocketwatch","Calling Bell","Lantern","Molten Egg 2","Incense Burner","CeramicFish","Vajra"],"acts_visited":[],"potions_floor_usage":[],"damage_taken":[{"damage":0.0,"enemies":"Cultist","floor":1.0,"turns":4.0},{"damage":0.0,"enemies":"Small Slimes","floor":3.0,"turns":2.0},{"damage":6.0,"enemies":"Jaw Worm","floor":5.0,"turns":4.0},{"damage":0.0,"enemies":"Blue Slaver","floor":6.0,"turns":3.0},{"damage":0.0,"enemies":"Looter","floor":7.0,"turns":4.0},{"damage":21.0,"enemies":"The Mushroom Lair","floor":11.0,"turns":4.0},{"damage":0.0,"enemies":"Large Slime","floor":13.0,"turns":4.0},{"damage":10.0,"enemies":"The Guardian","floor":16.0,"turns":7.0},{"damage":0.0,"enemies":"Spheric Guardian","floor":18.0,"turns":3.0},{"damage":5.0,"enemies":"Chosen","floor":19.0,"turns":3.0},{"damage":6.0,"enemies":"Shelled Parasite and Fungi","floor":20.0,"turns":3.0},{"damage":4.0,"enemies":"Centurion and Healer","floor":24.0,"turns":4.0},{"damage":3.0,"enemies":"3 Cultists","floor":30.0,"turns":3.0},{"damage":19.0,"enemies":"Slavers","floor":31.0,"turns":4.0},{"damage":0,"enemies":"Champ","floor":33,"turns":1}],"seed_played":"1615672601762980701","potions_obtained":[{"floor":1.0,"key":"CultistPotion"},{"floor":3.0,"key":"Swift Potion"},{"floor":13.0,"key":"Weak Potion"},{"floor":19.0,"key":"AttackPotion"},{"floor":20.0,"key":"Swift Potion"}],"is_trial":false,"path_per_floor":["M","$","M","?","M","M","M","R","T","R","?","$","M","T","R","B",null,"M","M","M","?","$","R","M","?","T","R","$","R","M","E","R","B"],"character_chosen":"WATCHER","items_purchased":["WindmillStrike+1"],"campfire_rested":0,"item_purchase_floors":[22],"current_hp_per_floor":[72,72,72,72,66,66,66,66,66,66,45,45,45,45,45,35,72,72,67,61,61,61,61,57,72,72,72,72,72,69,50,50,50,50],"gold":138,"neow_bonus":"REMOVE_CARD","is_daily":false,"chose_seed":false,"campfire_upgraded":7,"win_rate":0.0,"timestamp":1611447563,"path_taken":["M","?","M","?","M","M","M","R","T","R","?","?","M","?","R","BOSS","M","M","M","?","$","R","M","?","T","R","?","R","M","E","R","BOSS"],"items_purchased_type":["Card"],"build_version":"2020-12-22","purchased_purges":3,"victory":false,"max_hp_per_floor":[72,72,72,72,72,72,72,72,72,72,72,72,72,72,72,72,72,72,72,72,72,72,72,72,72,72,72,72,72,72,72,72,72,72],"card_choices":[{"not_picked":["Tantrum","WheelKick"],"picked":"Perseverance","floor":1.0},{"not_picked":["Crescendo","EmptyBody"],"picked":"EmptyFist","floor":3.0},{"not_picked":["Halt","Indignation"],"picked":"FollowUp","floor":5.0},{"not_picked":["Prostrate","BowlingBash"],"picked":"SashWhip","floor":6.0},{"not_picked":["Brilliance","Worship"],"picked":"ForeignInfluence","floor":7.0},{"not_picked":["ThirdEye","BowlingBash"],"picked":"Consecrate","floor":11.0},{"not_picked":["Evaluate","Wallop","WaveOfTheHand"],"picked":"SKIP","floor":13.0},{"not_picked":["MasterReality","SpiritShield"],"picked":"DeusExMachina","floor":16.0},{"not_picked":["Protect+1","Meditate+1"],"picked":"Conclude+1","floor":18.0},{"not_picked":["EmptyFist+1","Crescendo"],"picked":"ForeignInfluence","floor":19.0},{"not_picked":["Fasting2","Pray","TalkToTheHand+1"],"picked":"SKIP","floor":20.0},{"not_picked":["Meditate","CrushJoints+1"],"picked":"Consecrate+1","floor":24.0},{"not_picked":["Protect","WaveOfTheHand"],"picked":"EmptyBody","floor":30.0},{"not_picked":["WaveOfTheHand+1","Omniscience"],"picked":"Halt","floor":31.0}],"player_experience":369092,"relics_obtained":[{"floor":9.0,"key":"Centennial Puzzle"},{"floor":11.0,"key":"Odd Mushroom"},{"floor":14.0,"key":"Pocketwatch"},{"floor":17.0,"key":"Lantern"},{"floor":17.0,"key":"Molten Egg 2"},{"floor":17.0,"key":"Incense Burner"},{"floor":26.0,"key":"CeramicFish"},{"floor":31.0,"key":"Vajra"}],"event_choices":[{"damage_healed":0.0,"max_hp_gain":0.0,"max_hp_loss":0.0,"gold_gain":0.0,"event_name":"Living Wall","player_choice":"Grow","floor":4.0,"gold_loss":0.0,"damage_taken":0.0,"cards_upgraded":["Eruption"]},{"damage_healed":0.0,"max_hp_gain":0.0,"max_hp_loss":0.0,"gold_gain":0.0,"event_name":"Mushrooms","player_choice":"Fought Mushrooms","floor":11.0,"gold_loss":0.0,"damage_taken":0.0},{"damage_healed":0.0,"max_hp_gain":0.0,"max_hp_loss":0.0,"gold_gain":0.0,"event_name":"Vampires","player_choice":"Ignored","floor":21.0,"gold_loss":0.0,"damage_taken":0.0},{"damage_healed":24.0,"max_hp_gain":0.0,"max_hp_loss":0.0,"gold_gain":0.0,"event_name":"The Library","player_choice":"Heal","floor":25.0,"gold_loss":0.0,"damage_taken":0.0}],"is_beta":false,"boss_relics":[{"not_picked":["Astrolabe","Runic Pyramid"],"picked":"Calling Bell"}],"items_purged_floors":[2,12,22],"is_endless":false,"potions_floor_spawned":[1,3,13,19,20],"killed_by":"Champ","ascension_level":0}}