{"host":"sum4dy402bbv9y4o","time":1611483763,"event":{"mods":["Aspiration","BaseMod","Conspire","Highlight Path","Minty Spire (QoL Compilation)","StSLib"],"gold_per_floor":[116,126,138,51,51,82,82,99,99,124,138,138,54,54,54,128,128,138,138,153,168,182,215,215,234,234,52,87,107,133,133,133,209,209,219,234,234,97,109,136,136,136,136,147,165,165,198,211,211,211,211],"floor_reached":52,"language":"ENG","playtime":3356,"items_purged":["Strike_B+1","Strike_B+1"],"score":2043,"play_id":"8c6162dc-4e5f-4316-82d9-db58503995dc","local_time":"20210124132243","is_ascension_mode":true,"campfire_choices":[{"data":"Dualcast","floor":7,"key":"SMITH"},{"data":"Defragment","floor":12,"key":"SMITH"},{"data":"Defragment","floor":15,"key":"SMITH"},{"data":"Fission","floor":24,"key":"SMITH"},{"data":"Capacitor","floor":32,"key":"SMITH"},{"data":"Capacitor","floor":41,"key":"SMITH"},{"data":"Metamorphosis","floor":46,"key":"SMITH"},{"data":"Zap","floor":49,"key":"SMITH"}],"circlet_count":0,"master_deck":["AscendersBane","Strike_B+1","Strike_B+1","Defend_B+1","Defend_B+1","Defend_B+1","Zap+1","Dualcast+1","Go for the Eyes+1","Cold Snap","Reinforced Body","Doom and Gloom","Sweeping Beam","Defragment+1","Fission+1","Cold Snap","Defragment+1","Seek","Redo+1","Cold Snap+1","Electrodynamics","Capacitor+1","Barrage+1","Ball Lightning","Glacier+1","Metamorphosis+1","Capacitor+1","Streamline+1"],"relics":["Cracked Core","aspiration:Nostalgia","Burning Blood","Mercury Hourglass","aspiration:HummingbirdHeart","Mummified Hand","Nuclear Battery","Bag of Preparation","Orichalcum","Vajra","Whetstone","SacredBark","Juzu Bracelet","Shuriken","conspire:Dentures"],"acts_visited":["Exordium","TheCity","TheBeyond"],"potions_floor_usage":[2,10,21,23,33,39,48,50],"damage_taken":[{"damage":2,"enemies":"2 Louse","floor":1,"turns":2},{"damage":1,"enemies":"Small Slimes","floor":2,"turns":3},{"damage":6,"enemies":"Jaw Worm","floor":3,"turns":4},{"damage":24,"enemies":"Lagavulin","floor":6,"turns":5},{"damage":6,"enemies":"Blue Slaver","floor":8,"turns":3},{"damage":0,"enemies":"3 Sentries","floor":10,"turns":4},{"damage":0,"enemies":"Looter","floor":11,"turns":2},{"damage":33,"enemies":"Slime Boss","floor":16,"turns":7},{"damage":0,"enemies":"2 Thieves","floor":18,"turns":3},{"damage":6,"enemies":"3 Byrds","floor":20,"turns":4},{"damage":0,"enemies":"Shelled Parasite and Fungi","floor":21,"turns":4},{"damage":17,"enemies":"Centurion and Healer","floor":22,"turns":7},{"damage":10,"enemies":"Slavers","floor":23,"turns":3},{"damage":0,"enemies":"Chosen and Byrds","floor":25,"turns":4},{"damage":7,"enemies":"Book of Stabbing","floor":28,"turns":4},{"damage":0,"enemies":"3 Cultists","floor":29,"turns":2},{"damage":6,"enemies":"Slavers","floor":30,"turns":2},{"damage":2,"enemies":"Champ","floor":33,"turns":8},{"damage":0,"enemies":"Orb Walker","floor":35,"turns":3},{"damage":0,"enemies":"3 Darklings","floor":36,"turns":4},{"damage":6,"enemies":"Writhing Mass","floor":39,"turns":6},{"damage":25,"enemies":"Reptomancer","floor":40,"turns":6},{"damage":0,"enemies":"Transient","floor":44,"turns":6},{"damage":1,"enemies":"3 Darklings","floor":45,"turns":3},{"damage":0,"enemies":"Nemesis","floor":47,"turns":7},{"damage":1,"enemies":"Spire Growth","floor":48,"turns":5},{"damage":45,"enemies":"Time Eater","floor":50,"turns":10},{"damage":10,"enemies":"Donu and Deca","floor":51,"turns":9}],"seed_played":"-2491301362326386331","potions_obtained":[{"floor":1,"key":"Energy Potion"},{"floor":2,"key":"Fruit Juice"},{"floor":8,"key":"Block Potion"},{"floor":16,"key":"Regen Potion"},{"floor":20,"key":"AttackPotion"},{"floor":23,"key":"FocusPotion"},{"floor":35,"key":"FearPotion"},{"floor":40,"key":"SkillPotion"}],"is_trial":false,"path_per_floor":["M","M","M","$","?","E","R","M","T","E","M","R","$","?","R","B",null,"M","?","M","M","M","E","R","M","T","$","E","M","E","?","R","B",null,"M","M","?","$","M","E","R","?","T","M","M","R","E","M","R","B","B",null],"character_chosen":"DEFECT","items_purchased":["Doom and Gloom","Defragment","Ball Lightning","PowerPotion","Capacitor"],"campfire_rested":0,"item_purchase_floors":[4,13,27,27,38],"current_hp_per_floor":[68,76,76,76,69,51,51,51,51,57,63,63,63,68,68,41,71,77,77,77,81,70,75,75,81,81,81,80,81,81,81,81,81,81,81,81,81,81,81,62,62,62,62,68,73,73,79,81,81,42,38],"gold":211,"neow_bonus":"NOSTALGIA","is_daily":false,"chose_seed":false,"campfire_upgraded":8,"win_rate":0.0,"timestamp":1611483763,"path_taken":["M","M","M","$","?","E","R","M","T","E","M","R","$","?","R","BOSS","M","?","M","M","M","E","R","M","T","$","E","M","E","?","R","BOSS","M","M","?","$","M","E","R","?","T","M","M","R","E","M","R","BOSS","BOSS"],"items_purchased_type":["Card","Card","Card","Potion","Card"],"build_version":"2020-12-22","purchased_purges":2,"victory":true,"max_hp_per_floor":[71,76,76,76,76,76,76,76,76,76,76,76,76,81,81,81,81,81,81,81,81,81,81,81,81,81,81,81,81,81,81,81,81,81,81,81,81,81,81,81,81,81,81,81,81,81,81,81,81,81,81],"card_choices":[{"not_picked":["conspire:SharedLibrary","Stack"],"picked":"Go for the Eyes","floor":1},{"not_picked":["Conserve Battery","Lockon"],"picked":"Cold Snap","floor":2},{"not_picked":["Storm","Leap"],"picked":"Reinforced Body","floor":3},{"not_picked":["Tempest","Undo"],"picked":"Sweeping Beam","floor":6},{"not_picked":["Redo","Creative AI"],"picked":"Defragment","floor":8},{"not_picked":["Go for the Eyes","Tempest"],"picked":"Fission","floor":10},{"not_picked":["Compile Driver","FTL"],"picked":"Cold Snap","floor":11},{"not_picked":["Reboot","Hyperbeam"],"picked":"Seek","floor":16},{"not_picked":["Consume","Streamline"],"picked":"Redo+1","floor":18},{"not_picked":["Conserve Battery","Go for the Eyes","Leap"],"picked":"SKIP","floor":20},{"not_picked":["Gash","Stack"],"picked":"Cold Snap+1","floor":21},{"not_picked":["Leap","Conserve Battery"],"picked":"Electrodynamics","floor":22},{"not_picked":["Chill","Lockon"],"picked":"Capacitor","floor":23},{"not_picked":["Aggregate","Reprogram"],"picked":"Barrage","floor":25},{"not_picked":["Streamline","Leap+1","Cold Snap"],"picked":"SKIP","floor":28},{"not_picked":["Static Discharge","Go for the Eyes","Sweeping Beam"],"picked":"SKIP","floor":29},{"not_picked":["Blizzard","Steam+1","Coolheaded+1"],"picked":"SKIP","floor":30},{"not_picked":["Redo","Steam"],"picked":"Glacier+1","floor":35},{"not_picked":["conspire:SharedLibrary","Conserve Battery","Reinforced Body"],"picked":"SKIP","floor":36},{"not_picked":["Swift Strike","Mayhem"],"picked":"Metamorphosis","floor":37},{"not_picked":["Self Repair","Consume","Leap"],"picked":"SKIP","floor":39},{"not_picked":["FTL","Glacier","Streamline"],"picked":"SKIP","floor":40},{"not_picked":["Turbo","Gash","Steam"],"picked":"SKIP","floor":44},{"not_picked":["Thunder Strike","Doom and Gloom","Self Repair"],"picked":"SKIP","floor":45},{"not_picked":["Skim","Rebound"],"picked":"Streamline+1","floor":47},{"not_picked":["Compile Driver","Barrage","Turbo+1"],"picked":"SKIP","floor":48}],"player_experience":2999032,"relics_obtained":[{"floor":6,"key":"Mercury Hourglass"},{"floor":9,"key":"aspiration:HummingbirdHeart"},{"floor":10,"key":"Mummified Hand"},{"floor":23,"key":"Bag of Preparation"},{"floor":26,"key":"Orichalcum"},{"floor":28,"key":"Vajra"},{"floor":30,"key":"Whetstone"},{"floor":40,"key":"Juzu Bracelet"},{"floor":43,"key":"Shuriken"},{"floor":47,"key":"conspire:Dentures"}],"event_choices":[{"cards_removed":["Defend_B"],"damage_healed":0,"gold_gain":0,"player_choice":"Card Removal","damage_taken":7,"max_hp_gain":0,"max_hp_loss":0,"event_name":"Golden Wing","floor":5,"gold_loss":0},{"damage_healed":0,"gold_gain":0,"player_choice":"Donut","damage_taken":0,"max_hp_gain":5,"max_hp_loss":0,"event_name":"Big Fish","floor":14,"gold_loss":0},{"damage_healed":0,"gold_gain":0,"player_choice":"Simplicity","damage_taken":0,"max_hp_gain":0,"max_hp_loss":0,"event_name":"Back to Basics","floor":19,"gold_loss":0,"cards_upgraded":["Strike_B","Strike_B","Strike_B","Strike_B","Defend_B","Defend_B","Defend_B"]},{"damage_healed":0,"gold_gain":0,"player_choice":"Ignored","damage_taken":0,"max_hp_gain":0,"max_hp_loss":0,"event_name":"The Mausoleum","floor":31,"gold_loss":0},{"damage_healed":0,"gold_gain":0,"player_choice":"Memory 1","damage_taken":0,"max_hp_gain":0,"max_hp_loss":0,"event_name":"SensoryStone","floor":37,"gold_loss":0},{"damage_healed":0,"gold_gain":0,"player_choice":"Ignored","damage_taken":0,"max_hp_gain":0,"max_hp_loss":0,"event_name":"Mysterious Sphere","floor":42,"gold_loss":0}],"is_beta":false,"boss_relics":[{"not_picked":["aspiration:BursterCore","Runic Pyramid"],"picked":"Nuclear Battery"},{"not_picked":["Cursed Key","conspire:RunicOctahedron"],"picked":"SacredBark"}],"items_purged_floors":[27,38],"is_endless":false,"potions_floor_spawned":[1,2,8,16,20,23,29,35,36,40,44,47],"ascension_level":20}}