{"host":"e8rlfedn69rz2s07","time":1611519696,"event":{"mods":["AchievementEnabler","BaseMod","Minty Spire (QoL Compilation)","Permanent Neow","Relic Stats"],"gold_per_floor":[112,112,112,137,157,193,193,236,236,236,65,65,65,89,89,182,182,197,38,63,87,103,103,103],"floor_reached":23,"language":"ENG","playtime":898,"items_purged":["Strike_G"],"score":402,"play_id":"6ab27d5d-5435-468c-a95a-bb7afdc1436d","local_time":"20210124222136","is_ascension_mode":true,"campfire_choices":[{"data":"Skewer","floor":7.0,"key":"SMITH"},{"data":"Noxious Fumes","floor":10.0,"key":"SMITH"},{"floor":13.0,"key":"REST"},{"data":"Well Laid Plans","floor":15.0,"key":"SMITH"}],"circlet_count":0,"master_deck":["AscendersBane","Strike_G","Strike_G","Strike_G","Defend_G","Defend_G","Defend_G","Defend_G","Defend_G","Survivor","Neutralize","Well Laid Plans+1","Skewer+1","Acrobatics","Noxious Fumes+1","Leg Sweep","Venomology","Noxious Fumes","Footwork","Backflip","Deadly Poison","Backstab+1"],"relics":["Velvet Choker","Golden Idol","Bronze Scales","Peace Pipe","Pantograph","OrangePellets","Black Star"],"acts_visited":["TheCity"],"potions_floor_usage":[23],"damage_taken":[{"damage":7.0,"enemies":"Jaw Worm","floor":1.0,"turns":6.0},{"damage":0.0,"enemies":"2 Louse","floor":4.0,"turns":3.0},{"damage":1.0,"enemies":"Cultist","floor":5.0,"turns":4.0},{"damage":7.0,"enemies":"3 Sentries","floor":6.0,"turns":3.0},{"damage":26.0,"enemies":"Gremlin Nob","floor":8.0,"turns":4.0},{"damage":13.0,"enemies":"3 Louse","floor":14.0,"turns":3.0},{"damage":22.0,"enemies":"The Guardian","floor":16.0,"turns":11.0},{"damage":3.0,"enemies":"3 Byrds","floor":18.0,"turns":4.0},{"damage":0.0,"enemies":"Chosen","floor":20.0,"turns":6.0},{"damage":10.0,"enemies":"Shelled Parasite and Fungi","floor":21.0,"turns":7.0},{"damage":34.0,"enemies":"3 Cultists","floor":22.0,"turns":6.0},{"damage":10,"enemies":"Slavers","floor":23,"turns":1}],"seed_played":"7847056972500511066","potions_obtained":[{"floor":4.0,"key":"ColorlessPotion"},{"floor":6.0,"key":"LiquidBronze"},{"floor":14.0,"key":"Strength Potion"}],"is_trial":false,"path_per_floor":["M","?","?","M","M","E","R","E","T","R","$","?","R","M","R","B",null,"M","$","M","M","M","E"],"character_chosen":"THE_SILENT","items_purchased":["OrangePellets","Footwork"],"campfire_rested":1,"item_purchase_floors":[11,19],"current_hp_per_floor":[52,52,57,57,56,49,49,23,23,23,23,23,42,29,29,32,57,54,54,54,44,10,0,0],"gold":103,"neow_bonus":"BOSS_RELIC","is_daily":false,"chose_seed":false,"campfire_upgraded":3,"win_rate":0.0,"timestamp":1611519696,"path_taken":["M","?","?","M","M","E","R","E","T","R","$","?","R","M","R","BOSS","M","$","M","?","M","E"],"items_purchased_type":["Relic","Card"],"build_version":"2020-12-22","purchased_purges":1,"victory":false,"max_hp_per_floor":[66,60,65,65,65,65,65,65,65,65,65,65,65,65,65,65,65,65,65,65,65,65,65,65],"relic_stats":{"Peace Pipe":0,"OrangePellets":[2],"counters":[7,38],"Golden Idol":40,"Bronze Scales":[145],"Pantograph":25,"Black Star":0,"obtain_stats":[{"Peace Pipe":0,"OrangePellets":11,"Golden Idol":0,"Bronze Scales":0,"Pantograph":0,"Velvet Choker":0,"Black Star":17},{"Peace Pipe":0,"OrangePellets":0,"Golden Idol":0,"Bronze Scales":0,"Pantograph":0,"Velvet Choker":0,"Black Star":2},{"Peace Pipe":0,"OrangePellets":0,"Golden Idol":0,"Bronze Scales":0,"Pantograph":0,"Velvet Choker":0,"Black Star":14}]},"card_choices":[{"not_picked":["PiercingWail","Dagger Throw"],"picked":"Well Laid Plans","floor":1.0},{"not_picked":["Underhanded Strike","Outmaneuver","Deflect"],"picked":"SKIP","floor":4.0},{"not_picked":["Flying Knee","Backstab"],"picked":"Skewer","floor":5.0},{"not_picked":["Setup","Prepared"],"picked":"Acrobatics","floor":6.0},{"not_picked":["Underhanded Strike","Crippling Poison"],"picked":"Noxious Fumes","floor":8.0},{"not_picked":["Riddle With Holes","Dodge and Roll"],"picked":"Leg Sweep","floor":14.0},{"not_picked":["Adrenaline","Unload"],"picked":"Venomology","floor":16.0},{"not_picked":["Bane","All Out Attack"],"picked":"Noxious Fumes","floor":18.0},{"not_picked":["Blade Dance","Slice"],"picked":"Backflip","floor":20.0},{"not_picked":["Well Laid Plans","Sucker Punch+1"],"picked":"Deadly Poison","floor":21.0},{"not_picked":["Slice","Tactician"],"picked":"Backstab+1","floor":22.0}],"player_experience":987807,"relics_obtained":[{"floor":6.0,"key":"Bronze Scales"},{"floor":8.0,"key":"Peace Pipe"},{"floor":9.0,"key":"Pantograph"}],"event_choices":[{"damage_healed":0.0,"max_hp_gain":0.0,"max_hp_loss":6.0,"gold_gain":0.0,"event_name":"Golden Idol","player_choice":"Lose Max HP","floor":2.0,"gold_loss":0.0,"damage_taken":0.0,"relics_obtained":["Golden Idol"]},{"damage_healed":0.0,"max_hp_gain":5.0,"max_hp_loss":0.0,"gold_gain":0.0,"event_name":"Big Fish","player_choice":"Donut","floor":3.0,"gold_loss":0.0,"damage_taken":0.0},{"cards_removed":["Strike_G"],"damage_healed":0.0,"max_hp_gain":0.0,"max_hp_loss":0.0,"gold_gain":0.0,"event_name":"Wheel of Change","player_choice":"Card Removal","floor":12.0,"gold_loss":0.0,"damage_taken":0.0}],"is_beta":false,"boss_relics":[{"not_picked":["Philosopher\u0027s Stone","Busted Crown"],"picked":"Black Star"}],"items_purged_floors":[19],"is_endless":false,"potions_floor_spawned":[4,6,14,20],"killed_by":"Slavers","ascension_level":20}}