{"host":"3a1ypf1irl30q4k8","time":1611502733,"event":{"mods":["AchievementEnabler","BaseMod","Bestiary","Colored Map","Minty Spire (QoL Compilation)","Relic Stats"],"gold_per_floor":[113,133,146,146,158,193,193,209,236,253,268,38,38,54,54,155,155,165,183,28,40,40,40,58,58,81,99,117,117,15,26,26,130,130,141,161,161,173,223,256,268,280,292,324,111,140,140,152,152,152,152],"floor_reached":50,"language":"ENG","playtime":3525,"items_purged":["Strike_G","Writhe"],"score":665,"play_id":"e97b4fdc-bcbe-4961-9197-415609484ee6","local_time":"20210124153853","is_ascension_mode":true,"campfire_choices":[{"data":"Predator","floor":7,"key":"SMITH"},{"data":"Neutralize","floor":15,"key":"SMITH"},{"data":"Wraith Form v2","floor":23,"key":"SMITH"},{"data":"Crippling Poison","floor":29,"key":"SMITH"},{"data":"Dash","floor":32,"key":"SMITH"},{"floor":42,"key":"REST"},{"floor":47,"key":"REST"},{"floor":49,"key":"RECALL"}],"circlet_count":0,"master_deck":["Survivor","Neutralize+1","Dagger Spray+1","Predator+1","Escape Plan","PiercingWail","Endless Agony","Flying Knee","PiercingWail","Noxious Fumes","Dodge and Roll","Wraith Form v2+1","Quick Slash","Malaise","Leg Sweep","Flying Knee","Infinite Blades","Crippling Poison+1","Flechettes","Caltrops","Poisoned Stab+1","Calculated Gamble","Prepared+1","Decay","Bane","Deadly Poison","Acrobatics","Dash+1","Grand Finale","Noxious Fumes","Catalyst+1","Catalyst","Acrobatics+1","Eviscerate+1","Blur","Footwork+1","After Image"],"relics":["Ring of the Snake","Akabeko","MealTicket","Lee\u0027s Waffle","Pandora\u0027s Box","Membership Card","Lantern","Strawberry","SlaversCollar","The Specimen","MawBank","Bottled Tornado","Oddly Smooth Stone","Nunchaku"],"acts_visited":["Exordium","TheCity","TheBeyond"],"potions_floor_usage":[2,3,5,6,16,16,18,21,33,35,38,40,40,46,46,48],"damage_taken":[{"damage":0,"enemies":"2 Louse","floor":1,"turns":3},{"damage":0,"enemies":"Cultist","floor":2,"turns":4},{"damage":2,"enemies":"Jaw Worm","floor":3,"turns":3},{"damage":0,"enemies":"Gremlin Gang","floor":5,"turns":1},{"damage":32,"enemies":"Lagavulin","floor":6,"turns":7},{"damage":5,"enemies":"Looter","floor":8,"turns":2},{"damage":0,"enemies":"Lots of Slimes","floor":10,"turns":3},{"damage":0,"enemies":"2 Fungi Beasts","floor":11,"turns":2},{"damage":2,"enemies":"Blue Slaver","floor":14,"turns":2},{"damage":22,"enemies":"Hexaghost","floor":16,"turns":10},{"damage":11,"enemies":"2 Thieves","floor":18,"turns":4},{"damage":14,"enemies":"Shell Parasite","floor":19,"turns":6},{"damage":6,"enemies":"Snake Plant","floor":21,"turns":4},{"damage":10,"enemies":"Centurion and Healer","floor":24,"turns":7},{"damage":9,"enemies":"Snecko","floor":27,"turns":5},{"damage":10,"enemies":"Chosen and Byrds","floor":28,"turns":5},{"damage":7,"enemies":"Snake Plant","floor":31,"turns":4},{"damage":65,"enemies":"Collector","floor":33,"turns":10},{"damage":26,"enemies":"3 Darklings","floor":35,"turns":7},{"damage":11,"enemies":"Orb Walker","floor":36,"turns":5},{"damage":11,"enemies":"4 Shapes","floor":38,"turns":7},{"damage":20,"enemies":"Mind Bloom Boss Battle","floor":39,"turns":8},{"damage":22,"enemies":"Reptomancer","floor":40,"turns":5},{"damage":3,"enemies":"Jaw Worm Horde","floor":44,"turns":3},{"damage":23,"enemies":"Nemesis","floor":46,"turns":7},{"damage":38,"enemies":"Transient","floor":48,"turns":5},{"damage":51,"enemies":"Donu and Deca","floor":50,"turns":7}],"seed_played":"6001357829126969041","potions_obtained":[{"floor":0,"key":"LiquidMemories"},{"floor":0,"key":"Weak Potion"},{"floor":0,"key":"DistilledChaos"},{"floor":1,"key":"Explosive Potion"},{"floor":3,"key":"DistilledChaos"},{"floor":6,"key":"Strength Potion"},{"floor":8,"key":"Fire Potion"},{"floor":14,"key":"SkillPotion"},{"floor":19,"key":"Fire Potion"},{"floor":21,"key":"GamblersBrew"},{"floor":33,"key":"Fire Potion"},{"floor":35,"key":"Swift Potion"},{"floor":39,"key":"Dexterity Potion"},{"floor":40,"key":"Dexterity Potion"},{"floor":48,"key":"SpeedPotion"}],"is_trial":false,"path_per_floor":["M","M","M","?","M","E","R","M","T","M","M","$","T","M","R","B",null,"M","M","$","M","?","R","M","?","T","M","M","R","$","M","R","B",null,"M","M","?","M","?","E","?","R","T","M","$","E","R","M","R","B"],"character_chosen":"THE_SILENT","items_purchased":["Lee\u0027s Waffle","Membership Card","Strawberry","Block Potion","Oddly Smooth Stone","Blur","Dexterity Potion","LiquidMemories"],"campfire_rested":2,"item_purchase_floors":[12,20,30,30,45,45,45,45],"current_hp_per_floor":[70,70,68,68,68,36,36,31,31,31,31,77,77,75,75,53,77,66,52,67,61,61,61,51,87,87,78,68,68,90,83,83,18,94,68,57,57,46,26,4,28,56,56,53,68,45,73,35,35,0,0],"gold":152,"neow_bonus":"THREE_SMALL_POTIONS","is_daily":false,"chose_seed":false,"campfire_upgraded":5,"win_rate":0.0,"timestamp":1611502733,"path_taken":["M","M","M","?","?","E","R","M","T","?","M","$","?","M","R","BOSS","M","M","$","M","?","R","?","?","T","?","M","R","$","M","R","BOSS","M","M","?","M","?","E","?","R","T","M","$","E","R","M","R","BOSS"],"items_purchased_type":["Relic","Relic","Relic","Potion","Relic","Card","Potion","Potion"],"build_version":"2020-12-22","purchased_purges":2,"victory":false,"max_hp_per_floor":[70,70,70,70,70,70,70,70,70,70,70,77,77,77,77,77,77,77,77,77,77,77,77,77,87,87,87,87,87,94,94,94,94,94,94,94,94,94,94,94,94,94,94,94,94,94,94,94,94,94,94],"relic_stats":{"Lee\u0027s Waffle":31,"Nunchaku":[1],"counters":[27,136],"MealTicket":60,"Pandora\u0027s Box":["Quick Slash","Malaise","Leg Sweep","Flying Knee","Infinite Blades","Malaise","Crippling Poison","Flechettes","Caltrops"],"MawBank":60,"obtain_stats":[{"Lee\u0027s Waffle":12,"Lantern":26,"The Specimen":39,"Oddly Smooth Stone":45,"Bottled Tornado":43,"MawBank":40,"Akabeko":6,"SlaversCollar":34,"Nunchaku":46,"Strawberry":30,"MealTicket":9,"Pandora\u0027s Box":17,"Membership Card":20,"Ring of the Snake":0},{"Lee\u0027s Waffle":8,"Lantern":14,"The Specimen":22,"Oddly Smooth Stone":24,"Bottled Tornado":23,"MawBank":23,"Akabeko":5,"SlaversCollar":18,"Nunchaku":25,"Strawberry":16,"MealTicket":6,"Pandora\u0027s Box":10,"Membership Card":12,"Ring of the Snake":0},{"Lee\u0027s Waffle":25,"Lantern":58,"The Specimen":109,"Oddly Smooth Stone":117,"Bottled Tornado":114,"MawBank":114,"Akabeko":18,"SlaversCollar":82,"Nunchaku":124,"Strawberry":68,"MealTicket":20,"Pandora\u0027s Box":37,"Membership Card":47,"Ring of the Snake":0}],"Ring of the Snake":[56]},"card_choices":[{"not_picked":["Dodge and Roll","Die Die Die"],"picked":"Dagger Spray","floor":1},{"not_picked":["Setup","Blade Dance"],"picked":"Predator","floor":2},{"not_picked":["Catalyst","Dagger Spray"],"picked":"Escape Plan","floor":3},{"not_picked":["Bane","Dagger Spray"],"picked":"PiercingWail","floor":5},{"not_picked":["Acrobatics","Tactician"],"picked":"Endless Agony","floor":6},{"not_picked":["Slice","Choke"],"picked":"Flying Knee","floor":8},{"not_picked":["Sucker Punch","Masterful Stab"],"picked":"PiercingWail","floor":10},{"not_picked":["Acrobatics","Caltrops"],"picked":"Noxious Fumes","floor":11},{"not_picked":["Dagger Spray","Heel Hook"],"picked":"Dodge and Roll","floor":14},{"not_picked":["A Thousand Cuts","Phantasmal Killer"],"picked":"Wraith Form v2","floor":16},{"not_picked":["Sucker Punch","Underhanded Strike+1"],"picked":"Poisoned Stab+1","floor":18},{"not_picked":["Outmaneuver","Concentrate"],"picked":"Calculated Gamble","floor":19},{"not_picked":["Outmaneuver+1","Poisoned Stab"],"picked":"Prepared+1","floor":21},{"not_picked":["Deflect","Slice"],"picked":"Bane","floor":24},{"not_picked":["PiercingWail","Acrobatics"],"picked":"Deadly Poison","floor":27},{"not_picked":["Cloak And Dagger+1","Dagger Spray"],"picked":"Acrobatics","floor":28},{"not_picked":["PiercingWail","Crippling Poison"],"picked":"Dash","floor":31},{"not_picked":["Tools of the Trade","Phantasmal Killer"],"picked":"Grand Finale","floor":33},{"not_picked":["Heel Hook","Sucker Punch"],"picked":"Noxious Fumes","floor":35},{"not_picked":["Slice+1","Deadly Poison"],"picked":"Catalyst+1","floor":36},{"not_picked":["Quick Slash","Blade Dance+1"],"picked":"Catalyst","floor":38},{"not_picked":["Quick Slash","Calculated Gamble"],"picked":"Acrobatics+1","floor":39},{"not_picked":["Dagger Spray+1","Cloak And Dagger"],"picked":"Eviscerate+1","floor":40},{"not_picked":["Eviscerate+1","Bane+1","Acrobatics"],"picked":"SKIP","floor":44},{"not_picked":["Infinite Blades","Flying Knee"],"picked":"Footwork+1","floor":46},{"not_picked":["Accuracy","Skewer"],"picked":"After Image","floor":48}],"player_experience":1188323,"relics_obtained":[{"floor":6,"key":"Akabeko"},{"floor":9,"key":"MealTicket"},{"floor":26,"key":"Lantern"},{"floor":39,"key":"The Specimen"},{"floor":40,"key":"MawBank"},{"floor":43,"key":"Bottled Tornado"},{"floor":46,"key":"Nunchaku"}],"event_choices":[{"damage_healed":0,"gold_gain":0,"player_choice":"Upgraded","damage_taken":0,"max_hp_gain":0,"max_hp_loss":0,"event_name":"Upgrade Shrine","floor":4,"gold_loss":0,"cards_upgraded":["Dagger Spray"]},{"damage_healed":0,"gold_gain":0,"player_choice":"Cursed","damage_taken":0,"max_hp_gain":0,"max_hp_loss":0,"event_name":"Wheel of Change","floor":22,"gold_loss":0,"cards_obtained":["Decay"]},{"cards_removed":["Malaise"],"damage_healed":26,"gold_gain":0,"player_choice":"Offered Rare","damage_taken":0,"max_hp_gain":10,"max_hp_loss":0,"event_name":"Bonfire Elementals","floor":25,"gold_loss":0},{"damage_healed":0,"gold_gain":0,"player_choice":"Ignored","damage_taken":0,"max_hp_gain":0,"max_hp_loss":0,"event_name":"Tomb of Lord Red Mask","floor":37,"gold_loss":0},{"damage_healed":0,"gold_gain":0,"player_choice":"Fight","damage_taken":0,"max_hp_gain":0,"max_hp_loss":0,"event_name":"MindBloom","floor":39,"gold_loss":0},{"damage_healed":24,"gold_gain":0,"player_choice":"Writhe","damage_taken":0,"max_hp_gain":0,"max_hp_loss":0,"event_name":"Winding Halls","floor":41,"gold_loss":0,"cards_obtained":["Writhe"]}],"is_beta":false,"boss_relics":[{"not_picked":["Busted Crown","Runic Dome"],"picked":"Pandora\u0027s Box"},{"not_picked":["Ring of the Serpent","SacredBark"],"picked":"SlaversCollar"}],"items_purged_floors":[12,45],"is_endless":false,"potions_floor_spawned":[1,3,6,8,14,19,21,33,35,39,40,48],"killed_by":"Donu and Deca","ascension_level":3}}