{"host":"k026rewr2sddnljc","time":1611506954,"event":{"mods":["BaseMod","Gremlin Mod","Hermit","LagranYue(拉格朗・月)","Marisa（F雨　魔理沙）","Minty Spire (QoL Compilation)","Prisma Mod","Quick Restart","Shade Mod","Slay the StarCraft II Mod","StSLib","The Administrix","The Bladedancer","The IronCluck","The Senshi"],"gold_per_floor":[119,83,83,45,68,114,126,155,194,206,237,236,262,349,361,373,373],"floor_reached":16,"language":"ZHS","playtime":511,"items_purged":[],"score":127,"play_id":"7ee2a82a-e5a7-496e-9ac1-0cae783d2b69","local_time":"20210125004914","is_ascension_mode":false,"campfire_choices":[{"floor":7,"key":"RECALL"},{"data":"PrismaMod:IllyaUncommonDefend","floor":10,"key":"SMITH"},{"data":"PrismaMod:IllyaUncommonAOEAttack","floor":15,"key":"SMITH"}],"circlet_count":0,"master_deck":["PrismaMod:IllyaCommonAttack","PrismaMod:IllyaCommonDefend","PrismaMod:IllyaCommonAttack","PrismaMod:IllyaCommonDefend","PrismaMod:IllyaCommonAttack","PrismaMod:IllyaCommonDefend","PrismaMod:IllyaCommonAttack","PrismaMod:IllyaCommonDefend","PrismaMod:IllyaCommonAttack","PrismaMod:IllyaCommonDefend","PrismaMod:IllyaUncommonAttack","PrismaMod:IllyaUncommonDefend+1","PrismaMod:IllyaCheapAttack","PrismaMod:IllyaTestament","PrismaMod:IllyaMaid","PrismaMod:IllyaPoisoningPhantasm","PrismaMod:IllyaUncommonAOEAttack+1","PrismaMod:IllyaCommonEvoke","PrismaMod:IllyaUncommonAttack"],"relics":["PrismaMod:PrismaRuby","LagranYue:RandomDrawCardRelic","NeowsBlessing","MawBank","Boot"],"acts_visited":["Exordium"],"potions_floor_usage":[],"damage_taken":[{"damage":0,"enemies":"Cultist","floor":1,"turns":1},{"damage":0,"enemies":"Jaw Worm","floor":5,"turns":1},{"damage":0,"enemies":"3 Sentries","floor":6,"turns":1},{"damage":0,"enemies":"2 Louse","floor":8,"turns":3},{"damage":0,"enemies":"2 Fungi Beasts","floor":11,"turns":4},{"damage":10,"enemies":"Exordium Thugs","floor":12,"turns":4},{"damage":4,"enemies":"3 Louse","floor":13,"turns":3},{"damage":0,"enemies":"Hexaghost","floor":16,"turns":4}],"seed_played":"-3437798574847605621","potions_obtained":[{"floor":5,"key":"Swift Potion"},{"floor":11,"key":"Weak Potion"},{"floor":13,"key":"BlessingOfTheForge"}],"is_trial":false,"path_per_floor":["M","$","?","?","M","E","R","M","T","R","M","M","M","?","R","B"],"character_chosen":"ILLYA","items_purchased":["PrismaMod:IllyaTestament"],"campfire_rested":0,"item_purchase_floors":[2],"current_hp_per_floor":[75,75,75,75,75,75,75,75,75,75,75,65,61,50,50,50,50],"gold":373,"neow_bonus":"THREE_ENEMY_KILL","is_daily":false,"chose_seed":false,"campfire_upgraded":2,"win_rate":0.0,"timestamp":1611506954,"path_taken":["M","?","?","?","M","E","R","M","T","R","M","M","M","?","R","BOSS"],"items_purchased_type":["Card"],"build_version":"2020-12-22","purchased_purges":0,"victory":false,"max_hp_per_floor":[75,75,75,75,75,75,75,75,75,75,75,75,75,75,75,75,75],"card_choices":[{"not_picked":["PrismaMod:IllyaBerserCAR","PrismaMod:IllyaPoisonTippedWeapons"],"picked":"PrismaMod:IllyaCheapAttack","floor":1},{"not_picked":["PrismaMod:IllyaMinorZwei","PrismaMod:IllyaUncommonAOEAttack"],"picked":"PrismaMod:IllyaMaid","floor":5},{"not_picked":["PrismaMod:IllyaMinorRapidFire","PrismaMod:IllyaMaid"],"picked":"PrismaMod:IllyaPoisoningPhantasm","floor":6},{"not_picked":["PrismaMod:IllyaEvokeAll","PrismaMod:IllyaMaid"],"picked":"PrismaMod:IllyaUncommonAOEAttack","floor":8},{"not_picked":["PrismaMod:IllyaCheapChannelPoison","PrismaMod:IllyaPartialInstallAssassin"],"picked":"PrismaMod:IllyaCommonEvoke","floor":11},{"not_picked":["PrismaMod:IllyaDetonatingBlow","PrismaMod:IllyaStunPoison","PrismaMod:IllyaPoisonBlock"],"picked":"SKIP","floor":12},{"not_picked":["PrismaMod:IllyaFeed","PrismaMod:IllyaMaid"],"picked":"PrismaMod:IllyaUncommonAttack","floor":13}],"player_experience":197849,"relics_obtained":[{"floor":6,"key":"Boot"}],"event_choices":[{"damage_healed":0,"gold_gain":0,"player_choice":"Box","damage_taken":0,"relics_obtained":["MawBank"],"max_hp_gain":0,"max_hp_loss":0,"event_name":"Big Fish","floor":3,"gold_loss":0,"cards_obtained":["Regret"]},{"cards_removed":["Regret"],"damage_healed":0,"gold_gain":0,"player_choice":"Card Removal","damage_taken":0,"max_hp_gain":0,"max_hp_loss":0,"event_name":"The Cleric","floor":4,"gold_loss":50},{"damage_healed":0,"gold_gain":75,"player_choice":"Gather Gold","damage_taken":11,"max_hp_gain":0,"max_hp_loss":0,"event_name":"World of Goop","floor":14,"gold_loss":0}],"is_beta":false,"boss_relics":[],"items_purged_floors":[],"is_endless":false,"potions_floor_spawned":[5,11,13],"killed_by":"Hexaghost","ascension_level":0}}