{"host":"xkmvu47k9fdstweo","time":1611447960,"event":{"mods":["BaseMod","Colored Map","Conspire","Hubris","Minty Spire (QoL Compilation)","Quick Restart","Railgun Mod","Shop Mod","StSLib","The Alterego","The Animator","The Servant 0.9.4","The Wild Card","TheBandit","WarShipGirlsR/??è≠èóR mod","vexMod"],"gold_per_floor":[110,10,10,28,44,86,106,106,133,133,147,147,160,173,173,269,269,282,282,41,41,51,78,78,78,78],"floor_reached":25,"language":"ENG","playtime":1197,"items_purged":[],"score":279,"play_id":"4ad5603f-365b-4d70-9540-5e564549a1cb","local_time":"20210123192600","is_ascension_mode":true,"campfire_choices":[{"data":"animator:Sebas","floor":8.0,"key":"SMITH"},{"data":"animator:Ainz","floor":10.0,"key":"SMITH"},{"data":"animator:RinTohsaka","floor":12.0,"key":"SMITH"},{"floor":15.0,"key":"REST"},{"data":"animator:Shalltear","floor":24.0,"key":"SMITH"}],"circlet_count":0,"master_deck":["animator:Strike_HitsugiNoChaika","animator:Defend_HitsugiNoChaika","animator:Strike","animator:Strike","animator:Strike","animator:Defend","animator:Defend","animator:Defend","animator:AcuraAkari","animator:Gillette","animator:Ainz+1","animator:Berserker","animator:Tyuule","animator:YaoHaDucy","animator:Guy","animator:Sebas+1","animator:RinTohsaka+1","animator:KrulTepes","animator:Shalltear+1","animator:Hans","animator:Shinoa+1","animator:Archer+1","animator:YachiyoNanami"],"relics":["animator:LivingPicture","animator:TheMissingPiece","animator:PurgingStone","Centennial Puzzle","FossilizedHelix","conspire:TopHat","Blood Vial","vexMod:TanglingVine","hubris:BottledRain","Blood Vial","Nunchaku"],"acts_visited":["Exordium","TheCity"],"potions_floor_usage":[25,25],"damage_taken":[{"damage":6.0,"enemies":"Cultist","floor":1.0,"turns":3.0},{"damage":0.0,"enemies":"Small Slimes","floor":4.0,"turns":2.0},{"damage":3.0,"enemies":"conspire:RoseBush","floor":5.0,"turns":2.0},{"damage":16.0,"enemies":"Lagavulin","floor":6.0,"turns":7.0},{"damage":0.0,"enemies":"Large Slime","floor":7.0,"turns":2.0},{"damage":0.0,"enemies":"Looter","floor":11.0,"turns":3.0},{"damage":6.0,"enemies":"3 Louse","floor":13.0,"turns":2.0},{"damage":6.0,"enemies":"Exordium Thugs","floor":14.0,"turns":4.0},{"damage":31.0,"enemies":"Slime Boss","floor":16.0,"turns":10.0},{"damage":8.0,"enemies":"Chosen","floor":18.0,"turns":5.0},{"damage":15.0,"enemies":"Spheric Guardian","floor":22.0,"turns":6.0},{"damage":12.0,"enemies":"Gremlin Leader","floor":23.0,"turns":5.0},{"damage":29,"enemies":"Book of Stabbing","floor":25,"turns":6}],"seed_played":"-9146131432602665774","potions_obtained":[{"floor":4.0,"key":"SkillPotion"},{"floor":6.0,"key":"Fire Potion"},{"floor":14.0,"key":"SkillPotion"},{"floor":16.0,"key":"Weak Potion"},{"floor":18.0,"key":"LiquidMemories"},{"floor":23.0,"key":"animator:FalseLifePotion"}],"is_trial":false,"path_per_floor":["M","?","?","M","M","E","M","R","T","R","M","R","M","M","R","B",null,"M","?","$","$","M","E","R","E"],"character_chosen":"THE_ANIMATOR","items_purchased":["hubris:BottledRain"],"campfire_rested":1,"item_purchase_floors":[20],"current_hp_per_floor":[60,60,60,60,57,41,41,41,41,41,41,41,35,29,48,17,54,48,48,48,48,35,25,25,0,0],"gold":78,"neow_bonus":"ONE_RANDOM_RARE_CARD","is_daily":false,"chose_seed":false,"campfire_upgraded":4,"win_rate":0.0,"timestamp":1611447960,"path_taken":["M","?","?","M","?","E","M","R","T","R","M","R","M","M","R","BOSS","M","?","?","$","M","E","R","E"],"items_purchased_type":["Relic"],"build_version":"2020-12-22","purchased_purges":0,"victory":false,"max_hp_per_floor":[66,66,66,66,66,66,66,66,66,66,66,66,66,66,66,66,66,66,66,66,66,66,66,66,66,66],"card_choices":[{"not_picked":["animator:Elsword","animator:OrikoMikuni"],"picked":"animator:Shuna","floor":1.0},{"not_picked":[],"picked":"animator:Berserker","floor":2.0},{"not_picked":["animator:CowGirl","animator:Hitei"],"picked":"animator:Tyuule","floor":4.0},{"not_picked":["animator:Scar","animator:Jibril"],"picked":"animator:YaoHaDucy","floor":5.0},{"not_picked":["animator:Gillette","animator:AcuraAkari"],"picked":"animator:Guy","floor":6.0},{"not_picked":["animator:Mitsurugi","animator:Entoma"],"picked":"animator:Sebas","floor":7.0},{"not_picked":["animator:RoyMustang","animator:EmiyaShirou"],"picked":"animator:RinTohsaka","floor":11.0},{"not_picked":["animator:Cocytus","animator:Tatsumaki"],"picked":"animator:KrulTepes","floor":13.0},{"not_picked":["animator:Demiurge","animator:Entoma"],"picked":"animator:Shalltear","floor":14.0},{"not_picked":["animator:Eve","animator:Rimuru"],"picked":"animator:Hans","floor":16.0},{"not_picked":["animator:Hakurou+1","animator:HiiragiShinya"],"picked":"animator:Shinoa+1","floor":18.0},{"not_picked":["animator:Mikaela","animator:Elsword"],"picked":"animator:Archer+1","floor":22.0},{"not_picked":["animator:SilverFang","animator:GoblinSlayer"],"picked":"animator:YachiyoNanami","floor":23.0}],"player_experience":365016,"relics_obtained":[{"floor":6.0,"key":"FossilizedHelix"},{"floor":9.0,"key":"conspire:TopHat"},{"floor":16.0,"key":"Blood Vial"},{"floor":23.0,"key":"Blood Vial"},{"floor":23.0,"key":"Nunchaku"}],"event_choices":[{"cards_removed":["animator:Shuna"],"damage_healed":0.0,"max_hp_gain":0.0,"max_hp_loss":0.0,"gold_gain":0.0,"event_name":"WeMeetAgain","player_choice":"Gave Card","floor":3.0,"gold_loss":0.0,"damage_taken":0.0,"relics_obtained":["Centennial Puzzle"]},{"damage_healed":0.0,"max_hp_gain":0.0,"max_hp_loss":0.0,"gold_gain":0.0,"event_name":"Match and Keep!","player_choice":"0 cards matched","floor":19.0,"gold_loss":0.0,"damage_taken":0.0,"cards_obtained":[]}],"is_beta":false,"boss_relics":[{"not_picked":["conspire:SlowCooker","hubris:Stopwatch"],"picked":"vexMod:TanglingVine"}],"items_purged_floors":[],"is_endless":false,"potions_floor_spawned":[4,6,14,16,18,23],"killed_by":"Book of Stabbing","ascension_level":5}}