{"host":"rjfefv2ruvigm2gb","time":1611523290,"event":{"mods":["Act Like it!","AlwaysNeverKeys","BaseMod","Better Third Choice","Block Reminder","Conspire","Curses Come First","Displayed Cursed Tome","Downfall","Elementarium","Fox Events","GifTheSpireLib","Gold Saver","Googly Eyes","HexUI Lib","Hubris","Infinite Spire","Ironclad Rager","Luminous","Marked Mod","Mimic Mod","Minty Spire (QoL Compilation)","Permanent Neow","Poor People Problems","Quick Restart","Relic Filter","Relic Stats","Replay The Spire","Retaliation","Shop Mod","Small Relic Pack","StS++","StSLib","Stuff the Spire","SuperFastMode","The Blue Laboratory","Transform Curses","Uncapped","Virulent Crown","Watcher Patcher"],"gold_per_floor":[349,362,373,0,0,25,25,25,25,25,25],"floor_reached":9,"language":"ENG","playtime":571,"items_purged":["Slimebound:Strike_Slimebound"],"score":59,"play_id":"542c9eb7-d851-4e17-8864-9fffdf6bd04d","local_time":"20210124152130","is_ascension_mode":false,"campfire_choices":[{"data":"Slimebound:CorrosiveSpit","floor":1,"key":"SMITH"}],"circlet_count":0,"master_deck":["Slimebound:Strike_Slimebound","Slimebound:Tackle","Slimebound:Defend_Slimebound+1","Slimebound:Defend_Slimebound+1","Slimebound:Defend_Slimebound","Slimebound:Defend_Slimebound","Slimebound:Split","Slimebound:CorrosiveSpit+1","Slimebound:LeechingTouch","Slimebound:FormOfPuddle","Slimebound:FinishingTackle","Slimebound:Grow","CurseOfTheBell","CurseOfTheBell","downfall:Icky","Slimebound:Schlurp"],"relics":["Slimebound:AbsorbEndCombat","StuffTheSpire:Rhapsscallions","downfall:ExtraCursedBell","Gremlin Food","conspire:Dentures","Black Star","conspire:Flyswatter","StuffTheSpire:OldFever","War Paint","downfall:BrokenWingStatue"],"acts_visited":["Exordium"],"potions_floor_usage":[6],"damage_taken":[{"damage":0,"enemies":"Cultist","floor":2,"turns":4},{"damage":0,"enemies":"2 Louse","floor":3,"turns":4},{"damage":1,"enemies":"downfall:FleeingMerchant","floor":4,"turns":4},{"damage":46,"enemies":"3 Sentries","floor":6,"turns":9},{"damage":0,"enemies":"Gremlin Nob","floor":9,"turns":1}],"seed_played":"8335746380651980308","potions_obtained":[{"floor":3,"key":"Weak Potion"}],"is_trial":false,"path_per_floor":["R","M","M","$","?","E","T","?","E"],"character_chosen":"SLIMEBOUND","items_purchased":["StuffTheSpire:Rhapsscallions","Slimebound:Grow"],"campfire_rested":0,"item_purchase_floors":[4,4],"current_hp_per_floor":[59,59,59,64,69,23,23,23,23,23,23],"gold":25,"neow_bonus":"TWO_FIFTY_GOLD","is_daily":false,"chose_seed":false,"campfire_upgraded":1,"win_rate":0.0,"timestamp":1611523290,"path_taken":["R","M","M","$","?","E","T","?","E"],"items_purchased_type":["Relic","Card"],"build_version":"2020-12-22","purchased_purges":1,"victory":false,"max_hp_per_floor":[59,59,59,64,69,69,69,69,69,69,69],"relic_stats":{"counters":[5,22],"Black Star":1,"War Paint":["Slimebound:Defend_Slimebound","Slimebound:Defend_Slimebound"],"obtain_stats":[{"Gremlin Food":5,"conspire:Dentures":5,"downfall:BrokenWingStatue":8,"StuffTheSpire:Rhapsscallions":4,"Slimebound:AbsorbEndCombat":0,"Black Star":5,"downfall:ExtraCursedBell":5,"War Paint":7,"StuffTheSpire:OldFever":6,"conspire:Flyswatter":6},{"Gremlin Food":3,"conspire:Dentures":3,"downfall:BrokenWingStatue":4,"StuffTheSpire:Rhapsscallions":3,"Slimebound:AbsorbEndCombat":0,"Black Star":3,"downfall:ExtraCursedBell":3,"War Paint":4,"StuffTheSpire:OldFever":4,"conspire:Flyswatter":4},{"Gremlin Food":12,"conspire:Dentures":12,"downfall:BrokenWingStatue":21,"StuffTheSpire:Rhapsscallions":12,"Slimebound:AbsorbEndCombat":0,"Black Star":12,"downfall:ExtraCursedBell":12,"War Paint":21,"StuffTheSpire:OldFever":21,"conspire:Flyswatter":21}]},"card_choices":[{"not_picked":["Slimebound:PressTheAttack","Slimebound:BestDefense"],"picked":"Slimebound:LeechingTouch","floor":2},{"not_picked":["Slimebound:ComboTackle","Slimebound:Dissolve"],"picked":"Slimebound:FormOfPuddle","floor":3},{"not_picked":["Slimebound:SplitLeeching","Slimebound:SlimeBrawl"],"picked":"Slimebound:FinishingTackle","floor":4},{"not_picked":["Slimebound:SplitBruiser","Slimebound:TongueLash"],"picked":"Slimebound:Schlurp","floor":6}],"player_experience":1051148,"relics_obtained":[{"floor":5,"key":"Gremlin Food"},{"floor":5,"key":"conspire:Dentures"},{"floor":5,"key":"Black Star"},{"floor":6,"key":"conspire:Flyswatter"},{"floor":6,"key":"StuffTheSpire:OldFever"},{"floor":7,"key":"War Paint"}],"event_choices":[],"is_beta":false,"boss_relics":[],"items_purged_floors":[4],"is_endless":false,"potions_floor_spawned":[3],"killed_by":"Gremlin Nob","ascension_level":0}}