{"host":"6p0attdrtjqaih7v","time":1611459151,"event":{"mods":["2.2 Compatiblity","AchievementEnabler","Bard","BaseMod","Better Skull","Better Third Choice","Colored Powertips","Hermit","Highlight Path","Jorbs\u0027s Wanderer Trilogy","Key Reminder","Minty Spire (QoL Compilation)","Permanent Neow","Quick Restart","Random Character Button","Relic Stats","Replay The Spire","Robot Space Explorer","StSLib"],"gold_per_floor":[112,125,135,146,146,146,162,174,250,277,277,122,135,168,168,244,244,260,32,51,51,70,70,70,70],"floor_reached":24,"language":"ENG","playtime":1282,"items_purged":["bard:Strike","bard:Strike"],"score":420,"play_id":"b7c8f1c7-a30b-48f0-bcc2-557912ac0ccb","local_time":"20210123223231","is_ascension_mode":true,"campfire_choices":[{"floor":6.0,"key":"REST"},{"data":"bard:Doot","floor":11.0,"key":"SMITH"},{"floor":15.0,"key":"REST"},{"floor":23,"key":"REST"}],"circlet_count":0,"master_deck":["AscendersBane","bard:Strike","bard:Defend","bard:Defend","bard:Defend","bard:Defend","bard:Riposte","bard:Inspire","Secret Weapon","bard:Thunderwave","bard:TinyHut","bard:ViciousMockery","bard:LingeringEcho","bard:ThickOfTheFight","bard:Doot+1","bard:Thunderwave","bard:Fermata","bard:HarmoniousVoice","bard:EchoEcho","bard:MnemonicVestments","bard:TinyHut","bard:Thunderwave","bard:SongBolt"],"relics":["bard:PitchPipe","bard:BagPipes","Regal Pillow","Matryoshka","WingedGreaves","Bag of Marbles","Black Star","BargainBundle"],"acts_visited":["Exordium","TheCity"],"potions_floor_usage":[22,22],"damage_taken":[{"damage":0.0,"enemies":"Cultist","floor":1.0,"turns":4.0},{"damage":2.0,"enemies":"2 Louse","floor":2.0,"turns":4.0},{"damage":0.0,"enemies":"Small Slimes","floor":3.0,"turns":3.0},{"damage":9.0,"enemies":"3 Louse","floor":4.0,"turns":3.0},{"damage":5.0,"enemies":"Gremlin Gang","floor":7.0,"turns":3.0},{"damage":9.0,"enemies":"Looter","floor":8.0,"turns":3.0},{"damage":12.0,"enemies":"Lagavulin","floor":10.0,"turns":7.0},{"damage":0.0,"enemies":"Exordium Thugs","floor":13.0,"turns":2.0},{"damage":18.0,"enemies":"Gremlin Nob","floor":14.0,"turns":4.0},{"damage":27.0,"enemies":"Slime Boss","floor":16.0,"turns":9.0},{"damage":8.0,"enemies":"Spheric Guardian","floor":18.0,"turns":6.0},{"damage":1,"enemies":"3 Byrds","floor":20,"turns":4},{"damage":21,"enemies":"Cultist and Chosen","floor":22,"turns":7},{"damage":58,"enemies":"Book of Stabbing","floor":24,"turns":6}],"seed_played":"1332769914500983489","potions_obtained":[{"floor":3.0,"key":"SteroidPotion"},{"floor":7.0,"key":"SteroidPotion"},{"floor":8.0,"key":"Explosive Potion"},{"floor":10.0,"key":"Toxic Potion"},{"floor":20,"key":"AttackPotion"},{"floor":22,"key":"BlessingOfTheForge"}],"is_trial":false,"path_per_floor":["M","M","M","M","?","R","M","M","T","E","R","$","M","E","R","B",null,"M","$","M","?","M","R","E"],"character_chosen":"BARD","items_purchased":["bard:Thunderwave","bard:Fermata","BargainBundle","bard:Thunderwave","bard:SongBolt","Explosive Potion","LiquidBronze"],"campfire_rested":3,"item_purchase_floors":[12,12,19,19,19,19,19],"current_hp_per_floor":[44,42,42,33,22,56,51,42,42,30,30,30,30,12,46,19,54,46,46,45,45,24,58,0,0],"gold":70,"neow_bonus":"RANDOM_COLORLESS_2","is_daily":false,"chose_seed":false,"campfire_upgraded":1,"win_rate":0.0,"timestamp":1611459151,"path_taken":["M","M","?","M","?","R","M","M","T","E","R","$","M","E","R","BOSS","M","$","M","?","M","R","E"],"items_purchased_type":["Card","Card","Relic","Card","Card","Potion","Potion"],"build_version":"2020-12-22","purchased_purges":2,"victory":false,"max_hp_per_floor":[66,66,66,66,66,66,66,66,66,66,66,66,66,66,66,66,66,66,66,66,66,66,66,66,66],"relic_stats":{"Regal Pillow":45,"counters":[14,65],"Black Star":0,"obtain_stats":[{"bard:BagPipes":0,"Regal Pillow":5,"BargainBundle":19,"Matryoshka":9,"bard:PitchPipe":0,"WingedGreaves":10,"Bag of Marbles":14,"Black Star":17},{"bard:BagPipes":0,"Regal Pillow":4,"BargainBundle":11,"Matryoshka":6,"bard:PitchPipe":0,"WingedGreaves":7,"Bag of Marbles":9,"Black Star":10},{"bard:BagPipes":0,"Regal Pillow":14,"BargainBundle":48,"Matryoshka":20,"bard:PitchPipe":0,"WingedGreaves":27,"Bag of Marbles":33,"Black Star":42}]},"card_choices":[{"not_picked":["Violence","Crow Ritual"],"picked":"Secret Weapon","floor":0.0},{"not_picked":["bard:LocateObject","bard:DervishDance"],"picked":"bard:Thunderwave","floor":1.0},{"not_picked":["bard:EchoEcho","bard:Rest"],"picked":"bard:TinyHut","floor":2.0},{"not_picked":["bard:BucklerBash","bard:Solo"],"picked":"bard:ViciousMockery","floor":3.0},{"not_picked":["bard:InspiringSong","bard:EchoEcho"],"picked":"bard:LingeringEcho","floor":4.0},{"not_picked":["bard:Solo","bard:FeastOnFear","bard:PrismaticSpray"],"picked":"SKIP","floor":7.0},{"not_picked":["bard:Solo","bard:FeastOnFear","bard:PrismaticSpray"],"picked":"SKIP","floor":7.0},{"not_picked":["bard:MagnumOpus","bard:SongBolt"],"picked":"bard:ThickOfTheFight","floor":8.0},{"not_picked":["bard:InspiringSong","bard:BucklerBash"],"picked":"bard:Doot","floor":10.0},{"not_picked":["bard:QuickSong","bard:Gamble"],"picked":"bard:HarmoniousVoice","floor":13.0},{"not_picked":["bard:DervishDance","bard:Silence"],"picked":"bard:EchoEcho","floor":14.0},{"not_picked":["bard:Encore","bard:Rhapsody"],"picked":"bard:MnemonicVestments","floor":16.0},{"not_picked":["bard:Shout","bard:QuickSong"],"picked":"bard:TinyHut","floor":18.0},{"not_picked":["bard:Rest","bard:PhantasmalForce","bard:Aphasia"],"picked":"SKIP","floor":20},{"not_picked":["bard:Rest","bard:InspiringSong","bard:QuickSong"],"picked":"SKIP","floor":22}],"player_experience":928675,"relics_obtained":[{"floor":9.0,"key":"Matryoshka"},{"floor":10.0,"key":"WingedGreaves"},{"floor":14.0,"key":"Bag of Marbles"}],"event_choices":[{"damage_healed":0.0,"max_hp_gain":0.0,"max_hp_loss":0.0,"gold_gain":0.0,"event_name":"betterThird:BetterScrap","player_choice":"Relic ","floor":5.0,"gold_loss":0.0,"damage_taken":11.0,"cards_obtained":["Replay:Poison Smokescreen"]},{"cards_removed":["bard:Strike"],"damage_healed":0,"gold_gain":0,"player_choice":"Card Removal","damage_taken":0,"max_hp_gain":0,"max_hp_loss":0,"event_name":"Wheel of Change","floor":21,"gold_loss":0}],"is_beta":false,"boss_relics":[{"not_picked":["Snecko Eye","Abe\u0027s Treasure"],"picked":"Black Star"}],"items_purged_floors":[12,19],"is_endless":false,"potions_floor_spawned":[3,7,8,10,20,22],"killed_by":"Book of Stabbing","ascension_level":20}}