{"host":"uv5ws9rdk87e8i5k","time":1611520280,"event":{"mods":["AchievementEnabler","BaseMod","Colored Map","Minty Spire (QoL Compilation)","StSLib","SuperFastMode"],"gold_per_floor":[110,125,135,150,167,202,202,235,308,308,340,351,351,377,377,479,479,419,45,60,74,94,94,127,127,127,155,183,183,183,183],"floor_reached":30,"language":"ENG","playtime":1257,"items_purged":["Strike_B"],"score":334,"play_id":"ade611ed-98bb-47bc-b1b1-cfb734bf02d2","local_time":"20210124143120","is_ascension_mode":true,"campfire_choices":[{"data":"Chaos","floor":7,"key":"SMITH"},{"data":"Zap","floor":10,"key":"SMITH"},{"floor":15,"key":"REST"},{"data":"Coolheaded","floor":23,"key":"SMITH"},{"data":"Capacitor","floor":25,"key":"SMITH"},{"floor":29,"key":"REST"}],"circlet_count":0,"master_deck":["Strike_B","Strike_B","Strike_B","Defend_B","Defend_B","Defend_B","Defend_B","Zap+1","Dualcast","Coolheaded+1","Cold Snap","Compile Driver","Compile Driver","Tempest","Chaos+1","FTL","Redo","Static Discharge","Turbo","Echo Form","Conserve Battery+1","Echo Form","Compile Driver","Skim","Capacitor+1","Seek","Lockon+1"],"relics":["Cracked Core","Gremlin Horn","Toy Ornithopter","Eternal Feather","WingedGreaves","Lantern","Snecko Eye","Anchor","DollysMirror","Darkstone Periapt","Molten Egg 2","Juzu Bracelet","StoneCalendar"],"acts_visited":["Exordium","TheCity"],"potions_floor_usage":[11,14,14,24],"damage_taken":[{"damage":10,"enemies":"Small Slimes","floor":1,"turns":3},{"damage":1,"enemies":"Cultist","floor":2,"turns":3},{"damage":0,"enemies":"2 Louse","floor":3,"turns":2},{"damage":0,"enemies":"Large Slime","floor":4,"turns":4},{"damage":8,"enemies":"Exordium Thugs","floor":5,"turns":5},{"damage":30,"enemies":"Lagavulin","floor":6,"turns":8},{"damage":14,"enemies":"Gremlin Nob","floor":8,"turns":4},{"damage":11,"enemies":"Lagavulin","floor":11,"turns":5},{"damage":12,"enemies":"Gremlin Gang","floor":12,"turns":3},{"damage":3,"enemies":"Gremlin Nob","floor":14,"turns":3},{"damage":37,"enemies":"Hexaghost","floor":16,"turns":9},{"damage":29,"enemies":"2 Thieves","floor":18,"turns":4},{"damage":0,"enemies":"Spheric Guardian","floor":20,"turns":4},{"damage":10,"enemies":"Centurion and Healer","floor":21,"turns":9},{"damage":0,"enemies":"Snecko","floor":22,"turns":4},{"damage":13,"enemies":"Slavers","floor":24,"turns":4},{"damage":20,"enemies":"Gremlin Leader","floor":27,"turns":6},{"damage":48,"enemies":"Book of Stabbing","floor":28,"turns":6},{"damage":66,"enemies":"Slavers","floor":30,"turns":3}],"seed_played":"2895659935723511130","potions_obtained":[{"floor":3,"key":"LiquidBronze"},{"floor":4,"key":"CultistPotion"},{"floor":5,"key":"SpeedPotion"},{"floor":8,"key":"Strength Potion"},{"floor":12,"key":"FairyPotion"},{"floor":13,"key":"DistilledChaos"},{"floor":21,"key":"Explosive Potion"}],"is_trial":false,"path_per_floor":["M","M","M","M","M","E","R","E","T","R","E","M","?","E","R","B",null,"M","$","M","M","M","R","E","R","T","E","E","R","E"],"character_chosen":"DEFECT","items_purchased":["Anchor","DollysMirror"],"campfire_rested":2,"item_purchase_floors":[19,19],"current_hp_per_floor":[72,71,71,71,63,33,33,19,19,28,22,10,10,17,53,16,82,53,53,53,43,43,55,47,62,62,42,18,57,0,0],"gold":183,"neow_bonus":"TEN_PERCENT_HP_BONUS","is_daily":false,"chose_seed":false,"campfire_upgraded":4,"win_rate":0.0,"timestamp":1611520280,"path_taken":["M","M","M","M","M","E","R","E","T","R","E","M","?","E","R","BOSS","M","?","M","M","M","R","E","R","T","E","E","R","E"],"items_purchased_type":["Relic","Relic"],"build_version":"2020-12-22","purchased_purges":1,"victory":false,"max_hp_per_floor":[82,82,82,82,82,82,82,82,82,82,82,82,82,82,82,82,82,82,82,82,82,82,82,82,82,82,82,82,82,82,82],"card_choices":[{"not_picked":["Rebound","Sweeping Beam"],"picked":"Coolheaded","floor":1},{"not_picked":["Go for the Eyes","Blizzard"],"picked":"Cold Snap","floor":2},{"not_picked":["Sweeping Beam","Undo"],"picked":"Compile Driver","floor":3},{"not_picked":["Steam","Hologram"],"picked":"Compile Driver","floor":4},{"not_picked":["Rebound","Steam"],"picked":"Tempest","floor":5},{"not_picked":["Stack","Force Field"],"picked":"Chaos","floor":6},{"not_picked":["Redo","Steam"],"picked":"FTL","floor":8},{"not_picked":["Creative AI","Heatsinks"],"picked":"Redo","floor":11},{"not_picked":["Melter","Gash"],"picked":"Static Discharge","floor":12},{"not_picked":["Sunder","Reinforced Body"],"picked":"Turbo","floor":14},{"not_picked":["All For One","Hyperbeam"],"picked":"Echo Form","floor":16},{"not_picked":["Reinforced Body","Ball Lightning"],"picked":"Conserve Battery+1","floor":18},{"not_picked":["Heatsinks","Streamline+1","Scrape"],"picked":"SKIP","floor":20},{"not_picked":["Chill","Cold Snap"],"picked":"Compile Driver","floor":21},{"not_picked":["Go for the Eyes","Coolheaded"],"picked":"Skim","floor":22},{"not_picked":["Streamline","Rebound"],"picked":"Capacitor","floor":24},{"not_picked":["Gash+1","Tempest+1"],"picked":"Seek","floor":27},{"not_picked":["Barrage+1","Ball Lightning+1"],"picked":"Lockon+1","floor":28}],"player_experience":234729,"relics_obtained":[{"floor":6,"key":"Gremlin Horn"},{"floor":8,"key":"Toy Ornithopter"},{"floor":9,"key":"Eternal Feather"},{"floor":11,"key":"WingedGreaves"},{"floor":14,"key":"Lantern"},{"floor":24,"key":"Darkstone Periapt"},{"floor":26,"key":"Molten Egg 2"},{"floor":27,"key":"Juzu Bracelet"},{"floor":28,"key":"StoneCalendar"}],"event_choices":[{"damage_healed":0,"gold_gain":0,"player_choice":"Got Potions","damage_taken":0,"max_hp_gain":0,"max_hp_loss":0,"event_name":"Lab","floor":13,"gold_loss":0}],"is_beta":false,"boss_relics":[{"not_picked":["Velvet Choker","SacredBark"],"picked":"Snecko Eye"}],"items_purged_floors":[19],"is_endless":false,"potions_floor_spawned":[3,4,5,8,12,21],"killed_by":"Slavers","ascension_level":1}}