{"host":"gop1q6bv59twswbp","time":1611475706,"event":{"mods":["AlwaysNeverKeys","BaseMod","Downfall","Hermit","Minty Spire (QoL Compilation)","Permanent Neow","Rare Cards Sparkle","StSLib","The Cursed"],"gold_per_floor":[0,14,32,47,147,147,147,160,194,37,37,187,213,226,237,339,339,139,154,170,186,205,205,205,105,105,105,205,222,50,82,102,200,200,200,215,215,215,470,470,494,494,510,14,31,31,49,124,140,140,140,169,23,23,23,23],"floor_reached":57,"language":"ENG","playtime":6306,"items_purged":["bronze:Strike","bronze:Strike"],"score":1199,"play_id":"9585cc8a-5ac1-411c-8297-6b3ff0b0015e","local_time":"20210124030826","is_ascension_mode":false,"campfire_choices":[{"data":"bronze:CloningBeam","floor":1.0,"key":"SMITH"},{"data":"bronze:Hardcode","floor":11.0,"key":"SMITH"},{"data":"bronze:HardenedForm","floor":18.0,"key":"SMITH"},{"data":"bronze:Allocate","floor":25.0,"key":"SMITH"},{"data":"bronze:BuggyMess","floor":27.0,"key":"SMITH"},{"data":"bronze:TinkerersToolbox","floor":35.0,"key":"SMITH"},{"data":"bronze:DonuBeam","floor":40.0,"key":"SMITH"},{"data":"bronze:BronzeOrb","floor":54.0,"key":"SMITH"}],"circlet_count":0,"master_deck":["bronze:Strike","bronze:Defend","bronze:Defend","bronze:Defend","bronze:Replicate","bronze:Goto+1","bronze:Terminator","bronze:Flail+1","bronze:Constructor+1","bronze:Frontload","bronze:ChosenStrike","bronze:Repair+1","bronze:BugBarrage","downfall:Icky","bronze:FunctionCard","bronze:Iterate","bronze:HardenedForm+1","bronze:BuggyMess+1","bronze:Fortify+1","bronze:Allocate+1","downfall:Bewildered","bronze:DonuBeam+1","bronze:DecaBeam","bronze:Shield","bronze:Safeguard+1","bronze:TinkerersToolbox+1","bronze:GetLatest+1","bronze:Repulsor+1","bronze:BugBarrage","bronze:Shell","bronze:NullPointer","bronze:BronzeOrb+1","bronze:Iterate"],"relics":["bronze:BronzeCore","NlothsMask","Bag of Preparation","Orichalcum","Runic Pyramid","downfall:HeartBlessingRed","downfall:HeartBlessingGreen","sneckomod:BabySnecko","War Paint","downfall:HeartBlessingBlue","Lee\u0027s Waffle","Calipers","Philosopher\u0027s Stone","Nunchaku","hexamod:BolsterEngine","Oddly Smooth Stone","ClockworkSouvenir","Pen Nib"],"acts_visited":["TheEnding"],"potions_floor_usage":[55],"damage_taken":[{"damage":0.0,"enemies":"2 Louse","floor":2.0,"turns":3.0},{"damage":6.0,"enemies":"Jaw Worm","floor":3.0,"turns":2.0},{"damage":0.0,"enemies":"Cultist","floor":4.0,"turns":4.0},{"damage":0.0,"enemies":"2 Fungi Beasts","floor":8.0,"turns":2.0},{"damage":21.0,"enemies":"Lagavulin","floor":9.0,"turns":9.0},{"damage":1.0,"enemies":"downfall:FleeingMerchant","floor":10.0,"turns":4.0},{"damage":9.0,"enemies":"Exordium Wildlife","floor":14.0,"turns":5.0},{"damage":0.0,"enemies":"3 Louse","floor":15.0,"turns":4.0},{"damage":24.0,"enemies":"IC_STATUS_ARCHETYPE","floor":16.0,"turns":9.0},{"damage":0.0,"enemies":"Spheric Guardian","floor":19.0,"turns":3.0},{"damage":0.0,"enemies":"Chosen and Byrds","floor":20.0,"turns":7.0},{"damage":17.0,"enemies":"3 Cultists","floor":21.0,"turns":6.0},{"damage":6.0,"enemies":"Centurion and Healer","floor":22.0,"turns":7.0},{"damage":28.0,"enemies":"Centurion and Healer","floor":28.0,"turns":6.0},{"damage":3.0,"enemies":"Snake Plant","floor":29.0,"turns":4.0},{"damage":9.0,"enemies":"downfall:FleeingMerchant","floor":30.0,"turns":4.0},{"damage":12.0,"enemies":"Gremlin Leader","floor":31.0,"turns":6.0},{"damage":9.0,"enemies":"Chosen and Byrds","floor":32.0,"turns":6.0},{"damage":4.0,"enemies":"SI_MIRROR_ARCHETYPE","floor":33.0,"turns":11.0},{"damage":0.0,"enemies":"3 Shapes","floor":36.0,"turns":4.0},{"damage":0.0,"enemies":"downfall:FleeingMerchant","floor":39.0,"turns":4.0},{"damage":0.0,"enemies":"3 Darklings","floor":43.0,"turns":4.0},{"damage":0.0,"enemies":"Jaw Worm Horde","floor":45.0,"turns":3.0},{"damage":0.0,"enemies":"Writhing Mass","floor":47.0,"turns":4.0},{"damage":0.0,"enemies":"3 Darklings","floor":49.0,"turns":4.0},{"damage":0.0,"enemies":"DF_ARCHETYPE_ORBS","floor":50.0,"turns":9.0},{"damage":1.0,"enemies":"downfall:CharBossMerchant","floor":52.0,"turns":12.0},{"damage":0,"enemies":"downfall:NeowBoss","floor":55,"turns":14},{"damage":9,"enemies":"downfall:NeowBossFinal","floor":56,"turns":12}],"seed_played":"-173050467935253463","potions_obtained":[{"floor":4.0,"key":"Regen Potion"},{"floor":8.0,"key":"Slimebound:ThreeZeroPotion"},{"floor":15.0,"key":"FearPotion"},{"floor":16.0,"key":"PowerPotion"},{"floor":20.0,"key":"SteroidPotion"},{"floor":22.0,"key":"EssenceOfSteel"},{"floor":28.0,"key":"Ancient Potion"},{"floor":32.0,"key":"LiquidBronze"},{"floor":33.0,"key":"AttackPotion"},{"floor":36.0,"key":"Block Potion"},{"floor":45.0,"key":"Strength Potion"},{"floor":52.0,"key":"SkillPotion"}],"is_trial":false,"path_per_floor":["R","M","M","M","?","?","T","M","E","$","R","?","T","M","M","B",null,"R","M","M","M","M","?","T","R","?","R","?","M","$","E","M","B",null,"R","M","?","?","$","R","T","?","M","?","M","$","M","?","M","B",null,"E","$","R","B","B",null],"character_chosen":"THE_AUTOMATON","items_purchased":["bronze:Hardcode","Lee\u0027s Waffle","hexamod:BolsterEngine","Oddly Smooth Stone","ClockworkSouvenir","bronze:BugBarrage","bronze:Iterate"],"campfire_rested":0,"item_purchase_floors":[10,30,44,44,44,44,53],"current_hp_per_floor":[70,70,64,64,64,64,64,64,43,49,49,49,49,59,59,42,70,70,70,70,53,54,54,54,64,64,64,46,43,87,75,76,82,87,87,87,87,87,87,87,87,87,87,87,87,87,87,87,87,87,87,86,86,86,87,87],"gold":23,"neow_bonus":"TRANSFORM_TWO_CARDS","is_daily":false,"chose_seed":false,"campfire_upgraded":8,"win_rate":0.0,"timestamp":1611475706,"path_taken":["R","M","M","M","?","?","T","?","E","$","R","?","?","M","M","BOSS","R","M","M","M","M","?","T","R","?","R","?","M","$","E","M","BOSS","R","M","?","?","$","R","T","?","?","?","M","$","M","?","M","BOSS","E","$","R","BOSS","BOSS"],"items_purchased_type":["Card","Relic","Relic","Relic","Relic","Card","Card"],"build_version":"2020-12-22","purchased_purges":2,"victory":true,"max_hp_per_floor":[70,70,70,70,70,70,70,70,70,70,70,70,70,70,70,70,70,70,70,70,70,70,70,70,80,80,80,80,80,87,87,87,87,87,87,87,87,87,87,87,87,87,87,87,87,87,87,87,87,87,87,87,87,87,87,87],"card_choices":[{"not_picked":["bronze:BitShift","bronze:WhirlingStrike"],"picked":"bronze:Flail","floor":2.0},{"not_picked":["bronze:Deprecate","bronze:DelayedSlice"],"picked":"bronze:Constructor","floor":3.0},{"not_picked":["bronze:Boost","bronze:Terminator"],"picked":"bronze:Frontload","floor":4.0},{"not_picked":["bronze:DelayedGuard","bronze:DelayedSlice"],"picked":"bronze:ChosenStrike","floor":8.0},{"not_picked":["bronze:Assembly","bronze:CutThrough"],"picked":"bronze:Repair","floor":9.0},{"not_picked":["bronze:BitShift","bronze:NullPointer"],"picked":"bronze:BugBarrage","floor":10.0},{"not_picked":["bronze:ForceShield","bronze:Frontload"],"picked":"bronze:Iterate","floor":14.0},{"not_picked":["bronze:Optimize","bronze:Repair"],"picked":"bronze:HardenedForm","floor":15.0},{"not_picked":["bronze:DarkDash+1","bronze:Constructor"],"picked":"bronze:BuggyMess","floor":19.0},{"not_picked":["bronze:OilSpill+1","bronze:DelayedSlice","bronze:Deprecate"],"picked":"SKIP","floor":20.0},{"not_picked":["bronze:Repulsor","bronze:Overheat+1"],"picked":"bronze:Fortify","floor":21.0},{"not_picked":["bronze:DelayedSlice","bronze:Frontload"],"picked":"bronze:Allocate","floor":22.0},{"not_picked":[],"picked":"bronze:DonuBeam","floor":28.0},{"not_picked":[],"picked":"bronze:DecaBeam","floor":28.0},{"not_picked":["bronze:Flail","bronze:ClassDefault"],"picked":"bronze:Shield","floor":29.0},{"not_picked":["bronze:AlphaBuild","bronze:FollowUp","bronze:Turbo"],"picked":"SKIP","floor":30.0},{"not_picked":["bronze:Allocate","bronze:HyperBeam"],"picked":"bronze:Safeguard+1","floor":31.0},{"not_picked":["bronze:Allocate","bronze:InfiniteBeams","bronze:ClassDefault"],"picked":"SKIP","floor":32.0},{"not_picked":["bronze:BurnOut","bronze:AlphaBuild"],"picked":"bronze:TinkerersToolbox","floor":33.0},{"not_picked":["bronze:Branch","bronze:Separator"],"picked":"bronze:GetLatest+1","floor":36.0},{"not_picked":["bronze:Backtrace+1","bronze:Branch+1","bronze:Allocate+1"],"picked":"SKIP","floor":39.0},{"not_picked":["bronze:Optimize","bronze:Deprecate"],"picked":"bronze:Repulsor+1","floor":43.0},{"not_picked":["bronze:Terminator","bronze:BugBarrage"],"picked":"bronze:Shell","floor":45.0},{"not_picked":["bronze:Separator","bronze:MaxOutput"],"picked":"bronze:NullPointer","floor":47.0},{"not_picked":["bronze:Constructor+1","bronze:DarkDash","bronze:CutThrough"],"picked":"SKIP","floor":49.0},{"not_picked":["bronze:Turbo","bronze:Separator"],"picked":"bronze:BronzeOrb","floor":52.0}],"player_experience":829127,"relics_obtained":[{"floor":9.0,"key":"Bag of Preparation"},{"floor":13.0,"key":"Orichalcum"},{"floor":24.0,"key":"War Paint"},{"floor":31.0,"key":"Calipers"},{"floor":41.0,"key":"Nunchaku"},{"floor":52.0,"key":"Pen Nib"}],"event_choices":[{"damage_healed":0.0,"max_hp_gain":0.0,"max_hp_loss":0.0,"gold_gain":0.0,"event_name":"FaceTrader","player_choice":"Trade","floor":6.0,"gold_loss":0.0,"damage_taken":0.0,"relics_obtained":["NlothsMask"]},{"damage_healed":0.0,"max_hp_gain":0.0,"max_hp_loss":0.0,"gold_gain":0.0,"event_name":"Ghosts","player_choice":"Ignored","floor":26.0,"gold_loss":0.0,"damage_taken":0.0},{"cards_removed":["bronze:CloningBeam"],"damage_healed":0.0,"max_hp_gain":0.0,"max_hp_loss":0.0,"gold_gain":0.0,"event_name":"Falling","player_choice":"Removed Attack","floor":38.0,"gold_loss":0.0,"damage_taken":0.0}],"is_beta":false,"boss_relics":[{"not_picked":["Busted Crown","expansioncontent:StudyCardRelic"],"picked":"Runic Pyramid"},{"not_picked":["Fusion Hammer","Calling Bell"],"picked":"Philosopher\u0027s Stone"}],"items_purged_floors":[39,53],"is_endless":false,"potions_floor_spawned":[4,8,15,16,20,22,28,32,33,36,45,52],"ascension_level":0}}