{"host":"test","time":1611472239,"event":{"mods":["BaseMod","Colored Map","Colored Powertips","Minty Spire (QoL Compilation)","Relic Stats","Slay the Relics Exporter","SpireBot","StSLib","ojb\u0027s Better Paths Mod","ojb\u0027s Info Mod"],"gold_per_floor":[120,129,10,33,59,59,103,103,127,151,187,215,215,267,267,372,372,397,397,420,449,472,472,516,516,562,605,605,520,123,150,150,252,252,285,507,1524,1592,1621,1621,1621],"floor_reached":40,"language":"JPN","playtime":2162,"items_purged":["Pain","Strike_G"],"score":948,"play_id":"bad18550-736a-4329-861c-20982fc48d4d","local_time":"20210124161039","is_ascension_mode":true,"campfire_choices":[{"data":"Predator","floor":6.0,"key":"SMITH"},{"data":"Blade Dance","floor":8.0,"key":"SMITH"},{"data":"Noxious Fumes","floor":15.0,"key":"SMITH"},{"floor":23.0,"key":"REST"},{"data":"Envenom","floor":25.0,"key":"SMITH"},{"data":"Bouncing Flask","floor":28.0,"key":"SMITH"},{"data":"Footwork","floor":32.0,"key":"SMITH"}],"circlet_count":0,"master_deck":["AscendersBane","Strike_G","Strike_G","Strike_G","Defend_G","Defend_G","Defend_G+1","Defend_G+1","Defend_G","Survivor","Neutralize","Slice","Blade Dance+1","Predator+1","Bouncing Flask+1","Accuracy","Dash","Blade Dance","Terror","Noxious Fumes+1","Envenom+1","Catalyst+1","Acrobatics","Backflip","Cloak And Dagger","Footwork+1","Blur","Adrenaline","Malaise","Dodge and Roll+1","Normality","Normality","Crippling Poison","Expertise"],"relics":["Ring of the Snake","CeramicFish","WarpedTongs","Boot","War Paint","Regal Pillow","Golden Idol","Meat on the Bone","Runic Dome","Blue Candle","Orichalcum","Red Mask","Question Card","OrangePellets","Philosopher\u0027s Stone","Tingsha"],"acts_visited":["Exordium","TheCity","TheBeyond"],"potions_floor_usage":[40,40],"damage_taken":[{"damage":0.0,"enemies":"2 Louse","floor":1.0,"turns":4.0},{"damage":1.0,"enemies":"Cultist","floor":4.0,"turns":4.0},{"damage":1.0,"enemies":"Jaw Worm","floor":5.0,"turns":2.0},{"damage":2.0,"enemies":"Gremlin Nob","floor":7.0,"turns":4.0},{"damage":0.0,"enemies":"2 Fungi Beasts","floor":10.0,"turns":2.0},{"damage":0.0,"enemies":"Lagavulin","floor":11.0,"turns":5.0},{"damage":0.0,"enemies":"Lots of Slimes","floor":12.0,"turns":3.0},{"damage":15.0,"enemies":"3 Sentries","floor":14.0,"turns":7.0},{"damage":13.0,"enemies":"Hexaghost","floor":16.0,"turns":7.0},{"damage":0.0,"enemies":"Chosen","floor":18.0,"turns":2.0},{"damage":17.0,"enemies":"2 Thieves","floor":20.0,"turns":3.0},{"damage":36.0,"enemies":"Cultist and Chosen","floor":21.0,"turns":6.0},{"damage":9.0,"enemies":"Sentry and Sphere","floor":22.0,"turns":4.0},{"damage":34.0,"enemies":"Slavers","floor":24.0,"turns":5.0},{"damage":12.0,"enemies":"Masked Bandits","floor":27.0,"turns":3.0},{"damage":4.0,"enemies":"Shelled Parasite and Fungi","floor":31.0,"turns":5.0},{"damage":25.0,"enemies":"Collector","floor":33.0,"turns":9.0},{"damage":0.0,"enemies":"Orb Walker","floor":35.0,"turns":4.0},{"damage":19.0,"enemies":"2 Orb Walkers","floor":38.0,"turns":5.0},{"damage":6.0,"enemies":"3 Darklings","floor":39.0,"turns":4.0},{"damage":40,"enemies":"Reptomancer","floor":40,"turns":3}],"seed_played":"5671705373749761643","potions_obtained":[{"floor":1.0,"key":"BlessingOfTheForge"},{"floor":5.0,"key":"PowerPotion"},{"floor":10.0,"key":"CunningPotion"},{"floor":16.0,"key":"Swift Potion"},{"floor":21.0,"key":"Explosive Potion"},{"floor":24.0,"key":"Poison Potion"},{"floor":27.0,"key":"SpeedPotion"},{"floor":33.0,"key":"SteroidPotion"},{"floor":35.0,"key":"SneckoOil"},{"floor":38.0,"key":"LiquidBronze"},{"floor":39.0,"key":"Swift Potion"}],"is_trial":false,"path_per_floor":["M","?","$","M","M","R","E","R","T","M","E","M","?","E","R","B",null,"M","?","M","M","M","R","E","R","T","?","R","?","$","M","R","B",null,"M","?","?","?","M","E"],"character_chosen":"THE_SILENT","items_purchased":["Blade Dance","OrangePellets","Footwork","Blur"],"campfire_rested":1,"item_purchase_floors":[3,30,30,30],"current_hp_per_floor":[59,59,59,58,57,57,55,55,55,55,55,55,55,40,40,39,55,55,55,38,14,17,50,28,28,28,28,28,28,28,36,36,23,51,51,51,51,32,38,0,0],"gold":1621,"neow_bonus":"RANDOM_COMMON_RELIC","is_daily":false,"chose_seed":true,"campfire_upgraded":6,"win_rate":0.0,"timestamp":1611472239,"path_taken":["M","?","$","M","?","R","E","R","T","M","E","M","?","E","R","BOSS","M","?","?","?","M","R","E","R","T","?","R","?","$","M","R","BOSS","M","?","?","?","M","E"],"items_purchased_type":["Card","Relic","Card","Card"],"build_version":"2020-12-18","purchased_purges":2,"victory":false,"max_hp_per_floor":[66,66,66,66,66,66,66,66,66,66,66,66,60,60,60,60,60,60,60,60,60,60,60,60,60,60,60,60,60,60,60,60,60,60,60,60,60,60,60,60,60],"relic_stats":{"Regal Pillow":15,"counters":[21,91],"Golden Idol":103,"CeramicFish":216,"Blue Candle":[3],"Tingsha":[6],"War Paint":["Defend_G","Defend_G"],"Orichalcum":[30],"Boot":[74],"Question Card":5,"WarpedTongs":[87],"OrangePellets":[6],"obtain_stats":[{"Regal Pillow":11,"Golden Idol":13,"CeramicFish":0,"Blue Candle":24,"Tingsha":38,"War Paint":9,"Orichalcum":26,"Boot":7,"Question Card":29,"WarpedTongs":2,"Runic Dome":17,"OrangePellets":30,"Philosopher\u0027s Stone":34,"Red Mask":27,"Ring of the Snake":0,"Meat on the Bone":14},{"Regal Pillow":6,"Golden Idol":7,"CeramicFish":0,"Blue Candle":14,"Tingsha":19,"War Paint":4,"Orichalcum":14,"Boot":4,"Question Card":15,"WarpedTongs":1,"Runic Dome":9,"OrangePellets":15,"Philosopher\u0027s Stone":17,"Red Mask":15,"Ring of the Snake":0,"Meat on the Bone":8},{"Regal Pillow":21,"Golden Idol":24,"CeramicFish":0,"Blue Candle":58,"Tingsha":84,"War Paint":14,"Orichalcum":58,"Boot":14,"Question Card":61,"WarpedTongs":4,"Runic Dome":38,"OrangePellets":61,"Philosopher\u0027s Stone":75,"Red Mask":61,"Ring of the Snake":0,"Meat on the Bone":31}],"Ring of the Snake":[42],"Meat on the Bone":96},"card_choices":[{"not_picked":["Flechettes","Finisher"],"picked":"Slice","floor":1.0},{"not_picked":["Slice","Blade Dance"],"picked":"Predator","floor":4.0},{"not_picked":["Backflip","Bane"],"picked":"Bouncing Flask","floor":5.0},{"not_picked":["Crippling Poison","Eviscerate"],"picked":"Accuracy","floor":7.0},{"not_picked":["Escape Plan","Deflect"],"picked":"Dash","floor":10.0},{"not_picked":["Tactician","Dodge and Roll"],"picked":"Blade Dance","floor":11.0},{"not_picked":["Sucker Punch","Endless Agony"],"picked":"Terror","floor":12.0},{"not_picked":["Prepared","Bullet Time"],"picked":"Noxious Fumes","floor":14.0},{"not_picked":["Night Terror","Malaise"],"picked":"Envenom","floor":16.0},{"not_picked":["Acrobatics","Footwork"],"picked":"Catalyst+1","floor":18.0},{"not_picked":["Slice","Distraction","Dagger Spray"],"picked":"SKIP","floor":20.0},{"not_picked":["Dodge and Roll","Flying Knee"],"picked":"Acrobatics","floor":21.0},{"not_picked":["Deflect","Poisoned Stab","Caltrops"],"picked":"SKIP","floor":22.0},{"not_picked":["Underhanded Strike","Sucker Punch"],"picked":"Backflip","floor":24.0},{"not_picked":["Backflip","Dagger Spray"],"picked":"Cloak And Dagger","floor":27.0},{"not_picked":["Reflex","PiercingWail","Sucker Punch"],"picked":"Adrenaline","floor":31.0},{"not_picked":["A Thousand Cuts","Unload","Phantasmal Killer"],"picked":"Malaise","floor":33.0},{"not_picked":["Cloak And Dagger+1","Poisoned Stab","Predator"],"picked":"Dodge and Roll+1","floor":35.0},{"not_picked":["Dodge and Roll","Expertise","Concentrate"],"picked":"Crippling Poison","floor":38.0},{"not_picked":["Infinite Blades","Masterful Stab","Tactician+1"],"picked":"Expertise","floor":39.0}],"player_experience":1960491,"relics_obtained":[{"floor":7.0,"key":"Boot"},{"floor":9.0,"key":"War Paint"},{"floor":11.0,"key":"Regal Pillow"},{"floor":14.0,"key":"Meat on the Bone"},{"floor":24.0,"key":"Blue Candle"},{"floor":26.0,"key":"Orichalcum"},{"floor":27.0,"key":"Red Mask"},{"floor":38.0,"key":"Tingsha"}],"event_choices":[{"damage_healed":0.0,"max_hp_gain":0.0,"max_hp_loss":0.0,"gold_gain":0.0,"event_name":"Accursed Blacksmith","player_choice":"Rummage","floor":2.0,"gold_loss":0.0,"damage_taken":0.0,"relics_obtained":["WarpedTongs"],"cards_obtained":["Pain"]},{"damage_healed":0.0,"max_hp_gain":0.0,"max_hp_loss":6.0,"gold_gain":0.0,"event_name":"Golden Idol","player_choice":"Lose Max HP","floor":13.0,"gold_loss":0.0,"damage_taken":0.0,"relics_obtained":["Golden Idol"]},{"cards_removed":["Strike_G"],"damage_healed":0.0,"max_hp_gain":0.0,"max_hp_loss":0.0,"gold_gain":0.0,"event_name":"Bonfire Elementals","player_choice":"Offered Basic","floor":19.0,"gold_loss":0.0,"damage_taken":0.0},{"damage_healed":0.0,"max_hp_gain":0.0,"max_hp_loss":0.0,"gold_gain":0.0,"event_name":"Masked Bandits","player_choice":"Fought Bandits","floor":27.0,"gold_loss":0.0,"damage_taken":0.0},{"damage_healed":0.0,"max_hp_gain":0.0,"max_hp_loss":0.0,"gold_gain":0.0,"event_name":"Addict","player_choice":"Obtained Relic","floor":29.0,"gold_loss":85.0,"damage_taken":0.0,"relics_obtained":["Question Card"]},{"damage_healed":0.0,"max_hp_gain":0.0,"max_hp_loss":0.0,"gold_gain":222.0,"event_name":"Tomb of Lord Red Mask","player_choice":"Wore Mask","floor":36.0,"gold_loss":0.0,"damage_taken":0.0},{"damage_healed":0.0,"max_hp_gain":0.0,"max_hp_loss":0.0,"gold_gain":999.0,"event_name":"MindBloom","player_choice":"Gold","floor":37.0,"gold_loss":0.0,"damage_taken":0.0,"cards_obtained":["Normality","Normality"]},{"damage_healed":0.0,"max_hp_gain":0.0,"max_hp_loss":0.0,"gold_gain":0.0,"event_name":"Mysterious Sphere","player_choice":"Fight","floor":38.0,"gold_loss":0.0,"damage_taken":0.0}],"is_beta":true,"boss_relics":[{"not_picked":["Ring of the Serpent","Black Star"],"picked":"Runic Dome"},{"not_picked":["SacredBark","Empty Cage"],"picked":"Philosopher\u0027s Stone"}],"items_purged_floors":[3,30],"is_endless":false,"potions_floor_spawned":[1,5,10,16,21,24,27,33,35,38,39],"killed_by":"Reptomancer","ascension_level":20}}