{"host":"j4g6ia6asvpyu2b0","time":1611508825,"event":{"mods":["BaseMod","Colored Map","Minty Spire (QoL Compilation)","Permanent Neow","Quick Restart","Relic Stats","StSLib","Unceasing Turn Reminder"],"gold_per_floor":[110,110,120,136,136,136,164,179,179,189,189,214,224,224,224,298,298,312,325,325,337,76,76,101,101,101,151,181,181,214,314,314,387,387,402,416,435,406,406,406,406,431,480,508,508,534,581,415,415,415,415,415,16,46,46],"floor_reached":56,"language":"ENG","playtime":2049,"items_purged":["Strike_G","Skewer"],"score":2603,"play_id":"987f1116-a654-4482-bbe1-5408b2e9ba7c","local_time":"20210124102025","is_ascension_mode":true,"campfire_choices":[{"data":"Cloak And Dagger","floor":6,"key":"SMITH"},{"data":"Blade Dance","floor":11,"key":"SMITH"},{"data":"Cloak And Dagger","floor":15,"key":"SMITH"},{"data":"Finisher","floor":23,"key":"SMITH"},{"data":"Envenom","floor":25,"key":"SMITH"},{"floor":29,"key":"REST"},{"data":"Panache","floor":32,"key":"SMITH"},{"data":"Adrenaline","floor":40,"key":"SMITH"},{"data":"Madness","floor":45,"key":"SMITH"},{"floor":49,"key":"RECALL"},{"data":"Adrenaline","floor":52,"key":"SMITH"}],"circlet_count":0,"master_deck":["AscendersBane","Survivor","Neutralize","Panache+1","Cloak And Dagger+1","Dagger Throw","Sucker Punch","Neutralize","Finisher+1","Cloak And Dagger+1","Blade Dance+1","Escape Plan","Dodge and Roll","Predator","Skewer","Phantasmal Killer+1","Blade Dance+1","Prepared","Backflip+1","Master of Strategy","Envenom+1","Blade Dance","Noxious Fumes+1","Backflip","Doppelganger","Deadly Poison","Quick Slash","Concentrate","Adrenaline+1","PiercingWail","Footwork","Calculated Gamble","Noxious Fumes+1","PiercingWail","Madness","Madness+1","Quick Slash+1","Acrobatics+1","Adrenaline+1","Footwork","Backflip","Dagger Throw+1"],"relics":["Ring of the Snake","Shuriken","Bottled Tornado","Blood Vial","Runic Pyramid","Strawberry","Bag of Marbles","Gremlin Horn","Calipers","HornCleat","Pandora\u0027s Box","InkBottle","Art of War","Bronze Scales","Nunchaku","Tough Bandages","Snake Skull","Medical Kit","Ninja Scroll"],"acts_visited":["Exordium","TheCity","TheBeyond","TheEnding"],"potions_floor_usage":[7,12,16,30,33,55,55],"damage_taken":[{"damage":1,"enemies":"2 Louse","floor":1,"turns":3},{"damage":4,"enemies":"Jaw Worm","floor":3,"turns":7},{"damage":0,"enemies":"Cultist","floor":4,"turns":3},{"damage":2,"enemies":"3 Sentries","floor":7,"turns":5},{"damage":0,"enemies":"2 Fungi Beasts","floor":8,"turns":3},{"damage":0,"enemies":"Gremlin Gang","floor":10,"turns":2},{"damage":0,"enemies":"Lagavulin","floor":12,"turns":1},{"damage":0,"enemies":"Exordium Thugs","floor":13,"turns":3},{"damage":0,"enemies":"Slime Boss","floor":16,"turns":3},{"damage":7,"enemies":"2 Thieves","floor":18,"turns":2},{"damage":0,"enemies":"3 Byrds","floor":19,"turns":4},{"damage":15,"enemies":"Shelled Parasite and Fungi","floor":21,"turns":3},{"damage":20,"enemies":"Slavers","floor":24,"turns":4},{"damage":0,"enemies":"Gremlin Leader","floor":28,"turns":3},{"damage":4,"enemies":"Slavers","floor":30,"turns":4},{"damage":0,"enemies":"Colosseum Slavers","floor":31,"turns":1},{"damage":1,"enemies":"Colosseum Nobs","floor":31,"turns":3},{"damage":6,"enemies":"Champ","floor":33,"turns":5},{"damage":3,"enemies":"3 Shapes","floor":35,"turns":3},{"damage":0,"enemies":"3 Darklings","floor":36,"turns":2},{"damage":0,"enemies":"Jaw Worm Horde","floor":37,"turns":2},{"damage":0,"enemies":"Reptomancer","floor":42,"turns":2},{"damage":3,"enemies":"Giant Head","floor":44,"turns":4},{"damage":0,"enemies":"Nemesis","floor":46,"turns":3},{"damage":17,"enemies":"2 Orb Walkers","floor":47,"turns":2},{"damage":0,"enemies":"Awakened One","floor":50,"turns":6},{"damage":11,"enemies":"Shield and Spear","floor":54,"turns":3},{"damage":30,"enemies":"The Heart","floor":55,"turns":6}],"seed_played":"-5762896917498788633","potions_obtained":[{"floor":1,"key":"Explosive Potion"},{"floor":8,"key":"FearPotion"},{"floor":12,"key":"FearPotion"},{"floor":21,"key":"SmokeBomb"},{"floor":24,"key":"Explosive Potion"},{"floor":30,"key":"SkillPotion"},{"floor":31,"key":"SkillPotion"},{"floor":35,"key":"LiquidMemories"}],"is_trial":false,"path_per_floor":["M","?","M","M","?","R","E","M","T","M","R","E","M","?","R","B",null,"M","M","?","M","$","R","E","R","T","?","E","R","E","?","R","B",null,"M","M","M","$","?","R","?","E","T","E","R","E","?","$","R","B",null,"R","$","E","B",null],"character_chosen":"THE_SILENT","items_purchased":["Master of Strategy","PiercingWail","Snake Skull","Medical Kit","Footwork","Backflip"],"campfire_rested":1,"item_purchase_floors":[22,38,48,53,53,53],"current_hp_per_floor":[58,51,47,47,47,47,45,45,45,45,45,45,47,47,47,49,57,52,54,54,41,41,41,30,30,30,30,32,52,50,53,53,49,63,62,64,66,66,66,66,54,56,56,55,55,57,42,42,42,44,61,61,61,52,24],"gold":46,"neow_bonus":"RANDOM_COLORLESS_2","is_daily":false,"chose_seed":false,"campfire_upgraded":9,"win_rate":0.0,"timestamp":1611508825,"path_taken":["M","?","M","M","?","R","E","?","T","M","R","E","M","?","R","BOSS","M","?","?","?","$","R","E","R","T","?","E","R","E","?","R","BOSS","M","M","M","$","?","R","?","E","T","E","R","E","?","$","R","BOSS","R","$","E","BOSS"],"items_purchased_type":["Card","Card","Relic","Relic","Card","Card"],"build_version":"2020-12-22","purchased_purges":2,"victory":true,"max_hp_per_floor":[60,60,60,60,60,60,60,60,60,60,60,60,60,60,60,60,60,60,60,60,60,60,60,67,67,67,67,67,67,67,67,67,67,67,67,67,67,67,67,67,67,67,67,67,67,67,67,67,67,67,67,67,67,67,67],"relic_stats":{"Gremlin Horn":[17,17],"counters":[28,92],"Snake Skull":[80],"Medical Kit":[6],"Blood Vial":42,"Nunchaku":[10],"Tough Bandages":[132],"Shuriken":[96],"Bronze Scales":[99],"Pandora\u0027s Box":["Deadly Poison","Skewer","Quick Slash","Concentrate","Adrenaline","PiercingWail","Doppelganger"],"Art of War":[4],"obtain_stats":[{"Calipers":31,"Gremlin Horn":30,"Snake Skull":48,"Bottled Tornado":9,"Medical Kit":53,"Blood Vial":12,"Nunchaku":46,"Tough Bandages":47,"HornCleat":31,"Shuriken":7,"Ninja Scroll":54,"Strawberry":24,"Bronze Scales":44,"Pandora\u0027s Box":34,"Bag of Marbles":28,"Art of War":43,"InkBottle":42,"Ring of the Snake":0,"Runic Pyramid":17},{"Calipers":17,"Gremlin Horn":15,"Snake Skull":25,"Bottled Tornado":5,"Medical Kit":26,"Blood Vial":7,"Nunchaku":24,"Tough Bandages":25,"HornCleat":17,"Shuriken":4,"Ninja Scroll":27,"Strawberry":13,"Bronze Scales":23,"Pandora\u0027s Box":18,"Bag of Marbles":14,"Art of War":22,"InkBottle":22,"Ring of the Snake":0,"Runic Pyramid":9},{"Calipers":54,"Gremlin Horn":50,"Snake Skull":77,"Bottled Tornado":21,"Medical Kit":83,"Blood Vial":24,"Nunchaku":75,"Tough Bandages":77,"HornCleat":54,"Shuriken":18,"Ninja Scroll":86,"Strawberry":43,"Bronze Scales":72,"Pandora\u0027s Box":59,"Bag of Marbles":46,"Art of War":68,"InkBottle":68,"Ring of the Snake":0,"Runic Pyramid":30}],"InkBottle":[26],"Ring of the Snake":[56]},"card_choices":[{"not_picked":["Secret Technique","Thinking Ahead"],"picked":"Panache","floor":0},{"not_picked":["Underhanded Strike","Dagger Throw"],"picked":"Cloak And Dagger","floor":1},{"not_picked":["Skewer","Dodge and Roll"],"picked":"Dagger Throw","floor":3},{"not_picked":["Concentrate","Bane"],"picked":"Sucker Punch","floor":4},{"not_picked":["Expertise","Eviscerate"],"picked":"Cloak And Dagger","floor":7},{"not_picked":["Sucker Punch","Night Terror"],"picked":"Blade Dance","floor":8},{"not_picked":["Deadly Poison","Slice"],"picked":"Escape Plan","floor":10},{"not_picked":["Crippling Poison","Deadly Poison"],"picked":"Dodge and Roll","floor":12},{"not_picked":["Quick Slash","Underhanded Strike"],"picked":"Predator","floor":13},{"not_picked":["Venomology","Die Die Die"],"picked":"Phantasmal Killer","floor":16},{"not_picked":["Bane","Deflect"],"picked":"Blade Dance+1","floor":18},{"not_picked":["Calculated Gamble","Underhanded Strike"],"picked":"Prepared","floor":19},{"not_picked":["Reflex","Setup"],"picked":"Backflip+1","floor":21},{"not_picked":["Acrobatics","Dash"],"picked":"Envenom","floor":24},{"not_picked":["Riddle With Holes","Prepared"],"picked":"Blade Dance","floor":28},{"not_picked":["Terror","Backflip+1"],"picked":"Noxious Fumes+1","floor":30},{"not_picked":["Masterful Stab","Slice"],"picked":"Backflip","floor":31},{"not_picked":["Grand Finale","Corpse Explosion"],"picked":"Doppelganger","floor":33},{"not_picked":["Underhanded Strike+1","Deflect+1"],"picked":"Footwork","floor":35},{"not_picked":["Bane","Poisoned Stab"],"picked":"Calculated Gamble","floor":36},{"not_picked":["Prepared","Predator"],"picked":"Noxious Fumes+1","floor":37},{"not_picked":["Prepared","Endless Agony"],"picked":"Quick Slash+1","floor":42},{"not_picked":["Poisoned Stab+1","Dash","Catalyst"],"picked":"SKIP","floor":44},{"not_picked":["Terror","All Out Attack+1"],"picked":"Acrobatics+1","floor":46},{"not_picked":["PiercingWail+1","Predator"],"picked":"Adrenaline","floor":47},{"not_picked":["Setup+1","Grand Finale"],"picked":"Dagger Throw+1","floor":54}],"player_experience":982892,"relics_obtained":[{"floor":7,"key":"Shuriken"},{"floor":9,"key":"Bottled Tornado"},{"floor":12,"key":"Blood Vial"},{"floor":24,"key":"Strawberry"},{"floor":28,"key":"Bag of Marbles"},{"floor":30,"key":"Gremlin Horn"},{"floor":31,"key":"Calipers"},{"floor":31,"key":"HornCleat"},{"floor":42,"key":"InkBottle"},{"floor":43,"key":"Art of War"},{"floor":44,"key":"Bronze Scales"},{"floor":46,"key":"Nunchaku"},{"floor":47,"key":"Tough Bandages"},{"floor":54,"key":"Ninja Scroll"}],"event_choices":[{"cards_removed":["Strike_G"],"damage_healed":0,"gold_gain":0,"player_choice":"Card Removal","damage_taken":7,"max_hp_gain":0,"max_hp_loss":0,"event_name":"Golden Wing","floor":2,"gold_loss":0},{"damage_healed":0,"gold_gain":0,"player_choice":"2 cards matched","damage_taken":0,"max_hp_gain":0,"max_hp_loss":0,"event_name":"Match and Keep!","floor":5,"gold_loss":0,"cards_obtained":["Neutralize","Finisher"]},{"damage_healed":0,"gold_gain":0,"cards_transformed":["Strike_G"],"player_choice":"Transformed","damage_taken":0,"max_hp_gain":0,"max_hp_loss":0,"event_name":"Transmorgrifier","floor":14,"gold_loss":0,"cards_obtained":["Skewer"]},{"damage_healed":0,"gold_gain":0,"player_choice":"Upgraded","damage_taken":0,"max_hp_gain":0,"max_hp_loss":0,"event_name":"Upgrade Shrine","floor":20,"gold_loss":0,"cards_upgraded":["Phantasmal Killer"]},{"damage_healed":0,"gold_gain":50,"player_choice":"Stole From Cult","damage_taken":0,"max_hp_gain":0,"max_hp_loss":0,"event_name":"Nest","floor":27,"gold_loss":0},{"damage_healed":0,"gold_gain":0,"player_choice":"Fight","damage_taken":0,"max_hp_gain":0,"max_hp_loss":0,"event_name":"Colosseum","floor":31,"gold_loss":0},{"damage_healed":0,"gold_gain":0,"player_choice":"Fought Nobs","damage_taken":0,"max_hp_gain":0,"max_hp_loss":0,"event_name":"Colosseum","floor":31,"gold_loss":0},{"cards_removed":["Doppelganger"],"damage_healed":0,"gold_gain":0,"player_choice":"Removed Skill","damage_taken":0,"max_hp_gain":0,"max_hp_loss":0,"event_name":"Falling","floor":39,"gold_loss":0},{"damage_healed":0,"gold_gain":0,"player_choice":"Embrace Madness","damage_taken":12,"max_hp_gain":0,"max_hp_loss":0,"event_name":"Winding Halls","floor":41,"gold_loss":0,"cards_obtained":["Madness","Madness"]},{"damage_healed":0,"gold_gain":0,"player_choice":"Fight","damage_taken":0,"max_hp_gain":0,"max_hp_loss":0,"event_name":"Mysterious Sphere","floor":47,"gold_loss":0}],"is_beta":false,"boss_relics":[{"not_picked":["SacredBark","Velvet Choker"],"picked":"Runic Pyramid"},{"not_picked":["Empty Cage","Snecko Eye"],"picked":"Pandora\u0027s Box"}],"items_purged_floors":[22,53],"is_endless":false,"potions_floor_spawned":[1,8,12,21,24,28,30,31,35,42,47],"ascension_level":18}}