{"host":"srk2drlvga69hbot","time":1611523842,"event":{"mods":["BaseMod","Bestiary","Block Reminder","Colored Map","Colored Powertips","Dark Map","DeckTracker","Highlight Path","Minty Spire (QoL Compilation)","Quick Restart","Rare Cards Sparkle","Relic Stats","SuperFastMode","Unceasing Turn Reminder"],"gold_per_floor":[110,127,127,127,146,174,174,204,204,26,26,37,37,47,47,152,152,168,168,186,186,186,216,216,245,317,346,30,30,46,60,60,158,158,174,198,211,224,224,224,224,252,276,301,313,333,104,119,119,119],"floor_reached":51,"language":"ZHS","playtime":1834,"items_purged":["Strike_R","Pain"],"score":1300,"play_id":"aaf84aea-1cc1-4fc2-996a-3f60957bebd5","local_time":"20210125053042","is_ascension_mode":true,"campfire_choices":[{"data":"Sever Soul","floor":7.0,"key":"SMITH"},{"floor":11.0,"key":"REST"},{"floor":15.0,"key":"REST"},{"data":"Limit Break","floor":24.0,"key":"SMITH"},{"floor":32.0,"key":"REST"},{"data":"Bludgeon","floor":40.0,"key":"SMITH"},{"data":"Immolate","floor":49,"key":"SMITH"}],"circlet_count":0,"master_deck":["AscendersBane","Strike_R+1","Strike_R+1","Strike_R+1","Strike_R+1","Defend_R+1","Defend_R+1","Defend_R+1","Bash","Fire Breathing","Sever Soul+1","Seeing Red","Demon Form","Immolate+1","Limit Break+1","Clash+1","Necronomicurse","Feel No Pain","Fiend Fire","Battle Trance+1","Bludgeon+1","Warcry+1","Evolve+1","Heavy Blade+1","Armaments+1","Rage"],"relics":["Burning Blood","Centennial Puzzle","The Courier","Bottled Flame","Red Skull","Bottled Lightning","Bag of Marbles","WarpedTongs","Sozu","Necronomicon","Omamori","Dream Catcher","Mercury Hourglass","Tiny Chest","Sling","Orichalcum","Coffee Dripper","Bag of Preparation","CaptainsWheel","Blue Candle","Pen Nib","Incense Burner","Regal Pillow","Brimstone"],"acts_visited":["Exordium","TheCity","TheBeyond"],"potions_floor_usage":[],"damage_taken":[{"damage":12.0,"enemies":"Small Slimes","floor":1.0,"turns":3.0},{"damage":12.0,"enemies":"Jaw Worm","floor":2.0,"turns":2.0},{"damage":6.0,"enemies":"Cultist","floor":5.0,"turns":3.0},{"damage":20.0,"enemies":"3 Sentries","floor":6.0,"turns":5.0},{"damage":24.0,"enemies":"Gremlin Nob","floor":8.0,"turns":4.0},{"damage":7.0,"enemies":"Exordium Wildlife","floor":12.0,"turns":3.0},{"damage":2.0,"enemies":"2 Fungi Beasts","floor":14.0,"turns":2.0},{"damage":59.0,"enemies":"The Guardian","floor":16.0,"turns":7.0},{"damage":26.0,"enemies":"Chosen","floor":18.0,"turns":4.0},{"damage":4.0,"enemies":"Spheric Guardian","floor":20.0,"turns":3.0},{"damage":7.0,"enemies":"Gremlin Leader","floor":23.0,"turns":2.0},{"damage":9.0,"enemies":"Book of Stabbing","floor":25.0,"turns":2.0},{"damage":7.0,"enemies":"Slavers","floor":27.0,"turns":2.0},{"damage":0.0,"enemies":"Snake Plant","floor":30.0,"turns":2.0},{"damage":6.0,"enemies":"Cultist and Chosen","floor":31.0,"turns":3.0},{"damage":30.0,"enemies":"Collector","floor":33.0,"turns":4.0},{"damage":3.0,"enemies":"Orb Walker","floor":35.0,"turns":2.0},{"damage":0.0,"enemies":"3 Darklings","floor":37.0,"turns":2.0},{"damage":28.0,"enemies":"Writhing Mass","floor":38.0,"turns":3.0},{"damage":28.0,"enemies":"Nemesis","floor":42.0,"turns":5.0},{"damage":17.0,"enemies":"Giant Head","floor":44.0,"turns":3.0},{"damage":6.0,"enemies":"Sphere and 2 Shapes","floor":45.0,"turns":2.0},{"damage":12,"enemies":"Spire Growth","floor":46,"turns":2},{"damage":0,"enemies":"Transient","floor":48,"turns":5},{"damage":21,"enemies":"Donu and Deca","floor":50,"turns":3}],"seed_played":"1802882462710271635","potions_obtained":[{"floor":1.0,"key":"CultistPotion"},{"floor":6.0,"key":"Dexterity Potion"},{"floor":12.0,"key":"SpeedPotion"},{"floor":16.0,"key":"Block Potion"}],"is_trial":false,"path_per_floor":["M","M","?","?","M","E","R","E","T","$","R","M","?","M","R","B",null,"M","?","M","?","?","E","R","E","T","E","$","?","M","M","R","B",null,"M","T","M","M","?","R","T","E","T","E","M","M","$","M","R","B",null],"character_chosen":"IRONCLAD","items_purchased":["Bag of Marbles","Sling","Orichalcum","Regal Pillow","Brimstone"],"campfire_rested":3,"item_purchase_floors":[10,28,28,47,47],"current_hp_per_floor":[66,60,53,46,46,32,32,14,14,14,38,37,37,41,65,12,63,43,43,45,45,29,28,28,25,25,24,24,50,56,56,80,56,74,77,77,80,58,58,58,58,36,36,25,25,19,19,25,25,10],"gold":119,"neow_bonus":"RANDOM_COMMON_RELIC","is_daily":false,"chose_seed":false,"campfire_upgraded":4,"win_rate":0.0,"timestamp":1611523842,"path_taken":["M","M","?","?","M","E","R","E","T","$","R","?","?","M","R","BOSS","M","?","M","?","?","E","R","E","T","E","?","?","?","M","R","BOSS","M","?","?","?","?","R","?","E","T","E","M","M","?","M","R","BOSS"],"items_purchased_type":["Relic","Relic","Relic","Relic","Relic"],"build_version":"2020-12-22","purchased_purges":2,"victory":true,"max_hp_per_floor":[80,80,80,80,80,80,80,80,80,80,80,80,80,80,80,80,80,80,80,80,80,80,80,80,80,80,80,80,80,80,80,80,80,80,80,80,80,80,80,80,80,80,80,80,80,80,80,80,80,80],"relic_stats":{"Regal Pillow":0,"counters":[25,76],"Blue Candle":[3],"Pen Nib":[3],"Bag of Preparation":[16],"Orichalcum":[108],"Burning Blood":147,"WarpedTongs":[53],"Mercury Hourglass":[128],"Sozu":6,"Centennial Puzzle":[63],"Dream Catcher":1,"Tiny Chest":2,"Necronomicon":[36],"obtain_stats":[{"Regal Pillow":47,"Blue Candle":42,"The Courier":4,"Pen Nib":43,"Omamori":23,"Bag of Preparation":36,"Incense Burner":44,"Orichalcum":28,"Sling":28,"Burning Blood":0,"WarpedTongs":13,"Mercury Hourglass":26,"Sozu":17,"Centennial Puzzle":0,"Bottled Flame":6,"Dream Catcher":25,"CaptainsWheel":41,"Brimstone":47,"Tiny Chest":27,"Bag of Marbles":10,"Necronomicon":22,"Coffee Dripper":34,"Bottled Lightning":9,"Red Skull":8},{"Regal Pillow":23,"Blue Candle":20,"The Courier":2,"Pen Nib":20,"Omamori":11,"Bag of Preparation":17,"Incense Burner":21,"Orichalcum":13,"Sling":13,"Burning Blood":0,"WarpedTongs":6,"Mercury Hourglass":12,"Sozu":8,"Centennial Puzzle":0,"Bottled Flame":4,"Dream Catcher":12,"CaptainsWheel":19,"Brimstone":23,"Tiny Chest":13,"Bag of Marbles":5,"Necronomicon":10,"Coffee Dripper":16,"Bottled Lightning":5,"Red Skull":5},{"Regal Pillow":68,"Blue Candle":62,"The Courier":5,"Pen Nib":62,"Omamori":38,"Bag of Preparation":53,"Incense Burner":64,"Orichalcum":42,"Sling":42,"Burning Blood":0,"WarpedTongs":20,"Mercury Hourglass":40,"Sozu":29,"Centennial Puzzle":0,"Bottled Flame":13,"Dream Catcher":40,"CaptainsWheel":58,"Brimstone":68,"Tiny Chest":42,"Bag of Marbles":17,"Necronomicon":36,"Coffee Dripper":51,"Bottled Lightning":17,"Red Skull":17}]},"card_choices":[{"not_picked":["Pommel Strike","Dual Wield"],"picked":"Fire Breathing","floor":1.0},{"not_picked":["True Grit","Perfected Strike"],"picked":"Sever Soul","floor":2.0},{"not_picked":["Ghostly Armor","Shrug It Off"],"picked":"Seeing Red","floor":5.0},{"not_picked":["Ghostly Armor","Warcry"],"picked":"Demon Form","floor":6.0},{"not_picked":["Sword Boomerang","Cleave","Entrench"],"picked":"SKIP","floor":8.0},{"not_picked":["Iron Wave","Body Slam","Fire Breathing"],"picked":"SKIP","floor":12.0},{"not_picked":["Clash","Warcry"],"picked":"Immolate","floor":14.0},{"not_picked":["Immolate","Brutality"],"picked":"Limit Break","floor":16.0},{"not_picked":["Bloodletting","Headbutt","Body Slam"],"picked":"SKIP","floor":18.0},{"not_picked":["Perfected Strike","Headbutt"],"picked":"Clash+1","floor":20.0},{"not_picked":["Pommel Strike","Sever Soul"],"picked":"Feel No Pain","floor":23.0},{"not_picked":["Clothesline","Twin Strike","Bloodletting"],"picked":"SKIP","floor":25.0},{"not_picked":["Flex","Hemokinesis"],"picked":"Fiend Fire","floor":27.0},{"not_picked":["Reckless Charge","Twin Strike+1","Wild Strike"],"picked":"SKIP","floor":30.0},{"not_picked":["Intimidate","Pummel"],"picked":"Evolve","floor":31.0},{"not_picked":["Pommel Strike","True Grit"],"picked":"Battle Trance+1","floor":32.0},{"not_picked":["Berserk","Corruption"],"picked":"Bludgeon","floor":33.0},{"not_picked":["Inflame","Headbutt+1"],"picked":"Warcry+1","floor":35.0},{"not_picked":["Ghostly Armor+1","Body Slam+1","Warcry"],"picked":"SKIP","floor":37.0},{"not_picked":["Thunderclap+1","Entrench+1"],"picked":"Evolve+1","floor":38.0},{"not_picked":["Whirlwind","Blood for Blood+1"],"picked":"Heavy Blade+1","floor":42.0},{"not_picked":["Burning Pact+1","Shockwave+1"],"picked":"Armaments+1","floor":44.0},{"not_picked":["Cleave+1","Burning Pact+1"],"picked":"Rage","floor":45.0},{"not_picked":["Havoc","Cleave","Clash"],"picked":"SKIP","floor":46},{"not_picked":["Clothesline","Intimidate","Thunderclap"],"picked":"SKIP","floor":48}],"player_experience":232069,"relics_obtained":[{"floor":6.0,"key":"Bottled Flame"},{"floor":8.0,"key":"Red Skull"},{"floor":9.0,"key":"Bottled Lightning"},{"floor":22.0,"key":"Necronomicon"},{"floor":23.0,"key":"Omamori"},{"floor":25.0,"key":"Dream Catcher"},{"floor":26.0,"key":"Mercury Hourglass"},{"floor":27.0,"key":"Tiny Chest"},{"floor":36.0,"key":"Bag of Preparation"},{"floor":41.0,"key":"CaptainsWheel"},{"floor":42.0,"key":"Blue Candle"},{"floor":43.0,"key":"Pen Nib"},{"floor":44.0,"key":"Incense Burner"}],"event_choices":[{"cards_removed":["Defend_R"],"damage_healed":0.0,"max_hp_gain":0.0,"max_hp_loss":0.0,"gold_gain":0.0,"event_name":"Golden Wing","player_choice":"Card Removal","floor":3.0,"gold_loss":0.0,"damage_taken":7.0},{"damage_healed":0.0,"max_hp_gain":0.0,"max_hp_loss":0.0,"gold_gain":0.0,"event_name":"Scrap Ooze","player_choice":"Success","floor":4.0,"gold_loss":0.0,"damage_taken":7.0,"relics_obtained":["The Courier"]},{"damage_healed":0.0,"max_hp_gain":0.0,"max_hp_loss":0.0,"gold_gain":0.0,"event_name":"Accursed Blacksmith","player_choice":"Rummage","floor":13.0,"gold_loss":0.0,"damage_taken":0.0,"relics_obtained":["WarpedTongs"],"cards_obtained":["Pain"]},{"damage_healed":0.0,"max_hp_gain":0.0,"max_hp_loss":0.0,"gold_gain":0.0,"event_name":"Ghosts","player_choice":"Ignored","floor":19.0,"gold_loss":0.0,"damage_taken":0.0},{"damage_healed":0.0,"max_hp_gain":0.0,"max_hp_loss":0.0,"gold_gain":0.0,"event_name":"Back to Basics","player_choice":"Simplicity","floor":21.0,"gold_loss":0.0,"damage_taken":0.0,"cards_upgraded":["Strike_R","Strike_R","Strike_R","Strike_R","Defend_R","Defend_R","Defend_R"]},{"damage_healed":0.0,"max_hp_gain":0.0,"max_hp_loss":0.0,"gold_gain":0.0,"event_name":"Cursed Tome","player_choice":"Obtained Book","floor":22.0,"gold_loss":0.0,"damage_taken":16.0},{"damage_healed":26.0,"max_hp_gain":0.0,"max_hp_loss":0.0,"gold_gain":0.0,"event_name":"The Library","player_choice":"Heal","floor":29.0,"gold_loss":0.0,"damage_taken":0.0},{"cards_removed":["Evolve"],"damage_healed":0.0,"max_hp_gain":0.0,"max_hp_loss":0.0,"gold_gain":0.0,"event_name":"Falling","player_choice":"Removed Power","floor":39.0,"gold_loss":0.0,"damage_taken":0.0}],"is_beta":false,"boss_relics":[{"not_picked":["Empty Cage","Tiny House"],"picked":"Sozu"},{"not_picked":["Runic Dome","Runic Pyramid"],"picked":"Coffee Dripper"}],"items_purged_floors":[10,28],"is_endless":false,"potions_floor_spawned":[1,6,12,16,25,27,37,42,45,48],"ascension_level":10}}