{"host":"42xf941fomyavgzy","time":1611488530,"event":{"mods":["BaseMod","Colored Map","KinomotoSakuraMod(–Ø”V–{?)","Minty Spire (QoL Compilation)","Shop Mod","StSLib","SuperFastMode","The Cursed"],"gold_per_floor":[367,383,383,399,33,58,118,118,118,118,138,156,167,195,195,298,298,317,317,15,15,41,68,68,68,115,115,148,166,180,214,214,311,311,326,51,68,79,79,97,97,97,97,97,111,111,143,155,155,155,155,155,115,149,149],"floor_reached":56,"language":"JPN","playtime":4737,"items_purged":["Regret","TheCursedMod:Defend_TheCursed","TheCursedMod:Strike_TheCursed"],"score":1499,"play_id":"9b80ce9c-52aa-46d2-b739-8d225b9622f4","local_time":"20210124204210","is_ascension_mode":true,"campfire_choices":[{"floor":8,"key":"REST"},{"data":"TheCursedMod:CursedStaff","floor":10,"key":"SMITH"},{"data":"TheCursedMod:Torture","floor":15,"key":"SMITH"},{"data":"TheCursedMod:SmokeScreen","floor":24,"key":"SMITH"},{"data":"TheCursedMod:CircleOfBlood","floor":27,"key":"SMITH"},{"data":"TheCursedMod:NeowsMight","floor":32,"key":"SMITH"},{"data":"TheCursedMod:SpitefulPray","floor":41,"key":"SMITH"},{"floor":44,"key":"RECALL"},{"data":"TheCursedMod:CursedMace","floor":46,"key":"SMITH"},{"data":"TheCursedMod:OutForBlood","floor":49,"key":"SMITH"},{"data":"TheCursedMod:ReleasedStrength","floor":52,"key":"SMITH"}],"circlet_count":0,"master_deck":["TheCursedMod:Strike_TheCursed+1","TheCursedMod:Defend_TheCursed","TheCursedMod:Defend_TheCursed","TheCursedMod:CursedWand+1","TheCursedMod:CleanUpWorkshop","TheCursedMod:Dregs","TheCursedMod:Dregs","TheCursedMod:CursedShiv","TheCursedMod:Torture+1","TheCursedMod:CursedAmulet","TheCursedMod:CursedStaff+1","TheCursedMod:CircleOfBlood+1","TheCursedMod:SpreadPlague","TheCursedMod:Stigma","TheCursedMod:RapidMovement","TheCursedMod:DemonSword","TheCursedMod:SpitefulStrike+1","TheCursedMod:ForbiddenAlchemy+1","TheCursedMod:NeowsMight+1","TheCursedMod:TroublousMinions","TheCursedMod:SmokeScreen+1","TheCursedMod:TacticalStrike+1","TheCursedMod:Hemoplague","TheCursedMod:SoulReap","TheCursedMod:NeowsMight+1","TheCursedMod:UltimatePain","TheCursedMod:ReleasedStrength+1","TheCursedMod:SpitefulPray+1","TheCursedMod:CursedMace+1","TheCursedMod:HellsGateOpen+1","TheCursedMod:NeowsMight+1","TheCursedMod:FleshFromBone","TheCursedMod:OutForBlood+1","TheCursedMod:LuckyCharm"],"relics":["TheCursedMod:BlackMagic101","Singing Bowl","Dead Branch","Eternal Feather","Torii","Mercury Hourglass","Whetstone","Astrolabe","HandDrill","Centennial Puzzle","Anchor","Bag of Marbles","Lizard Tail","Dream Catcher","TheCursedMod:OminousMark","Toy Ornithopter","Bronze Scales","TheCursedMod:BloodyHarpoon"],"acts_visited":["Exordium","TheCity","TheBeyond","TheEnding"],"potions_floor_usage":[13,14,14,28,28,28,30,30,30,31,33,35,37,37,38,45,47,48,48,50,50,50,50,50,50,55,55,55,55,55,55,55],"damage_taken":[{"damage":0,"enemies":"Small Slimes","floor":1,"turns":4},{"damage":2,"enemies":"Jaw Worm","floor":2,"turns":3},{"damage":4,"enemies":"2 Louse","floor":4,"turns":3},{"damage":39,"enemies":"Lagavulin","floor":6,"turns":8},{"damage":25,"enemies":"3 Sentries","floor":7,"turns":7},{"damage":2,"enemies":"Exordium Thugs","floor":11,"turns":4},{"damage":0,"enemies":"3 Louse","floor":12,"turns":3},{"damage":1,"enemies":"Red Slaver","floor":13,"turns":2},{"damage":7,"enemies":"Gremlin Nob","floor":14,"turns":3},{"damage":26,"enemies":"Hexaghost","floor":16,"turns":7},{"damage":0,"enemies":"Spheric Guardian","floor":18,"turns":2},{"damage":0,"enemies":"Gremlin Leader","floor":23,"turns":5},{"damage":4,"enemies":"Slavers","floor":28,"turns":3},{"damage":0,"enemies":"3 Byrds","floor":29,"turns":3},{"damage":0,"enemies":"Sentry and Sphere","floor":30,"turns":4},{"damage":0,"enemies":"Gremlin Leader","floor":31,"turns":5},{"damage":2,"enemies":"Collector","floor":33,"turns":6},{"damage":0,"enemies":"Orb Walker","floor":35,"turns":2},{"damage":8,"enemies":"3 Darklings","floor":37,"turns":3},{"damage":0,"enemies":"Sphere and 2 Shapes","floor":38,"turns":4},{"damage":0,"enemies":"Spire Growth","floor":40,"turns":3},{"damage":14,"enemies":"Transient","floor":45,"turns":5},{"damage":11,"enemies":"Reptomancer","floor":47,"turns":3},{"damage":37,"enemies":"Writhing Mass","floor":48,"turns":3},{"damage":76,"enemies":"Awakened One","floor":50,"turns":8},{"damage":52,"enemies":"Shield and Spear","floor":54,"turns":5},{"damage":50,"enemies":"The Heart","floor":55,"turns":7}],"seed_played":"2043314046808319430","potions_obtained":[{"floor":11,"key":"Block Potion"},{"floor":12,"key":"ColorlessPotion"},{"floor":13,"key":"ColorlessPotion"},{"floor":14,"key":"Ancient Potion"},{"floor":18,"key":"BlessingOfTheForge"},{"floor":30,"key":"Explosive Potion"},{"floor":33,"key":"PowerPotion"},{"floor":54,"key":"SpeedPotion"}],"is_trial":false,"path_per_floor":["M","M","?","M","$","E","?","R","T","R","M","M","M","E","R","B",null,"M","?","$","?","T","E","R","?","T","R","E","M","M","E","R","B",null,"M","$","M","M","$","M","R","?","T","R","M","R","E","M","R","B",null,"R","$","E","B",null],"character_chosen":"THE_CURSED","items_purchased":["Dead Branch","HandDrill","TheCursedMod:SmokeScreen","Toy Ornithopter","TheCursedMod:LuckyCharm"],"campfire_rested":1,"item_purchase_floors":[5,20,20,36,53],"current_hp_per_floor":[75,73,73,69,69,30,5,36,36,45,47,51,54,55,67,45,77,77,77,77,63,63,65,77,77,77,82,80,80,84,84,84,82,84,84,84,84,84,84,84,84,84,84,84,86,86,85,65,83,68,86,86,86,54,58],"gold":149,"neow_bonus":"TWO_FIFTY_GOLD","is_daily":false,"chose_seed":false,"campfire_upgraded":9,"win_rate":0.0,"timestamp":1611488530,"path_taken":["M","M","?","M","$","E","?","R","T","R","M","M","M","E","R","BOSS","M","?","$","?","?","E","R","?","T","R","E","M","?","E","R","BOSS","M","$","M","M","$","M","R","?","T","R","M","R","E","M","R","BOSS","R","$","E","BOSS"],"items_purchased_type":["Relic","Relic","Card","Relic","Card"],"build_version":"2020-12-22","purchased_purges":3,"victory":true,"max_hp_per_floor":[75,75,75,75,75,75,75,75,75,75,75,77,77,77,77,77,77,77,77,77,82,82,82,82,82,82,82,84,84,84,84,84,84,84,84,84,84,84,84,84,84,84,84,84,86,86,86,86,86,86,86,86,86,88,88],"card_choices":[{"not_picked":["TheCursedMod:CursedBlade","TheCursedMod:VitalStrike"],"picked":"TheCursedMod:CursedShiv","floor":1},{"not_picked":["TheCursedMod:CursedShiv","TheCursedMod:RapidMovement"],"picked":"TheCursedMod:Torture","floor":2},{"not_picked":["TheCursedMod:CircleOfCorruption","TheCursedMod:HellsGateOpen"],"picked":"TheCursedMod:CursedAmulet","floor":4},{"not_picked":["TheCursedMod:TroublousMinions","TheCursedMod:TacticalStrike"],"picked":"TheCursedMod:CursedStaff","floor":6},{"not_picked":["TheCursedMod:CursedAmulet","TheCursedMod:RapidMovement"],"picked":"TheCursedMod:CircleOfBlood","floor":7},{"not_picked":["TheCursedMod:CircleOfCorruption","TheCursedMod:WearCloak"],"picked":"TheCursedMod:SpreadPlague","floor":11},{"not_picked":["TheCursedMod:PrepareRite","TheCursedMod:CircleOfFlame","TheCursedMod:CircleOfAmplification"],"picked":"Singing Bowl","floor":12},{"not_picked":["TheCursedMod:CursedAmulet","TheCursedMod:DarkBarrier"],"picked":"TheCursedMod:Stigma","floor":13},{"not_picked":["TheCursedMod:Stigma","TheCursedMod:BloodBarrier"],"picked":"TheCursedMod:RapidMovement","floor":14},{"not_picked":["TheCursedMod:StunningStrike","TheCursedMod:OutForBlood"],"picked":"TheCursedMod:DemonSword","floor":16},{"not_picked":["TheCursedMod:Wield","TheCursedMod:EmpowerCircles"],"picked":"TheCursedMod:TroublousMinions","floor":18},{"not_picked":["TheCursedMod:CircleOfCorruption","TheCursedMod:FuryStrike"],"picked":"TheCursedMod:TacticalStrike+1","floor":23},{"not_picked":["TheCursedMod:Stretching","TheCursedMod:CircleOfAmplification","TheCursedMod:CircleOfFlame"],"picked":"Singing Bowl","floor":28},{"not_picked":["TheCursedMod:CircleOfFlame+1","TheCursedMod:CircleOfCorruption"],"picked":"TheCursedMod:Hemoplague","floor":29},{"not_picked":["TheCursedMod:Torture","TheCursedMod:CircleOfFocus"],"picked":"TheCursedMod:SoulReap","floor":30},{"not_picked":["TheCursedMod:CircleOfFocus","TheCursedMod:Torture"],"picked":"TheCursedMod:NeowsMight","floor":31},{"not_picked":["TheCursedMod:StunningStrike","TheCursedMod:Neurasthenia"],"picked":"TheCursedMod:UltimatePain","floor":33},{"not_picked":["TheCursedMod:TroublousMinions+1","TheCursedMod:BloodBarrier"],"picked":"TheCursedMod:ReleasedStrength","floor":35},{"not_picked":["TheCursedMod:EmpowerCircles","TheCursedMod:SmokeScreen+1"],"picked":"TheCursedMod:SpitefulPray","floor":37},{"not_picked":["TheCursedMod:CursedBlade+1","TheCursedMod:CircleOfFlame"],"picked":"TheCursedMod:CursedMace","floor":38},{"not_picked":["TheCursedMod:RavingStaff","TheCursedMod:FleshFromBone"],"picked":"TheCursedMod:HellsGateOpen+1","floor":40},{"not_picked":["TheCursedMod:RavingStaff","TheCursedMod:EmpowerCircles","TheCursedMod:CursedShiv+1"],"picked":"Singing Bowl","floor":45},{"not_picked":["TheCursedMod:EmpowerCircles","TheCursedMod:CursedStaff"],"picked":"TheCursedMod:FleshFromBone","floor":47},{"not_picked":["TheCursedMod:BlessingInDisguise","TheCursedMod:CursedAmulet"],"picked":"TheCursedMod:OutForBlood","floor":48},{"not_picked":["TheCursedMod:CircleOfCorruption","TheCursedMod:FleshFromBone","TheCursedMod:HellsGateOpen+1"],"picked":"Singing Bowl","floor":54}],"player_experience":423433,"relics_obtained":[{"floor":6,"key":"Eternal Feather"},{"floor":7,"key":"Torii"},{"floor":9,"key":"Mercury Hourglass"},{"floor":14,"key":"Whetstone"},{"floor":22,"key":"Centennial Puzzle"},{"floor":23,"key":"Anchor"},{"floor":26,"key":"Bag of Marbles"},{"floor":28,"key":"Lizard Tail"},{"floor":31,"key":"Dream Catcher"},{"floor":47,"key":"Bronze Scales"},{"floor":54,"key":"TheCursedMod:BloodyHarpoon"}],"event_choices":[{"damage_healed":0,"gold_gain":0,"player_choice":"Box","damage_taken":0,"relics_obtained":["Singing Bowl"],"max_hp_gain":0,"max_hp_loss":0,"event_name":"Big Fish","floor":3,"gold_loss":0,"cards_obtained":["Regret"]},{"damage_healed":0,"gold_gain":0,"player_choice":"Searched \u00271\u0027 times","damage_taken":0,"max_hp_gain":0,"max_hp_loss":0,"event_name":"Dead Adventurer","floor":7,"gold_loss":0},{"damage_healed":0,"gold_gain":0,"player_choice":"Ignored","damage_taken":0,"max_hp_gain":0,"max_hp_loss":0,"event_name":"Ghosts","floor":19,"gold_loss":0},{"damage_healed":0,"gold_gain":0,"player_choice":"Shed Blood","damage_taken":19,"max_hp_gain":5,"max_hp_loss":0,"event_name":"Forgotten Altar","floor":21,"gold_loss":0},{"damage_healed":0,"gold_gain":0,"player_choice":"Ignored","damage_taken":0,"max_hp_gain":0,"max_hp_loss":0,"event_name":"Vampires","floor":25,"gold_loss":0},{"damage_healed":0,"gold_gain":0,"player_choice":"Copied","damage_taken":0,"max_hp_gain":0,"max_hp_loss":0,"event_name":"Duplicator","floor":42,"gold_loss":0,"cards_obtained":["TheCursedMod:NeowsMight"]}],"is_beta":false,"boss_relics":[{"not_picked":["Black Star","Tiny House"],"picked":"Astrolabe"},{"not_picked":["Sozu","Cursed Key"],"picked":"TheCursedMod:OminousMark"}],"items_purged_floors":[5,20,36],"is_endless":false,"potions_floor_spawned":[11,12,13,14,18,23,30,33,37,45,47,54],"ascension_level":4}}