{"host":"1tl36azeqm6yhdgj","time":1611528284,"event":{"mods":["AchievementEnabler","BaseMod","Minty Spire (QoL Compilation)","StSLib","The IronCluck","everything is the same but u backflip on backflip"],"gold_per_floor":[110,122,122,132,8,35,35,35,35],"floor_reached":8,"language":"ENG","playtime":436,"items_purged":[],"score":112,"play_id":"7e889e89-cd06-47ce-a259-d212213c0a33","local_time":"20210124174444","is_ascension_mode":true,"campfire_choices":[{"floor":7,"key":"REST"}],"circlet_count":0,"master_deck":["AscendersBane","Strike_R","Strike_R","Strike_R","Strike_R","Strike_R","Defend_R","Defend_R","Defend_R","Defend_R","Bash","Ghostly Armor","Flame Barrier+1","Rage","Metallicize"],"relics":["Burning Blood","Centennial Puzzle","Blood Vial"],"acts_visited":["Exordium"],"potions_floor_usage":[4,6],"damage_taken":[{"damage":2,"enemies":"2 Louse","floor":1,"turns":5},{"damage":6,"enemies":"Cultist","floor":2,"turns":3},{"damage":17,"enemies":"Jaw Worm","floor":4,"turns":4},{"damage":59,"enemies":"3 Sentries","floor":6,"turns":26},{"damage":46,"enemies":"Lagavulin","floor":8,"turns":11}],"seed_played":"-8306243613397540519","potions_obtained":[{"floor":1,"key":"GamblersBrew"}],"is_trial":false,"path_per_floor":["M","M","?","M","$","E","R","E"],"character_chosen":"IRONCLAD","items_purchased":["DistilledChaos","Metallicize"],"campfire_rested":1,"item_purchase_floors":[5,5],"current_hp_per_floor":[72,72,72,61,61,8,30,0,0],"gold":35,"neow_bonus":"RANDOM_COMMON_RELIC","is_daily":false,"chose_seed":false,"campfire_upgraded":0,"win_rate":0.0,"timestamp":1611528284,"path_taken":["M","M","?","?","$","E","R","E"],"items_purchased_type":["Potion","Card"],"build_version":"2020-12-22","purchased_purges":0,"victory":false,"max_hp_per_floor":[75,75,75,75,75,75,75,75,75],"card_choices":[{"not_picked":["Sword Boomerang","Body Slam"],"picked":"Ghostly Armor","floor":1},{"not_picked":["Anger","True Grit"],"picked":"Flame Barrier","floor":2},{"not_picked":["Heavy Blade","Pommel Strike"],"picked":"Rage","floor":4},{"not_picked":["Heavy Blade","Twin Strike","Armaments"],"picked":"SKIP","floor":6}],"player_experience":2029199,"relics_obtained":[{"floor":6,"key":"Blood Vial"}],"event_choices":[{"damage_healed":0,"gold_gain":0,"player_choice":"Upgraded","damage_taken":0,"max_hp_gain":0,"max_hp_loss":0,"event_name":"Upgrade Shrine","floor":3,"gold_loss":0,"cards_upgraded":["Flame Barrier"]}],"is_beta":false,"boss_relics":[],"items_purged_floors":[],"is_endless":false,"potions_floor_spawned":[1],"killed_by":"Lagavulin","ascension_level":20}}