{"host":"hf83sijwe64ts2lm","time":1611512387,"event":{"mods":["2.2 Compatiblity","BaseMod","Better Altar","Better Match","Better Note","Better Sensory Stone","Better Skull","Better Third Choice","Colored Map","Colored Powertips","Highlight Path","Hubris","Infinite Spire","Minty Spire (QoL Compilation)","Quick Restart","Rare Cards Sparkle","Relic Stats","Replay The Spire","Shop Mod","Spicy Shops","StSLib","Thieving Mod"],"gold_per_floor":[113,113,113,113,38,38,69,69,69,113,113,138,138,157,157,277,277,291,291,315,340,360,360,391,411,411,411,411,434,534,10,10,133,133,146,146,146,146,146,186,211,211,289,289,312,212,212,228,228,228,228,228,13,44,44],"floor_reached":56,"language":"ENG","playtime":1166,"items_purged":["Injury"],"score":1279,"play_id":"910ae646-f686-41ee-97c8-050e9c63b87f","local_time":"20210124131947","is_ascension_mode":true,"campfire_choices":[{"floor":6.0,"key":"RECALL"},{"data":"Twin Strike","floor":8.0,"key":"SMITH"},{"data":"Bash","floor":11.0,"key":"SMITH"},{"data":"Pummel","floor":13.0,"key":"SMITH"},{"data":"hubris:CleavingFinish","floor":15.0,"key":"SMITH"},{"floor":23.0,"key":"REST"},{"floor":27.0,"key":"REST"},{"floor":32.0,"key":"REST"},{"floor":42,"key":"REST"},{"data":"infinitespire:FutureSight","floor":47,"key":"SMITH"}],"circlet_count":0,"master_deck":["Strike_R","Strike_R","Strike_R","Strike_R","Strike_R","Defend_R+1","Defend_R","Defend_R","Bash+1","Cleave","infinitespire:DeathsTouch+1","Twin Strike+1","ReplayTheSpireMod:Limb From Limb","Pummel+1","Bludgeon","Spot Weakness+1","Spot Weakness+1","Anger+1","Carnage","Wild Strike","Seeing Red+1","Reaper","Reaper","Shame","Hallucinations","CurseOfTheBell","Cleave","infinitespire:FutureSight+1","infinitespire:SevenWalls","Demon Form","Replay:Undeath\u0027s Touch+1","Inflame","Feed","Parasite","Flex+1","ReplayTheSpireMod:Muscle Training","ReplayTheSpireMod:Muscle Training","Rage+1"],"relics":["Burning Blood","NeowsBlessing","Golden Idol","Matryoshka","hubris:OldNail","infinitespire:FocusingShard","ReplayTheSpireMod:Lightbulb","Honey Jar","Onion Ring","Chameleon Ring","Regal Pillow","hubris:Icosahedron","Bag of Marbles","Vajra","Replay:Ancient Bell","Bronze Scales","The Courier","hubris:Spice","War Paint","Paper Frog","hubris:DisguiseKit","Gremlin Food"],"acts_visited":["Exordium","TheCity","TheBeyond","TheEnding"],"potions_floor_usage":[33,33,33,40,48,50,50,50,50,53,55,55],"damage_taken":[{"damage":0.0,"enemies":"2 Louse","floor":1.0,"turns":1.0},{"damage":0.0,"enemies":"Lagavulin","floor":7.0,"turns":1.0},{"damage":0.0,"enemies":"3 Sentries","floor":10.0,"turns":1.0},{"damage":2.0,"enemies":"Jaw Worm","floor":12.0,"turns":2.0},{"damage":0.0,"enemies":"Small Slimes","floor":14.0,"turns":2.0},{"damage":18.0,"enemies":"Fading Forest","floor":16.0,"turns":11.0},{"damage":0.0,"enemies":"Spheric Guardian","floor":18.0,"turns":2.0},{"damage":29.0,"enemies":"2 Thieves","floor":20.0,"turns":4.0},{"damage":0.0,"enemies":"Snecko","floor":21.0,"turns":2.0},{"damage":19.0,"enemies":"Cultist and Chosen","floor":22.0,"turns":5.0},{"damage":46.0,"enemies":"Slavers","floor":24.0,"turns":4.0},{"damage":20.0,"enemies":"Shelled Parasite and Fungi","floor":25.0,"turns":3.0},{"damage":85,"enemies":"Champ","floor":33,"turns":6},{"damage":0,"enemies":"3 Darklings","floor":35,"turns":2},{"damage":9,"enemies":"Giant Head","floor":40,"turns":5},{"damage":33,"enemies":"3 Shapes","floor":41,"turns":2},{"damage":26,"enemies":"Maw","floor":45,"turns":5},{"damage":0,"enemies":"Writhing Mass","floor":48,"turns":2},{"damage":55,"enemies":"Replay:Hell Engine","floor":50,"turns":4},{"damage":2,"enemies":"Shield and Spear","floor":54,"turns":2},{"damage":107,"enemies":"The Heart","floor":55,"turns":5}],"seed_played":"7587115776692781341","potions_obtained":[{"floor":1.0,"key":"FearPotion"},{"floor":10.0,"key":"CultistPotion"},{"floor":14.0,"key":"Swift Potion"},{"floor":16.0,"key":"PowerPotion"},{"floor":20.0,"key":"AttackPotion"},{"floor":22.0,"key":"Flashbang"},{"floor":24.0,"key":"DistilledChaos"},{"floor":25.0,"key":"Toxic Potion"},{"floor":35,"key":"Weak Potion"},{"floor":41,"key":"ThievingMod:ThievingPotion"},{"floor":44,"key":"Reflective Coating"},{"floor":44,"key":"Doom Potion"},{"floor":49,"key":"Milkshake"},{"floor":49,"key":"Languid Potion"},{"floor":52,"key":"Death Potion"},{"floor":52,"key":"LifebloodPotion"},{"floor":54,"key":"ColorlessPotion"}],"is_trial":false,"path_per_floor":["M","?","?","?","$","R","E","R","T","E","R","M","R","M","R","B",null,"M","?","M","M","M","R","E","M","T","R","?","T","?","$","R","B",null,"M","AVR","T","?","?","E","M","R","T","R","M","NS","R","M","R","B",null,"R","$","E","B",null],"character_chosen":"IRONCLAD","items_purchased":["Vajra","Reaper","Regen Potion","Doom Potion","Fruit Juice","ReplayTheSpireMod:Muscle Training","ReplayTheSpireMod:Muscle Training"],"campfire_rested":4,"item_purchase_floors":[31,31,31,31,53,53,53],"current_hp_per_floor":[80,80,60,60,60,60,66,66,66,72,72,76,76,80,80,80,80,80,80,57,63,50,74,34,20,20,59,59,59,59,59,80,23,88,88,96,96,96,77,74,47,90,90,90,82,82,82,88,88,72,96,96,103,103,35],"gold":44,"neow_bonus":"THREE_ENEMY_KILL","is_daily":false,"chose_seed":false,"campfire_upgraded":5,"win_rate":0.0,"timestamp":1611512387,"path_taken":["M","?","?","?","$","R","E","R","T","E","R","M","R","M","R","BOSS","M","?","?","M","M","R","E","M","T","R","?","?","?","$","R","BOSS","M","AVR","?","?","?","E","M","R","T","R","M","NS","R","M","R","BOSS","R","$","E","BOSS"],"items_purchased_type":["Relic","Card","Potion","Potion","Potion","Card","Card"],"build_version":"2020-12-22","purchased_purges":1,"victory":true,"max_hp_per_floor":[80,80,80,80,80,80,80,80,80,80,80,80,80,80,80,80,80,80,80,80,80,80,80,80,80,80,80,80,80,80,80,80,80,88,88,96,96,96,96,96,96,96,96,96,96,96,96,96,96,96,96,96,103,103,103],"relic_stats":{"Regal Pillow":30,"counters":[21,71],"Golden Idol":179,"Bronze Scales":[70],"War Paint":["Defend_R","Armaments"],"obtain_stats":[{"Gremlin Food":54,"hubris:DisguiseKit":43,"Regal Pillow":26,"NeowsBlessing":0,"Golden Idol":2,"Vajra":31,"infinitespire:FocusingShard":9,"The Courier":34,"Replay:Ancient Bell":34,"War Paint":36,"Burning Blood":0,"Matryoshka":7,"Chameleon Ring":26,"hubris:Icosahedron":28,"hubris:Spice":34,"Bronze Scales":34,"Honey Jar":17,"Onion Ring":24,"Bag of Marbles":29,"ReplayTheSpireMod:Lightbulb":10,"hubris:OldNail":9,"Paper Frog":40},{"Gremlin Food":20,"hubris:DisguiseKit":16,"Regal Pillow":12,"NeowsBlessing":0,"Golden Idol":1,"Vajra":12,"infinitespire:FocusingShard":2,"The Courier":13,"Replay:Ancient Bell":13,"War Paint":14,"Burning Blood":0,"Matryoshka":2,"Chameleon Ring":12,"hubris:Icosahedron":12,"hubris:Spice":13,"Bronze Scales":13,"Honey Jar":6,"Onion Ring":11,"Bag of Marbles":12,"ReplayTheSpireMod:Lightbulb":3,"hubris:OldNail":2,"Paper Frog":15},{"Gremlin Food":66,"hubris:DisguiseKit":53,"Regal Pillow":38,"NeowsBlessing":0,"Golden Idol":1,"Vajra":38,"infinitespire:FocusingShard":2,"The Courier":44,"Replay:Ancient Bell":44,"War Paint":46,"Burning Blood":0,"Matryoshka":2,"Chameleon Ring":38,"hubris:Icosahedron":38,"hubris:Spice":44,"Bronze Scales":44,"Honey Jar":18,"Onion Ring":35,"Bag of Marbles":38,"ReplayTheSpireMod:Lightbulb":3,"hubris:OldNail":2,"Paper Frog":51}],"Burning Blood":94},"card_choices":[{"not_picked":["Havoc","ReplayTheSpireMod:LeadingStrike"],"picked":"Cleave","floor":1.0},{"not_picked":["infinitespire:TheBestDefense","infinitespire:Collect"],"picked":"infinitespire:DeathsTouch","floor":3.0},{"not_picked":["Headbutt","Clothesline"],"picked":"Twin Strike","floor":7.0},{"not_picked":["Headbutt","Offering"],"picked":"ReplayTheSpireMod:Limb From Limb","floor":10.0},{"not_picked":["Clothesline","Hemokinesis"],"picked":"Pummel","floor":12.0},{"not_picked":["Dropkick","Pommel Strike"],"picked":"hubris:CleavingFinish","floor":14.0},{"not_picked":["Demonic Infusion","Fiend Fire"],"picked":"Bludgeon","floor":16.0},{"not_picked":["Twin Strike","Massacre","Iron Wave"],"picked":"Spot Weakness+1","floor":18.0},{"not_picked":["Perfected Strike","Body Slam","Cleave"],"picked":"Anger+1","floor":20.0},{"not_picked":["Combust","Havoc","Feel No Pain"],"picked":"Armaments","floor":21.0},{"not_picked":["Body Slam+1","Perfected Strike","Sever Soul"],"picked":"Carnage","floor":22.0},{"not_picked":["Clash","Warcry","Metallicize"],"picked":"Wild Strike","floor":24.0},{"not_picked":["Pommel Strike+1","hubris:ReadiedAction","Reckless Charge+1"],"picked":"Seeing Red+1","floor":25.0},{"not_picked":["Immolate","hubris:StunningStrike","Demon Form"],"picked":"Reaper","floor":33},{"not_picked":["hubris:Compulsion","hubris:Envy","Parasite"],"picked":"Shame","floor":34},{"not_picked":["Replay:Hysterical Blindness","infinitespire:Pacifist","Amnesia"],"picked":"Hallucinations","floor":34},{"not_picked":["hubris:Envy","Sickly","Spreading Infection"],"picked":"CurseOfTheBell","floor":34},{"not_picked":["Second Wind+1","Body Slam","Perfected Strike"],"picked":"Cleave","floor":35},{"not_picked":["hubris:ReadiedAction","Defy Death+1","hubris:SpiceAddiction"],"picked":"Replay:Undeath\u0027s Touch+1","floor":40},{"not_picked":["Heavy Blade","Rage","Warcry+1"],"picked":"Inflame","floor":41},{"not_picked":["Ghostly Armor+1","hubris:SpiceAddiction","Run Through","Steam"],"picked":"Feed","floor":45},{"not_picked":["Evolve","Wild Strike+1","True Grit","hubris:SpiceAddiction"],"picked":"Flex+1","floor":48},{"not_picked":["Replay:Undeath\u0027s Touch","Berserk","Havoc","Hologram"],"picked":"Rage+1","floor":54}],"player_experience":134556,"relics_obtained":[{"floor":7.0,"key":"Matryoshka"},{"floor":9.0,"key":"hubris:OldNail"},{"floor":9.0,"key":"infinitespire:FocusingShard"},{"floor":10.0,"key":"ReplayTheSpireMod:Lightbulb"},{"floor":24.0,"key":"Onion Ring"},{"floor":26.0,"key":"Chameleon Ring"},{"floor":26.0,"key":"Regal Pillow"},{"floor":29.0,"key":"Bag of Marbles"},{"floor":40,"key":"Paper Frog"},{"floor":43,"key":"hubris:DisguiseKit"},{"floor":54,"key":"Gremlin Food"}],"event_choices":[{"damage_healed":0.0,"max_hp_gain":0.0,"max_hp_loss":0.0,"gold_gain":0.0,"event_name":"Golden Idol","player_choice":"Take Wound","floor":2.0,"gold_loss":0.0,"damage_taken":0.0,"relics_obtained":["Golden Idol"],"cards_obtained":["Injury"]},{"damage_healed":0.0,"max_hp_gain":0.0,"max_hp_loss":0.0,"gold_gain":0.0,"event_name":"Duplicator","player_choice":"Copied","floor":19.0,"gold_loss":0.0,"damage_taken":0.0,"cards_obtained":["Spot Weakness"]},{"damage_healed":0.0,"max_hp_gain":0.0,"max_hp_loss":0.0,"gold_gain":100.0,"event_name":"Golden Shrine","player_choice":"Pray","floor":30.0,"gold_loss":0.0,"damage_taken":0.0},{"cards_removed":["Defend_R"],"damage_healed":0,"gold_gain":0,"player_choice":"Removed Skill","damage_taken":0,"max_hp_gain":0,"max_hp_loss":0,"event_name":"Falling","floor":38,"gold_loss":0},{"damage_healed":0,"gold_gain":3,"player_choice":"2","damage_taken":0,"max_hp_gain":0,"max_hp_loss":19,"event_name":"betterStone:BetterStone","floor":39,"gold_loss":0}],"is_beta":false,"boss_relics":[{"not_picked":["Busted Crown","infinitespire:Cupcake"],"picked":"Honey Jar"},{"not_picked":["Pandora\u0027s Box","hubris:GrandSneckoEye"],"picked":"Replay:Ancient Bell"},{"not_picked":["hubris:ToyBattleship","infinitespire:PuzzleCube"],"picked":"Bronze Scales"},{"not_picked":["hubris:BottledRain","Replay:Bottled Flurry"],"picked":"The Courier"},{"not_picked":["Gambling Chip","Another Sword"],"picked":"hubris:Spice"}],"items_purged_floors":[5],"is_endless":false,"potions_floor_spawned":[1,10,14,16,20,22,24,25,35,41,54],"ascension_level":4}}