{"host":"p11r1vg7ld7z2n97","time":1611528428,"event":{"mods":["BaseMod","Better Note","Colored Map","Downfall","Minty Spire (QoL Compilation)","Rare Cards Sparkle","StSLib","Waifu the Spire"],"gold_per_floor":[99,99,99,84,98,98,98,116,16,35,66,84,84,149,163,163,163,163],"floor_reached":16,"language":"ENG","playtime":808,"items_purged":[],"score":100,"play_id":"1ef6e1d7-acad-4d57-b91d-5f4b17a7920d","local_time":"20210124154708","is_ascension_mode":false,"campfire_choices":[{"floor":1,"key":"RECALL"},{"data":"bronze:GetLatest","floor":6,"key":"SMITH"},{"data":"bronze:DigitalCarnage","floor":9,"key":"SMITH"},{"data":"bronze:Return","floor":13,"key":"SMITH"}],"circlet_count":0,"master_deck":["bronze:Strike","bronze:Strike","bronze:Strike","bronze:Strike","bronze:Defend","bronze:Defend","bronze:Defend","bronze:Defend","bronze:Replicate+1","bronze:Goto","bronze:DigitalCarnage+1","bronze:GetLatest+1","bronze:ClassDefault","bronze:Return+1","bronze:FineTuning","bronze:Constructor","bronze:FineTuning","bronze:Branch"],"relics":["bronze:BronzeCore","downfall:ShatteredFragment","White Beast Statue","Calipers","downfall:HeartBlessingRed","Blood Vial","Vajra"],"acts_visited":["Exordium"],"potions_floor_usage":[11],"damage_taken":[{"damage":0,"enemies":"downfall:FleeingMerchant","floor":4,"turns":4},{"damage":1,"enemies":"Jaw Worm","floor":5,"turns":2},{"damage":0,"enemies":"Small Slimes","floor":8,"turns":2},{"damage":0,"enemies":"2 Louse","floor":10,"turns":2},{"damage":9,"enemies":"3 Sentries","floor":11,"turns":4},{"damage":0,"enemies":"2 Fungi Beasts","floor":12,"turns":2},{"damage":7,"enemies":"3 Sentries","floor":14,"turns":6},{"damage":0,"enemies":"Exordium Wildlife","floor":15,"turns":2},{"damage":46,"enemies":"SI_SHIV_ARCHETYPE","floor":16,"turns":7}],"seed_played":"8923604374119451247","potions_obtained":[{"floor":4,"key":"AttackPotion"},{"floor":5,"key":"GamblersBrew"},{"floor":8,"key":"Fire Potion"},{"floor":10,"key":"bronze:BuildAFunctionPotion"},{"floor":11,"key":"hexamod:SoulburnPotion"}],"is_trial":false,"path_per_floor":["R","?","T","$","M","R","T","M","R","M","E","M","R","?","M","B"],"character_chosen":"THE_AUTOMATON","items_purchased":[],"campfire_rested":0,"item_purchase_floors":[],"current_hp_per_floor":[70,49,49,49,48,48,48,48,48,48,39,41,41,36,38,0,0,0],"gold":163,"neow_bonus":"UPGRADE_CARD","is_daily":false,"chose_seed":false,"campfire_upgraded":3,"win_rate":0.0,"timestamp":1611528428,"path_taken":["R","?","?","$","M","R","T","M","R","M","E","M","R","?","M","BOSS"],"items_purchased_type":[],"build_version":"2020-12-22","purchased_purges":0,"victory":false,"max_hp_per_floor":[70,70,70,70,70,70,70,70,70,70,70,70,70,70,70,70,70,70],"card_choices":[{"not_picked":["bronze:Philosophize","bronze:DelayedSlice"],"picked":"bronze:DigitalCarnage","floor":4},{"not_picked":["bronze:Optimize","bronze:CutThrough"],"picked":"bronze:GetLatest","floor":5},{"not_picked":["bronze:Iterate","bronze:Turbo"],"picked":"bronze:ClassDefault","floor":8},{"not_picked":["bronze:Deprecate","bronze:NullPointer"],"picked":"bronze:Return","floor":10},{"not_picked":["bronze:Backtrace","bronze:Deprecate"],"picked":"bronze:FineTuning","floor":11},{"not_picked":["bronze:Shield","bronze:WildBeam"],"picked":"bronze:Constructor","floor":12},{"not_picked":["bronze:Backtrace","bronze:CutThrough"],"picked":"bronze:FineTuning","floor":14},{"not_picked":["bronze:FineTuning","bronze:SpaghettiCode"],"picked":"bronze:Branch","floor":15}],"player_experience":670514,"relics_obtained":[{"floor":3,"key":"White Beast Statue"},{"floor":7,"key":"Calipers"},{"floor":11,"key":"Blood Vial"},{"floor":14,"key":"Vajra"}],"event_choices":[],"is_beta":false,"boss_relics":[],"items_purged_floors":[],"is_endless":false,"potions_floor_spawned":[4,5,8,10,11,12,14,15],"killed_by":"SI_SHIV_ARCHETYPE","ascension_level":0}}