{"host":"gvmmh8a4dbuurnvz","time":1611450948,"event":{"mods":["AchievementEnabler","Aspiration","BaseMod","Better Vampires","BetterRewards","Colored Powertips","Highlight Path","Minty Spire (QoL Compilation)","MostiFishMod","Spicy Shops","StSLib","¡¾ÒÅÎï¿¨ÅÆ¡¿REMEMod"],"gold_per_floor":[115,115,130,55,105,134,134,166,166,199,218,218,218,293,293,367,367,386,406,406,109,124,134,134,147,147,147,159,159,191,207,207,284,284,295,309,309,321,321,321,356,375,375,400,400,417,434,434,434,434,434,434,434,468,468],"floor_reached":56,"language":"ZHS","playtime":1691,"items_purged":["Injury","Bash","Strike_R","Strike_R","Defend_R"],"score":3081,"play_id":"2ec6bf79-05a0-460a-bc0b-ca1fead0f4f6","local_time":"20210124091548","is_ascension_mode":true,"campfire_choices":[{"floor":7.0,"key":"REST"},{"data":"Grand Finale","floor":12.0,"key":"SMITH"},{"data":"Strike_R","floor":15.0,"key":"PURGE"},{"data":"MostiFishMod:RacingGame","floor":24.0,"key":"SMITH"},{"data":"Strike_R","floor":27.0,"key":"PURGE"},{"data":"Defend_R","floor":29.0,"key":"PURGE"},{"data":"Defend_R","floor":32.0,"key":"PURGE"},{"data":"Defend_R","floor":40,"key":"PURGE"},{"data":"Strike_R","floor":45,"key":"PURGE"},{"floor":49,"key":"RECALL"},{"data":"Flame Barrier","floor":52,"key":"SMITH"}],"circlet_count":0,"master_deck":["AscendersBane","Grand Finale+1","Pommel Strike+1","MostiFishMod:RacingGame+1","Flame Barrier+1"],"relics":["Burning Blood","DaveBox","REME_ComplimentaryCards","Civilization","SynthV:TestCard","Molten Egg 2","Peace Pipe","Singing Bowl","Champion Belt","Cursed Key","DiscerningMonocle","Omamori","Strawberry","Blood Vial","Happy Flower","Transparent","Bag of Marbles","Sundial","aspiration:SeaSaltIceCream","Shuriken","Charon\u0027s Ashes","Vajra","Ornamental Fan","Ice Cream"],"acts_visited":["Exordium","TheCity","TheBeyond","TheEnding"],"potions_floor_usage":[],"damage_taken":[{"damage":4.0,"enemies":"Jaw Worm","floor":1.0,"turns":4.0},{"damage":15.0,"enemies":"2 Louse","floor":3.0,"turns":4.0},{"damage":57.0,"enemies":"Lagavulin","floor":6.0,"turns":9.0},{"damage":12.0,"enemies":"3 Sentries","floor":8.0,"turns":7.0},{"damage":20.0,"enemies":"Lagavulin","floor":10.0,"turns":6.0},{"damage":0.0,"enemies":"Cultist","floor":11.0,"turns":2.0},{"damage":10.0,"enemies":"The Guardian","floor":16.0,"turns":8.0},{"damage":0.0,"enemies":"Shell Parasite","floor":18.0,"turns":3.0},{"damage":0.0,"enemies":"Spheric Guardian","floor":19.0,"turns":3.0},{"damage":0.0,"enemies":"Cultist and Chosen","floor":22.0,"turns":2.0},{"damage":18.0,"enemies":"Sentry and Sphere","floor":23.0,"turns":7.0},{"damage":0.0,"enemies":"Centurion and Healer","floor":25.0,"turns":3.0},{"damage":14.0,"enemies":"Snake Plant","floor":28.0,"turns":3.0},{"damage":0.0,"enemies":"REME_1_Revenger","floor":30.0,"turns":2.0},{"damage":1.0,"enemies":"Shelled Parasite and Fungi","floor":31.0,"turns":2.0},{"damage":0.0,"enemies":"Automaton","floor":33.0,"turns":1.0},{"damage":17.0,"enemies":"3 Darklings","floor":35.0,"turns":1.0},{"damage":25.0,"enemies":"3 Shapes","floor":36.0,"turns":1.0},{"damage":19,"enemies":"Transient","floor":38,"turns":1},{"damage":19,"enemies":"Reptomancer","floor":41,"turns":1},{"damage":20,"enemies":"Writhing Mass","floor":42,"turns":1},{"damage":21,"enemies":"Nemesis","floor":44,"turns":1},{"damage":21,"enemies":"Jaw Worm Horde","floor":46,"turns":1},{"damage":22,"enemies":"Maw","floor":47,"turns":1},{"damage":46,"enemies":"Awakened One","floor":50,"turns":2},{"damage":23,"enemies":"Shield and Spear","floor":54,"turns":1},{"damage":74,"enemies":"The Heart","floor":55,"turns":3}],"seed_played":"-7675436660589127127","potions_obtained":[{"floor":6.0,"key":"FearPotion"},{"floor":11.0,"key":"Swift Potion"},{"floor":16.0,"key":"SkillPotion"},{"floor":22.0,"key":"REME_GoldPotion"},{"floor":23.0,"key":"Explosive Potion"},{"floor":25.0,"key":"Ancient Potion"},{"floor":35.0,"key":"LiquidMemories"},{"floor":39,"key":"AttackPotion"}],"is_trial":false,"path_per_floor":["M","?","M","$","?","E","R","E","T","E","M","R","?","?","R","B",null,"M","M","?","$","M","M","R","M","T","R","M","R","E","M","R","B",null,"M","M","$","M","?","R","E","M","T","E","R","M","M","$","R","B",null,"R","$","E","B",null],"character_chosen":"IRONCLAD","items_purchased":["DiscerningMonocle","Omamori","Strawberry","Bag of Marbles","Charon\u0027s Ashes","Vajra","Ornamental Fan"],"campfire_rested":1,"item_purchase_floors":[21,21,21,37,48,53,53],"current_hp_per_floor":[71,71,65,65,58,11,35,36,36,29,42,42,42,31,31,32,90,103,116,116,123,134,129,129,142,142,142,143,143,158,170,170,177,177,184,191,191,198,198,198,205,212,212,219,219,226,233,233,233,238,238,238,238,245,250],"gold":468,"neow_bonus":"","is_daily":false,"chose_seed":false,"campfire_upgraded":3,"win_rate":0.0,"timestamp":1611450948,"path_taken":["M","?","M","$","?","E","R","E","T","E","?","R","?","?","R","BOSS","M","M","?","$","M","M","R","M","T","R","?","R","E","M","R","BOSS","M","M","$","M","?","R","E","M","T","E","R","?","M","$","R","BOSS","R","$","E","BOSS"],"items_purchased_type":["Relic","Relic","Relic","Relic","Relic","Relic","Relic"],"build_version":"2020-12-22","purchased_purges":5,"victory":true,"max_hp_per_floor":[76,76,79,79,79,83,83,90,90,97,104,104,104,104,104,109,109,116,123,123,130,135,142,142,149,149,149,156,156,163,170,170,177,177,184,191,191,198,198,198,205,212,212,219,219,226,233,233,233,238,238,238,238,245,250],"card_choices":[{"not_picked":["True Grit","Body Slam","Sword Boomerang"],"picked":"SKIP","floor":1.0},{"not_picked":["Sword Boomerang+1","Twin Strike+1","REME_ACTH","Havoc","Body Slam+1"],"picked":"SKIP","floor":3.0},{"not_picked":["REME_SingleHolding","MostiFishMod:#F4004","Clash+1","Clothesline+1"],"picked":"Pommel Strike+1","floor":6.0},{"not_picked":["Disarm","Metallicize","Reckless Charge+1","Anger+1","Second Wind"],"picked":"Singing Bowl","floor":8.0},{"not_picked":["Reckless Charge+1","Wild Strike+1","REME_TheLastStrike+1","Warcry","Thunderclap+1"],"picked":"Singing Bowl","floor":10.0},{"not_picked":["Shrug It Off","Thunderclap+1","Cleave+1","Clash+1","Armaments"],"picked":"Singing Bowl","floor":11.0},{"not_picked":["MostiFishMod:FlyOverUtopia","MostiFishMod:DarkDeal","MostiFishMod:OrdinaryWorld+1","Impervious"],"picked":"MostiFishMod:RacingGame","floor":16.0},{"not_picked":["Twin Strike+1","Headbutt+1","Evolve","Whirlwind+1","Havoc"],"picked":"Singing Bowl","floor":18.0},{"not_picked":["Wild Strike+1","Perfected Strike+1","Body Slam+1","Iron Wave+1","REME_Scribble"],"picked":"Singing Bowl","floor":19.0},{"not_picked":["Carnage+1","Feel No Pain","Intimidate","Armaments"],"picked":"Flame Barrier","floor":22.0},{"not_picked":["Carnage+1","Thunderclap+1","Anger+1","Body Slam+1","Cleave+1"],"picked":"Singing Bowl","floor":23.0},{"not_picked":["Headbutt+1","REME_SingleHolding","Disarm+1","Dropkick+1","Warcry+1"],"picked":"Singing Bowl","floor":25.0},{"not_picked":["Juggernaut","Infernal Blade","Seeing Red","Flex","Combust"],"picked":"Singing Bowl","floor":28.0},{"not_picked":["Sentinel","Power Through","Heavy Blade+1","Uppercut+1","MostiFishMod:#F4004"],"picked":"Singing Bowl","floor":30.0},{"not_picked":["Carnage+1","MostiFishMod:BrandingRite","Body Slam+1","Armaments","Pommel Strike+1"],"picked":"Singing Bowl","floor":31.0},{"not_picked":["Corruption","MostiFishMod:WingOfPhoenix","MostiFishMod:Mania","Immolate+1","MostiFishMod:Chiaki"],"picked":"Singing Bowl","floor":33.0},{"not_picked":["Sword Boomerang+1","Body Slam+1","True Grit","Dual Wield+1","Uppercut+1"],"picked":"Singing Bowl","floor":35.0},{"not_picked":["Perfected Strike+1","Shrug It Off","Twin Strike+1","Wild Strike+1","Sentinel"],"picked":"Singing Bowl","floor":36.0},{"not_picked":["MostiFishMod:#F4004","Clothesline+1","Twin Strike+1","Clash+1","Havoc"],"picked":"Singing Bowl","floor":38},{"not_picked":["Burning Pact","Thunderclap+1","MostiFishMod:NewArrival","Dark Embrace+1","REME_SingleHolding"],"picked":"Singing Bowl","floor":41},{"not_picked":["True Grit","Intimidate","Iron Wave+1","Warcry","Flame Barrier"],"picked":"Singing Bowl","floor":42},{"not_picked":["Thunderclap+1","Bloodletting+1","Perfected Strike+1","Limit Break","Heavy Blade+1"],"picked":"Singing Bowl","floor":44},{"not_picked":["Sword Boomerang+1","Heavy Blade+1","Flex","Twin Strike+1","Body Slam+1"],"picked":"Singing Bowl","floor":46},{"not_picked":["Searing Blow+1","Headbutt+1","Armaments+1","Ghostly Armor","Bloodletting"],"picked":"Singing Bowl","floor":47},{"not_picked":["Burning Pact","Exhume","Shrug It Off","Pommel Strike+1","Cleave+1"],"picked":"Singing Bowl","floor":54}],"player_experience":293764,"relics_obtained":[{"floor":1.0,"key":"SynthV:TestCard"},{"floor":6.0,"key":"Peace Pipe"},{"floor":8.0,"key":"Singing Bowl"},{"floor":10.0,"key":"Champion Belt"},{"floor":26.0,"key":"Blood Vial"},{"floor":30.0,"key":"Happy Flower"},{"floor":41,"key":"Sundial"},{"floor":43,"key":"aspiration:SeaSaltIceCream"},{"floor":54,"key":"Ice Cream"}],"event_choices":[{"damage_healed":0.0,"max_hp_gain":0.0,"max_hp_loss":0.0,"gold_gain":50.0,"event_name":"FaceTrader","player_choice":"Touch","floor":5.0,"gold_loss":0.0,"damage_taken":7.0},{"damage_healed":0.0,"max_hp_gain":0.0,"max_hp_loss":0.0,"gold_gain":0.0,"event_name":"Shining Light","player_choice":"Ignored","floor":13.0,"gold_loss":0.0,"damage_taken":0.0},{"damage_healed":0.0,"max_hp_gain":0.0,"max_hp_loss":0.0,"gold_gain":75.0,"event_name":"World of Goop","player_choice":"Gather Gold","floor":14.0,"gold_loss":0.0,"damage_taken":11.0},{"damage_healed":0.0,"max_hp_gain":0.0,"max_hp_loss":0.0,"gold_gain":0.0,"event_name":"Duplicator","player_choice":"Ignored","floor":20.0,"gold_loss":0.0,"damage_taken":0.0},{"damage_healed":0,"gold_gain":0,"player_choice":"Got Potions","damage_taken":0,"max_hp_gain":0,"max_hp_loss":0,"event_name":"Lab","floor":39,"gold_loss":0}],"is_beta":false,"boss_relics":[{"not_picked":["Ectoplasm","aspiration:FutureDiary"],"picked":"Cursed Key"},{"not_picked":["Velvet Choker","FeatherPendant"],"picked":"Transparent"}],"items_purged_floors":[4,21,21,37,48],"is_endless":false,"potions_floor_spawned":[6,11,16,22,23,25,28,31,35,41,42,44,47],"ascension_level":17}}