{"host":"8s7r99mpv862ws6o","time":1611517973,"event":{"mods":["AchievementEnabler","Act Like it!","BaseMod","Gensokyo","GifTheSpireLib","Minty Spire (QoL Compilation)","Quick Restart","StSLib","Youmu£®ªÍ∆«—˝√Œ£©","Yuyuko"],"gold_per_floor":[109,144,158,158,172,172,206,206,206,223,223,235,260,1438,1438,1533,1533,1545,1545,1123,1123,1138,1167,1167,1192,1216,1216,1241,1261,1295,1304,1304,1408,1408,1418,1430,1430,1430,1445,1472,1472,1472,1472],"floor_reached":42,"language":"ZHS","playtime":2930,"items_purged":["Defend_YM","Defend_YM"],"score":681,"play_id":"19eeb9ef-407b-463f-8e4a-dcf4ee5fc51a","local_time":"20210125035253","is_ascension_mode":true,"campfire_choices":[{"data":"HeartExcerptSlash","floor":6.0,"key":"SMITH"},{"data":"VoidnessSword","floor":8.0,"key":"SMITH"},{"data":"TwoHundredYojanaInOneSlash","floor":11.0,"key":"SMITH"},{"data":"SlashOfPresentWorld","floor":15.0,"key":"SMITH"},{"data":"SwordExtraction","floor":24.0,"key":"SMITH"},{"floor":27.0,"key":"RECALL"},{"data":"WheelOfPainOfLivingAndDead","floor":32.0,"key":"SMITH"}],"circlet_count":0,"master_deck":["Strike_YM","Strike_YM","Strike_YM","Strike_YM+1","Defend_YM","Defend_YM","SlashOfPresentWorld+1","WheelOfPainOfLivingAndDead+1","HeartExcerptSlash+1","TwoHundredYojanaInOneSlash+1","SwordExtraction+1","DispleasureOfTheSevenHakus","TurningAngelCut","FiveSignsOfTheDyingDeva+1","HellFireSword+1","HiganSword+1","WickedSoul+1","HiganSword+1","CrescentMoonSlash+1","BizarrenessOfSixRealms+1","Night Terror+1","DeadlyForm+1"],"relics":["HalfPhantom","NeowsBlessing","Bottled Flame","Mango","Nunchaku","Sundial","Tiny Chest","Juzu Bracelet","HornCleat","Philosopher\u0027s Stone","Gensokyo:MosesMiracle","Frozen Egg 2","ChestCloth","Toxic Egg 2","White Beast Statue","CeramicFish","Whetstone","SlaversCollar","Gensokyo:DualWield","Lizard Tail","Eternal Feather"],"acts_visited":["Exordium","Gensokyo:Gensokyo","Gensokyo:Gensokyoer"],"potions_floor_usage":[],"damage_taken":[{"damage":0.0,"enemies":"Gensokyo:Python","floor":1.0,"turns":1.0},{"damage":0.0,"enemies":"Gensokyo:Mamizou","floor":2.0,"turns":2.0},{"damage":0.0,"enemies":"Gensokyo:2_Kodama","floor":3.0,"turns":1.0},{"damage":4.0,"enemies":"Gensokyo:3_Fairies","floor":5.0,"turns":3.0},{"damage":11.0,"enemies":"Gensokyo:Mamizou","floor":7.0,"turns":9.0},{"damage":15.0,"enemies":"Gensokyo:3_Kodama","floor":10.0,"turns":5.0},{"damage":7.0,"enemies":"Gensokyo:2_Rabbits","floor":12.0,"turns":4.0},{"damage":0.0,"enemies":"Gensokyo:Aya","floor":13.0,"turns":5.0},{"damage":12.0,"enemies":"Gensokyo:Yukari","floor":16.0,"turns":8.0},{"damage":0.0,"enemies":"Gensokyo:Chomper","floor":18.0,"turns":4.0},{"damage":15.0,"enemies":"Gensokyo:AngelMirror","floor":22.0,"turns":2.0},{"damage":0.0,"enemies":"Gensokyo:Koishi","floor":23.0,"turns":4.0},{"damage":0.0,"enemies":"Gensokyo:Reisen","floor":25.0,"turns":5.0},{"damage":13.0,"enemies":"Gensokyo:Wraith","floor":28.0,"turns":4.0},{"damage":22.0,"enemies":"Gensokyo:Slime_Group","floor":29.0,"turns":3.0},{"damage":0.0,"enemies":"Gensokyo:Koishi","floor":30.0,"turns":4.0},{"damage":20.0,"enemies":"Gensokyo:Kaguya","floor":33.0,"turns":6.0},{"damage":2.0,"enemies":"Gensokyo:3_Boulders","floor":35.0,"turns":3.0},{"damage":0.0,"enemies":"Gensokyo:AncientGuardian","floor":36.0,"turns":3.0},{"damage":17.0,"enemies":"Gensokyo:Dusk_and_Dawn","floor":39.0,"turns":2.0},{"damage":0.0,"enemies":"Gensokyo:Doremy","floor":40.0,"turns":3.0},{"damage":23,"enemies":"Gensokyo:Marisa","floor":42,"turns":3}],"seed_played":"7540455742150722480","potions_obtained":[{"floor":3.0,"key":"Weak Potion"},{"floor":5.0,"key":"Energy Potion"},{"floor":10.0,"key":"SneckoOil"},{"floor":13.0,"key":"PowerPotion"},{"floor":22.0,"key":"PhantomPosion"},{"floor":33.0,"key":"Regen Potion"}],"is_trial":false,"path_per_floor":["M","?","M","?","M","R","E","R","T","M","R","M","E","$","R","B",null,"M","?","$","T","M","E","R","E","T","R","M","M","E","?","R","B",null,"M","M","?","?","M","E","T","E"],"character_chosen":"YOUMU","items_purchased":["Juzu Bracelet","HornCleat","Frozen Egg 2","HellFireSword+1"],"campfire_rested":0,"item_purchase_floors":[14,14,20,20],"current_hp_per_floor":[75,75,75,68,64,64,53,53,53,38,38,31,31,31,31,19,89,89,89,89,89,74,74,74,74,74,74,61,39,39,31,31,11,89,87,87,87,87,70,70,70,47,47],"gold":1472,"neow_bonus":"THREE_ENEMY_KILL","is_daily":false,"chose_seed":false,"campfire_upgraded":6,"win_rate":0.0,"timestamp":1611517973,"path_taken":["M","?","?","?","?","R","E","R","T","M","R","M","E","?","R","BOSS","M","?","?","?","M","E","R","E","T","R","M","M","E","?","R","BOSS","M","M","?","?","M","E","?","E"],"items_purchased_type":["Relic","Relic","Relic","Card"],"build_version":"2020-12-22","purchased_purges":2,"victory":false,"max_hp_per_floor":[75,75,75,89,89,89,89,89,89,89,89,89,89,89,89,89,89,89,89,89,89,89,89,89,89,89,89,89,89,89,89,89,89,89,89,89,89,89,89,89,89,89,89],"card_choices":[{"not_picked":["LowerRealmReflectionSlash","EchoesOfTheInclemencyOfAllBeings"],"picked":"HeartExcerptSlash","floor":1.0},{"not_picked":["BloodOfAsura","CrescentMoonSlash"],"picked":"TwoHundredYojanaInOneSlash","floor":2.0},{"not_picked":["DoubleWheelOfPain","SpiritCuttingSword"],"picked":"SwordExtraction","floor":3.0},{"not_picked":["SwordOfBindingDesires","FourBirthsSword"],"picked":"DispleasureOfTheSevenHakus","floor":5.0},{"not_picked":["SlashOfDepartureFromHesitation","TransmigrationSlash"],"picked":"VoidnessSword","floor":7.0},{"not_picked":["SpiderLilyBurial","SlashOfMeditation"],"picked":"TurningAngelCut","floor":10.0},{"not_picked":["SpiritMediumsBind","HumanRealmSword","TwoHundredYojanaInOneSlash"],"picked":"SKIP","floor":12.0},{"not_picked":["SwordExtraction","LifeCuttingSword","SlashOfMeditation"],"picked":"SKIP","floor":13.0},{"not_picked":["FlashingScatteredFlowers","LifeCuttingSword"],"picked":"FiveSignsOfTheDyingDeva+1","floor":18.0},{"not_picked":["LowerRealmReflectionSlash+1","SwordOfBindingDesires"],"picked":"HiganSword+1","floor":22.0},{"not_picked":["TwoHundredYojanaInOneSlash","CrescentMoonSlash+1","LowerRealmReflectionSlash+1"],"picked":"SKIP","floor":23.0},{"not_picked":["SwordExtraction+1","FantasyOfEnteringEnlightenment+1"],"picked":"WickedSoul+1","floor":25.0},{"not_picked":["HumanKnowledgeSword","HesitationCuttingSword+1"],"picked":"HiganSword+1","floor":28.0},{"not_picked":["CherryBlossomFlashing","DoubleWheelOfPain+1"],"picked":"CrescentMoonSlash","floor":29.0},{"not_picked":["HiganSword+1","ObsessionWithThePresentWorld+1"],"picked":"BizarrenessOfSixRealms+1","floor":30.0},{"not_picked":["SlashOfSaigyouSpringWind+1","CelestialStarSword+1"],"picked":"DeadlyForm+1","floor":33.0},{"not_picked":["SlashOfMeditation+1","ThreeKonsSevenHakus+1","SwordOfBindingDesires+1"],"picked":"SKIP","floor":35.0},{"not_picked":["ConstancyOfTheConventionalTruth+1","CrescentMoonSlash+1","AsTheSilentNirvana+1"],"picked":"SKIP","floor":36.0},{"not_picked":["SwordExtraction+1","AsTheSilentNirvana+1","SpiritMediumsBind+1"],"picked":"SKIP","floor":39.0},{"not_picked":["FlashingScatteredFlowers","LightFlashOfTheNetherworld+1","LifeCuttingSword+1"],"picked":"SKIP","floor":40.0}],"player_experience":618064,"relics_obtained":[{"floor":2.0,"key":"Bottled Flame"},{"floor":7.0,"key":"Nunchaku"},{"floor":9.0,"key":"Sundial"},{"floor":13.0,"key":"Tiny Chest"},{"floor":21.0,"key":"ChestCloth"},{"floor":23.0,"key":"Toxic Egg 2"},{"floor":25.0,"key":"Gensokyo:MosesMiracle"},{"floor":25.0,"key":"White Beast Statue"},{"floor":26.0,"key":"CeramicFish"},{"floor":30.0,"key":"Whetstone"},{"floor":40.0,"key":"Lizard Tail"},{"floor":41.0,"key":"Eternal Feather"}],"event_choices":[],"is_beta":false,"boss_relics":[{"not_picked":["SacredBark","Fusion Hammer"],"picked":"Philosopher\u0027s Stone"},{"not_picked":["Coffee Dripper","Runic Dome"],"picked":"SlaversCollar"}],"items_purged_floors":[14,20],"is_endless":false,"potions_floor_spawned":[3,5,10,13,22,23,25,28,29,30,33,35,36,39,40],"killed_by":"Gensokyo:Marisa","ascension_level":1}}