{"host":"359hz4210ybch7ku","time":1611515305,"event":{"mods":["BaseMod","Block Reminder","Colored Map","Colored Powertips","Highlight Path","Minty Spire (QoL Compilation)","Slay the Relics Exporter","StSLib"],"gold_per_floor":[167,342,342,353,353,353,371,59,59,74,74,85,98,116,116,116,116],"floor_reached":16,"language":"ENG","playtime":640,"items_purged":[],"score":113,"play_id":"2a6f9cba-cdf1-43b3-b852-cb2df2232083","local_time":"20210124110825","is_ascension_mode":true,"campfire_choices":[{"data":"Sever Soul","floor":6,"key":"SMITH"},{"data":"Doubt","floor":11,"key":"PURGE"},{"data":"Pommel Strike","floor":15,"key":"SMITH"}],"circlet_count":0,"master_deck":["Strike_R+1","Strike_R+1","Strike_R","Strike_R","Strike_R","Defend_R","Defend_R","Defend_R","Defend_R+1","Bash","Rampage","Sever Soul+1","Bloodletting","Warcry","Shrug It Off","Pommel Strike+1","Dual Wield"],"relics":["Tiny House","NlothsMask","Peace Pipe"],"acts_visited":["Exordium"],"potions_floor_usage":[16,16,16],"damage_taken":[{"damage":7,"enemies":"Jaw Worm","floor":1,"turns":3},{"damage":7,"enemies":"Small Slimes","floor":4,"turns":3},{"damage":0,"enemies":"Cultist","floor":7,"turns":3},{"damage":16,"enemies":"Large Slime","floor":10,"turns":4},{"damage":3,"enemies":"2 Fungi Beasts","floor":12,"turns":2},{"damage":8,"enemies":"Blue Slaver","floor":13,"turns":2},{"damage":3,"enemies":"3 Louse","floor":14,"turns":3},{"damage":31,"enemies":"Slime Boss","floor":16,"turns":8}],"seed_played":"-2855515883057289704","potions_obtained":[{"floor":0,"key":"Strength Potion"},{"floor":1,"key":"HeartOfIron"},{"floor":7,"key":"LiquidMemories"},{"floor":12,"key":"LiquidMemories"}],"is_trial":false,"path_per_floor":["M","?","?","M","?","R","M","$","T","M","R","M","M","M","R","B"],"character_chosen":"IRONCLAD","items_purchased":["Peace Pipe"],"campfire_rested":0,"item_purchase_floors":[8],"current_hp_per_floor":[78,78,61,54,54,54,54,54,54,38,38,35,27,24,24,0,0],"gold":116,"neow_bonus":"BOSS_RELIC","is_daily":false,"chose_seed":false,"campfire_upgraded":2,"win_rate":0.0,"timestamp":1611515305,"path_taken":["M","?","?","?","?","R","M","$","T","M","R","?","M","M","R","BOSS"],"items_purchased_type":["Relic"],"build_version":"2020-12-22","purchased_purges":0,"victory":false,"max_hp_per_floor":[85,85,85,85,85,85,85,85,85,85,85,85,85,85,85,85,85],"card_choices":[{"not_picked":["Twin Strike","True Grit"],"picked":"Rampage","floor":0},{"not_picked":["Twin Strike","Perfected Strike"],"picked":"Sever Soul","floor":1},{"not_picked":["Thunderclap","Heavy Blade"],"picked":"Bloodletting","floor":4},{"not_picked":["Clash","Body Slam"],"picked":"Warcry","floor":7},{"not_picked":["Carnage","Metallicize"],"picked":"Shrug It Off","floor":10},{"not_picked":["Burning Pact","Iron Wave"],"picked":"Pommel Strike","floor":12},{"not_picked":["Armaments","Body Slam","Clash"],"picked":"SKIP","floor":13},{"not_picked":["Flex","Fire Breathing"],"picked":"Dual Wield","floor":14}],"player_experience":283405,"relics_obtained":[],"event_choices":[{"damage_healed":0,"gold_gain":175,"player_choice":"AGREE","damage_taken":0,"max_hp_gain":0,"max_hp_loss":0,"event_name":"Liars Game","floor":2,"gold_loss":0,"cards_obtained":["Doubt"]},{"damage_healed":0,"gold_gain":0,"player_choice":"Entered Light","damage_taken":17,"max_hp_gain":0,"max_hp_loss":0,"event_name":"Shining Light","floor":3,"gold_loss":0,"cards_upgraded":["Defend_R","Strike_R"]},{"damage_healed":0,"gold_gain":0,"player_choice":"Trade","damage_taken":0,"relics_obtained":["NlothsMask"],"max_hp_gain":0,"max_hp_loss":0,"event_name":"FaceTrader","floor":5,"gold_loss":0}],"is_beta":false,"boss_relics":[],"items_purged_floors":[],"is_endless":false,"potions_floor_spawned":[1,7,12,13],"killed_by":"Slime Boss","ascension_level":4}}