{"host":"ees9py5fbpv5lclk","time":1611470032,"event":{"mods":["AchievementEnabler","BaseMod","Challenge The Spire","Colored Map","Colored Powertips","Conspire","Downfall","Hermit","Infinite Spire","Minty Spire (QoL Compilation)","Replay The Spire","Shop Mod","StSLib","SuperFastMode","The Bug Knight","The Cursed","The Servant 0.9.4"],"gold_per_floor":[113,188,205,221,235,262,288,303,303,303,313,34,34,49,49,153,153,167,178,194,194,213,213,243,243,243,243,256,290,290,290,290],"floor_reached":31,"language":"ENG","playtime":3618,"items_purged":[],"score":364,"play_id":"4fe06370-1132-49dc-a0d7-71e604626786","local_time":"20210124013352","daily_mods":["Heirloom","DeadlyEvents","Uncertain Future"],"is_ascension_mode":false,"campfire_choices":[{"data":"FlawlessForm","floor":10,"key":"SMITH"},{"floor":15,"key":"REST"},{"data":"FlawlessForm+1","floor":23,"key":"SMITH"},{"data":"MoonPhase","floor":25,"key":"SMITH"}],"circlet_count":0,"master_deck":["Strike_S","Strike_S","Strike_S","Defend_S","Defend_S","Defend_S","Defend_S","KidneyShot","Exchange","Contraction","Starlight","TimeWarp","SurpressingFire","FlawlessForm+2","Advance","BottledTime","DoubleEdge","MurderousAura","Desolation","Contraction","Dilation","Potential","Ricochet+1","MoonPhase+1","ReplayTheSpireMod:Black Plague","Desolation+1","infinitespire:Oblivion","Rearm","Rewind","Desolation"],"relics":["Uniform","conspire:InfiniteJournal","Replay:Mystery Machine","Nunchaku","Bag of Marbles","MerchantsRug","Tiny Chest","conspire:SlowCooker","Ancient Tea Set","infinitespire:PuzzleCube","Centennial Puzzle","Bottled Tornado"],"acts_visited":["Exordium","TheCity"],"potions_floor_usage":[7,29],"damage_taken":[{"damage":0,"enemies":"2 Louse","floor":1,"turns":3},{"damage":4,"enemies":"Cultist","floor":3,"turns":7},{"damage":1,"enemies":"Jaw Worm","floor":4,"turns":5},{"damage":4,"enemies":"Red Slaver","floor":5,"turns":4},{"damage":18,"enemies":"Lagavulin","floor":6,"turns":14},{"damage":7,"enemies":"3 Sentries","floor":7,"turns":9},{"damage":4,"enemies":"Large Slime","floor":8,"turns":7},{"damage":6,"enemies":"2 Fungi Beasts","floor":11,"turns":7},{"damage":12,"enemies":"3 Louse","floor":14,"turns":4},{"damage":0,"enemies":"Hexaghost","floor":16,"turns":10},{"damage":0,"enemies":"Spheric Guardian","floor":18,"turns":6},{"damage":5,"enemies":"Chosen","floor":19,"turns":7},{"damage":22,"enemies":"Snake Plant","floor":20,"turns":6},{"damage":0,"enemies":"Centurion and Healer","floor":22,"turns":9},{"damage":0,"enemies":"Nightmare","floor":24,"turns":8},{"damage":2,"enemies":"Cultist and Chosen","floor":28,"turns":6},{"damage":32,"enemies":"Gremlin Leader","floor":29,"turns":7},{"damage":5,"enemies":"3 Cultists","floor":31,"turns":3}],"seed_played":"-2782537192987466272","potions_obtained":[{"floor":1,"key":"Explosive Potion"},{"floor":4,"key":"Explosive Potion"},{"floor":6,"key":"Dexterity Potion"},{"floor":8,"key":"SpeedPotion"},{"floor":24,"key":"sneckomod:MuddlingPotion"},{"floor":28,"key":"Adrenaline Potion"},{"floor":29,"key":"hexamod:SoulburnPotion"}],"is_trial":true,"path_per_floor":["M","?","M","M","M","E","E","M","T","R","M","$","?","M","R","B",null,"M","M","M","AVR","M","R","NM","R","T","?","M","E","T","M"],"character_chosen":"THE_SERVANT","items_purchased":["MerchantsRug","MurderousAura","Desolation"],"campfire_rested":1,"item_purchase_floors":[12,12,12],"current_hp_per_floor":[65,59,55,54,50,32,25,21,21,21,15,15,15,3,22,22,65,65,60,38,38,38,38,38,38,38,38,36,4,4,0,0],"gold":290,"neow_bonus":"","is_daily":false,"chose_seed":false,"campfire_upgraded":3,"win_rate":0.0,"timestamp":1611470032,"path_taken":["M","?","M","M","M","E","?","M","T","R","M","$","?","M","R","BOSS","M","M","M","AVR","M","R","NM","R","T","?","M","?","?","M"],"items_purchased_type":["Relic","Card","Card"],"build_version":"2020-12-22","purchased_purges":0,"victory":false,"max_hp_per_floor":[65,65,65,65,65,65,65,65,65,65,65,65,65,65,65,65,65,65,65,65,65,65,65,65,65,65,65,65,65,65,65,65],"card_choices":[{"not_picked":["Revamp","BottledTime"],"picked":"Contraction","floor":1},{"not_picked":["Revamp","BottledTime"],"picked":"Starlight","floor":3},{"not_picked":["Ricochet","DoubleEdge"],"picked":"TimeWarp","floor":4},{"not_picked":["Contraction","MoonPhase"],"picked":"SurpressingFire","floor":5},{"not_picked":["Contraction","Potential"],"picked":"FlawlessForm","floor":6},{"not_picked":["StarChef","TimeWarp"],"picked":"Advance","floor":7},{"not_picked":["Rewind","Manipulate"],"picked":"BottledTime","floor":8},{"not_picked":["Gouge","Revamp"],"picked":"DoubleEdge","floor":11},{"not_picked":["Alleviate","StarChef"],"picked":"Contraction","floor":14},{"not_picked":["SoulSculpture","Embodiment"],"picked":"Dilation","floor":16},{"not_picked":["Snipe","ShatteredReality"],"picked":"Potential","floor":18},{"not_picked":["ShatteredReality","Rearm"],"picked":"Ricochet+1","floor":19},{"not_picked":["Desolation","StarChef"],"picked":"MoonPhase","floor":20},{"not_picked":["Revamp","StarChef"],"picked":"Desolation+1","floor":22},{"not_picked":["Replay:Fractal Strike","ReplayTheSpireMod:Haul"],"picked":"infinitespire:Oblivion","floor":24},{"not_picked":["BottledTime","ForgedInTime"],"picked":"Rearm","floor":24},{"not_picked":["SurpressingFire","Ricochet"],"picked":"Rewind","floor":28},{"not_picked":["GearUp","Ricochet"],"picked":"Desolation","floor":29}],"player_experience":111606,"relics_obtained":[{"floor":6,"key":"Replay:Mystery Machine"},{"floor":7,"key":"Nunchaku"},{"floor":9,"key":"Bag of Marbles"},{"floor":13,"key":"Tiny Chest"},{"floor":24,"key":"Ancient Tea Set"},{"floor":26,"key":"infinitespire:PuzzleCube"},{"floor":29,"key":"Centennial Puzzle"},{"floor":30,"key":"Bottled Tornado"}],"event_choices":[{"damage_healed":0,"gold_gain":75,"player_choice":"Touch","damage_taken":6,"max_hp_gain":0,"max_hp_loss":0,"event_name":"FaceTrader","floor":2,"gold_loss":0},{"cards_removed":["Strike_S"],"damage_healed":0,"gold_gain":0,"player_choice":"Purged","damage_taken":0,"max_hp_gain":0,"max_hp_loss":0,"event_name":"Purifier","floor":27,"gold_loss":0}],"is_beta":false,"boss_relics":[{"not_picked":["ChewingGum","ReplayTheSpireMod:SealedPack"],"picked":"conspire:SlowCooker"}],"items_purged_floors":[],"is_endless":false,"potions_floor_spawned":[1,4,6,8,24,28,29],"killed_by":"3 Cultists","ascension_level":0}}