{"host":"d54lcqy5t45er8jx","time":1611491000,"event":{"mods":["2.2 Compatiblity","BaseMod","CapriCore","Defuse TimeMaze Blight","Hermit","Hubris","Infinite Spire","Marisa£¨Ùöéë¡¡Øª×âÞÞ£©","Minty Spire (QoL Compilation)","Rare Cards Sparkle","Relic Stats","StSLib","The Animator","The Cursed","The Immortal","The Servant 0.9.4","WarShipGirlsR/??á´Ò³R mod"],"gold_per_floor":[117,192,192,207,157,157,191,191,191,202,235,136,153,188,188,292,292,306,226,226,245,245,279,279,309,309,335,335,335,352,367,367,367,367],"floor_reached":33,"language":"ENG","playtime":8221,"items_purged":["Worship","JustLucky"],"score":446,"play_id":"13d55ba6-08ba-405a-a040-e6d7159ee20d","local_time":"20210124212320","daily_mods":["SealedDeck","Insanity","Heirloom","DeadlyEvents","Elite Swarm","Uncertain Future"],"is_ascension_mode":false,"campfire_choices":[{"data":"FlurryOfBlows","floor":6,"key":"SMITH"},{"data":"1","floor":8,"key":"LIFT"},{"data":"2","floor":15,"key":"LIFT"},{"data":"3","floor":24,"key":"LIFT"},{"data":"Indignation","floor":29,"key":"SMITH"},{"data":"Vault","floor":32,"key":"SMITH"}],"circlet_count":0,"master_deck":["Collect","FollowUp","Protect","SashWhip","Evaluate","EmptyBody","LikeWater","Consecrate","CutThroughFate","CrushJoints","Evaluate","Protect","FlurryOfBlows","Protect","JustLucky","SandsOfTime","WheelKick","Swivel","FlyingSleeves","Collect","BowlingBash","CrushJoints","Evaluate","Evaluate","SignatureMove","Protect","FearNoEvil","Wallop","ThirdEye","Consecrate","ThirdEye","CutThroughFate","WheelKick","Sanctity","Conclude","SashWhip","WaveOfTheHand","Swivel","Consecrate","Halt","Study","WindmillStrike","CutThroughFate","Fasting2","Prostrate","BowlingBash","TalkToTheHand","JustLucky","JustLucky","Perseverance","EmptyFist","ClearTheMind","ForeignInfluence","ForeignInfluence","FlurryOfBlows+1","FlurryOfBlows","WreathOfFlame","FlurryOfBlows","Vault+1","FlurryOfBlows","Indignation+1","DeusExMachina","Scrawl","ForeignInfluence","FearNoEvil","infinitespire:Gouge","Omniscience","Scrawl","hubris:Fate","FlurryOfBlows+1"],"relics":["PureWater","Turnip","Girya","Yang","Letter Opener","TungstenRod","infinitespire:Cupcake","MealTicket","hubris:BottledRain","Oddly Smooth Stone","Incense Burner","StrikeDummy"],"acts_visited":["Exordium","TheCity"],"potions_floor_usage":[23,27,27],"damage_taken":[{"damage":0,"enemies":"Jaw Worm","floor":1,"turns":4},{"damage":0,"enemies":"Small Slimes","floor":4,"turns":3},{"damage":8,"enemies":"Lagavulin","floor":7,"turns":7},{"damage":0,"enemies":"2 Louse","floor":10,"turns":2},{"damage":17,"enemies":"Gremlin Nob","floor":11,"turns":4},{"damage":0,"enemies":"2 Fungi Beasts","floor":13,"turns":4},{"damage":1,"enemies":"3 Sentries","floor":14,"turns":5},{"damage":6,"enemies":"Slime Boss","floor":16,"turns":7},{"damage":0,"enemies":"3 Byrds","floor":18,"turns":4},{"damage":0,"enemies":"Spheric Guardian","floor":21,"turns":1},{"damage":1,"enemies":"Slavers","floor":23,"turns":4},{"damage":9,"enemies":"Nightmare","floor":25,"turns":7},{"damage":27,"enemies":"Slavers","floor":27,"turns":5},{"damage":2,"enemies":"Snecko","floor":30,"turns":3},{"damage":0,"enemies":"Sentry and Sphere","floor":31,"turns":1},{"damage":4,"enemies":"hubris:MusketHawk","floor":33,"turns":1}],"seed_played":"252318305540874725","potions_obtained":[{"floor":4,"key":"GamblersBrew"},{"floor":7,"key":"SpeedPotion"},{"floor":21,"key":"LiquidMemories"},{"floor":23,"key":"LiquidBronze"}],"is_trial":true,"path_per_floor":["M","?","?","M","?","R","E","R","T","M","E","$","M","E","R","B",null,"M","?","?","M","?","E","R","NM","T","E","AVR","R","M","M","R","B"],"character_chosen":"WATCHER","items_purchased":["FlurryOfBlows"],"campfire_rested":0,"item_purchase_floors":[12],"current_hp_per_floor":[72,61,61,61,61,61,53,53,53,53,36,36,36,35,35,29,72,72,72,60,60,42,41,41,32,32,5,5,5,3,3,3,0,0],"gold":367,"neow_bonus":"","is_daily":false,"chose_seed":false,"campfire_upgraded":3,"win_rate":0.0,"timestamp":1611491000,"path_taken":["M","?","?","M","?","R","E","R","T","M","E","$","M","E","R","BOSS","M","?","?","M","?","E","R","NM","T","E","AVR","R","M","M","R","BOSS"],"items_purchased_type":["Card"],"build_version":"2020-12-22","purchased_purges":2,"victory":false,"max_hp_per_floor":[72,72,72,72,72,72,72,72,72,72,72,72,72,72,72,72,72,72,72,77,77,77,77,77,77,77,77,77,77,77,77,77,77,77],"relic_stats":{"counters":[16,62],"Yang":[138],"MealTicket":0,"Turnip":[2],"Letter Opener":[82],"obtain_stats":[{"Girya":7,"Oddly Smooth Stone":26,"Yang":9,"MealTicket":23,"Turnip":0,"Incense Burner":27,"Letter Opener":11,"PureWater":0,"StrikeDummy":28,"TungstenRod":14,"infinitespire:Cupcake":17,"hubris:BottledRain":25},{"Girya":3,"Oddly Smooth Stone":12,"Yang":3,"MealTicket":11,"Turnip":0,"Incense Burner":13,"Letter Opener":5,"PureWater":0,"StrikeDummy":13,"TungstenRod":7,"infinitespire:Cupcake":8,"hubris:BottledRain":12},{"Girya":14,"Oddly Smooth Stone":52,"Yang":14,"MealTicket":45,"Turnip":0,"Incense Burner":57,"Letter Opener":20,"PureWater":0,"StrikeDummy":57,"TungstenRod":29,"infinitespire:Cupcake":36,"hubris:BottledRain":52}],"TungstenRod":13},"card_choices":[{"not_picked":["SandsOfTime","WindmillStrike"],"picked":"WreathOfFlame","floor":1},{"not_picked":["Study","FollowUp","WheelKick"],"picked":"SKIP","floor":4},{"not_picked":["Ragnarok","MasterReality","Wish"],"picked":"SKIP","floor":7},{"not_picked":["ClearTheMind","PathToVictory"],"picked":"FlurryOfBlows","floor":10},{"not_picked":["Ragnarok","Alpha"],"picked":"Vault","floor":11},{"not_picked":["EmptyBody","ForeignInfluence"],"picked":"Indignation","floor":13},{"not_picked":["MasterReality","Devotion"],"picked":"DeusExMachina","floor":14},{"not_picked":["Alpha","Blasphemy"],"picked":"Scrawl","floor":16},{"not_picked":["EmptyBody","SignatureMove+1","BowlingBash"],"picked":"SKIP","floor":18},{"not_picked":[],"picked":"ForeignInfluence","floor":19},{"not_picked":["Evaluate","EmptyMind"],"picked":"FearNoEvil","floor":21},{"not_picked":["infinitespire:NeuralNetwork","infinitespire:Starlight"],"picked":"infinitespire:Gouge","floor":22},{"not_picked":["ConjureBlade","Blasphemy"],"picked":"Omniscience","floor":23},{"not_picked":["Alpha","DeusExMachina"],"picked":"Scrawl","floor":25},{"not_picked":["ConjureBlade","SpiritShield","DeusExMachina"],"picked":"SKIP","floor":27},{"not_picked":["EmptyFist","Perseverance","PathToVictory"],"picked":"SKIP","floor":30},{"not_picked":["ForeignInfluence+1","BowlingBash"],"picked":"FlurryOfBlows+1","floor":31}],"player_experience":886637,"relics_obtained":[{"floor":7,"key":"Girya"},{"floor":9,"key":"Yang"},{"floor":11,"key":"Letter Opener"},{"floor":14,"key":"TungstenRod"},{"floor":23,"key":"MealTicket"},{"floor":25,"key":"hubris:BottledRain"},{"floor":26,"key":"Oddly Smooth Stone"},{"floor":27,"key":"Incense Burner"}],"event_choices":[{"damage_healed":0,"gold_gain":75,"player_choice":"Gather Gold","damage_taken":11,"max_hp_gain":0,"max_hp_loss":0,"event_name":"World of Goop","floor":2,"gold_loss":0},{"cards_removed":["PathToVictory"],"damage_healed":0,"gold_gain":0,"player_choice":"Card Removal","damage_taken":0,"max_hp_gain":0,"max_hp_loss":0,"event_name":"The Cleric","floor":5,"gold_loss":50},{"damage_healed":0,"gold_gain":0,"player_choice":"Shed Blood","damage_taken":18,"max_hp_gain":5,"max_hp_loss":0,"event_name":"Forgotten Altar","floor":20,"gold_loss":0}],"is_beta":false,"boss_relics":[{"not_picked":["Coffee Dripper","hubris:TerracottaHorce"],"picked":"infinitespire:Cupcake"}],"items_purged_floors":[12,28],"is_endless":true,"potions_floor_spawned":[4,7,21,23,25],"killed_by":"hubris:MusketHawk","ascension_level":0}}