{"host":"yvlk1m4foro8gl4v","time":1611505428,"event":{"mods":["AchievementEnabler","Act Like it!","BaseMod","Minty Spire (QoL Compilation)","Relic Stats","StSLib","The Servant 0.9.4","Uncapped"],"gold_per_floor":[367,136,154,104,35,35,60,73,73,83,83,83,83,114,126,242,254,310,322,347,399,450,462,533,575,587,599,178,226,226,239,239,334,334,384,428,70,85,85,120,120,148,148,160,160,196,237,108,108,108,108,108,26,53,53,53],"floor_reached":55,"language":"ENG","playtime":5112,"items_purged":["Parasite"],"score":892,"play_id":"6a4d3612-8c6e-4bf4-b296-9b610de71662","local_time":"20210124162348","is_ascension_mode":true,"campfire_choices":[{"floor":6.0,"key":"REST"},{"floor":11.0,"key":"REST"},{"data":"Study","floor":15.0,"key":"SMITH"},{"floor":23.0,"key":"REST"},{"data":"Worship","floor":27.0,"key":"SMITH"},{"data":"Apotheosis","floor":32.0,"key":"SMITH"},{"floor":41.0,"key":"RECALL"},{"data":"MentalFortress","floor":45.0,"key":"SMITH"},{"data":"Wish","floor":49.0,"key":"SMITH"},{"data":"Protect","floor":52.0,"key":"SMITH"}],"circlet_count":0,"master_deck":["Defend_P","Defend_P","Defend_P","Eruption+1","Vigilance","Study+1","Wireheading+1","Protect+1","DevaForm+1","Wallop+1","Meditate","ClearTheMind","Wish+1","Fasting2+1","Bite+1","Bite+1","Bite+1","Bite+1","Bite+1","Worship+1","Apotheosis+1","Brilliance+1","CurseOfTheBell","MentalFortress+1","Perseverance+1","BattleHymn","Nirvana","JustLucky+1"],"relics":["HolyWater","Damaru","Molten Egg 2","Gambling Chip","Shuriken","MawBank","Mummified Hand","Red Mask","Question Card","Strawberry","MutagenicStrength","Calling Bell","Oddly Smooth Stone","TeardropLocket","GoldenEye","Ice Cream","Smiling Mask","Lantern","Whetstone"],"acts_visited":["Exordium","TheCity","TheBeyond","TheEnding"],"potions_floor_usage":[],"damage_taken":[{"damage":0.0,"enemies":"Cultist","floor":1.0,"turns":2.0},{"damage":7.0,"enemies":"2 Louse","floor":3.0,"turns":3.0},{"damage":24.0,"enemies":"Gremlin Nob","floor":7.0,"turns":4.0},{"damage":3.0,"enemies":"Jaw Worm","floor":8.0,"turns":4.0},{"damage":0.0,"enemies":"Looter","floor":10.0,"turns":2.0},{"damage":3.0,"enemies":"Lagavulin","floor":14.0,"turns":6.0},{"damage":19.0,"enemies":"The Guardian","floor":16.0,"turns":7.0},{"damage":18.0,"enemies":"Chosen","floor":18.0,"turns":5.0},{"damage":24.0,"enemies":"3 Byrds","floor":20.0,"turns":5.0},{"damage":10.0,"enemies":"Cultist and Chosen","floor":21.0,"turns":5.0},{"damage":48.0,"enemies":"Centurion and Healer","floor":22.0,"turns":5.0},{"damage":57.0,"enemies":"Gremlin Leader","floor":24.0,"turns":11.0},{"damage":26.0,"enemies":"Masked Bandits","floor":25.0,"turns":6.0},{"damage":41.0,"enemies":"3 Cultists","floor":29.0,"turns":7.0},{"damage":12.0,"enemies":"Snake Plant","floor":31.0,"turns":5.0},{"damage":16.0,"enemies":"Champ","floor":33.0,"turns":8.0},{"damage":36.0,"enemies":"3 Darklings","floor":35.0,"turns":8.0},{"damage":1.0,"enemies":"Orb Walker","floor":36.0,"turns":3.0},{"damage":44.0,"enemies":"Transient","floor":38.0,"turns":5.0},{"damage":17.0,"enemies":"Giant Head","floor":40.0,"turns":9.0},{"damage":31.0,"enemies":"Nemesis","floor":42.0,"turns":5.0},{"damage":0.0,"enemies":"Spire Growth","floor":44.0,"turns":4.0},{"damage":16.0,"enemies":"Writhing Mass","floor":46.0,"turns":6.0},{"damage":11.0,"enemies":"Maw","floor":47.0,"turns":9.0},{"damage":29.0,"enemies":"Donu and Deca","floor":50.0,"turns":10.0},{"damage":67.0,"enemies":"Shield and Spear","floor":54.0,"turns":10.0},{"damage":56,"enemies":"The Heart","floor":55,"turns":2}],"seed_played":"5741008033138177281","potions_obtained":[{"floor":3.0,"key":"AttackPotion"},{"floor":8.0,"key":"CultistPotion"},{"floor":10.0,"key":"FearPotion"},{"floor":14.0,"key":"Fruit Juice"},{"floor":21.0,"key":"EntropicBrew"},{"floor":24.0,"key":"StancePotion"},{"floor":33.0,"key":"SneckoOil"},{"floor":35.0,"key":"PowerPotion"},{"floor":38.0,"key":"Ancient Potion"}],"is_trial":false,"path_per_floor":["M","$","M","?","$","R","E","M","T","M","R","T","?","E","R","B",null,"M","?","M","M","M","R","E","?","T","R","$","M","?","M","R","B",null,"M","M","$","M","?","E","R","E","T","M","R","M","M","$","R","B",null,"R","$","E","B"],"character_chosen":"WATCHER","items_purchased":["Damaru","Wireheading","DevaForm","Apotheosis","Fruit Juice","Strawberry","Ice Cream","MentalFortress","BattleHymn","Nirvana"],"campfire_rested":3,"item_purchase_floors":[2,2,5,28,28,28,37,37,48,53],"current_hp_per_floor":[51,51,44,44,44,65,41,38,38,38,59,59,45,42,42,23,72,54,50,50,50,19,34,39,37,37,37,44,30,30,36,36,61,67,61,67,67,47,47,63,63,53,53,67,67,66,67,64,64,64,64,64,64,39,0,0],"gold":53,"neow_bonus":"TWO_FIFTY_GOLD","is_daily":false,"chose_seed":false,"campfire_upgraded":6,"win_rate":0.0,"timestamp":1611505428,"path_taken":["M","$","?","?","$","R","E","M","T","M","R","?","?","E","R","BOSS","M","?","M","M","M","R","E","?","T","R","$","M","?","M","R","BOSS","M","M","$","M","?","E","R","E","T","M","R","M","M","$","R","BOSS","R","$","E","BOSS"],"items_purchased_type":["Relic","Card","Card","Card","Potion","Relic","Relic","Card","Card","Card"],"build_version":"2020-12-22","purchased_purges":1,"victory":false,"max_hp_per_floor":[72,72,72,72,72,72,72,72,72,72,72,72,72,72,72,72,72,72,50,50,50,50,50,55,55,55,55,62,62,62,62,62,67,67,67,67,67,67,67,67,67,67,67,67,67,67,67,64,64,64,64,64,64,64,64,64],"relic_stats":{"counters":[27,156],"Shuriken":[44],"Mummified Hand":[108],"Gambling Chip":[66],"Whetstone":["Eruption"],"MawBank":168,"Question Card":13,"GoldenEye":[59],"Smiling Mask":25,"obtain_stats":[{"Ice Cream":37,"Lantern":42,"Damaru":2,"Oddly Smooth Stone":34,"TeardropLocket":34,"Whetstone":54,"MawBank":14,"Question Card":26,"GoldenEye":34,"Smiling Mask":40,"Calling Bell":34,"Shuriken":12,"Mummified Hand":24,"Gambling Chip":9,"Strawberry":28,"MutagenicStrength":30,"HolyWater":17,"Molten Egg 2":7,"Red Mask":25,"PureWater":0},{"Ice Cream":18,"Lantern":21,"Damaru":1,"Oddly Smooth Stone":16,"TeardropLocket":16,"Whetstone":26,"MawBank":6,"Question Card":13,"GoldenEye":16,"Smiling Mask":20,"Calling Bell":16,"Shuriken":5,"Mummified Hand":12,"Gambling Chip":4,"Strawberry":13,"MutagenicStrength":14,"HolyWater":7,"Molten Egg 2":3,"Red Mask":13,"PureWater":0},{"Ice Cream":96,"Lantern":115,"Damaru":2,"Oddly Smooth Stone":85,"TeardropLocket":85,"Whetstone":154,"MawBank":21,"Question Card":65,"GoldenEye":85,"Smiling Mask":110,"Calling Bell":85,"Shuriken":15,"Mummified Hand":59,"Gambling Chip":13,"Strawberry":65,"MutagenicStrength":72,"HolyWater":28,"Molten Egg 2":9,"Red Mask":65,"PureWater":0}]},"card_choices":[{"not_picked":["EmptyBody","SashWhip"],"picked":"Study","floor":1.0},{"not_picked":["Prostrate","BowlingBash"],"picked":"Protect","floor":3.0},{"not_picked":["WaveOfTheHand","Omniscience"],"picked":"Wallop+1","floor":7.0},{"not_picked":["CrushJoints+1","Protect","JustLucky+1"],"picked":"SKIP","floor":8.0},{"not_picked":["ThirdEye","CutThroughFate+1"],"picked":"Meditate","floor":10.0},{"not_picked":["LikeWater","EmptyBody"],"picked":"ClearTheMind","floor":14.0},{"not_picked":["DeusExMachina","SpiritShield"],"picked":"Wish","floor":16.0},{"not_picked":["FollowUp+1","BowlingBash+1"],"picked":"Fasting2+1","floor":18.0},{"not_picked":["LikeWater+1","FollowUp+1","WreathOfFlame"],"picked":"SKIP","floor":20.0},{"not_picked":["FlurryOfBlows+1","CrushJoints+1","Study"],"picked":"SKIP","floor":21.0},{"not_picked":["PathToVictory","WreathOfFlame"],"picked":"Worship","floor":22.0},{"not_picked":["Evaluate","Weave+1","DevaForm"],"picked":"SKIP","floor":24.0},{"not_picked":["Consecrate+1","FlurryOfBlows+1","Adaptation","Vengeance+1"],"picked":"SKIP","floor":29.0},{"not_picked":["WreathOfFlame","Meditate","EmptyBody","Halt+1"],"picked":"SKIP","floor":31.0},{"not_picked":["ConjureBlade","DevaForm","Ragnarok+1"],"picked":"Brilliance+1","floor":33.0},{"not_picked":["FollowUp+1","JustLucky+1","Meditate+1","FlurryOfBlows+1"],"picked":"SKIP","floor":35.0},{"not_picked":["Protect","CrushJoints+1","Crescendo","Weave+1"],"picked":"SKIP","floor":36.0},{"not_picked":["EmptyFist+1","Consecrate+1","Evaluate","Conclude+1"],"picked":"SKIP","floor":38.0},{"not_picked":["LessonLearned+1","CutThroughFate+1","BowlingBash+1","ForeignInfluence"],"picked":"SKIP","floor":40.0},{"not_picked":["TalkToTheHand+1","FollowUp+1","FlyingSleeves+1","FlurryOfBlows+1"],"picked":"SKIP","floor":42.0},{"not_picked":["Evaluate+1","Prostrate+1","BowlingBash+1","SignatureMove+1"],"picked":"SKIP","floor":44.0},{"not_picked":["WreathOfFlame+1","Ragnarok+1","DeceiveReality+1"],"picked":"Perseverance+1","floor":46.0},{"not_picked":["JustLucky+1","BowlingBash+1","FlyingSleeves+1","EmptyBody+1"],"picked":"SKIP","floor":47.0},{"not_picked":["SashWhip+1","Conclude+1","Collect+1"],"picked":"JustLucky+1","floor":54.0}],"player_experience":756725,"relics_obtained":[{"floor":7.0,"key":"Molten Egg 2"},{"floor":9.0,"key":"Gambling Chip"},{"floor":12.0,"key":"Shuriken"},{"floor":14.0,"key":"MawBank"},{"floor":24.0,"key":"Mummified Hand"},{"floor":25.0,"key":"Red Mask"},{"floor":26.0,"key":"Question Card"},{"floor":34.0,"key":"Oddly Smooth Stone"},{"floor":34.0,"key":"TeardropLocket"},{"floor":34.0,"key":"GoldenEye"},{"floor":40.0,"key":"Smiling Mask"},{"floor":42.0,"key":"Lantern"},{"floor":54.0,"key":"Whetstone"}],"event_choices":[{"cards_removed":["Defend_P"],"damage_healed":0.0,"max_hp_gain":0.0,"max_hp_loss":0.0,"gold_gain":0.0,"event_name":"The Cleric","player_choice":"Card Removal","floor":4.0,"gold_loss":50.0,"damage_taken":0.0},{"damage_healed":0.0,"max_hp_gain":0.0,"max_hp_loss":0.0,"gold_gain":0.0,"event_name":"Shining Light","player_choice":"Entered Light","floor":13.0,"gold_loss":0.0,"damage_taken":14.0,"cards_upgraded":["Wireheading","DevaForm"]},{"damage_healed":0.0,"max_hp_gain":0.0,"max_hp_loss":22.0,"gold_gain":0.0,"event_name":"Vampires","player_choice":"Became a vampire","floor":19.0,"gold_loss":0.0,"damage_taken":0.0,"cards_obtained":["Bite","Bite","Bite","Bite","Bite"]},{"damage_healed":0.0,"max_hp_gain":0.0,"max_hp_loss":0.0,"gold_gain":0.0,"event_name":"Masked Bandits","player_choice":"Fought Bandits","floor":25.0,"gold_loss":0.0,"damage_taken":0.0},{"damage_healed":0.0,"max_hp_gain":0.0,"max_hp_loss":0.0,"gold_gain":0.0,"event_name":"Drug Dealer","player_choice":"Inject Mutagens","floor":30.0,"gold_loss":0.0,"damage_taken":0.0,"relics_obtained":["MutagenicStrength"]},{"damage_healed":0.0,"max_hp_gain":0.0,"max_hp_loss":0.0,"gold_gain":0.0,"event_name":"Match and Keep!","player_choice":"0 cards matched","floor":39.0,"gold_loss":0.0,"damage_taken":0.0,"cards_obtained":[]}],"is_beta":false,"boss_relics":[{"not_picked":["Coffee Dripper","SacredBark"],"picked":"HolyWater"},{"not_picked":["Busted Crown","Astrolabe"],"picked":"Calling Bell"}],"items_purged_floors":[48],"is_endless":false,"potions_floor_spawned":[3,8,10,14,21,24,29,33,35,38,40,47],"killed_by":"The Heart","ascension_level":3}}