{"host":"4akf6f7tvzk9vus6","time":1611527077,"event":{"mods":["BaseMod","Downfall","Minty Spire (QoL Compilation)","StSLib"],"gold_per_floor":[99,91,119,119,13,13,38,58,58,12,50,72,72,93,111,111,111],"floor_reached":16,"language":"ENG","playtime":2924,"items_purged":[],"score":100,"play_id":"05d3458d-c6cb-4eba-80e3-9eb24dcb5eb7","local_time":"20210124162437","is_ascension_mode":false,"campfire_choices":[{"floor":1,"key":"RECALL"},{"data":"hexamod:ExtraCrispy","floor":6,"key":"SMITH"},{"data":"hexamod:HauntingEcho","floor":9,"key":"SMITH"}],"circlet_count":0,"master_deck":["hexamod:Strike","hexamod:Strike","hexamod:Strike","hexamod:Defend","hexamod:Defend","hexamod:Defend","hexamod:Defend","hexamod:Sear","hexamod:Float","hexamod:SecondSeal","hexamod:FirstSeal","hexamod:HauntingEcho+1","hexamod:BacktrackSmack","hexamod:InspiringFlames","hexamod:ExtraCrispy+1","hexamod:InspiringFlames","hexamod:GhostflameBarrier","hexamod:RainOfEmbers","hexamod:HauntingEcho","hexamod:EmpoweredFlame","hexamod:FourthSeal"],"relics":["hexamod:SpiritBrand","downfall:BrokenWingStatue","Bag of Marbles","Pen Nib"],"acts_visited":["Exordium"],"potions_floor_usage":[],"damage_taken":[{"damage":0,"enemies":"Cultist","floor":3,"turns":4},{"damage":0,"enemies":"downfall:FleeingMerchant","floor":5,"turns":4},{"damage":11,"enemies":"Jaw Worm","floor":8,"turns":4},{"damage":0,"enemies":"downfall:FleeingMerchant","floor":10,"turns":4},{"damage":28,"enemies":"Lagavulin","floor":11,"turns":8},{"damage":0,"enemies":"2 Louse","floor":12,"turns":2},{"damage":19,"enemies":"Blue Slaver","floor":14,"turns":3},{"damage":11,"enemies":"Large Slime","floor":15,"turns":3},{"damage":36,"enemies":"SI_SHIV_ARCHETYPE","floor":16,"turns":7}],"seed_played":"-6494502627546961666","potions_obtained":[{"floor":8,"key":"EssenceOfSteel"},{"floor":11,"key":"LiquidMemories"},{"floor":12,"key":"sneckomod:MuddlingPotion"},{"floor":15,"key":"Strength Potion"}],"is_trial":false,"path_per_floor":["R","?","M","?","$","R","T","M","R","$","E","M","?","M","M","B"],"character_chosen":"THE_SPIRIT","items_purchased":["hexamod:InspiringFlames","hexamod:ExtraCrispy","hexamod:GhostflameBarrier"],"campfire_rested":0,"item_purchase_floors":[5,5,10],"current_hp_per_floor":[77,70,77,77,77,77,77,73,73,77,56,56,56,44,33,0,0],"gold":111,"neow_bonus":"TEN_PERCENT_HP_BONUS","is_daily":false,"chose_seed":false,"campfire_upgraded":2,"win_rate":0.0,"timestamp":1611527077,"path_taken":["R","?","M","?","$","R","T","M","R","?","E","M","?","?","M","BOSS"],"items_purchased_type":["Card","Card","Card"],"build_version":"2020-12-22","purchased_purges":0,"victory":false,"max_hp_per_floor":[77,77,77,77,77,77,77,77,77,77,77,77,77,77,77,77,77,77],"card_choices":[{"not_picked":["hexamod:ExtraCrispy","hexamod:AdvancingGuard"],"picked":"hexamod:HauntingEcho","floor":3},{"not_picked":["hexamod:AdvancingGuard","hexamod:PhantomCloak"],"picked":"hexamod:BacktrackSmack","floor":5},{"not_picked":["hexamod:PhantomCloak","hexamod:NightmareGuise"],"picked":"hexamod:InspiringFlames","floor":8},{"not_picked":["hexamod:NightmareStrike","hexamod:HeatShield","hexamod:SwordOfDarkness"],"picked":"SKIP","floor":10},{"not_picked":["hexamod:BacktrackSmack","hexamod:HexaLevel"],"picked":"hexamod:RainOfEmbers","floor":11},{"not_picked":["hexamod:Hexaguard","hexamod:RecurringNightmare"],"picked":"hexamod:HauntingEcho","floor":12},{"not_picked":["hexamod:HeatShield","hexamod:SwordOfDarkness"],"picked":"hexamod:EmpoweredFlame","floor":14},{"not_picked":["hexamod:HauntingEcho","hexamod:AdvancingGuard"],"picked":"hexamod:FourthSeal","floor":15}],"player_experience":294088,"relics_obtained":[{"floor":7,"key":"Bag of Marbles"},{"floor":11,"key":"Pen Nib"}],"event_choices":[],"is_beta":false,"boss_relics":[],"items_purged_floors":[],"is_endless":false,"potions_floor_spawned":[8,11,12,15],"killed_by":"SI_SHIV_ARCHETYPE","ascension_level":0}}