{"host":"9tzam4717zt8ei1o","time":1611482424,"event":{"mods":["BaseMod","Colored Map","Keyboard Shortcuts","Minty Spire (QoL Compilation)","Quick Restart","StSLib","SuperFastMode"],"gold_per_floor":[14,32,32,48,48,48,83,103,130,130,142,142,159,177,177,177,177],"floor_reached":16,"language":"KOR","playtime":312,"items_purged":[],"score":172,"play_id":"02397cbd-1351-4ace-ba22-5a4d4d72079e","local_time":"20210124190024","is_ascension_mode":true,"campfire_choices":[{"data":"Blade Dance","floor":6,"key":"SMITH"},{"floor":12,"key":"REST"},{"data":"Prepared","floor":15,"key":"SMITH"}],"circlet_count":0,"master_deck":["AscendersBane","Strike_G","Strike_G","Strike_G","Strike_G","Defend_G","Defend_G","Defend_G","Defend_G","Survivor","Neutralize","Choke+1","Tactician","Blade Dance+1","Prepared+1","Backflip","Cloak And Dagger","Acrobatics","Underhanded Strike+1"],"relics":["Ring of the Snake","Centennial Puzzle","Smiling Mask","Molten Egg 2"],"acts_visited":["Exordium"],"potions_floor_usage":[11,16,16],"damage_taken":[{"damage":1,"enemies":"Small Slimes","floor":1,"turns":5},{"damage":10,"enemies":"Cultist","floor":2,"turns":4},{"damage":0,"enemies":"2 Louse","floor":4,"turns":3},{"damage":35,"enemies":"Lagavulin","floor":7,"turns":6},{"damage":8,"enemies":"Blue Slaver","floor":8,"turns":3},{"damage":8,"enemies":"3 Louse","floor":11,"turns":3},{"damage":0,"enemies":"Looter","floor":13,"turns":3},{"damage":13,"enemies":"Exordium Thugs","floor":14,"turns":5},{"damage":13,"enemies":"The Guardian","floor":16,"turns":9}],"seed_played":"-1223172949043865888","potions_obtained":[{"floor":7,"key":"ColorlessPotion"},{"floor":8,"key":"Strength Potion"},{"floor":13,"key":"Swift Potion"}],"is_trial":false,"path_per_floor":["M","M","?","M","?","R","E","M","T","T","M","R","M","M","R","B"],"character_chosen":"THE_SILENT","items_purchased":[],"campfire_rested":1,"item_purchase_floors":[],"current_hp_per_floor":[62,52,52,52,52,52,17,9,9,9,1,22,22,9,9,0,0],"gold":177,"neow_bonus":"TRANSFORM_TWO_CARDS","is_daily":false,"chose_seed":false,"campfire_upgraded":2,"win_rate":0.0,"timestamp":1611482424,"path_taken":["M","M","?","?","?","R","E","M","T","?","M","R","M","M","R","BOSS"],"items_purchased_type":[],"build_version":"2020-12-22","purchased_purges":0,"victory":false,"max_hp_per_floor":[70,70,70,70,70,70,70,70,70,70,70,70,70,70,70,70,70],"card_choices":[{"not_picked":["PiercingWail","Dagger Throw","Catalyst"],"picked":"SKIP","floor":1},{"not_picked":["Slice","Setup"],"picked":"Blade Dance","floor":2},{"not_picked":["Dagger Throw","Flechettes"],"picked":"Prepared","floor":4},{"not_picked":["Finisher","Burst","Sucker Punch"],"picked":"SKIP","floor":7},{"not_picked":["Terror","Bane"],"picked":"Backflip","floor":8},{"not_picked":["PiercingWail","Noxious Fumes"],"picked":"Cloak And Dagger","floor":11},{"not_picked":["Calculated Gamble","Flying Knee+1"],"picked":"Acrobatics","floor":13},{"not_picked":["Slice+1","Bane+1"],"picked":"Underhanded Strike+1","floor":14}],"player_experience":105181,"relics_obtained":[{"floor":7,"key":"Centennial Puzzle"},{"floor":9,"key":"Smiling Mask"},{"floor":10,"key":"Molten Egg 2"}],"event_choices":[{"damage_healed":0,"gold_gain":0,"player_choice":"Forge","damage_taken":0,"max_hp_gain":0,"max_hp_loss":0,"event_name":"Accursed Blacksmith","floor":3,"gold_loss":0,"cards_upgraded":["Choke"]},{"damage_healed":0,"gold_gain":0,"player_choice":"Leave","damage_taken":0,"max_hp_gain":0,"max_hp_loss":0,"event_name":"The Cleric","floor":5,"gold_loss":0}],"is_beta":false,"boss_relics":[],"items_purged_floors":[],"is_endless":false,"potions_floor_spawned":[7,8,13,14],"killed_by":"The Guardian","ascension_level":13}}