{"host":"u21q392b5xaj11fl","time":1611488604,"event":{"mods":["2.2 Compatiblity","Bard","BaseMod","Better Note","Colored Map","Colored Powertips","Conspire","Custom Start","Downfall","Faster Ascension Climbing","GifTheSpireLib","Gremlin Skip","Highlight Path","Hubris","Infinite Spire","Mad Scientist","Marisa????????","Mimic Mod","Minty Spire (QoL Compilation)","Permanent Neow","Potionbrewer","Quick Restart","READ ME - Guardian Mod","Relic Sorter","Replay The Spire","Shop Mod","Somnambulant","StSLib","Stuff the Spire","SuperFastMode","The Construct","The Disciple","The Servant 0.9.4","vexMod"],"gold_per_floor":[114,114,128,144,159,186,196,196,196,271,300,48,80,93,93,164,164,180,196,212,12,28,56,56,81,81,81,98,115,115,145,145,219,219,229,229,229,229,229,264,264,113,113,139,155,173,188,220,220,220,220,220,57,85,85],"floor_reached":56,"language":"ENG","playtime":5358,"items_purged":["champ:Defend"],"score":2036,"play_id":"4310308c-55ad-4437-a2ae-a3c515a2016c","local_time":"20210124054324","is_ascension_mode":true,"campfire_choices":[{"data":"champ:PerfectedStrike","floor":8.0,"key":"SMITH"},{"data":"champ:Taunt","floor":15.0,"key":"SMITH"},{"data":"Apotheosis","floor":24.0,"key":"SMITH"},{"data":"champ:IronFortress","floor":27.0,"key":"SMITH"},{"data":"champ:MurderStrike","floor":32.0,"key":"SMITH"},{"floor":41.0,"key":"REST"},{"floor":49,"key":"RECALL"},{"floor":52,"key":"REST"}],"circlet_count":0,"master_deck":["AscendersBane","champ:Strike","champ:Strike","champ:Strike","champ:Strike","champ:Defend","champ:Defend","champ:Defend","champ:Execute","champ:Taunt+1","champ:RageSigil","champ:PerfectedStrike+1","champ:PreciseThrust","champ:BladeFlurry","champ:FlashCut","champ:DefensiveShout","champ:CalledShot","champ:BringItOn","champ:FlashCut","champ:ShieldSlam","champ:PreemptiveStrike","champ:GladiatorForm","champ:IronFortress+1","champ:AdrenalArmor+1","champ:FlashCut+1","Apotheosis+1","champ:ShieldSigil","champ:RisingSlash","champ:RageSigil","champ:BladeFlurry","champ:MurderStrike+1","champ:Improvising","champ:Haymaker","vexMod:StairwayStrike","ReplayUltimateDefense","Dark Shackles","infinitespire:Gouge","champ:FanOfKnives+1","champ:BerserkersShout","champ:DefensiveShout","champ:PerfectedStrike+1","champ:BringItOn+1","champ:Lariat","champ:IronFortress","hubris:EnhanceAbility","Swift Strike"],"relics":["Honey Jar","hubris:BundleOfHerbs","hubris:TenFootPole","Bag of Preparation","Medical Kit","conspire:TopHat","potionbrewer:BhaskarasWheel","hubris:SphereOfDissonance","Juzu Bracelet","vexMod:RetaliationKit","Fusion Hammer","CatCart","potionbrewer:DrinkingBird","infinitespire:PuzzleCube","potionbrewer:SlideRule","Simple Rune","ReplayTheSpireMod:ShopPack","vexMod:InvisibilityCloak"],"acts_visited":["Exordium","TheCity","TheBeyond","TheEnding"],"potions_floor_usage":[47,55,55,55],"damage_taken":[{"damage":23.0,"enemies":"Small Slimes","floor":1.0,"turns":3.0},{"damage":12.0,"enemies":"Jaw Worm","floor":3.0,"turns":3.0},{"damage":0.0,"enemies":"conspire:RoseBush","floor":4.0,"turns":3.0},{"damage":6.0,"enemies":"3 Louse","floor":5.0,"turns":3.0},{"damage":19.0,"enemies":"3 Sentries","floor":6.0,"turns":5.0},{"damage":0.0,"enemies":"2 Fungi Beasts","floor":7.0,"turns":2.0},{"damage":17.0,"enemies":"Replay:BlueRogue","floor":11.0,"turns":4.0},{"damage":0.0,"enemies":"Gremlin Nob","floor":13.0,"turns":2.0},{"damage":0.0,"enemies":"Red Slaver","floor":14.0,"turns":2.0},{"damage":11.0,"enemies":"Slime Boss","floor":16.0,"turns":9.0},{"damage":14.0,"enemies":"Shell Parasite","floor":18.0,"turns":4.0},{"damage":0.0,"enemies":"3 Byrds","floor":19.0,"turns":4.0},{"damage":24.0,"enemies":"Centurion and Healer","floor":20.0,"turns":6.0},{"damage":5.0,"enemies":"Shelled Parasite and Fungi","floor":22.0,"turns":4.0},{"damage":19.0,"enemies":"conspire:SneckoGhost","floor":23.0,"turns":4.0},{"damage":0.0,"enemies":"conspire:Head Lice","floor":25.0,"turns":6.0},{"damage":12.0,"enemies":"Sentry and Sphere","floor":28.0,"turns":4.0},{"damage":4.0,"enemies":"Centurion and Healer","floor":29.0,"turns":2.0},{"damage":34.0,"enemies":"Slavers","floor":31.0,"turns":5.0},{"damage":40.0,"enemies":"conspire:MysteriousRune","floor":33.0,"turns":6.0},{"damage":0.0,"enemies":"Orb Walker","floor":35.0,"turns":2.0},{"damage":43.0,"enemies":"Reptomancer","floor":40.0,"turns":6.0},{"damage":45.0,"enemies":"Giant Head","floor":44.0,"turns":5.0},{"damage":7.0,"enemies":"3 Darklings","floor":45.0,"turns":4.0},{"damage":10,"enemies":"Transient","floor":46,"turns":5},{"damage":31,"enemies":"Maw","floor":47,"turns":5},{"damage":40,"enemies":"Reptomancer","floor":48,"turns":4},{"damage":23,"enemies":"Time Eater","floor":50,"turns":9},{"damage":56,"enemies":"Shield and Spear","floor":54,"turns":6},{"damage":69,"enemies":"The Heart","floor":55,"turns":8}],"seed_played":"2635459603221848718","potions_obtained":[{"floor":1.0,"key":"ColorlessPotion"},{"floor":6.0,"key":"Energy Potion"},{"floor":11.0,"key":"Fire Potion"},{"floor":14.0,"key":"Fire Potion"},{"floor":16.0,"key":"Explosive Potion"},{"floor":18.0,"key":"champ:CounterPotion"},{"floor":20.0,"key":"Milkshake"}],"is_trial":false,"path_per_floor":["M","?","M","M","M","E","M","R","T","?","E","$","E","M","R","B",null,"M","M","M","$","M","E","R","E","T","R","M","M","?","E","R","B",null,"M","?","?","?","?","E","R","$","T","E","M","M","M","E","R","B",null,"R","$","E","B",null],"character_chosen":"THE_CHAMP","items_purchased":["champ:BringItOn","champ:FlashCut","Medical Kit","champ:FlashCut+1","Apotheosis","champ:BerserkersShout","champ:DefensiveShout","ReplayTheSpireMod:ShopPack","champ:IronFortress"],"campfire_rested":2,"item_purchase_floors":[12,12,12,21,21,42,42,53,53],"current_hp_per_floor":[78,83,81,81,75,71,71,71,71,67,65,65,65,65,65,64,87,83,83,79,79,74,61,61,61,61,61,59,55,58,34,34,24,77,77,75,78,81,84,66,90,90,90,80,73,73,67,82,82,59,82,90,90,49,54],"gold":85,"neow_bonus":"BOSS_RELIC","is_daily":false,"chose_seed":false,"campfire_upgraded":5,"win_rate":0.0,"timestamp":1611488604,"path_taken":["M","?","M","M","M","E","M","R","T","?","E","$","E","M","R","BOSS","M","M","M","$","M","E","R","E","T","R","M","M","?","E","R","BOSS","M","?","?","?","?","E","R","$","T","E","M","M","M","E","R","BOSS","R","$","E","BOSS"],"items_purchased_type":["Card","Card","Relic","Card","Card","Card","Card","Relic","Card"],"build_version":"2020-12-22","purchased_purges":1,"victory":true,"max_hp_per_floor":[90,95,95,95,95,95,95,95,95,95,95,95,95,95,95,95,95,95,95,95,95,95,95,95,95,95,95,95,95,95,95,95,95,95,95,95,95,90,90,90,90,90,90,90,90,90,90,90,90,90,90,90,90,90,90],"card_choices":[{"not_picked":["champ:FanOfKnives","champ:BerserkersShout"],"picked":"champ:RageSigil","floor":1.0},{"not_picked":["champ:RageSigil","champ:ShieldSlam"],"picked":"champ:PerfectedStrike","floor":3.0},{"not_picked":["champ:SkillfulDodge","champ:RecklessLeap"],"picked":"champ:PreciseThrust","floor":4.0},{"not_picked":["champ:CalledShot","champ:DefensiveStyle"],"picked":"champ:BladeFlurry","floor":5.0},{"not_picked":["champ:RageSigil","champ:EndlessRage"],"picked":"champ:FlashCut","floor":6.0},{"not_picked":["champ:Haymaker","champ:BladeFlurry"],"picked":"champ:DefensiveShout","floor":7.0},{"not_picked":["champ:GutPunch","champ:AdrenalArmor"],"picked":"champ:CalledShot","floor":11.0},{"not_picked":["champ:Devastate","champ:Parry"],"picked":"champ:ShieldSlam","floor":13.0},{"not_picked":["champ:DefensiveShout","champ:Encircle"],"picked":"champ:PreemptiveStrike","floor":14.0},{"not_picked":["champ:SwordThrow","champ:LastStand"],"picked":"champ:GladiatorForm","floor":16.0},{"not_picked":["champ:CalledShot+1","champ:SkillfulDodge"],"picked":"champ:IronFortress","floor":18.0},{"not_picked":["champ:BerserkersShout","champ:BringItOn","champ:Encircle+1"],"picked":"SKIP","floor":19.0},{"not_picked":["champ:PreciseThrust","champ:CalledShot"],"picked":"champ:AdrenalArmor+1","floor":20.0},{"not_picked":["champ:FaceSlap","champ:StanceDance"],"picked":"champ:ShieldSigil","floor":22.0},{"not_picked":["champ:Backstep","champ:Shatter+1"],"picked":"champ:RisingSlash","floor":23.0},{"not_picked":["champ:FanOfKnives","champ:Haymaker"],"picked":"champ:RageSigil","floor":25.0},{"not_picked":["champ:Encircle","champ:DeathBlow"],"picked":"champ:BladeFlurry","floor":28.0},{"not_picked":["champ:PreciseThrust","champ:Shatter","champ:EnragedBash"],"picked":"SKIP","floor":29.0},{"not_picked":["champ:SetATrap","champ:ShieldSlam"],"picked":"champ:MurderStrike","floor":31.0},{"not_picked":["champ:EnchantCrown","champ:LastStand"],"picked":"champ:Improvising","floor":33.0},{"not_picked":["champ:DeathBlow+1","champ:CrownThrow+1"],"picked":"champ:Haymaker","floor":35.0},{"not_picked":["ReplayTheSpireMod:Trickstab","Purity"],"picked":"vexMod:StairwayStrike","floor":36.0},{"not_picked":["Dark Shackles","Replay:Parry"],"picked":"ReplayUltimateDefense","floor":36.0},{"not_picked":["ReplayTheSpireMod:Trickstab","ReplayTheSpireMod:Uncanny Aura"],"picked":"Dark Shackles","floor":36.0},{"not_picked":["champ:BladeFlurry","champ:IronFortress"],"picked":"champ:FanOfKnives+1","floor":40.0},{"not_picked":["champ:PreciseThrust","champ:CrownThrow"],"picked":"champ:PerfectedStrike+1","floor":44.0},{"not_picked":["champ:Encircle+1","champ:IgnorePain","champ:Circumvent"],"picked":"SKIP","floor":45.0},{"not_picked":["champ:Backstep","champ:PreciseThrust+1","champ:Shatter"],"picked":"SKIP","floor":46},{"not_picked":["champ:PreciseThrust","champ:SwordSigil+1"],"picked":"champ:BringItOn+1","floor":47},{"not_picked":["champ:FalseCounter","champ:RisingSlash+1"],"picked":"champ:Lariat","floor":48},{"not_picked":["Metamorphosis","StuffTheSpire:Recharge"],"picked":"hubris:EnhanceAbility","floor":53},{"not_picked":["Poisoned Strike","Discovery"],"picked":"Swift Strike","floor":53},{"not_picked":["champ:PreciseThrust","champ:CrownThrow","champ:BringItOn+1"],"picked":"SKIP","floor":54}],"player_experience":183524,"relics_obtained":[{"floor":6.0,"key":"hubris:TenFootPole"},{"floor":9.0,"key":"Bag of Preparation"},{"floor":11.0,"key":"hubris:BundleOfHerbs"},{"floor":13.0,"key":"conspire:TopHat"},{"floor":23.0,"key":"hubris:SphereOfDissonance"},{"floor":25.0,"key":"Juzu Bracelet"},{"floor":31.0,"key":"vexMod:RetaliationKit"},{"floor":40.0,"key":"potionbrewer:DrinkingBird"},{"floor":43.0,"key":"infinitespire:PuzzleCube"},{"floor":44.0,"key":"potionbrewer:SlideRule"},{"floor":48,"key":"Simple Rune"},{"floor":54,"key":"vexMod:InvisibilityCloak"}],"event_choices":[{"damage_healed":0.0,"max_hp_gain":5.0,"max_hp_loss":0.0,"gold_gain":0.0,"event_name":"Big Fish","player_choice":"Donut","floor":2.0,"gold_loss":0.0,"damage_taken":0.0},{"damage_healed":0.0,"max_hp_gain":0.0,"max_hp_loss":0.0,"gold_gain":75.0,"event_name":"FaceTrader","player_choice":"Touch","floor":10.0,"gold_loss":0.0,"damage_taken":9.0},{"damage_healed":0.0,"max_hp_gain":0.0,"max_hp_loss":0.0,"gold_gain":0.0,"event_name":"SensoryStone","player_choice":"Memory 3","floor":36.0,"gold_loss":0.0,"damage_taken":10.0},{"cards_removed":["Apotheosis"],"damage_healed":0.0,"max_hp_gain":0.0,"max_hp_loss":0.0,"gold_gain":0.0,"event_name":"betterNote:BetterNote","player_choice":"Take \u0026 Give","floor":37.0,"gold_loss":0.0,"damage_taken":0.0,"cards_obtained":["infinitespire:Gouge"]},{"damage_healed":0.0,"max_hp_gain":0.0,"max_hp_loss":5.0,"gold_gain":0.0,"event_name":"Winding Halls","player_choice":"Max HP","floor":38.0,"gold_loss":0.0,"damage_taken":0.0},{"damage_healed":0.0,"max_hp_gain":0.0,"max_hp_loss":0.0,"gold_gain":0.0,"event_name":"OrinTheCat","player_choice":"Ignored","floor":39.0,"gold_loss":0.0,"damage_taken":0.0}],"is_beta":false,"boss_relics":[{"not_picked":["Replay:Drink Me","Snecko Eye"],"picked":"potionbrewer:BhaskarasWheel"},{"not_picked":["Busted Crown","infinitespire:Cupcake"],"picked":"Fusion Hammer"}],"items_purged_floors":[42],"is_endless":false,"potions_floor_spawned":[1,6,11,14,16,18,20,23,33,44,46,47,48],"ascension_level":13}}