{"host":"d61fcf2p3sjwe6yo","time":1611492591,"event":{"mods":["AchievementEnabler","BaseMod","Colored Map","Downfall","Minty Spire (QoL Compilation)","StSLib","SuperFastMode"],"gold_per_floor":[99,115,133,152,164,191,216,234,263,328,359,359,390,409,420,523,523,423,437,455,365,365,384,411,311,325,357,377,394,394,419,432,533,533,533,552,602,656,669,682,682,712,612,211,211,238,295,324,334,334,334,360,66,66,66,66],"floor_reached":57,"language":"ENG","playtime":4314,"items_purged":["bronze:Strike","Doubt","bronze:Strike","downfall:Aged"],"score":1931,"play_id":"6d1ee2be-9fcd-4f46-a1d9-c2aac7714326","local_time":"20210124154951","is_ascension_mode":true,"campfire_choices":[{"data":"bronze:Replicate","floor":1.0,"key":"SMITH"},{"data":"bronze:ClassDefault","floor":12.0,"key":"SMITH"},{"floor":18.0,"key":"RECALL"},{"data":"bronze:Format","floor":25.0,"key":"SMITH"},{"data":"bronze:FollowUp","floor":30.0,"key":"SMITH"},{"data":"bronze:Library","floor":35.0,"key":"SMITH"},{"data":"bronze:FineTuning","floor":43.0,"key":"SMITH"},{"data":"bronze:Shell","floor":54,"key":"SMITH"}],"circlet_count":0,"master_deck":["AscendersBane","bronze:Strike","bronze:Defend","bronze:Defend","bronze:Defend","bronze:Defend","bronze:Replicate+1","bronze:Goto","bronze:ChosenStrike","bronze:Repair","bronze:Branch","bronze:Branch","bronze:ClassDefault+1","bronze:Branch","bronze:FineTuning+1","bronze:Verify","bronze:GetLatest","bronze:Format+1","bronze:Iterate+1","bronze:FollowUp+1","bronze:Return+1","bronze:Boost+1","bronze:Frontload+1","bronze:Library+1","bronze:FollowUp+1","bronze:FineTuning+1","bronze:Branch+1","bronze:Shell+1","bronze:Verify","bronze:Frontload+1"],"relics":["bronze:BronzeCore","Bag of Preparation","Lantern","Orichalcum","Shuriken","Bottled Lightning","Nunchaku","Coffee Dripper","downfall:HeartBlessingGreen","bronze:ProtectiveGoggles","downfall:HeartBlessingRed","Meat on the Bone","Molten Egg 2","Cursed Key","Bird Faced Urn","FossilizedHelix","White Beast Statue","downfall:HeartBlessingBlue","Ice Cream","Slimebound:StickyStick","Centennial Puzzle","Bag of Marbles","Oddly Smooth Stone","Pen Nib"],"acts_visited":["Exordium","TheCity","TheBeyond","TheEnding"],"potions_floor_usage":[56,56],"damage_taken":[{"damage":1.0,"enemies":"Cultist","floor":2.0,"turns":3.0},{"damage":0.0,"enemies":"Small Slimes","floor":3.0,"turns":3.0},{"damage":0.0,"enemies":"2 Louse","floor":4.0,"turns":3.0},{"damage":0.0,"enemies":"Blue Slaver","floor":5.0,"turns":3.0},{"damage":13.0,"enemies":"Lagavulin","floor":6.0,"turns":7.0},{"damage":7.0,"enemies":"Large Slime","floor":8.0,"turns":5.0},{"damage":10.0,"enemies":"3 Sentries","floor":9.0,"turns":7.0},{"damage":0.0,"enemies":"Gremlin Nob","floor":10.0,"turns":3.0},{"damage":14.0,"enemies":"Lagavulin","floor":11.0,"turns":5.0},{"damage":18.0,"enemies":"Gremlin Nob","floor":13.0,"turns":5.0},{"damage":1.0,"enemies":"Lots of Slimes","floor":14.0,"turns":3.0},{"damage":5.0,"enemies":"Exordium Thugs","floor":15.0,"turns":2.0},{"damage":20.0,"enemies":"SI_SHIV_ARCHETYPE","floor":16.0,"turns":8.0},{"damage":0.0,"enemies":"Spheric Guardian","floor":19.0,"turns":3.0},{"damage":0.0,"enemies":"3 Byrds","floor":20.0,"turns":5.0},{"damage":0.0,"enemies":"downfall:FleeingMerchant","floor":21.0,"turns":4.0},{"damage":0.0,"enemies":"Snecko","floor":23.0,"turns":3.0},{"damage":0.0,"enemies":"Chosen and Byrds","floor":26.0,"turns":4.0},{"damage":0.0,"enemies":"Slavers","floor":27.0,"turns":4.0},{"damage":0.0,"enemies":"Shelled Parasite and Fungi","floor":28.0,"turns":3.0},{"damage":1.0,"enemies":"3 Cultists","floor":29.0,"turns":4.0},{"damage":0.0,"enemies":"Book of Stabbing","floor":31.0,"turns":4.0},{"damage":0.0,"enemies":"Snake Plant","floor":32.0,"turns":3.0},{"damage":8.0,"enemies":"WA_ARCHETYPE_CALM","floor":33.0,"turns":7.0},{"damage":5.0,"enemies":"Orb Walker","floor":36.0,"turns":5.0},{"damage":0.0,"enemies":"Orb Walker","floor":37.0,"turns":4.0},{"damage":6.0,"enemies":"2 Orb Walkers","floor":38.0,"turns":4.0},{"damage":0.0,"enemies":"3 Shapes","floor":39.0,"turns":4.0},{"damage":0.0,"enemies":"3 Darklings","floor":40.0,"turns":5.0},{"damage":3.0,"enemies":"Reptomancer","floor":42.0,"turns":5.0},{"damage":0.0,"enemies":"downfall:FleeingMerchant","floor":44.0,"turns":4.0},{"damage":0.0,"enemies":"downfall:FleeingMerchant","floor":47.0,"turns":1.0},{"damage":0.0,"enemies":"Nemesis","floor":48.0,"turns":3.0},{"damage":0.0,"enemies":"Transient","floor":49.0,"turns":5.0},{"damage":17,"enemies":"DF_ARCHETYPE_ORBS","floor":50,"turns":6},{"damage":17,"enemies":"downfall:CharBossMerchant","floor":52,"turns":7},{"damage":21,"enemies":"downfall:NeowBoss","floor":55,"turns":15},{"damage":76,"enemies":"downfall:NeowBossFinal","floor":56,"turns":12}],"seed_played":"-5514172221727359539","potions_obtained":[{"floor":2.0,"key":"BlessingOfTheForge"},{"floor":3.0,"key":"Fire Potion"},{"floor":6.0,"key":"DuplicationPotion"},{"floor":23.0,"key":"GamblersBrew"},{"floor":26.0,"key":"PowerPotion"}],"is_trial":false,"path_per_floor":["R","M","M","M","M","E","T","M","E","?","E","R","E","M","M","B",null,"R","M","M","$","?","M","T","R","M","E","M","M","R","E","M","B",null,"R","M","?","?","M","M","T","E","R","$","?","?","$","E","M","B",null,"E","$","R","B","B",null],"character_chosen":"THE_AUTOMATON","items_purchased":["Ice Cream","Centennial Puzzle","Pen Nib"],"campfire_rested":0,"item_purchase_floors":[44,47,53],"current_hp_per_floor":[70,69,69,76,77,71,71,70,67,67,60,60,49,56,51,38,67,67,67,74,77,77,77,77,77,77,77,77,77,77,77,77,76,77,77,72,77,71,77,77,77,76,86,87,87,87,87,87,87,70,83,70,70,70,78,25],"gold":66,"neow_bonus":"TEN_PERCENT_HP_BONUS","is_daily":false,"chose_seed":false,"campfire_upgraded":7,"win_rate":0.0,"timestamp":1611492591,"path_taken":["R","M","M","M","?","E","T","M","E","?","E","R","E","M","M","BOSS","R","M","M","$","?","M","T","R","M","E","M","M","R","E","M","BOSS","R","M","?","?","M","M","T","E","R","$","?","?","$","E","M","BOSS","E","$","R","BOSS","BOSS"],"items_purchased_type":["Relic","Relic","Relic"],"build_version":"2020-12-22","purchased_purges":4,"victory":true,"max_hp_per_floor":[77,77,77,77,77,77,77,77,77,77,77,77,77,77,77,77,77,77,77,77,77,77,77,77,77,77,77,77,77,77,77,77,77,77,77,77,77,77,77,77,77,77,87,87,87,87,87,87,87,87,87,87,87,87,87,87],"card_choices":[{"not_picked":["bronze:Terminator","bronze:ChildClass"],"picked":"bronze:ChosenStrike","floor":2.0},{"not_picked":["bronze:Frontload","bronze:CutThrough"],"picked":"bronze:Repair","floor":3.0},{"not_picked":["bronze:GetLatest","bronze:Invalidate"],"picked":"bronze:Branch","floor":4.0},{"not_picked":["bronze:FineTuning","bronze:Constructor"],"picked":"bronze:Branch","floor":5.0},{"not_picked":["bronze:Turbo","bronze:Break","bronze:Separator"],"picked":"SKIP","floor":6.0},{"not_picked":["bronze:OilSpill","bronze:WhirlingStrike"],"picked":"bronze:ClassDefault","floor":8.0},{"not_picked":["bronze:ForceShield","bronze:Optimize"],"picked":"bronze:Branch","floor":9.0},{"not_picked":["bronze:BugBarrage","bronze:Branch"],"picked":"bronze:FineTuning","floor":10.0},{"not_picked":["bronze:Philosophize","bronze:Frontload"],"picked":"bronze:Verify","floor":11.0},{"not_picked":["bronze:OilSpill","bronze:WildBeam"],"picked":"bronze:GetLatest","floor":13.0},{"not_picked":["bronze:BitShift","bronze:Overheat","bronze:Frontload"],"picked":"SKIP","floor":14.0},{"not_picked":["bronze:DelayedGuard","bronze:OilSpill","bronze:Deprecate"],"picked":"SKIP","floor":15.0},{"not_picked":["bronze:FindAndReplace","bronze:Break"],"picked":"bronze:Format","floor":16.0},{"not_picked":["bronze:GetLatest","bronze:BugBarrage","bronze:NullPointer+1"],"picked":"SKIP","floor":19.0},{"not_picked":["bronze:CutThrough","bronze:Constructor","bronze:Deprecate"],"picked":"SKIP","floor":20.0},{"not_picked":["bronze:Frontload","bronze:Invalidate"],"picked":"bronze:Iterate+1","floor":21.0},{"not_picked":["bronze:Refactor","bronze:Safeguard","bronze:BronzeOrb"],"picked":"SKIP","floor":23.0},{"not_picked":["bronze:ForceShield","bronze:Deprecate+1"],"picked":"bronze:FollowUp","floor":26.0},{"not_picked":["bronze:BitShift","bronze:Verify"],"picked":"bronze:Return+1","floor":27.0},{"not_picked":["bronze:Overheat","bronze:Deprecate+1"],"picked":"bronze:Boost+1","floor":28.0},{"not_picked":["bronze:WhirlingStrike+1","bronze:Branch"],"picked":"bronze:Frontload+1","floor":29.0},{"not_picked":["bronze:BugBarrage+1","bronze:BitShift","bronze:Separator+1"],"picked":"SKIP","floor":31.0},{"not_picked":["bronze:Overheat+1","bronze:Constructor","bronze:Separator+1"],"picked":"SKIP","floor":32.0},{"not_picked":["bronze:RecursiveStrike+1","bronze:CleanCode"],"picked":"bronze:Library","floor":33.0},{"not_picked":["bronze:GetLatest+1","bronze:Branch+1"],"picked":"bronze:FollowUp+1","floor":36.0},{"not_picked":["bronze:Repair+1","bronze:Invalidate"],"picked":"bronze:FineTuning+1","floor":39.0},{"not_picked":["bronze:Safeguard+1","bronze:Separator+1"],"picked":"bronze:Branch+1","floor":40.0},{"not_picked":["bronze:Philosophize","bronze:Repair"],"picked":"bronze:Shell","floor":42.0},{"not_picked":["bronze:Turbo+1","bronze:Separator+1"],"picked":"bronze:Verify","floor":44.0},{"not_picked":["bronze:WildBeam+1","bronze:BugBarrage+1","bronze:Terminator"],"picked":"SKIP","floor":47.0},{"not_picked":["bronze:Shield+1","bronze:DelayedSlice+1"],"picked":"bronze:Frontload+1","floor":48.0},{"not_picked":["bronze:WhirlingStrike+1","bronze:Deprecate","bronze:Optimize"],"picked":"SKIP","floor":49.0},{"not_picked":["bronze:WhirlingStrike+1","bronze:DigitalCarnage+1","bronze:ShipIt+1"],"picked":"SKIP","floor":52}],"player_experience":678067,"relics_obtained":[{"floor":6.0,"key":"Bag of Preparation"},{"floor":7.0,"key":"Lantern"},{"floor":9.0,"key":"Orichalcum"},{"floor":10.0,"key":"Shuriken"},{"floor":11.0,"key":"Bottled Lightning"},{"floor":13.0,"key":"Nunchaku"},{"floor":24.0,"key":"bronze:ProtectiveGoggles"},{"floor":27.0,"key":"Meat on the Bone"},{"floor":31.0,"key":"Molten Egg 2"},{"floor":37.0,"key":"Bird Faced Urn"},{"floor":38.0,"key":"FossilizedHelix"},{"floor":42.0,"key":"White Beast Statue"},{"floor":46.0,"key":"Slimebound:StickyStick"},{"floor":48.0,"key":"Bag of Marbles"},{"floor":52,"key":"Oddly Smooth Stone"}],"event_choices":[{"damage_healed":0.0,"max_hp_gain":0.0,"max_hp_loss":0.0,"gold_gain":0.0,"event_name":"Mysterious Sphere","player_choice":"Fight","floor":38.0,"gold_loss":0.0,"damage_taken":0.0}],"is_beta":false,"boss_relics":[{"not_picked":["sneckomod:SneckoTalon","Fusion Hammer"],"picked":"Coffee Dripper"},{"not_picked":["Busted Crown","Snecko Eye"],"picked":"Cursed Key"}],"items_purged_floors":[21,44,47,53],"is_endless":false,"potions_floor_spawned":[2,3,6,10,13,14,23,26,31,33,38,39,40,44,47,48,49,52],"ascension_level":11}}