{"host":"1mdoazogr9tl4b3g","time":1611490901,"event":{"mods":["Act Like it!","Aspiration","Bard","BaseMod","Beaked The Cultist","BetterRewards","Block Reminder","Conspire","Downfall","Glutton Mod","Hermit","Hubris","Infinite Spire","Marisa????????","Mimic Mod","Minty Spire (QoL Compilation)","Rare Cards Sparkle","Relic Sorter","Replay The Spire","Shop Mod","StSLib","The Animator","The Blackbeard","The Bladedancer","The Bug Knight","The Construct","The Cursed","The Disciple","The Hierophant","The Mystic","The Necromancer","The Runesmith","The Servant 0.9.4","The Spell Scribe","Uncapped","Wandering Minibosses"],"gold_per_floor":[99,111,121,139,151,151,151,151,166,166,181,214,214,34,51,51,51,51],"floor_reached":16,"language":"ENG","playtime":1489,"items_purged":["Guardian:Defend_Guardian"],"score":104,"play_id":"08d34223-cca6-4a8a-8cb9-ff13d27948b5","local_time":"20210124062141","is_ascension_mode":false,"campfire_choices":[{"floor":1,"key":"RECALL"},{"data":"Guardian:RefractedBeam","floor":10,"key":"SMITH"}],"circlet_count":0,"master_deck":["Guardian:Strike_Guardian","Guardian:Strike_Guardian","Guardian:Strike_Guardian","Guardian:Defend_Guardian","Guardian:Defend_Guardian","Guardian:CurlUp","Guardian:TwinSlam","Guardian:RefractedBeam+1","Guardian:Recover","Guardian:Planning","Guardian:ShieldCharger","Guardian:PiercingHide","Guardian:DecasProtection","Guardian:Orbwalk","Guardian:ChargeCore"],"relics":["Guardian:ModeShifter","Mummified Hand"],"acts_visited":["Exordium"],"potions_floor_usage":[9,12,16],"damage_taken":[{"damage":5,"enemies":"Small Slimes","floor":2,"turns":4},{"damage":0,"enemies":"2 Louse","floor":3,"turns":2},{"damage":16,"enemies":"infinitespire:Voidling","floor":4,"turns":4},{"damage":14,"enemies":"Large Slime","floor":5,"turns":10},{"damage":7,"enemies":"conspire:2 RoseBushes","floor":9,"turns":4},{"damage":2,"enemies":"Blue Slaver","floor":11,"turns":4},{"damage":29,"enemies":"HollowMod:MossKnight","floor":12,"turns":16},{"damage":2,"enemies":"downfall:FleeingMerchant","floor":14,"turns":4},{"damage":6,"enemies":"3 Louse","floor":15,"turns":4},{"damage":71,"enemies":"WA_ARCHETYPE_RETAIN","floor":16,"turns":13}],"seed_played":"-3953378443520092430","potions_obtained":[{"floor":2,"key":"hexamod:SoulburnPotion"},{"floor":4,"key":"Explosive Potion"},{"floor":9,"key":"Swift Potion"},{"floor":12,"key":"Adrenaline Potion"},{"floor":15,"key":"PowerPotion"}],"is_trial":false,"path_per_floor":["R","M","M","M","M","?","T","?","M","R","M","E","?","$","M","B"],"character_chosen":"GUARDIAN","items_purchased":["Guardian:Orbwalk","Guardian:ChargeCore"],"campfire_rested":0,"item_purchase_floors":[14,14],"current_hp_per_floor":[88,83,83,74,60,60,60,60,53,53,51,22,51,49,43,0,0,0],"gold":51,"neow_bonus":"TEN_PERCENT_HP_BONUS","is_daily":false,"chose_seed":false,"campfire_upgraded":1,"win_rate":0.0,"timestamp":1611490901,"path_taken":["R","M","M","M","M","?","T","?","?","R","M","E","?","$","M","BOSS"],"items_purchased_type":["Card","Card"],"build_version":"2020-12-22","purchased_purges":1,"victory":false,"max_hp_per_floor":[88,88,88,88,88,88,88,88,88,88,88,88,88,88,88,88,88,88],"card_choices":[{"not_picked":["Guardian:Reroute","Guardian:WalkerClaw"],"picked":"Guardian:RefractedBeam","floor":2},{"not_picked":["Guardian:ArmoredProtocol","Guardian:Gem_Yellow"],"picked":"Guardian:Gem_Cyan","floor":3},{"not_picked":["Guardian:Gem_Green","Guardian:Incinerate"],"picked":"Guardian:Recover","floor":4},{"not_picked":["Guardian:CrystalBeam","Guardian:PrimingBeam","Guardian:SentryBeam"],"picked":"SKIP","floor":5},{"not_picked":["Guardian:PrimingBeam","Guardian:SpikerProtocol"],"picked":"Guardian:Planning","floor":9},{"not_picked":["Guardian:GuardianWhirl","Guardian:CrystalBeam"],"picked":"Guardian:ShieldCharger","floor":11},{"not_picked":["Guardian:GuardianWhirl","Guardian:TimeBomb"],"picked":"Guardian:PiercingHide","floor":12},{"not_picked":["Guardian:Gem_Synthetic","Guardian:Gem_Lightblue"],"picked":"Guardian:DecasProtection","floor":14},{"not_picked":["Guardian:Gem_Green","Guardian:Gem_Crimson","Guardian:CrystalBeam"],"picked":"SKIP","floor":15}],"player_experience":402346,"relics_obtained":[{"floor":12,"key":"Mummified Hand"}],"event_choices":[{"cards_removed":["Guardian:Defend_Guardian"],"damage_healed":0,"gold_gain":0,"player_choice":"Card Removal","damage_taken":0,"max_hp_gain":0,"max_hp_loss":0,"event_name":"The Cleric","floor":6,"gold_loss":0},{"cards_removed":["Guardian:Strike_Guardian"],"damage_healed":0,"gold_gain":0,"player_choice":"Offered Basic","damage_taken":0,"max_hp_gain":0,"max_hp_loss":0,"event_name":"Bonfire Elementals","floor":8,"gold_loss":0},{"damage_healed":29,"gold_gain":0,"player_choice":"Banana","damage_taken":0,"max_hp_gain":0,"max_hp_loss":0,"event_name":"Big Fish","floor":13,"gold_loss":0}],"is_beta":false,"boss_relics":[],"items_purged_floors":[14],"is_endless":false,"potions_floor_spawned":[2,4,9,12,15],"killed_by":"WA_ARCHETYPE_RETAIN","ascension_level":0}}