{"host":"x7xd4wkamhrqrrvw","time":1611451770,"event":{"mods":["AchievementEnabler","BaseMod","Minty Spire (QoL Compilation)","StSLib"],"gold_per_floor":[215,215,110,126,140,140,152,183,183,201,201,230,249,324,324,395,395,415,394,344,359,164,164,164],"floor_reached":23,"language":"ENG","playtime":1192,"items_purged":["Strike_R","Strike_R"],"score":376,"play_id":"67837055-af98-40eb-bcc0-c88e72c6a60c","local_time":"20210123232930","is_ascension_mode":true,"campfire_choices":[{"data":"Armaments","floor":6,"key":"SMITH"},{"data":"Disarm","floor":11,"key":"SMITH"},{"floor":15,"key":"REST"}],"circlet_count":0,"master_deck":["AscendersBane","Strike_R","Strike_R","Strike_R","Defend_R","Defend_R","Defend_R","Defend_R","Bash","Carnage","Armaments+1","Disarm+1","True Grit","Uppercut","Immolate","Impervious","Sever Soul+1","Dark Embrace","True Grit"],"relics":["Burning Blood","Regal Pillow","Akabeko","Kunai","Mark of Pain"],"acts_visited":["Exordium","TheCity"],"potions_floor_usage":[5,16,19,21,23],"damage_taken":[{"damage":12,"enemies":"Jaw Worm","floor":1,"turns":5},{"damage":4,"enemies":"Small Slimes","floor":4,"turns":4},{"damage":1,"enemies":"Cultist","floor":5,"turns":3},{"damage":11,"enemies":"Red Slaver","floor":7,"turns":4},{"damage":20,"enemies":"Lagavulin","floor":8,"turns":8},{"damage":10,"enemies":"Exordium Thugs","floor":10,"turns":5},{"damage":32,"enemies":"Gremlin Nob","floor":12,"turns":4},{"damage":5,"enemies":"Large Slime","floor":13,"turns":6},{"damage":17,"enemies":"The Guardian","floor":16,"turns":18},{"damage":10,"enemies":"3 Byrds","floor":18,"turns":7},{"damage":9,"enemies":"2 Thieves","floor":19,"turns":4},{"damage":21,"enemies":"Snake Plant","floor":21,"turns":5},{"damage":48,"enemies":"Gremlin Leader","floor":23,"turns":8}],"seed_played":"-6560503940408370370","potions_obtained":[{"floor":1,"key":"Dexterity Potion"},{"floor":4,"key":"DuplicationPotion"},{"floor":10,"key":"Energy Potion"},{"floor":16,"key":"Swift Potion"},{"floor":21,"key":"Strength Potion"}],"is_trial":false,"path_per_floor":["M","?","$","M","M","R","M","E","T","M","R","E","M","?","R","B",null,"M","M","?","M","$","E"],"character_chosen":"IRONCLAD","items_purchased":["Armaments","Dark Embrace","True Grit"],"campfire_rested":1,"item_purchase_floors":[3,22,22],"current_hp_per_floor":[62,62,62,64,69,69,64,50,50,46,46,20,21,10,47,36,65,61,58,58,43,43,0,0],"gold":164,"neow_bonus":"HUNDRED_GOLD","is_daily":false,"chose_seed":false,"campfire_upgraded":2,"win_rate":0.0,"timestamp":1611451770,"path_taken":["M","?","$","M","M","R","M","E","T","M","R","E","M","?","R","BOSS","M","M","?","M","$","E"],"items_purchased_type":["Card","Card","Card"],"build_version":"2020-12-22","purchased_purges":2,"victory":false,"max_hp_per_floor":[75,75,75,75,75,75,75,75,75,75,75,75,75,75,75,75,75,75,75,75,75,75,75,75],"card_choices":[{"not_picked":["Havoc","Headbutt"],"picked":"Carnage","floor":1},{"not_picked":["Second Wind","Warcry"],"picked":"Disarm","floor":4},{"not_picked":["Hemokinesis","Bloodletting"],"picked":"True Grit","floor":5},{"not_picked":["Sword Boomerang","Iron Wave","Warcry"],"picked":"SKIP","floor":7},{"not_picked":["Blood for Blood","Heavy Blade","Burning Pact"],"picked":"SKIP","floor":8},{"not_picked":["Clash","Carnage","Perfected Strike"],"picked":"SKIP","floor":10},{"not_picked":["Shrug It Off","Rupture"],"picked":"Uppercut","floor":12},{"not_picked":["Combust","Second Wind"],"picked":"Immolate","floor":13},{"not_picked":["Feed","Immolate"],"picked":"Impervious","floor":16},{"not_picked":["Pommel Strike","Heavy Blade","Seeing Red"],"picked":"SKIP","floor":18},{"not_picked":["Heavy Blade","Infernal Blade","Pommel Strike"],"picked":"SKIP","floor":19},{"not_picked":["Metallicize+1","Searing Blow"],"picked":"Sever Soul+1","floor":21}],"player_experience":398295,"relics_obtained":[{"floor":8,"key":"Regal Pillow"},{"floor":9,"key":"Akabeko"},{"floor":12,"key":"Kunai"}],"event_choices":[{"damage_healed":0,"gold_gain":0,"player_choice":"Leave","damage_taken":0,"max_hp_gain":0,"max_hp_loss":0,"event_name":"The Cleric","floor":2,"gold_loss":0},{"damage_healed":0,"gold_gain":75,"player_choice":"Gather Gold","damage_taken":11,"max_hp_gain":0,"max_hp_loss":0,"event_name":"World of Goop","floor":14,"gold_loss":0},{"damage_healed":0,"gold_gain":0,"player_choice":"Bet on Murderer","damage_taken":0,"max_hp_gain":0,"max_hp_loss":0,"event_name":"The Joust","floor":20,"gold_loss":50}],"is_beta":false,"boss_relics":[{"not_picked":["Calling Bell","Pandora\u0027s Box"],"picked":"Mark of Pain"}],"items_purged_floors":[3,22],"is_endless":false,"potions_floor_spawned":[1,4,10,16,18,21],"killed_by":"Gremlin Leader","ascension_level":17}}