{"host":"aj7el8l5kufbk20z","time":1611467902,"event":{"mods":["AchievementEnabler","BaseMod","Colored Map","Colored Powertips","Curses Come First","Highlight Path","Minty Spire (QoL Compilation)","Permanent Neow","Poor People Problems","Quick Restart","Rare Cards Sparkle","Relic Stats","StSLib","SuperFastMode","Waifu the Spire"],"gold_per_floor":[109,109,127,127,145,145,169,182,182,182,182,182],"floor_reached":11,"language":"ZHS","playtime":467,"items_purged":[],"score":104,"play_id":"04dae2f8-e2d3-472d-93b3-c837dc89e224","local_time":"20210124135822","is_ascension_mode":true,"campfire_choices":[{"data":"Deadly Poison","floor":6,"key":"SMITH"},{"floor":10,"key":"REST"}],"circlet_count":0,"master_deck":["AscendersBane","Strike_G","Strike_G","Strike_G","Strike_G","Strike_G","Defend_G+1","Defend_G","Defend_G","Defend_G","Defend_G","Survivor+1","Neutralize","Backflip","Acrobatics","Injury","Deadly Poison+1","Deflect","Blade Dance"],"relics":["Ring of the Snake","War Paint","Golden Idol","Question Card"],"acts_visited":["Exordium"],"potions_floor_usage":[],"damage_taken":[{"damage":0,"enemies":"2 Louse","floor":1,"turns":4},{"damage":3,"enemies":"Small Slimes","floor":3,"turns":5},{"damage":0,"enemies":"Cultist","floor":5,"turns":6},{"damage":27,"enemies":"Large Slime","floor":7,"turns":9},{"damage":12,"enemies":"Exordium Thugs","floor":8,"turns":5},{"damage":0,"enemies":"Gremlin Nob","floor":11,"turns":1}],"seed_played":"-5065317560972670914","potions_obtained":[{"floor":5,"key":"Explosive Potion"},{"floor":8,"key":"BlessingOfTheForge"}],"is_trial":false,"path_per_floor":["M","$","M","?","M","R","M","M","T","R","E"],"character_chosen":"THE_SILENT","items_purchased":[],"campfire_rested":1,"item_purchase_floors":[],"current_hp_per_floor":[63,63,60,60,60,60,33,21,21,42,42,42],"gold":182,"neow_bonus":"RANDOM_COMMON_RELIC","is_daily":false,"chose_seed":false,"campfire_upgraded":1,"win_rate":0.0,"timestamp":1611467902,"path_taken":["M","$","M","?","M","R","M","M","T","R","E"],"items_purchased_type":[],"build_version":"2020-12-22","purchased_purges":0,"victory":false,"max_hp_per_floor":[70,70,70,70,70,70,70,70,70,70,70,70],"relic_stats":{"counters":[6,30],"Golden Idol":12,"War Paint":["Survivor","Defend_G"],"Question Card":0,"obtain_stats":[{"Golden Idol":4,"War Paint":0,"Question Card":9,"Ring of the Snake":0},{"Golden Idol":2,"War Paint":0,"Question Card":5,"Ring of the Snake":0},{"Golden Idol":9,"War Paint":0,"Question Card":29,"Ring of the Snake":0}],"Ring of the Snake":[12]},"card_choices":[{"not_picked":["Reflex","Deflect"],"picked":"Backflip","floor":1},{"not_picked":["Poisoned Stab","Sucker Punch"],"picked":"Acrobatics","floor":3},{"not_picked":["Masterful Stab","Sucker Punch"],"picked":"Deadly Poison","floor":5},{"not_picked":["Sucker Punch","Flying Knee"],"picked":"Deflect","floor":7},{"not_picked":["Crippling Poison","Poisoned Stab"],"picked":"Blade Dance","floor":8}],"player_experience":372845,"relics_obtained":[{"floor":9,"key":"Question Card"}],"event_choices":[{"damage_healed":0,"gold_gain":0,"player_choice":"Take Wound","damage_taken":0,"relics_obtained":["Golden Idol"],"max_hp_gain":0,"max_hp_loss":0,"event_name":"Golden Idol","floor":4,"gold_loss":0,"cards_obtained":["Injury"]}],"is_beta":false,"boss_relics":[],"items_purged_floors":[],"is_endless":false,"potions_floor_spawned":[5,8],"killed_by":"Gremlin Nob","ascension_level":12}}