{"host":"c52z9ixzgdjttcmx","time":1611529566,"event":{"mods":["BaseMod","Colored Powertips","Downfall","Filter the Spire","Minty Spire (QoL Compilation)","Rare Cards Sparkle","Relic Stats","StSLib"],"gold_per_floor":[99,99,164,89,89,114,114,64,80,98,48,68,243,260,270,371,371,321,331,102,117,117,135,135,85,119,69,69,19,19,19,29,132,132,82,182,182,195,206,156,156,156,156,173,200,40,40,51,71,71],"floor_reached":51,"language":"ENG","playtime":2643,"items_purged":["Slimebound:Strike_Slimebound","Slimebound:Strike_Slimebound"],"score":843,"play_id":"e78fb24c-dc2b-4871-9779-bd7c607e6a2a","local_time":"20210124170606","is_ascension_mode":false,"campfire_choices":[{"data":"Slimebound:Split","floor":1,"key":"SMITH"},{"data":"Slimebound:CorrosiveSpit","floor":8,"key":"SMITH"},{"data":"Slimebound:SpikyOuterGoop","floor":11,"key":"SMITH"},{"data":"Slimebound:LeechEnergy","floor":18,"key":"SMITH"},{"data":"Slimebound:ProtectTheBoss","floor":25,"key":"SMITH"},{"data":"Slimebound:Split","floor":27,"key":"SMITH"},{"floor":29,"key":"REST"},{"data":"Slimebound:OneTwoCombo","floor":35,"key":"SMITH"},{"data":"Slimebound:TagTeam","floor":40,"key":"SMITH"},{"data":"Slimebound:MegaLick","floor":47,"key":"SMITH"}],"circlet_count":0,"master_deck":["Slimebound:Strike_Slimebound","Slimebound:Tackle","Slimebound:Defend_Slimebound","Slimebound:Defend_Slimebound","Slimebound:Defend_Slimebound","Slimebound:Defend_Slimebound","Slimebound:Split+1","Slimebound:CorrosiveSpit+1","Slimebound:Repurpose","Slimebound:SpikyOuterGoop+1","Slimebound:LivingWall","Slimebound:RallyTheTroops","Slimebound:ItLooksTasty","Slimebound:LeechEnergy+1","Slimebound:ItLooksTasty","Doubt","Slimebound:HauntingLick","Slimebound:SplitBruiser","Slimebound:Darklings","Slimebound:LeechEnergy","Slimebound:Prepare","Slimebound:RainOfGoop","Slimebound:ProtectTheBoss+1","Slimebound:SplitMire+1","Slimebound:SplitSpecialist+1","Slimebound:Split+1","Slimebound:ProtectTheBoss","downfall:Icky","Slimebound:HauntingLick+1","Decay","Necronomicurse","Slimebound:ServeAndProtect+1","Slimebound:OneTwoCombo+1","CurseOfTheBell","CurseOfTheBell","Parasite","Slimebound:TagTeam+1","Shame","Normality","Shame","Slimebound:SplitAcid","Slimebound:GoopSpray","Writhe","Slimebound:Prepare+1","Slimebound:MegaLick+1","Slimebound:LeadByExample","Slimebound:SplitAcid","Slimebound:SplitBruiser","Slimebound:LevelUp"],"relics":["Slimebound:AbsorbEndCombat","downfall:HeartsMalice","Smiling Mask","Slimebound:GreedOozeRelic","Bird Faced Urn","HornCleat","Cursed Key","Lizard Tail","Happy Flower","Letter Opener","Necronomicon","Philosopher\u0027s Stone","downfall:ExtraCursedBell","Potion Belt","StrikeDummy","CaptainsWheel","Bottled Flame","Bottled Lightning","Vajra"],"acts_visited":["Exordium","TheCity","TheBeyond"],"potions_floor_usage":[32,32],"damage_taken":[{"damage":0,"enemies":"Jaw Worm","floor":2,"turns":1},{"damage":0,"enemies":"3 Sentries","floor":3,"turns":1},{"damage":0,"enemies":"2 Louse","floor":5,"turns":1},{"damage":22,"enemies":"3 Sentries","floor":6,"turns":8},{"damage":0,"enemies":"Small Slimes","floor":9,"turns":3},{"damage":1,"enemies":"Red Slaver","floor":10,"turns":3},{"damage":0,"enemies":"3 Louse","floor":12,"turns":3},{"damage":0,"enemies":"Exordium Wildlife","floor":14,"turns":4},{"damage":10,"enemies":"Blue Slaver","floor":15,"turns":2},{"damage":42,"enemies":"WA_ARCHETYPE_RETAIN","floor":16,"turns":7},{"damage":7,"enemies":"Shell Parasite","floor":19,"turns":4},{"damage":0,"enemies":"downfall:FleeingMerchant","floor":20,"turns":4},{"damage":12,"enemies":"3 Byrds","floor":21,"turns":4},{"damage":25,"enemies":"Snecko","floor":23,"turns":6},{"damage":53,"enemies":"Slavers","floor":26,"turns":6},{"damage":10,"enemies":"Cultist and Chosen","floor":32,"turns":5},{"damage":10,"enemies":"DF_ARCHETYPE_CLAW","floor":33,"turns":7},{"damage":0,"enemies":"3 Darklings","floor":38,"turns":4},{"damage":10,"enemies":"Orb Walker","floor":39,"turns":3},{"damage":8,"enemies":"3 Darklings","floor":44,"turns":3},{"damage":0,"enemies":"Reptomancer","floor":45,"turns":5},{"damage":0,"enemies":"downfall:FleeingMerchant","floor":46,"turns":4},{"damage":0,"enemies":"Transient","floor":48,"turns":5},{"damage":0,"enemies":"Spire Growth","floor":49,"turns":2},{"damage":40,"enemies":"IC_BLOCK_ARCHETYPE","floor":50,"turns":10}],"seed_played":"9124839181803305991","potions_obtained":[{"floor":9,"key":"Block Potion"},{"floor":10,"key":"Weak Potion"},{"floor":12,"key":"Slimebound:SpawnSlimePotion"},{"floor":28,"key":"CultistPotion"},{"floor":33,"key":"champ:CounterPotion"},{"floor":44,"key":"PowerPotion"},{"floor":45,"key":"hexamod:SoulburnPotion"},{"floor":48,"key":"BlessingOfTheForge"}],"is_trial":false,"path_per_floor":["R","M","?","?","M","E","T","R","M","M","R","M","?","M","M","B",null,"R","M","$","M","?","M","T","R","E","R","?","R","T","?","M","B",null,"R","?","T","M","M","R","T","?","?","M","E","$","R","M","M","B",null],"character_chosen":"SLIMEBOUND","items_purchased":["Slimebound:RainOfGoop","Slimebound:ProtectTheBoss","Slimebound:SplitMire","Slimebound:LeadByExample","Slimebound:SplitAcid"],"campfire_rested":1,"item_purchase_floors":[20,20,20,46,46],"current_hp_per_floor":[65,65,65,65,65,47,47,47,49,52,52,58,58,65,57,25,65,65,65,65,57,57,40,40,40,34,34,34,53,53,37,39,41,65,65,70,70,70,64,64,64,64,64,66,70,70,70,70,70,34],"gold":71,"neow_bonus":"THREE_ENEMY_KILL","is_daily":false,"chose_seed":false,"campfire_upgraded":9,"win_rate":0.0,"timestamp":1611529566,"path_taken":["R","M","?","?","M","E","T","R","M","M","R","M","?","M","M","BOSS","R","M","$","M","?","?","T","R","E","R","?","R","?","?","M","BOSS","R","?","?","M","M","R","T","?","?","M","E","$","R","?","M","BOSS"],"items_purchased_type":["Card","Card","Card","Card","Card"],"build_version":"2020-12-22","purchased_purges":2,"victory":true,"max_hp_per_floor":[65,65,65,65,65,65,65,65,65,65,65,65,65,65,65,65,65,65,65,65,65,65,65,65,65,65,65,65,65,65,65,65,65,65,65,70,70,70,70,70,70,70,70,70,70,70,70,70,70,70],"relic_stats":{"Lizard Tail":32,"Happy Flower":[16],"counters":[25,94],"Bird Faced Urn":[32],"Necronomicon":[9],"Letter Opener":[186],"Smiling Mask":75,"Cursed Key":4,"obtain_stats":[{"Potion Belt":36,"Happy Flower":26,"Vajra":45,"downfall:HeartsMalice":0,"Letter Opener":30,"Smiling Mask":3,"Cursed Key":17,"Slimebound:GreedOozeRelic":4,"Lizard Tail":24,"CaptainsWheel":36,"Bottled Flame":37,"HornCleat":7,"Bird Faced Urn":6,"Philosopher\u0027s Stone":34,"Slimebound:AbsorbEndCombat":0,"Necronomicon":31,"Bottled Lightning":41,"downfall:ExtraCursedBell":36,"StrikeDummy":36},{"Potion Belt":17,"Happy Flower":15,"Vajra":21,"downfall:HeartsMalice":0,"Letter Opener":15,"Smiling Mask":1,"Cursed Key":10,"Slimebound:GreedOozeRelic":2,"Lizard Tail":14,"CaptainsWheel":17,"Bottled Flame":17,"HornCleat":4,"Bird Faced Urn":4,"Philosopher\u0027s Stone":17,"Slimebound:AbsorbEndCombat":0,"Necronomicon":15,"Bottled Lightning":19,"downfall:ExtraCursedBell":17,"StrikeDummy":17},{"Potion Belt":59,"Happy Flower":49,"Vajra":73,"downfall:HeartsMalice":0,"Letter Opener":49,"Smiling Mask":0,"Cursed Key":26,"Slimebound:GreedOozeRelic":0,"Lizard Tail":43,"CaptainsWheel":59,"Bottled Flame":59,"HornCleat":7,"Bird Faced Urn":7,"Philosopher\u0027s Stone":59,"Slimebound:AbsorbEndCombat":0,"Necronomicon":49,"Bottled Lightning":65,"downfall:ExtraCursedBell":59,"StrikeDummy":59}]},"card_choices":[{"not_picked":["Slimebound:GoopTackle","Slimebound:LeechingTouch"],"picked":"Slimebound:Repurpose","floor":2},{"not_picked":["Slimebound:LeechingTouch","Slimebound:Schlurp"],"picked":"Slimebound:SpikyOuterGoop","floor":3},{"not_picked":["Slimebound:LeechingTouch","Slimebound:SplitAcid"],"picked":"Slimebound:LivingWall","floor":5},{"not_picked":["Slimebound:SplitBruiser","Slimebound:DuplicatedForm"],"picked":"Slimebound:RallyTheTroops","floor":6},{"not_picked":["Slimebound:SplitBruiser","Slimebound:BestDefense"],"picked":"Slimebound:ItLooksTasty","floor":9},{"not_picked":["Slimebound:PressTheAttack","Slimebound:Grow"],"picked":"Slimebound:LeechEnergy","floor":10},{"not_picked":["Slimebound:LivingWall","Slimebound:FinishingTackle"],"picked":"Slimebound:ItLooksTasty","floor":12},{"not_picked":["Slimebound:Schlurp","Slimebound:ForwardTackle"],"picked":"Slimebound:HauntingLick","floor":14},{"not_picked":["Slimebound:AcidTongue","Slimebound:Equalize"],"picked":"Slimebound:SplitBruiser","floor":15},{"not_picked":["Slimebound:DouseInSlime","Slimebound:MassRepurpose"],"picked":"Slimebound:Darklings","floor":16},{"not_picked":["Slimebound:Schlurp","Slimebound:ForwardTackle"],"picked":"Slimebound:LeechEnergy","floor":19},{"not_picked":["Slimebound:Dissolve","Slimebound:FormOfPuddle"],"picked":"Slimebound:Prepare","floor":20},{"not_picked":["Slimebound:Dissolve","Slimebound:SplitBruiser"],"picked":"Slimebound:SplitSpecialist+1","floor":21},{"not_picked":["Slimebound:GrowthPunch","Slimebound:Gluttony"],"picked":"Slimebound:ProtectTheBoss","floor":23},{"not_picked":["Slimebound:ProtectTheBoss","Slimebound:Chomp"],"picked":"Slimebound:HauntingLick+1","floor":26},{"not_picked":["Slimebound:SlimeSpikes","Slimebound:ProtectTheBoss"],"picked":"Slimebound:ServeAndProtect+1","floor":32},{"not_picked":["Slimebound:SelfFormingGoo","Slimebound:DouseInSlime"],"picked":"Slimebound:OneTwoCombo","floor":33},{"not_picked":["Slimebound:RejuvenatingLick","Slimebound:GrowthPunch+1"],"picked":"Slimebound:SplitAcid","floor":38},{"not_picked":["Slimebound:ComboTackle","Slimebound:RollThrough+1"],"picked":"Slimebound:GoopSpray","floor":39},{"not_picked":["Slimebound:ComboTackle+1","Slimebound:LeechEnergy+1"],"picked":"Slimebound:Prepare+1","floor":44},{"not_picked":["Slimebound:ItLooksTasty","Slimebound:GoopTackle+1","Slimebound:ForwardTackle"],"picked":"SKIP","floor":45},{"not_picked":["Slimebound:Prepare+1","Slimebound:DouseInSlime"],"picked":"Slimebound:MegaLick","floor":46},{"not_picked":["Slimebound:GoopTackle+1","Slimebound:LeechEnergy+1"],"picked":"Slimebound:SplitBruiser","floor":48},{"not_picked":["Slimebound:SlimeSpikes","Slimebound:DisruptingSlam"],"picked":"Slimebound:LevelUp","floor":49}],"player_experience":3346907,"relics_obtained":[{"floor":6,"key":"Bird Faced Urn"},{"floor":7,"key":"HornCleat"},{"floor":24,"key":"Lizard Tail"},{"floor":26,"key":"Happy Flower"},{"floor":30,"key":"Letter Opener"},{"floor":31,"key":"Necronomicon"},{"floor":36,"key":"Potion Belt"},{"floor":36,"key":"StrikeDummy"},{"floor":36,"key":"CaptainsWheel"},{"floor":37,"key":"Bottled Flame"},{"floor":41,"key":"Bottled Lightning"},{"floor":45,"key":"Vajra"}],"event_choices":[],"is_beta":false,"boss_relics":[{"not_picked":["SacredBark","Tiny House"],"picked":"Cursed Key"},{"not_picked":["Slimebound:TarBlob","Sozu"],"picked":"Philosopher\u0027s Stone"}],"items_purged_floors":[20,46],"is_endless":false,"potions_floor_spawned":[9,10,12,15,21,26,33,44,45,48],"ascension_level":0}}