{"host":"l84l8xigz5v5foa2","time":1611467426,"event":{"mods":["2.2 Compatiblity","AchievementEnabler","BaseMod","Better Note","Better Vampires","Card Filter","Colored Map","DeckTracker","Gremlin Skip","Highlight Path","Keyboard Shortcuts","Minty Spire (QoL Compilation)","Permanent Neow","Quick Restart","Relic Filter","Relic Stats","Shop Mod","StSLib","SuperFastMode","Transform Curses","Unknown Chances"],"gold_per_floor":[116,116,116,136,136,136,151,151,177,177,177],"floor_reached":10,"language":"KOR","playtime":235,"items_purged":[],"score":98,"play_id":"49a605f0-ea5b-4915-86fa-404d230401b0","local_time":"20210124145026","is_ascension_mode":true,"campfire_choices":[{"data":"Neutralize","floor":6,"key":"SMITH"},{"data":"Survivor","floor":8,"key":"SMITH"}],"circlet_count":0,"master_deck":["AscendersBane","Strike_G","Strike_G","Strike_G","Strike_G","Strike_G","Defend_G","Defend_G+1","Defend_G","Defend_G","Defend_G","Survivor+1","Neutralize+1","Chrysalis","Calculated Gamble+1","Deflect","Masterful Stab"],"relics":["Ring of the Snake","Golden Idol","Omamori"],"acts_visited":[],"potions_floor_usage":[10],"damage_taken":[{"damage":14.0,"enemies":"Jaw Worm","floor":1.0,"turns":7.0},{"damage":4,"enemies":"Small Slimes","floor":4,"turns":4},{"damage":1,"enemies":"2 Louse","floor":7,"turns":5},{"damage":38,"enemies":"Lagavulin","floor":10,"turns":11}],"seed_played":"-6529479579304908064","potions_obtained":[{"floor":1.0,"key":"Swift Potion"}],"is_trial":false,"path_per_floor":["M","?","?","M","?","R","M","R","T","E"],"character_chosen":"THE_SILENT","items_purchased":[],"campfire_rested":0,"item_purchase_floors":[],"current_hp_per_floor":[45,27,27,23,28,28,27,27,27,0,0],"gold":177,"neow_bonus":"RANDOM_COLORLESS_2","is_daily":false,"chose_seed":false,"campfire_upgraded":2,"win_rate":0.0,"timestamp":1611467426,"path_taken":["M","?","?","M","?","R","M","R","T","E"],"items_purchased_type":[],"build_version":"2020-12-22","purchased_purges":0,"victory":false,"max_hp_per_floor":[60,60,54,54,59,59,59,59,59,59,59],"relic_stats":{"counters":[4,27],"Golden Idol":7,"obtain_stats":[{"Golden Idol":3,"Omamori":9,"Ring of the Snake":0},{"Golden Idol":1,"Omamori":3,"Ring of the Snake":0},{"Golden Idol":7,"Omamori":16,"Ring of the Snake":0}],"Ring of the Snake":[8]},"card_choices":[{"not_picked":["Metamorphosis","Secret Weapon"],"picked":"Chrysalis","floor":0.0},{"not_picked":["Deadly Poison","Underhanded Strike"],"picked":"Calculated Gamble","floor":1.0},{"not_picked":["Outmaneuver","Concentrate"],"picked":"Deflect","floor":4},{"not_picked":["Quick Slash","Leg Sweep"],"picked":"Masterful Stab","floor":7}],"player_experience":1419548,"relics_obtained":[{"floor":9,"key":"Omamori"}],"event_choices":[{"damage_healed":0.0,"max_hp_gain":0.0,"max_hp_loss":0.0,"gold_gain":0.0,"event_name":"Shining Light","player_choice":"Entered Light","floor":2.0,"gold_loss":0.0,"damage_taken":18.0,"cards_upgraded":["Calculated Gamble","Defend_G"]},{"damage_healed":0.0,"max_hp_gain":0.0,"max_hp_loss":6.0,"gold_gain":0.0,"event_name":"Golden Idol","player_choice":"Lose Max HP","floor":3.0,"gold_loss":0.0,"damage_taken":0.0,"relics_obtained":["Golden Idol"]},{"damage_healed":0,"gold_gain":0,"player_choice":"Donut","damage_taken":0,"max_hp_gain":5,"max_hp_loss":0,"event_name":"Big Fish","floor":5,"gold_loss":0}],"is_beta":false,"boss_relics":[],"items_purged_floors":[],"is_endless":false,"potions_floor_spawned":[1],"killed_by":"Lagavulin","ascension_level":15}}