{"host":"iml8x8es9od4zowg","time":1611495225,"event":{"mods":["2.2 Compatiblity","BaseMod","Marisa£¨Ùöéë¡¡Øª×âÞÞ£©","Minty Spire (QoL Compilation)","StSLib","Td1madao Mod","The Jungle","¡¼?Úª?ø«¡½REMEMod"],"gold_per_floor":[114,39,52,72,72,106,119,119,145,157,168,199,28,42,42,140,140,155,174,174,174,192,192,218,218,218,229,254,274,288,188,188,293,343,356,231,231,36,51,78,78,108,135,168,180,207,219,81,81,81,81,81,29,61,61],"floor_reached":56,"language":"KOR","playtime":4218,"items_purged":["Chip","Strike_C","Backup","Defend_C"],"score":1418,"play_id":"023fcfad-eb1d-4113-9d90-47aeb9af3b67","local_time":"20210124223345","is_ascension_mode":true,"campfire_choices":[{"floor":8,"key":"REST"},{"data":"Shockwave Tdmadao","floor":15,"key":"SMITH"},{"data":"Furious","floor":23,"key":"SMITH"},{"data":"Bursts","floor":32,"key":"SMITH"},{"floor":41,"key":"RECALL"},{"floor":47,"key":"REST"},{"data":"Shockwave Tdmadao","floor":49,"key":"SMITH"},{"data":"REME_Flogging","floor":52,"key":"SMITH"}],"circlet_count":0,"master_deck":["Strike_C+1","Strike_C","Strike_C","Defend_C","Defend_C","Defend_C","Knight Kick","Furious+1","REME_HeartOfCthun","Bugfix","Lunge","Shockwave Tdmadao+1","REME_MawOfCthun","Lore+1","Overclocking","Oblique Hack+1","Preparedness","Overclocking","Oblique Hack+1","Bursts+1","Moon Tear","Transfer Energy","Sub Weapons","Shockwave Tdmadao+1","REME_Flogging+1","Twin Teeth","Shockwave Tdmadao+1","Energy Supply+1"],"relics":["Apod","REME_ComplimentaryCards","Bag of Preparation","MealTicket","Nunchaku","REME_ChargedStone","theJungle:BirthdayCakeSlice","Potion Belt","HornCleat","CaptainsWheel","Tiny House","Mummified Hand","REME_PuzzleBoxRelic","MawBank","Whetstone"],"acts_visited":["Exordium","Exordium","TheBeyond","TheEnding"],"potions_floor_usage":[6,6,12,12,16,44,55,55,55,55],"damage_taken":[{"damage":8,"enemies":"Jaw Worm","floor":1,"turns":5},{"damage":6,"enemies":"Cultist","floor":3,"turns":3},{"damage":0,"enemies":"Small Slimes","floor":4,"turns":1},{"damage":19,"enemies":"Lagavulin","floor":6,"turns":10},{"damage":3,"enemies":"Exordium Thugs","floor":7,"turns":4},{"damage":3,"enemies":"Looter","floor":10,"turns":3},{"damage":6,"enemies":"Large Slime","floor":11,"turns":8},{"damage":14,"enemies":"Gremlin Nob","floor":12,"turns":3},{"damage":3,"enemies":"Blue Slaver","floor":14,"turns":5},{"damage":4,"enemies":"Hexaghost","floor":16,"turns":8},{"damage":2,"enemies":"theJungle:MUSHROOMGANG","floor":18,"turns":3},{"damage":11,"enemies":"theJungle:Flameango_and_Byrd","floor":19,"turns":5},{"damage":11,"enemies":"theJungle:SlimyTreeVines","floor":22,"turns":4},{"damage":0,"enemies":"theJungle:2_Phrogs","floor":24,"turns":6},{"damage":6,"enemies":"theJungle:Snecko_Cultist_And_Trap","floor":27,"turns":4},{"damage":0,"enemies":"theJungle:Cassacara","floor":28,"turns":5},{"damage":1,"enemies":"theJungle:JungleHuntersEncounter","floor":29,"turns":4},{"damage":0,"enemies":"theJungle:SlimyTreeVines","floor":30,"turns":4},{"damage":0,"enemies":"theJungle:QueenSpyder","floor":33,"turns":7},{"damage":2,"enemies":"3 Shapes","floor":35,"turns":4},{"damage":0,"enemies":"Orb Walker","floor":39,"turns":4},{"damage":38,"enemies":"Nemesis","floor":40,"turns":7},{"damage":0,"enemies":"Giant Head","floor":42,"turns":4},{"damage":0,"enemies":"Nemesis","floor":44,"turns":3},{"damage":4,"enemies":"3 Darklings","floor":46,"turns":2},{"damage":32,"enemies":"Time Eater","floor":50,"turns":5},{"damage":32,"enemies":"Shield and Spear","floor":54,"turns":6},{"damage":24,"enemies":"The Heart","floor":55,"turns":7}],"seed_played":"-2853033502375422923","potions_obtained":[{"floor":3,"key":"Fire Potion"},{"floor":4,"key":"SkillPotion"},{"floor":10,"key":"Swift Potion"},{"floor":11,"key":"SteroidPotion"},{"floor":12,"key":"SteroidPotion"},{"floor":14,"key":"Ancient Potion"},{"floor":22,"key":"PowerPotion"},{"floor":28,"key":"PowerPotion"},{"floor":33,"key":"FairyPotion"},{"floor":34,"key":"PowerPotion"}],"is_trial":false,"path_per_floor":["M","$","M","M","?","E","M","R","T","M","M","E","$","M","R","B",null,"M","M","?","?","M","R","E","?","T","M","E","M","M","$","R","B",null,"M","$","?","$","M","E","R","E","T","E","?","M","R","$","R","B",null,"R","$","E","B",null],"character_chosen":"TD1MADAO_CLASS","items_purchased":["REME_MawOfCthun","REME_Flogging","PowerPotion"],"campfire_rested":2,"item_purchase_floors":[13,38,53],"current_hp_per_floor":[62,62,56,56,56,37,34,55,55,52,46,32,47,44,44,40,70,68,57,62,62,56,56,56,56,56,50,50,49,54,69,69,69,80,78,80,80,80,80,42,42,42,42,42,42,38,60,75,75,43,76,76,76,44,20],"gold":61,"neow_bonus":"ONE_RANDOM_RARE_CARD","is_daily":false,"chose_seed":false,"campfire_upgraded":5,"win_rate":0.0,"timestamp":1611495225,"path_taken":["M","$","M","M","?","E","M","R","T","M","M","E","$","M","R","BOSS","M","M","?","?","?","R","E","?","T","M","E","M","M","$","R","BOSS","M","$","?","?","M","E","R","E","T","E","?","M","R","$","R","BOSS","R","$","E","BOSS"],"items_purchased_type":["Card","Card","Potion"],"build_version":"2020-12-22","purchased_purges":4,"victory":true,"max_hp_per_floor":[70,70,70,70,70,70,70,70,70,70,70,70,70,70,70,70,70,70,70,75,75,75,75,75,75,75,75,75,75,75,75,75,75,80,80,80,80,80,80,80,80,80,80,80,76,76,76,76,76,76,76,76,76,76,76],"card_choices":[{"not_picked":["Sudden Beat","Lore"],"picked":"Bugfix","floor":1},{"not_picked":["Fixing","Awareness","Black Dance"],"picked":"SKIP","floor":3},{"not_picked":["De Ware Chip","Floating Swing Kick","Reflection Mechanism"],"picked":"SKIP","floor":4},{"not_picked":["Cursed Blade","Trader"],"picked":"Lunge","floor":6},{"not_picked":["Resistance","Money Cant Rescue","Recovery Mechanism"],"picked":"SKIP","floor":7},{"not_picked":["Resistance","Lunge"],"picked":"Backup","floor":10},{"not_picked":["Judgment","Thunder Jump","Twin Teeth"],"picked":"SKIP","floor":11},{"not_picked":["Light Attack","Black Execution"],"picked":"Shockwave Tdmadao","floor":12},{"not_picked":["Black Execution","Energy Supply"],"picked":"Lore","floor":14},{"not_picked":["Furious","Memory Alloy"],"picked":"Overclocking","floor":16},{"not_picked":["Fixing","Cursed Blade"],"picked":"Oblique Hack+1","floor":18},{"not_picked":["Black Shadow","Provocative"],"picked":"Preparedness","floor":19},{"not_picked":["Fire Blade","Cursed Blade","Reinforcement Parts+1"],"picked":"SKIP","floor":22},{"not_picked":["Revenge","Awareness","Fire Up+1"],"picked":"SKIP","floor":24},{"not_picked":["Resistance","Format All Data","Fire Blade"],"picked":"SKIP","floor":27},{"not_picked":["Lunge","Rupture"],"picked":"Oblique Hack","floor":28},{"not_picked":["Defend System","Weapon Shift","Rupture"],"picked":"SKIP","floor":29},{"not_picked":["Three Hit+1","Floating Even"],"picked":"Bursts","floor":30},{"not_picked":["Optimization","Pod Laser"],"picked":"Moon Tear","floor":33},{"not_picked":["Light Attack","Floating Even"],"picked":"Transfer Energy","floor":34},{"not_picked":["New Defend Magic","Lore"],"picked":"Sub Weapons","floor":35},{"not_picked":["Black Execution","Cursed Blade"],"picked":"Twin Teeth","floor":39},{"not_picked":["Sub Weapons","Weapon Shift+1"],"picked":"Shockwave Tdmadao","floor":40},{"not_picked":["Floating Swing Kick","Black Shadow","New Defend Magic"],"picked":"SKIP","floor":42},{"not_picked":["Rupture+1","Resistance","Black Spear"],"picked":"SKIP","floor":44},{"not_picked":["Afterwards+1","Rupture","Machining"],"picked":"SKIP","floor":46},{"not_picked":["Furious","Black Dance"],"picked":"Energy Supply+1","floor":54}],"player_experience":561271,"relics_obtained":[{"floor":6,"key":"Bag of Preparation"},{"floor":9,"key":"MealTicket"},{"floor":12,"key":"Nunchaku"},{"floor":24,"key":"Potion Belt"},{"floor":26,"key":"HornCleat"},{"floor":28,"key":"CaptainsWheel"},{"floor":40,"key":"Mummified Hand"},{"floor":42,"key":"REME_PuzzleBoxRelic"},{"floor":44,"key":"MawBank"},{"floor":54,"key":"Whetstone"}],"event_choices":[{"damage_healed":0,"gold_gain":0,"player_choice":"Ignored","damage_taken":0,"max_hp_gain":0,"max_hp_loss":0,"event_name":"NoteForYourself","floor":5,"gold_loss":0},{"damage_healed":0,"gold_gain":0,"player_choice":"1 cards matched","damage_taken":0,"max_hp_gain":0,"max_hp_loss":0,"event_name":"Match and Keep!","floor":25,"gold_loss":0,"cards_obtained":["Overclocking"]},{"damage_healed":0,"gold_gain":0,"player_choice":"Copied","damage_taken":0,"max_hp_gain":0,"max_hp_loss":0,"event_name":"Duplicator","floor":37,"gold_loss":0,"cards_obtained":["Shockwave Tdmadao"]},{"damage_healed":0,"gold_gain":0,"player_choice":"Max HP","damage_taken":0,"max_hp_gain":0,"max_hp_loss":4,"event_name":"Winding Halls","floor":45,"gold_loss":0}],"is_beta":false,"boss_relics":[{"not_picked":["Velvet Choker","Philosopher\u0027s Stone"],"picked":"REME_ChargedStone"},{"not_picked":["Astrolabe","Cursed Key"],"picked":"Tiny House"}],"items_purged_floors":[2,31,36,48],"is_endless":false,"potions_floor_spawned":[3,4,10,11,12,14,22,28,33,35,42],"ascension_level":1}}