{"host":"j4g6ia6asvpyu2b0","time":1611529013,"event":{"mods":["BaseMod","Colored Map","Minty Spire (QoL Compilation)","Permanent Neow","Quick Restart","Relic Stats","StSLib","Unceasing Turn Reminder"],"gold_per_floor":[365,365,385,385,398,398,134,164,164,193,193,203,203,203,203,277,277,294,294,209,219,494,494,524,524,524,524,556,576,501,501,501],"floor_reached":31,"language":"ENG","playtime":607,"items_purged":[],"score":544,"play_id":"7a0eb198-ca73-4e07-a5e3-7cd628b391a3","local_time":"20210124155653","is_ascension_mode":true,"campfire_choices":[{"data":"Whirlwind","floor":6.0,"key":"SMITH"},{"data":"Bash","floor":15.0,"key":"SMITH"},{"floor":23.0,"key":"REST"},{"data":"Offering","floor":25.0,"key":"SMITH"},{"floor":27.0,"key":"REST"}],"circlet_count":0,"master_deck":["AscendersBane","Strike_R+1","Strike_R+1","Strike_R+1","Strike_R+1","Defend_R+1","Defend_R+1","Defend_R+1","Defend_R+1","Bash+1","Whirlwind+1","Body Slam+1","Anger","Clothesline","Offering+1","Perfected Strike","Feed","Anger","Iron Wave","Hemokinesis","Thunderclap","Anger"],"relics":["Burning Blood","Mercury Hourglass","Gremlin Horn","Kunai","Art of War","Busted Crown","Juzu Bracelet","Eternal Feather","Bronze Scales","Bag of Preparation"],"acts_visited":["Exordium","TheCity"],"potions_floor_usage":[28],"damage_taken":[{"damage":2.0,"enemies":"2 Louse","floor":1.0,"turns":4.0},{"damage":9.0,"enemies":"Jaw Worm","floor":3.0,"turns":5.0},{"damage":2.0,"enemies":"Cultist","floor":5.0,"turns":4.0},{"damage":30.0,"enemies":"Lagavulin","floor":8.0,"turns":7.0},{"damage":15.0,"enemies":"3 Sentries","floor":10.0,"turns":3.0},{"damage":7.0,"enemies":"2 Fungi Beasts","floor":12.0,"turns":2.0},{"damage":26.0,"enemies":"Hexaghost","floor":16.0,"turns":8.0},{"damage":28.0,"enemies":"2 Thieves","floor":18.0,"turns":3.0},{"damage":20.0,"enemies":"Shell Parasite","floor":21.0,"turns":3.0},{"damage":42.0,"enemies":"Slavers","floor":24.0,"turns":4.0},{"damage":14,"enemies":"Gremlin Leader","floor":28,"turns":6},{"damage":12,"enemies":"Centurion and Healer","floor":29,"turns":3}],"seed_played":"2146051385579612719","potions_obtained":[{"floor":5.0,"key":"BloodPotion"},{"floor":10.0,"key":"LiquidBronze"},{"floor":24.0,"key":"SkillPotion"}],"is_trial":false,"path_per_floor":["M","?","M","?","M","R","$","E","T","E","?","M","$","?","R","B",null,"M","?","?","M","?","R","E","R","T","R","E","M","?","$"],"character_chosen":"IRONCLAD","items_purchased":["Mercury Hourglass"],"campfire_rested":2,"item_purchase_floors":[7],"current_hp_per_floor":[68,73,70,70,73,73,73,49,49,40,40,39,39,17,17,11,58,39,39,39,28,28,51,18,30,30,66,61,55,55,55,55],"gold":501,"neow_bonus":"TWO_FIFTY_GOLD","is_daily":false,"chose_seed":false,"campfire_upgraded":3,"win_rate":0.0,"timestamp":1611529013,"path_taken":["M","?","M","?","?","R","$","E","T","E","?","M","?","?","R","BOSS","M","?","?","M","?","R","E","R","T","R","E","M","?","$"],"items_purchased_type":["Relic"],"build_version":"2020-12-22","purchased_purges":0,"victory":false,"max_hp_per_floor":[68,73,73,73,73,73,73,73,73,73,73,73,73,73,73,73,73,76,76,76,79,79,79,82,82,82,82,85,85,85,85,85],"relic_stats":{"Busted Crown":10,"Gremlin Horn":[12,12],"counters":[12,52],"Bronze Scales":[15],"Eternal Feather":24,"Art of War":[0],"Juzu Bracelet":1,"Bag of Preparation":[2],"Kunai":[22],"obtain_stats":[{"Busted Crown":17,"Gremlin Horn":8,"Bronze Scales":26,"Eternal Feather":24,"Art of War":10,"Juzu Bracelet":20,"Bag of Preparation":28,"Kunai":9,"Burning Blood":0,"Mercury Hourglass":7},{"Busted Crown":7,"Gremlin Horn":4,"Bronze Scales":10,"Eternal Feather":10,"Art of War":5,"Juzu Bracelet":8,"Bag of Preparation":11,"Kunai":4,"Burning Blood":0,"Mercury Hourglass":3},{"Busted Crown":33,"Gremlin Horn":20,"Bronze Scales":43,"Eternal Feather":43,"Art of War":23,"Juzu Bracelet":36,"Bag of Preparation":49,"Kunai":20,"Burning Blood":0,"Mercury Hourglass":13}],"Burning Blood":67,"Mercury Hourglass":[160]},"card_choices":[{"not_picked":["Havoc","Headbutt"],"picked":"Whirlwind","floor":1.0},{"not_picked":["Reckless Charge","Feel No Pain"],"picked":"Body Slam","floor":3.0},{"not_picked":["Clash","Ghostly Armor"],"picked":"Anger","floor":5.0},{"not_picked":["Bloodletting","Rage"],"picked":"Clothesline","floor":8.0},{"not_picked":["Warcry","Second Wind"],"picked":"Offering","floor":10.0},{"not_picked":["Wild Strike","Cleave"],"picked":"Perfected Strike","floor":12.0},{"not_picked":["Juggernaut","Exhume"],"picked":"Feed","floor":16.0},{"not_picked":[],"picked":"Anger","floor":18.0},{"not_picked":[],"picked":"Iron Wave","floor":21.0},{"not_picked":[],"picked":"Hemokinesis","floor":24.0},{"not_picked":[],"picked":"Thunderclap","floor":28},{"not_picked":[],"picked":"Anger","floor":29}],"player_experience":996808,"relics_obtained":[{"floor":8.0,"key":"Gremlin Horn"},{"floor":9.0,"key":"Kunai"},{"floor":10.0,"key":"Art of War"},{"floor":24.0,"key":"Eternal Feather"},{"floor":26.0,"key":"Bronze Scales"},{"floor":28,"key":"Bag of Preparation"}],"event_choices":[{"damage_healed":0.0,"max_hp_gain":5.0,"max_hp_loss":0.0,"gold_gain":0.0,"event_name":"Big Fish","player_choice":"Donut","floor":2.0,"gold_loss":0.0,"damage_taken":0.0},{"damage_healed":0.0,"max_hp_gain":0.0,"max_hp_loss":0.0,"gold_gain":0.0,"event_name":"Upgrade Shrine","player_choice":"Upgraded","floor":4.0,"gold_loss":0.0,"damage_taken":0.0,"cards_upgraded":["Body Slam"]},{"cards_removed":["Strike_R"],"damage_healed":0.0,"max_hp_gain":0.0,"max_hp_loss":0.0,"gold_gain":0.0,"event_name":"Purifier","player_choice":"Purged","floor":11.0,"gold_loss":0.0,"damage_taken":0.0},{"damage_healed":0.0,"max_hp_gain":0.0,"max_hp_loss":0.0,"gold_gain":0.0,"event_name":"Shining Light","player_choice":"Entered Light","floor":14.0,"gold_loss":0.0,"damage_taken":22.0,"cards_upgraded":["Defend_R","Defend_R"]},{"damage_healed":0.0,"max_hp_gain":0.0,"max_hp_loss":0.0,"gold_gain":0.0,"event_name":"Back to Basics","player_choice":"Simplicity","floor":19.0,"gold_loss":0.0,"damage_taken":0.0,"cards_upgraded":["Strike_R","Strike_R","Strike_R","Strike_R","Defend_R","Defend_R"]},{"damage_healed":0.0,"max_hp_gain":0.0,"max_hp_loss":0.0,"gold_gain":0.0,"event_name":"Addict","player_choice":"Obtained Relic","floor":20.0,"gold_loss":85.0,"damage_taken":0.0,"relics_obtained":["Juzu Bracelet"]},{"damage_healed":0.0,"max_hp_gain":0.0,"max_hp_loss":0.0,"gold_gain":275.0,"event_name":"Golden Shrine","player_choice":"Desecrate","floor":22.0,"gold_loss":0.0,"damage_taken":0.0,"cards_obtained":["Regret"]},{"cards_removed":["Regret"],"damage_healed":0,"gold_gain":0,"player_choice":"Gave Gold","damage_taken":0,"max_hp_gain":0,"max_hp_loss":0,"event_name":"Beggar","floor":30,"gold_loss":75}],"is_beta":false,"boss_relics":[{"not_picked":["Black Blood","SlaversCollar"],"picked":"Busted Crown"}],"items_purged_floors":[],"is_endless":false,"potions_floor_spawned":[5,10,24],"ascension_level":19}}