{"host":"jpzdg3po3tjxdjri","time":1611509112,"event":{"mods":["BaseMod","Better Third Choice","Colored Map","Colored Powertips","Minty Spire (QoL Compilation)","StSLib"],"gold_per_floor":[367,542,492,517,128,145,170,170,242,242,242,242],"floor_reached":11,"language":"ENG","playtime":242,"items_purged":["Shame"],"score":100,"play_id":"3f8710a1-1e28-4e3c-8824-8d2a0c2287e3","local_time":"20210124172512","is_ascension_mode":true,"campfire_choices":[{"data":"PathToVictory","floor":8,"key":"SMITH"}],"circlet_count":0,"master_deck":["Strike_P","Strike_P","Strike_P","Defend_P","Defend_P","Defend_P","Defend_P","Eruption","Vigilance","Halt","CutThroughFate","PathToVictory+1","SpiritShield"],"relics":["PureWater","MealTicket","Meat on the Bone","Bird Faced Urn","Frozen Egg 2"],"acts_visited":["Exordium"],"potions_floor_usage":[11],"damage_taken":[{"damage":5,"enemies":"2 Louse","floor":1,"turns":4},{"damage":0,"enemies":"Small Slimes","floor":6,"turns":2},{"damage":50,"enemies":"3 Sentries","floor":7,"turns":7},{"damage":48,"enemies":"Gremlin Nob","floor":11,"turns":3}],"seed_played":"964681329399599848","potions_obtained":[{"floor":6,"key":"BottledMiracle"},{"floor":7,"key":"Strength Potion"}],"is_trial":false,"path_per_floor":["M","?","?","T","$","M","E","R","T","?","E"],"character_chosen":"WATCHER","items_purchased":["Meat on the Bone","CutThroughFate"],"campfire_rested":0,"item_purchase_floors":[5,5],"current_hp_per_floor":[60,60,60,60,72,72,34,34,34,34,0,0],"gold":242,"neow_bonus":"TWO_FIFTY_GOLD","is_daily":false,"chose_seed":false,"campfire_upgraded":1,"win_rate":0.0,"timestamp":1611509112,"path_taken":["M","?","?","?","$","M","E","R","T","?","E"],"items_purchased_type":["Relic","Card"],"build_version":"2020-12-22","purchased_purges":1,"victory":false,"max_hp_per_floor":[72,72,72,72,72,72,72,72,72,72,72,72],"card_choices":[{"not_picked":["Sanctity","FlyingSleeves"],"picked":"Halt","floor":1},{"not_picked":["Sanctity","Prostrate"],"picked":"PathToVictory","floor":6},{"not_picked":["EmptyBody","Halt"],"picked":"SpiritShield","floor":7}],"player_experience":860003,"relics_obtained":[{"floor":4,"key":"MealTicket"},{"floor":7,"key":"Bird Faced Urn"},{"floor":9,"key":"Frozen Egg 2"}],"event_choices":[{"damage_healed":0,"gold_gain":175,"player_choice":"AGREE","damage_taken":367,"max_hp_gain":0,"max_hp_loss":0,"event_name":"betterThird:BetterSerpent","floor":2,"gold_loss":0},{"cards_removed":["Doubt"],"damage_healed":0,"gold_gain":0,"player_choice":"Card Removal","damage_taken":0,"max_hp_gain":0,"max_hp_loss":0,"event_name":"The Cleric","floor":3,"gold_loss":50},{"cards_removed":["Strike_P"],"damage_healed":0,"gold_gain":0,"player_choice":"Purged","damage_taken":0,"max_hp_gain":0,"max_hp_loss":0,"event_name":"Purifier","floor":10,"gold_loss":0}],"is_beta":false,"boss_relics":[],"items_purged_floors":[5],"is_endless":false,"potions_floor_spawned":[6,7],"killed_by":"Gremlin Nob","ascension_level":9}}