{"host":"fm9e0lfunjlbhzxv","time":1611472145,"event":{"mods":["2.2 Compatiblity","Alarm Clock","Astrologer","BaseMod","Bestiary","Better Match","Better Skull","Better Third Choice","Colored Map","Colored Powertips","Downfall","Energized Spire","Good Game Mod","Key Reminder","Magitek Elite","Minty Spire (QoL Compilation)","Permanent Neow","Random Character Button","Rare Cards Sparkle","Relic Stats","Spicy Shops","StSLib","The Administrix","The Blue Laboratory","The Bug Knight","The Disciple","The Servant 0.9.4","The Vixen","Trackpad","slay the spire mod where everything is the same but ironclad has a cowboy hat"],"gold_per_floor":[99,115,135,151,170,203,203,303,58,58,90,90,90,100,115,215,165,65,82,82,80,98,112,137,151,181,200,235,35,53,65,81,178,178,178,196,206,223,236,269,269,311,311,323,353,372,372,386,403,403,403,432,14,14,14,14,14,14],"floor_reached":56,"language":"ENG","playtime":7265,"items_purged":["downfall:Haunted","sneckomod:Strike"],"score":1101,"play_id":"5744c90e-67bd-466b-8b66-1e4df7261424","local_time":"20210123230905","is_ascension_mode":true,"campfire_choices":[{"data":"sneckomod:TailWhip","floor":1,"key":"SMITH"},{"floor":10,"key":"RECALL"},{"data":"sneckomod:UnlimitedRolls","floor":13,"key":"SMITH"},{"data":"sneckomod:TrashToTreasure","floor":18,"key":"SMITH"},{"floor":29,"key":"REST"},{"data":"sneckomod:TrashToTreasure","floor":35,"key":"SMITH"},{"floor":43,"key":"REST"},{"floor":47,"key":"REST"},{"floor":54,"key":"DIG"}],"circlet_count":0,"master_deck":["sneckomod:Strike","sneckomod:Strike","sneckomod:Strike","sneckomod:Defend","sneckomod:Defend","sneckomod:Defend","sneckomod:TailWhip+1","sneckomod:SnekBite","sneckomod:Unknown","Slimebound:PrepareCrush","sneckomod:UnknownUncommonSkill","sneckomod:SlitherStrike","sneckomod:UnendingSupply","Clumsy","sneckomod:Unknown3Cost","Shame","Parasite","sneckomod:UnlimitedRolls+1","sneckomod:UnknownRarePower","sneckomod:TrashToTreasure+1","sneckomod:TrashToTreasure+1","sneckomod:SerpentMind","sneckomod:DiceBlock","AdministrixMod:DreamsMausoleum","sneckomod:UnknownBlock","RitualDagger","sneckomod:UnknownUncommonPower","sneckomod:UnknownUncommonPower","AdministrixMod:ReachToHeaven","sneckomod:UnknownClassBLUE","sneckomod:Unknown2Cost","sneckomod:UnknownClassLichGold","sneckomod:SerpentIdol+1","sneckomod:UnknownCommonSkill+1","sneckomod:UnknownRarePower","sneckomod:MasterEye+1","sneckomod:UnknownUncommonSkill+1","sneckomod:UnknownUncommonAttack+1","sneckomod:UnknownClassSILVER+1","sneckomod:CheapStock+1","sneckomod:SnakeSap","sneckomod:UnknownClassLAVENDER+1","sneckomod:UnknownDraw+1","sneckomod:UnknownExhaust+1","sneckomod:UnknownUncommonPower+1","sneckomod:UnknownExhaust+1","sneckomod:UnknownWeak","sneckomod:SoulCleanse+1","Parasite","sneckomod:MasterEye"],"relics":["REME:ComplimentaryCards","Gem_Box","Ornamental Fan","Dead Branch","Du-Vu Doll","Slimebound:StickyStick","Shovel","energizedSpire:HugeHouse","downfall:HeartBlessingRed","bronze:DonusWashers","Akabeko","Slimebound:PreparedRelic","downfall:HeartBlessingBlue","downfall:HeartBlessingGreen","energizedSpire:OgreHead","Ancient Tea Set","The Courier","PreservedInsect","Mercury Hourglass","trackpad:IceCube","Nunchaku","ClockworkSouvenir","Kunai","Pocketwatch","Blue Candle"],"acts_visited":["Exordium","TheCity","TheBeyond","TheEnding"],"potions_floor_usage":[5,5,6,9,15,25,27,28,32,37,44,46,50,56,56],"damage_taken":[{"damage":0,"enemies":"Cultist","floor":2,"turns":2},{"damage":0,"enemies":"Small Slimes","floor":3,"turns":2},{"damage":0,"enemies":"Jaw Worm","floor":4,"turns":5},{"damage":11,"enemies":"Exordium Thugs","floor":5,"turns":3},{"damage":10,"enemies":"3 Sentries","floor":6,"turns":7},{"damage":0,"enemies":"downfall:FleeingMerchant","floor":9,"turns":4},{"damage":12,"enemies":"Gremlin Nob","floor":11,"turns":3},{"damage":0,"enemies":"Gremlin Gang","floor":14,"turns":4},{"damage":5,"enemies":"Blue Slaver","floor":15,"turns":2},{"damage":31,"enemies":"SI_SHIV_ARCHETYPE","floor":16,"turns":8},{"damage":16,"enemies":"3 Byrds","floor":19,"turns":3},{"damage":0,"enemies":"downfall:FleeingMerchant","floor":21,"turns":2},{"damage":10,"enemies":"Shell Parasite","floor":22,"turns":4},{"damage":18,"enemies":"Snake Plant","floor":23,"turns":5},{"damage":11,"enemies":"Shelled Parasite and Fungi","floor":25,"turns":5},{"damage":8,"enemies":"HollowMod:Nosk","floor":26,"turns":5},{"damage":13,"enemies":"Sentry and Sphere","floor":27,"turns":4},{"damage":14,"enemies":"Book of Stabbing","floor":28,"turns":4},{"damage":0,"enemies":"Snake Plant","floor":30,"turns":3},{"damage":0,"enemies":"Cultist and Chosen","floor":31,"turns":1},{"damage":0,"enemies":"Centurion and Healer","floor":32,"turns":6},{"damage":23,"enemies":"IC_MUSHROOM_ARCHETYPE","floor":33,"turns":4},{"damage":0,"enemies":"Orb Walker","floor":36,"turns":2},{"damage":19,"enemies":"3 Darklings","floor":37,"turns":4},{"damage":1,"enemies":"Maw","floor":38,"turns":5},{"damage":22,"enemies":"3 Darklings","floor":39,"turns":2},{"damage":0,"enemies":"Giant Head","floor":40,"turns":7},{"damage":19,"enemies":"Nemesis","floor":42,"turns":7},{"damage":27,"enemies":"Writhing Mass","floor":44,"turns":5},{"damage":2,"enemies":"Giant Head","floor":45,"turns":4},{"damage":3,"enemies":"Transient","floor":46,"turns":5},{"damage":16,"enemies":"Jaw Worm Horde","floor":48,"turns":4},{"damage":18,"enemies":"Spire Growth","floor":49,"turns":3},{"damage":76,"enemies":"DF_ARCHETYPE_ORBS","floor":50,"turns":14},{"damage":6,"enemies":"downfall:CharBossMerchant","floor":52,"turns":5},{"damage":4,"enemies":"downfall:NeowBoss","floor":55,"turns":7},{"damage":110,"enemies":"downfall:NeowBossFinal","floor":56,"turns":8}],"seed_played":"-6510406719051477770","potions_obtained":[{"floor":3,"key":"Weak Potion"},{"floor":4,"key":"blueLaboratory:FruitPunch"},{"floor":5,"key":"blueLaboratory:PolymorphPotion"},{"floor":11,"key":"BlessingOfTheForge"},{"floor":14,"key":"blueLaboratory:FrostheartPotion"},{"floor":22,"key":"BlessingOfTheForge"},{"floor":23,"key":"SkillPotion"},{"floor":25,"key":"Strength Potion"},{"floor":26,"key":"Weak Potion"},{"floor":30,"key":"blueLaboratory:BubblePotion"},{"floor":31,"key":"sneckomod:DiceRollPotion"},{"floor":36,"key":"blueLaboratory:RecallPotion"},{"floor":40,"key":"bronze:BurnAndBuffPotion"},{"floor":42,"key":"LiquidBronze"},{"floor":45,"key":"blueLaboratory:FrostheartPotion"},{"floor":49,"key":"blueLaboratory:BottleOfVodka"}],"is_trial":false,"path_per_floor":["R","M","M","M","M","E","T","?","$","R","E","?","R","M","M","B",null,"R","M","?","$","M","M","T","M","E","M","E","R","M","M","M","B",null,"R","M","M","M","M","E","T","E","R","M","E","M","R","M","M","B",null,"E","$","R","B","B"],"character_chosen":"THE_SNECKO","items_purchased":["Slimebound:StickyStick","sneckomod:UnknownUncommonPower","bronze:DonusWashers","Nunchaku","ClockworkSouvenir","sneckomod:MasterEye","Kunai","Pocketwatch"],"campfire_rested":3,"item_purchase_floors":[9,21,21,53,53,53,53,53],"current_hp_per_floor":[90,90,90,90,81,71,71,76,76,76,64,64,64,64,59,28,92,92,76,70,70,60,42,42,38,30,17,3,43,51,51,51,40,102,102,102,83,82,60,60,60,41,71,44,42,39,69,53,35,4,102,102,102,102,98,0,0,0],"gold":14,"neow_bonus":"BOSS_RELIC","is_daily":false,"chose_seed":false,"campfire_upgraded":4,"win_rate":0.0,"timestamp":1611472145,"path_taken":["R","M","?","M","M","E","T","?","$","R","E","?","R","?","M","BOSS","R","M","?","$","M","M","T","M","E","M","E","R","M","M","M","BOSS","R","M","M","M","M","E","T","E","R","M","E","M","R","M","M","BOSS","E","$","R","BOSS","BOSS"],"items_purchased_type":["Relic","Card","Relic","Relic","Relic","Card","Relic","Relic"],"build_version":"2020-12-22","purchased_purges":2,"victory":false,"max_hp_per_floor":[90,90,90,90,92,92,92,97,97,97,97,97,97,97,97,97,92,92,92,92,92,92,92,92,92,92,92,92,102,102,102,102,102,102,102,102,102,102,102,102,102,102,102,102,102,102,102,102,102,102,102,102,102,102,102,102,102,102],"relic_stats":{"Nunchaku":[3],"Shovel":1,"counters":[37,167],"Ornamental Fan":[208],"Dead Branch":[439],"Blue Candle":[5],"PreservedInsect":225,"Kunai":[6],"obtain_stats":[{"trackpad:IceCube":52,"downfall:HeartBlessingGreen":29,"sneckomod:SneckoSoul":0,"Ancient Tea Set":40,"ClockworkSouvenir":53,"Nunchaku":53,"Shovel":11,"Slimebound:StickyStick":9,"downfall:HeartBlessingBlue":29,"energizedSpire:HugeHouse":17,"Kunai":53,"bronze:DonusWashers":21,"downfall:HeartBlessingRed":18,"Dead Branch":7,"Blue Candle":54,"The Courier":41,"PreservedInsect":42,"energizedSpire:OgreHead":34,"Akabeko":26,"Mercury Hourglass":45,"Du-Vu Doll":8,"keyreminder:keyreminder":10,"REME:ComplimentaryCards":0,"Ornamental Fan":6,"Slimebound:PreparedRelic":28,"Gem_Box":0,"Pocketwatch":53},{"trackpad:IceCube":35,"downfall:HeartBlessingGreen":18,"sneckomod:SneckoSoul":0,"Ancient Tea Set":27,"ClockworkSouvenir":35,"Nunchaku":35,"Shovel":7,"Slimebound:StickyStick":6,"downfall:HeartBlessingBlue":18,"energizedSpire:HugeHouse":10,"Kunai":35,"bronze:DonusWashers":12,"downfall:HeartBlessingRed":10,"Dead Branch":5,"Blue Candle":35,"The Courier":27,"PreservedInsect":28,"energizedSpire:OgreHead":22,"Akabeko":16,"Mercury Hourglass":30,"Du-Vu Doll":5,"keyreminder:keyreminder":6,"REME:ComplimentaryCards":0,"Ornamental Fan":5,"Slimebound:PreparedRelic":18,"Gem_Box":0,"Pocketwatch":35},{"trackpad:IceCube":152,"downfall:HeartBlessingGreen":72,"sneckomod:SneckoSoul":0,"Ancient Tea Set":106,"ClockworkSouvenir":152,"Nunchaku":152,"Shovel":26,"Slimebound:StickyStick":23,"downfall:HeartBlessingBlue":72,"energizedSpire:HugeHouse":40,"Kunai":152,"bronze:DonusWashers":45,"downfall:HeartBlessingRed":40,"Dead Branch":19,"Blue Candle":152,"The Courier":106,"PreservedInsect":113,"energizedSpire:OgreHead":86,"Akabeko":64,"Mercury Hourglass":122,"Du-Vu Doll":19,"keyreminder:keyreminder":23,"REME:ComplimentaryCards":0,"Ornamental Fan":19,"Slimebound:PreparedRelic":72,"Gem_Box":0,"Pocketwatch":152}],"Mercury Hourglass":[59],"Pocketwatch":[0]},"card_choices":[{"not_picked":["sneckomod:Rotation","sneckomod:Unknown1Cost"],"picked":"sneckomod:ImprovisedGuard","floor":2},{"not_picked":["sneckomod:IronFang","sneckomod:UnknownCommonSkill"],"picked":"sneckomod:UnknownUncommonSkill","floor":3},{"not_picked":["sneckomod:RainOfDice","sneckomod:DiceCrush"],"picked":"sneckomod:SlitherStrike","floor":4},{"not_picked":["sneckomod:QuickMove","sneckomod:DangerNoodle","sneckomod:Unknown0Cost"],"picked":"SKIP","floor":5},{"not_picked":["sneckomod:RainOfDice","sneckomod:UnknownDraw"],"picked":"sneckomod:UnendingSupply","floor":6},{"not_picked":["sneckomod:UnendingSupply","sneckomod:Unknown1Cost"],"picked":"sneckomod:UnlimitedRolls","floor":9},{"not_picked":["sneckomod:QuickBite","sneckomod:Nope"],"picked":"sneckomod:UnknownRarePower","floor":11},{"not_picked":["sneckomod:RainOfDice","sneckomod:DiceBlock"],"picked":"sneckomod:TrashToTreasure","floor":14},{"not_picked":["sneckomod:Unknown1Cost","sneckomod:UnknownStrike"],"picked":"sneckomod:TrashToTreasure","floor":15},{"not_picked":["sneckomod:GlitteringGambit","sneckomod:Mudshield"],"picked":"sneckomod:SerpentMind","floor":16},{"not_picked":["sneckomod:Nope+1","sneckomod:RainOfDice"],"picked":"sneckomod:UnknownBlock","floor":19},{"not_picked":["sneckomod:IronFang","sneckomod:ImprovisedGuard"],"picked":"sneckomod:UnknownUncommonPower","floor":21},{"not_picked":["sneckomod:RainOfDice","sneckomod:QuickMove","sneckomod:WideSting+1"],"picked":"SKIP","floor":22},{"not_picked":["sneckomod:SoulRoll","sneckomod:Unknown1Cost","sneckomod:RainOfDice"],"picked":"SKIP","floor":23},{"not_picked":["sneckomod:SerpentIdol","sneckomod:PureSnecko"],"picked":"sneckomod:UnknownX+1","floor":25},{"not_picked":["sneckomod:Mudshield","sneckomod:Unknown0Cost+1"],"picked":"sneckomod:UnknownClassBLUE","floor":26},{"not_picked":["sneckomod:SlitherStrike","sneckomod:WideSting","sneckomod:SoulRoll+1"],"picked":"SKIP","floor":27},{"not_picked":["sneckomod:UnknownUncommonAttack","sneckomod:UnknownX"],"picked":"sneckomod:Unknown2Cost","floor":28},{"not_picked":["sneckomod:UnknownCommonSkill","sneckomod:UnknownStrength"],"picked":"sneckomod:UnknownClassLichGold","floor":30},{"not_picked":["sneckomod:Nope","sneckomod:SlitherStrike"],"picked":"sneckomod:SerpentIdol+1","floor":31},{"not_picked":["sneckomod:UnknownCommonAttack","sneckomod:Nope"],"picked":"sneckomod:UnknownCommonSkill+1","floor":32},{"not_picked":["sneckomod:DangerNoodle","sneckomod:MorePower"],"picked":"sneckomod:UnknownRarePower","floor":33},{"not_picked":["sneckomod:UnknownDexterity","sneckomod:Memorize"],"picked":"sneckomod:MasterEye+1","floor":36},{"not_picked":["sneckomod:UnknownCommonAttack+1","sneckomod:WideSting+1","sneckomod:Nope+1"],"picked":"SKIP","floor":37},{"not_picked":["sneckomod:UnendingSupply","sneckomod:DiceCrush+1"],"picked":"sneckomod:UnknownUncommonSkill+1","floor":38},{"not_picked":["sneckomod:UnknownUncommonSkill+1","sneckomod:UnknownClassBLUE+1"],"picked":"sneckomod:UnknownUncommonAttack+1","floor":38},{"not_picked":["sneckomod:UnknownClassBUGKNIGHT_GRAY_COLOR+1","sneckomod:UnknownClassLAVENDER+1"],"picked":"sneckomod:UnknownClassSILVER+1","floor":38},{"not_picked":["sneckomod:UnendingSupply+1","sneckomod:Memorize"],"picked":"sneckomod:CheapStock+1","floor":39},{"not_picked":["sneckomod:SlitherStrike","sneckomod:UnknownUncommonPower"],"picked":"sneckomod:SnakeSap","floor":40},{"not_picked":["sneckomod:Unknown1Cost+1","sneckomod:UnknownClassSILVER+1"],"picked":"sneckomod:UnknownClassLAVENDER+1","floor":42},{"not_picked":["sneckomod:SoulExchange","sneckomod:UnknownClassLAVENDER"],"picked":"sneckomod:UnknownDraw+1","floor":42},{"not_picked":["sneckomod:Unknown1Cost","sneckomod:SoulDraw"],"picked":"sneckomod:UnknownExhaust+1","floor":44},{"not_picked":["sneckomod:QuickBite","sneckomod:UnknownUncommonAttack"],"picked":"sneckomod:UnknownUncommonPower+1","floor":45},{"not_picked":["sneckomod:UnknownBlock+1","sneckomod:UnknownStrike+1"],"picked":"sneckomod:UnknownExhaust+1","floor":46},{"not_picked":["sneckomod:Unknown1Cost+1","sneckomod:SnekBeam","sneckomod:DiceBlock"],"picked":"SKIP","floor":46},{"not_picked":["sneckomod:Unknown1Cost","sneckomod:Unknown0Cost+1"],"picked":"sneckomod:UnknownWeak","floor":48},{"not_picked":["sneckomod:UnknownBlock+1","sneckomod:SoulDraw+1"],"picked":"sneckomod:SoulCleanse+1","floor":49},{"not_picked":["sneckomod:IronFang","sneckomod:SnakeSap","sneckomod:UnknownDraw"],"picked":"SKIP","floor":52}],"player_experience":852551,"relics_obtained":[{"floor":6,"key":"Ornamental Fan"},{"floor":7,"key":"Dead Branch"},{"floor":11,"key":"Shovel"},{"floor":26,"key":"Akabeko"},{"floor":28,"key":"Slimebound:PreparedRelic"},{"floor":40,"key":"Ancient Tea Set"},{"floor":41,"key":"The Courier"},{"floor":42,"key":"PreservedInsect"},{"floor":45,"key":"Mercury Hourglass"},{"floor":52,"key":"trackpad:IceCube"},{"floor":54,"key":"Blue Candle"}],"event_choices":[{"cards_removed":["downfall:Haunted"],"damage_healed":0,"gold_gain":0,"player_choice":"Card Removal","damage_taken":0,"max_hp_gain":0,"max_hp_loss":0,"event_name":"The Cleric","floor":12,"gold_loss":0}],"is_beta":false,"boss_relics":[{"not_picked":["Velvet Choker","energizedSpire:NeverEndingSparkler"],"picked":"energizedSpire:HugeHouse"},{"not_picked":["Tiny House","Empty Cage"],"picked":"energizedSpire:OgreHead"}],"items_purged_floors":[9,21],"is_endless":false,"potions_floor_spawned":[3,4,5,11,14,22,23,25,26,30,31,36,40,42,45,49],"killed_by":"downfall:NeowBossFinal","ascension_level":3}}