{"host":"gk9qdtkqd8dwfeg2","time":1611497237,"event":{"mods":["Aspiration","BaseMod","Colored Powertips","Downfall","Minty Spire (QoL Compilation)","Quick Restart","Replay The Spire","Shop Mod","StSLib","TestMod","The Servant 0.9.4","Waifu the Spire","WarShipGirlsR/’ΩΩ¢…Ÿ≈ÆR mod"],"gold_per_floor":[115,190,206,37,55,55,89,89,158,192,192,212,541,541,541,631,631,646,646,670,399,417,461,461,33,33,67,82,103,118,118,118,213,213,227,227,227,241,264,264,298,388,388,428,428,428,468,493,493,493,493,493,493,134,169,169],"floor_reached":57,"language":"ZHS","playtime":1444,"items_purged":["Thunderclap"],"score":3621,"play_id":"dbdd4c72-4efd-472d-83e1-088c6284ce8d","local_time":"20210124220717","is_ascension_mode":true,"campfire_choices":[{"data":"Heavy Blade","floor":6.0,"key":"SMITH"},{"data":"Replay:Undeath\u0027s Touch","floor":8.0,"key":"SMITH"},{"data":"Evolve","floor":15.0,"key":"SMITH"},{"floor":24.0,"key":"RECALL"},{"data":"Double Tap","floor":32.0,"key":"SMITH"},{"data":"Master of Strategy","floor":40.0,"key":"SMITH"},{"data":"Dark Embrace","floor":45.0,"key":"SMITH"},{"data":"Burning Pact","floor":49,"key":"SMITH"},{"data":"Sword Boomerang","floor":53,"key":"PURGE"}],"circlet_count":0,"master_deck":["AscendersBane","Heavy Blade+1","Power Through","Replay:Undeath\u0027s Touch+1","Replay:Undeath\u0027s Touch","Evolve+1","Reaper","Sword Boomerang","Master of Strategy+1","Shrug It Off","Dark Embrace+1","Double Tap+1","Whirlwind+1","Burning Pact+1","Impervious","Berserk","Power Through+1","Shockwave","Demonic Infusion","Discovery","Apotheosis","testmod-PulseDistributor"],"relics":["Burning Blood","testmod-TestBox","testmod-PortableAltar","NeowsBlessing","Brimstone","testmod-BalancedPeriapt","Eternal Feather","Happy Flower","Golden Idol","Coffee Dripper","WarpedTongs","MerchantsRug","ClockworkSouvenir","Onion Ring","Membership Card","Gremlin Horn","Peace Pipe","Bottled Lightning","aspiration:FutureDiary","testmod-BouquetWithThorns","MealTicket","testmod-Maize","Champion Belt","testmod-Muramasa","Replay:Mystery Machine","ReplayTheSpireMod:ShopPack","Pear"],"acts_visited":["Exordium","TheCity","TheBeyond","TheEnding"],"potions_floor_usage":[56],"damage_taken":[{"damage":1.0,"enemies":"Jaw Worm","floor":1.0,"turns":1.0},{"damage":1.0,"enemies":"2 Louse","floor":3.0,"turns":1.0},{"damage":0.0,"enemies":"Small Slimes","floor":5.0,"turns":1.0},{"damage":25.0,"enemies":"Replay:BlueRogue","floor":7.0,"turns":4.0},{"damage":0.0,"enemies":"Gremlin Nob","floor":10.0,"turns":2.0},{"damage":0.0,"enemies":"Blue Slaver","floor":12.0,"turns":1.0},{"damage":1.0,"enemies":"Replay:BlueRogue","floor":13.0,"turns":3.0},{"damage":2.0,"enemies":"The Guardian","floor":16.0,"turns":5.0},{"damage":0.0,"enemies":"Chosen","floor":18.0,"turns":2.0},{"damage":9.0,"enemies":"Shell Parasite","floor":20.0,"turns":2.0},{"damage":0.0,"enemies":"Sentry and Sphere","floor":22.0,"turns":2.0},{"damage":4.0,"enemies":"Slavers","floor":23.0,"turns":2.0},{"damage":0.0,"enemies":"Book of Stabbing","floor":27.0,"turns":2.0},{"damage":0.0,"enemies":"Centurion and Healer","floor":28.0,"turns":1.0},{"damage":0.0,"enemies":"Chosen and Byrds","floor":29.0,"turns":1.0},{"damage":0.0,"enemies":"Snecko","floor":30.0,"turns":1.0},{"damage":0.0,"enemies":"Pondfish","floor":33.0,"turns":4.0},{"damage":0.0,"enemies":"Orb Walker","floor":35.0,"turns":1.0},{"damage":19.0,"enemies":"3 Shapes","floor":38.0,"turns":1.0},{"damage":0.0,"enemies":"3 Darklings","floor":39.0,"turns":1.0},{"damage":0.0,"enemies":"Nemesis","floor":41.0,"turns":1.0},{"damage":0.0,"enemies":"R_Hoarder","floor":44.0,"turns":2.0},{"damage":0,"enemies":"Reptomancer","floor":47,"turns":1},{"damage":14,"enemies":"4 Shapes","floor":48,"turns":1},{"damage":9,"enemies":"Awakened One","floor":50,"turns":4},{"damage":37,"enemies":"Replay:Hell Engine","floor":51,"turns":3},{"damage":0,"enemies":"Shield and Spear","floor":55,"turns":3},{"damage":89,"enemies":"The Heart","floor":56,"turns":6}],"seed_played":"721315393317267281","potions_obtained":[{"floor":7.0,"key":"ElixirPotion"},{"floor":10.0,"key":"Swift Potion"},{"floor":28.0,"key":"DuplicationPotion"},{"floor":41.0,"key":"testmod-TimePotion"}],"is_trial":false,"path_per_floor":["M","?","M","$","M","R","E","R","T","E","?","M","E","?","R","B",null,"M","?","M","$","M","E","R","$","T","E","M","M","M","$","R","B",null,"M","?","?","M","M","R","E","?","T","E","R","?","E","M","R","B","B",null,"R","$","E","B",null],"character_chosen":"IRONCLAD","items_purchased":["Brimstone","MerchantsRug","Master of Strategy","ClockworkSouvenir","Membership Card","Dark Embrace","Gremlin Horn","Double Tap","testmod-Muramasa","Replay:Mystery Machine","ReplayTheSpireMod:ShopPack","Demonic Infusion","Discovery"],"campfire_rested":0,"item_purchase_floors":[4,21,21,21,25,25,25,25,54,54,54,54,54],"current_hp_per_floor":[73,62,67,67,70,69,49,48,47,52,66,68,68,61,68,68,68,68,67,66,65,68,68,68,67,66,68,68,68,68,67,68,68,68,68,67,66,52,57,65,68,45,44,68,68,67,68,59,68,65,53,64,68,68,68,66],"gold":169,"neow_bonus":"THREE_ENEMY_KILL","is_daily":false,"chose_seed":false,"campfire_upgraded":7,"win_rate":0.0,"timestamp":1611497237,"path_taken":["M","?","M","$","M","R","E","R","T","E","?","?","E","?","R","BOSS","M","?","?","$","M","E","R","$","T","E","M","M","?","$","R","BOSS","M","?","?","M","?","R","E","?","T","E","R","?","E","M","R","BOSS","BOSS","R","$","E","BOSS"],"items_purchased_type":["Relic","Relic","Card","Relic","Relic","Card","Relic","Card","Relic","Relic","Relic","Card","Card"],"build_version":"2020-12-22","purchased_purges":1,"victory":true,"max_hp_per_floor":[74,73,72,71,70,69,68,68,68,68,68,68,68,68,68,68,68,68,68,68,68,68,68,68,68,68,68,68,68,68,68,68,68,68,68,68,68,68,68,68,68,68,68,68,68,68,68,68,68,68,68,68,68,68,68,68],"card_choices":[{"not_picked":["Flex","Seeing Red","Anger"],"picked":"SKIP","floor":1.0},{"not_picked":["Intimidate","Flex"],"picked":"Heavy Blade","floor":3.0},{"not_picked":["Burning Pact","Replay:Undeath\u0027s Touch"],"picked":"Power Through","floor":5.0},{"not_picked":["Evolve","Shrug It Off"],"picked":"Replay:Undeath\u0027s Touch","floor":7.0},{"not_picked":["Iron Wave","Rampage","Clothesline"],"picked":"SKIP","floor":10.0},{"not_picked":["Perfected Strike","Pommel Strike"],"picked":"Replay:Undeath\u0027s Touch","floor":12.0},{"not_picked":["ReplayTheSpireMod:Strike From Hell","True Grit"],"picked":"Evolve","floor":13.0},{"not_picked":["Immolate","Corruption"],"picked":"Reaper","floor":16.0},{"not_picked":["Rampage","Fire Breathing"],"picked":"Sword Boomerang","floor":18.0},{"not_picked":["Entrench","Searing Blow"],"picked":"Sword Boomerang","floor":20.0},{"not_picked":["Battle Trance","Armaments"],"picked":"Shrug It Off","floor":22.0},{"not_picked":["Heavy Blade+1","Havoc","Thunderclap"],"picked":"SKIP","floor":23.0},{"not_picked":["Heavy Blade+1","Havoc","Thunderclap"],"picked":"SKIP","floor":23.0},{"not_picked":["Perfected Strike","Run Through+1","Heavy Blade"],"picked":"SKIP","floor":27.0},{"not_picked":["Feel No Pain","Run Through"],"picked":"Whirlwind+1","floor":28.0},{"not_picked":["Havoc+1","Double Tap"],"picked":"Burning Pact","floor":29.0},{"not_picked":["Heavy Blade","Dual Wield","Disarm"],"picked":"SKIP","floor":30.0},{"not_picked":["Demonic Infusion","Feed"],"picked":"Impervious","floor":33.0},{"not_picked":["Wild Strike","Iron Wave","Intimidate"],"picked":"SKIP","floor":35.0},{"not_picked":["Disarm","Flame Barrier"],"picked":"Thunderclap","floor":38.0},{"not_picked":["ReplayTheSpireMod:Strike From Hell","Havoc","Flex+1"],"picked":"SKIP","floor":39.0},{"not_picked":["Battle Trance+1","True Grit","Thunderclap"],"picked":"SKIP","floor":41.0},{"not_picked":["Heavy Blade","Clash"],"picked":"Power Through+1","floor":44.0},{"not_picked":["Impervious","Disarm"],"picked":"Shockwave","floor":47},{"not_picked":["True Grit","Ghostly Armor","Replay:Undeath\u0027s Touch"],"picked":"SKIP","floor":48},{"not_picked":["The Bomb","testmod-VirtualReality"],"picked":"Apotheosis","floor":54},{"not_picked":["testmod-SunMoon","testmod-Superconductor"],"picked":"testmod-PulseDistributor","floor":54},{"not_picked":["Hemokinesis","Rupture","Warcry"],"picked":"SKIP","floor":55}],"player_experience":757135,"relics_obtained":[{"floor":7.0,"key":"testmod-BalancedPeriapt"},{"floor":9.0,"key":"Eternal Feather"},{"floor":10.0,"key":"Happy Flower"},{"floor":13.0,"key":"Old Coin"},{"floor":23.0,"key":"Onion Ring"},{"floor":26.0,"key":"Peace Pipe"},{"floor":27.0,"key":"Bottled Lightning"},{"floor":41.0,"key":"testmod-BouquetWithThorns"},{"floor":42.0,"key":"MealTicket"},{"floor":44.0,"key":"testmod-Maize"},{"floor":47,"key":"Champion Belt"},{"floor":55,"key":"Pear"}],"event_choices":[{"damage_healed":0.0,"max_hp_gain":0.0,"max_hp_loss":0.0,"gold_gain":75.0,"event_name":"World of Goop","player_choice":"Gather Gold","floor":2.0,"gold_loss":0.0,"damage_taken":11.0},{"damage_healed":0.0,"max_hp_gain":5.0,"max_hp_loss":0.0,"gold_gain":0.0,"event_name":"Big Fish","player_choice":"Donut","floor":11.0,"gold_loss":0.0,"damage_taken":0.0},{"damage_healed":0.0,"max_hp_gain":0.0,"max_hp_loss":6.0,"gold_gain":0.0,"event_name":"Golden Idol","player_choice":"Lose Max HP","floor":14.0,"gold_loss":0.0,"damage_taken":0.0,"relics_obtained":["Golden Idol"]},{"damage_healed":0.0,"max_hp_gain":0.0,"max_hp_loss":0.0,"gold_gain":0.0,"event_name":"Accursed Blacksmith","player_choice":"Rummage","floor":19.0,"gold_loss":0.0,"damage_taken":0.0,"relics_obtained":["WarpedTongs"],"cards_obtained":["Pain"]},{"damage_healed":0.0,"max_hp_gain":0.0,"max_hp_loss":0.0,"gold_gain":0.0,"event_name":"Tomb of Lord Red Mask","player_choice":"Ignored","floor":36.0,"gold_loss":0.0,"damage_taken":0.0},{"damage_healed":0.0,"max_hp_gain":0.0,"max_hp_loss":0.0,"gold_gain":0.0,"cards_transformed":["Bash"],"event_name":"Transmorgrifier","player_choice":"Transformed","floor":37.0,"gold_loss":0.0,"damage_taken":0.0,"cards_obtained":["Berserk"]},{"damage_healed":0,"gold_gain":0,"player_choice":"Memory 1","damage_taken":0,"max_hp_gain":0,"max_hp_loss":0,"event_name":"SensoryStone","floor":46,"gold_loss":0}],"is_beta":false,"boss_relics":[{"not_picked":["Velvet Choker","Runic Pyramid"],"picked":"Replay:Grab Bag"},{"not_picked":["SlaversCollar","Cursed Key"],"picked":"Coffee Dripper"},{"not_picked":["Sozu","Busted Crown"],"picked":"ChewingGum"},{"not_picked":["aspiration:ServantSkillbook","testmod-DreamHouse"],"picked":"testmod-KeyOfTheVoid"},{"not_picked":["ReplayTheSpireMod:DimensionalGlitch","testmod-Nine"],"picked":"aspiration:FutureDiary"}],"items_purged_floors":[54],"is_endless":false,"potions_floor_spawned":[7,10,12,13,18,23,27,28,41,44,48],"ascension_level":20}}