{"host":"1nniobf0g4s2td4e","time":1611451193,"event":{"mods":["2.2 Compatiblity","BaseMod","Minty Spire (QoL Compilation)","StSLib","SuperFastMode"],"gold_per_floor":[119,119,135,44,44,71,71,71,96,96,108,127,202,222,222,325,325,342,355,104,121,220,253,283,329,341,353,465,505,517,529,541,654,666,688,700,538,538,558,558,585,595,595,595,629,629,117,144,144,144,144,144,7,39,39],"floor_reached":56,"language":"ENG","playtime":3857,"items_purged":["Defend_R","Strike_R"],"score":1489,"play_id":"a5201a3e-a545-43c2-8653-a2f42f829c01","local_time":"20210123191953","is_ascension_mode":false,"campfire_choices":[{"data":"Thunderclap","floor":8.0,"key":"SMITH"},{"data":"Sword Boomerang","floor":10.0,"key":"SMITH"},{"data":"Uppercut","floor":15.0,"key":"SMITH"},{"data":"Iron Wave","floor":27.0,"key":"SMITH"},{"data":"Pommel Strike","floor":30.0,"key":"SMITH"},{"floor":32.0,"key":"RECALL"},{"data":"Flex","floor":40.0,"key":"SMITH"},{"data":"Limit Break","floor":46,"key":"SMITH"},{"data":"Finesse","floor":49,"key":"SMITH"},{"data":"Madness","floor":52,"key":"SMITH"}],"circlet_count":0,"master_deck":["Strike_R","Strike_R","Strike_R","Defend_R+1","Defend_R+1","Defend_R+1","Bash","Sword Boomerang+1","Thunderclap+1","Finesse+1","Pummel","Burning Pact","Pommel Strike+1","Uppercut+1","Whirlwind+1","Clash","Flash of Steel","Shrug It Off","Dropkick","Warcry","Iron Wave+1","Double Tap","Flame Barrier+1","Madness+1","Madness","Flex+1","Limit Break+1","Inflame","Thinking Ahead","Finesse+1"],"relics":["Burning Blood","NeowsBlessing","War Paint","Black Star","Membership Card","Bag of Preparation","MawBank","Question Card","Regal Pillow","Singing Bowl","Du-Vu Doll","The Courier","Vajra","Turnip","Philosopher\u0027s Stone","Lantern","StrikeDummy","Potion Belt","Bag of Marbles","Pear","MealTicket","ClockworkSouvenir","Gremlin Horn","HornCleat","Kunai","Nunchaku","Mercury Hourglass","Unceasing Top","Ornamental Fan","Ice Cream","Bronze Scales","Strawberry"],"acts_visited":["Exordium","TheCity","TheBeyond","TheEnding"],"potions_floor_usage":[],"damage_taken":[{"damage":0.0,"enemies":"Small Slimes","floor":1.0,"turns":1.0},{"damage":0.0,"enemies":"2 Louse","floor":3.0,"turns":1.0},{"damage":0.0,"enemies":"Gremlin Nob","floor":6.0,"turns":1.0},{"damage":3.0,"enemies":"Jaw Worm","floor":11.0,"turns":3.0},{"damage":2.0,"enemies":"2 Fungi Beasts","floor":12.0,"turns":3.0},{"damage":0.0,"enemies":"Large Slime","floor":14.0,"turns":4.0},{"damage":61.0,"enemies":"Hexaghost","floor":16.0,"turns":11.0},{"damage":16.0,"enemies":"Shell Parasite","floor":18.0,"turns":5.0},{"damage":0.0,"enemies":"3 Byrds","floor":19.0,"turns":4.0},{"damage":9.0,"enemies":"Snake Plant","floor":21.0,"turns":4.0},{"damage":16.0,"enemies":"Book of Stabbing","floor":23.0,"turns":4.0},{"damage":10.0,"enemies":"Chosen and Byrds","floor":24.0,"turns":4.0},{"damage":17.0,"enemies":"Slavers","floor":25.0,"turns":5.0},{"damage":0.0,"enemies":"Colosseum Slavers","floor":28.0,"turns":2.0},{"damage":7.0,"enemies":"Colosseum Nobs","floor":28.0,"turns":3.0},{"damage":0.0,"enemies":"Gremlin Leader","floor":29.0,"turns":1.0},{"damage":25.0,"enemies":"Champ","floor":33.0,"turns":6.0},{"damage":14.0,"enemies":"3 Darklings","floor":35.0,"turns":4.0},{"damage":15.0,"enemies":"3 Shapes","floor":39.0,"turns":4.0},{"damage":3.0,"enemies":"Reptomancer","floor":41.0,"turns":2.0},{"damage":6.0,"enemies":"Maw","floor":42.0,"turns":4.0},{"damage":29,"enemies":"Nemesis","floor":45,"turns":7},{"damage":0,"enemies":"Reptomancer","floor":48,"turns":2},{"damage":2,"enemies":"Time Eater","floor":50,"turns":2},{"damage":0,"enemies":"Shield and Spear","floor":54,"turns":1},{"damage":31,"enemies":"The Heart","floor":55,"turns":4}],"seed_played":"-4508481588797910257","potions_obtained":[{"floor":11.0,"key":"BloodPotion"},{"floor":12.0,"key":"Ancient Potion"},{"floor":16.0,"key":"Fire Potion"},{"floor":23.0,"key":"CultistPotion"},{"floor":42.0,"key":"Fire Potion"},{"floor":45,"key":"AttackPotion"}],"is_trial":false,"path_per_floor":["M","?","M","$","?","E","?","R","T","R","M","M","?","M","R","B",null,"M","M","$","M","?","E","M","E","T","R","?","E","R","?","R","B",null,"M","?","$","?","M","R","E","M","T","?","E","R","$","E","R","B",null,"R","$","E","B",null],"character_chosen":"IRONCLAD","items_purchased":["Finesse","Membership Card","Flash of Steel","Shrug It Off","Flex","Limit Break","Lantern","ClockworkSouvenir","Gremlin Horn","HornCleat","Kunai","Nunchaku","Mercury Hourglass","Ice Cream","Block Potion"],"campfire_rested":0,"item_purchase_floors":[4,20,20,20,37,37,37,47,47,47,47,47,47,53,53],"current_hp_per_floor":[80,80,80,80,64,70,63,63,63,63,66,70,59,65,65,10,80,70,76,76,73,73,63,59,48,48,48,55,63,63,63,63,44,84,76,65,65,65,58,58,63,63,63,55,44,44,59,67,67,71,104,104,104,113,88],"gold":39,"neow_bonus":"THREE_ENEMY_KILL","is_daily":false,"chose_seed":false,"campfire_upgraded":9,"win_rate":0.0,"timestamp":1611451193,"path_taken":["M","?","M","$","?","E","?","R","T","R","M","M","?","M","R","BOSS","M","M","$","M","?","E","M","E","T","R","?","E","R","?","R","BOSS","M","?","$","?","M","R","E","M","T","?","E","R","$","E","R","BOSS","R","$","E","BOSS"],"items_purchased_type":["Card","Relic","Card","Card","Card","Card","Relic","Relic","Relic","Relic","Relic","Relic","Relic","Relic","Potion"],"build_version":"2020-12-22","purchased_purges":2,"victory":true,"max_hp_per_floor":[80,80,80,80,80,80,80,80,80,80,80,80,80,80,80,80,80,80,80,80,80,80,80,80,80,80,80,82,84,84,84,84,84,84,84,84,84,84,86,86,88,88,88,90,102,102,102,104,104,104,104,104,104,113,113],"card_choices":[{"not_picked":["Perfected Strike","Fire Breathing"],"picked":"Sword Boomerang","floor":1.0},{"not_picked":["Cleave","Sword Boomerang"],"picked":"Thunderclap","floor":3.0},{"not_picked":["Heavy Blade","Sentinel"],"picked":"Pummel","floor":6.0},{"not_picked":["Perfected Strike","Sword Boomerang"],"picked":"Burning Pact","floor":11.0},{"not_picked":["Metallicize","Headbutt"],"picked":"Pommel Strike","floor":12.0},{"not_picked":["Warcry","Heavy Blade"],"picked":"Uppercut","floor":14.0},{"not_picked":["Havoc+1","Bloodletting+1"],"picked":"Whirlwind+1","floor":18.0},{"not_picked":["Infernal Blade","Armaments+1"],"picked":"Clash","floor":19.0},{"not_picked":["Power Through","Pummel+1"],"picked":"Dropkick","floor":21.0},{"not_picked":["True Grit","Sentinel"],"picked":"Warcry","floor":23.0},{"not_picked":["True Grit","Shrug It Off","Warcry"],"picked":"SKIP","floor":24.0},{"not_picked":["Thunderclap","Rampage"],"picked":"Iron Wave","floor":25.0},{"not_picked":["Rupture","Combust","Wild Strike","Shrug It Off"],"picked":"Singing Bowl","floor":28.0},{"not_picked":["Bloodletting","Heavy Blade","Juggernaut","Uppercut"],"picked":"Singing Bowl","floor":29.0},{"not_picked":["Exhume","Corruption","Reaper"],"picked":"Double Tap","floor":33.0},{"not_picked":["Body Slam+1","Armaments","Havoc"],"picked":"Flame Barrier+1","floor":35.0},{"not_picked":["Carnage","Pommel Strike","Flex","Clothesline+1"],"picked":"Singing Bowl","floor":39.0},{"not_picked":["Hemokinesis","Bludgeon","Twin Strike+1","Double Tap"],"picked":"Singing Bowl","floor":41.0},{"not_picked":["Rampage","Clothesline+1","Iron Wave"],"picked":"Inflame","floor":42.0},{"not_picked":["Madness","Transmutation","Secret Technique"],"picked":"Thinking Ahead","floor":44},{"not_picked":["Master of Strategy","Panacea","Panache"],"picked":"Finesse","floor":44},{"not_picked":["PanicButton","Metamorphosis","Trip","Deep Breath"],"picked":"Singing Bowl","floor":44},{"not_picked":["True Grit+1","Pummel+1","Fire Breathing","Wild Strike"],"picked":"Singing Bowl","floor":45},{"not_picked":["Carnage","Clothesline+1","Wild Strike","Rampage+1"],"picked":"Singing Bowl","floor":48},{"not_picked":["Clothesline+1","Thunderclap","Double Tap","Clash"],"picked":"Singing Bowl","floor":54}],"player_experience":705682,"relics_obtained":[{"floor":6.0,"key":"War Paint"},{"floor":23.0,"key":"Bag of Preparation"},{"floor":23.0,"key":"MawBank"},{"floor":25.0,"key":"Question Card"},{"floor":25.0,"key":"Regal Pillow"},{"floor":26.0,"key":"Singing Bowl"},{"floor":28.0,"key":"Du-Vu Doll"},{"floor":28.0,"key":"The Courier"},{"floor":29.0,"key":"Vajra"},{"floor":29.0,"key":"Turnip"},{"floor":41.0,"key":"StrikeDummy"},{"floor":41.0,"key":"Potion Belt"},{"floor":43.0,"key":"Bag of Marbles"},{"floor":45,"key":"Pear"},{"floor":45,"key":"MealTicket"},{"floor":48,"key":"Unceasing Top"},{"floor":48,"key":"Ornamental Fan"},{"floor":54,"key":"Bronze Scales"},{"floor":54,"key":"Strawberry"}],"event_choices":[{"damage_healed":0.0,"max_hp_gain":0.0,"max_hp_loss":0.0,"gold_gain":0.0,"event_name":"Liars Game","player_choice":"Ignored","floor":2.0,"gold_loss":0.0,"damage_taken":0.0},{"damage_healed":0.0,"max_hp_gain":0.0,"max_hp_loss":0.0,"gold_gain":0.0,"event_name":"Shining Light","player_choice":"Entered Light","floor":5.0,"gold_loss":0.0,"damage_taken":16.0,"cards_upgraded":["Defend_R","Defend_R"]},{"cards_removed":["Strike_R"],"damage_healed":0.0,"max_hp_gain":0.0,"max_hp_loss":0.0,"gold_gain":0.0,"event_name":"Golden Wing","player_choice":"Card Removal","floor":7.0,"gold_loss":0.0,"damage_taken":7.0},{"damage_healed":0.0,"max_hp_gain":0.0,"max_hp_loss":0.0,"gold_gain":75.0,"event_name":"World of Goop","player_choice":"Gather Gold","floor":13.0,"gold_loss":0.0,"damage_taken":11.0},{"damage_healed":0.0,"max_hp_gain":0.0,"max_hp_loss":0.0,"gold_gain":99.0,"event_name":"Nest","player_choice":"Stole From Cult","floor":22.0,"gold_loss":0.0,"damage_taken":0.0},{"damage_healed":0.0,"max_hp_gain":0.0,"max_hp_loss":0.0,"gold_gain":0.0,"event_name":"Colosseum","player_choice":"Fight","floor":28.0,"gold_loss":0.0,"damage_taken":0.0},{"damage_healed":0.0,"max_hp_gain":0.0,"max_hp_loss":0.0,"gold_gain":0.0,"event_name":"Colosseum","player_choice":"Fought Nobs","floor":28.0,"gold_loss":0.0,"damage_taken":0.0},{"damage_healed":0.0,"max_hp_gain":0.0,"max_hp_loss":0.0,"gold_gain":0.0,"event_name":"Vampires","player_choice":"Ignored","floor":31.0,"gold_loss":0.0,"damage_taken":0.0},{"damage_healed":0.0,"max_hp_gain":0.0,"max_hp_loss":0.0,"gold_gain":0.0,"event_name":"Winding Halls","player_choice":"Embrace Madness","floor":36.0,"gold_loss":0.0,"damage_taken":11.0,"cards_obtained":["Madness","Madness"]},{"damage_healed":0.0,"max_hp_gain":0.0,"max_hp_loss":0.0,"gold_gain":0.0,"event_name":"Tomb of Lord Red Mask","player_choice":"Ignored","floor":38.0,"gold_loss":0.0,"damage_taken":0.0},{"damage_healed":0,"gold_gain":0,"player_choice":"Memory 3","damage_taken":10,"max_hp_gain":0,"max_hp_loss":0,"event_name":"SensoryStone","floor":44,"gold_loss":0}],"is_beta":false,"boss_relics":[{"not_picked":["Black Blood","Sozu"],"picked":"Black Star"},{"not_picked":["Tiny House","Empty Cage"],"picked":"Philosopher\u0027s Stone"}],"items_purged_floors":[20,37],"is_endless":false,"potions_floor_spawned":[11,12,16,23,25,28,33,35,42,45],"ascension_level":0}}