{"host":"n6qxj7a4gnapjcui","time":1611496414,"event":{"mods":["2.2 Compatiblity","AchievementEnabler","BaseMod","Colored Map","Minty Spire (QoL Compilation)"],"gold_per_floor":[110,124,143,163,175,175,200,200,253,280,280,280,311,329,329,426,426,439,409,409,508,508,508,508],"floor_reached":23,"language":"POL","playtime":1018,"items_purged":[],"score":316,"play_id":"b19f5197-0a21-4232-a48c-b465dc1c5bc3","local_time":"20210124145334","is_ascension_mode":true,"campfire_choices":[{"data":"Pommel Strike","floor":6.0,"key":"SMITH"},{"data":"Warcry","floor":8.0,"key":"SMITH"},{"data":"Rampage","floor":11.0,"key":"SMITH"},{"data":"True Grit","floor":15.0,"key":"SMITH"}],"circlet_count":0,"master_deck":["Strike_R","Strike_R","Strike_R","Strike_R","Strike_R","Defend_R","Defend_R","Defend_R","Defend_R","Bash","Warcry+1","Pommel Strike+1","Rampage+1","Flex","Headbutt","Clothesline","Sentinel","True Grit+1","Offering","CurseOfTheBell"],"relics":["Burning Blood","NeowsBlessing","Art of War","Ancient Tea Set","Pantograph","Bag of Marbles","Calling Bell","Juzu Bracelet","Sundial","Thread and Needle"],"acts_visited":["Exordium","TheCity"],"potions_floor_usage":[23],"damage_taken":[{"damage":0.0,"enemies":"Small Slimes","floor":1.0,"turns":1.0},{"damage":0.0,"enemies":"Cultist","floor":2.0,"turns":1.0},{"damage":0.0,"enemies":"Jaw Worm","floor":3.0,"turns":1.0},{"damage":18.0,"enemies":"3 Louse","floor":4.0,"turns":4.0},{"damage":1.0,"enemies":"Exordium Wildlife","floor":5.0,"turns":3.0},{"damage":0.0,"enemies":"Gremlin Nob","floor":7.0,"turns":2.0},{"damage":40.0,"enemies":"3 Sentries","floor":10.0,"turns":10.0},{"damage":23.0,"enemies":"Lagavulin","floor":13.0,"turns":5.0},{"damage":6.0,"enemies":"Looter","floor":14.0,"turns":2.0},{"damage":51.0,"enemies":"Slime Boss","floor":16.0,"turns":12.0},{"damage":31.0,"enemies":"Shell Parasite","floor":18.0,"turns":6.0},{"damage":46,"enemies":"Gremlin Leader","floor":23,"turns":4}],"seed_played":"-5780517280922522502","potions_obtained":[{"floor":2.0,"key":"FearPotion"},{"floor":4.0,"key":"Strength Potion"},{"floor":10.0,"key":"ColorlessPotion"},{"floor":14.0,"key":"ElixirPotion"},{"floor":19.0,"key":"LiquidMemories"}],"is_trial":false,"path_per_floor":["M","M","M","M","M","R","E","R","T","E","R","?","E","M","R","B",null,"M","?","?","?","?","E"],"character_chosen":"IRONCLAD","items_purchased":[],"campfire_rested":0,"item_purchase_floors":[],"current_hp_per_floor":[78,80,80,68,73,73,79,79,79,45,45,80,63,63,63,35,69,44,44,44,44,44,0,0],"gold":508,"neow_bonus":"THREE_ENEMY_KILL","is_daily":false,"chose_seed":false,"campfire_upgraded":4,"win_rate":0.0,"timestamp":1611496414,"path_taken":["M","M","M","M","M","R","E","R","T","E","R","?","E","?","R","BOSS","M","?","?","?","?","E"],"items_purchased_type":[],"build_version":"2020-12-22","purchased_purges":0,"victory":false,"max_hp_per_floor":[80,80,80,80,80,80,80,80,80,80,80,80,80,80,80,80,80,80,80,80,80,80,80,80],"card_choices":[{"not_picked":["Blood for Blood","Sword Boomerang"],"picked":"Warcry","floor":1.0},{"not_picked":["Flex","Iron Wave"],"picked":"Pommel Strike","floor":2.0},{"not_picked":["Dual Wield","Iron Wave"],"picked":"Rampage","floor":3.0},{"not_picked":["Iron Wave","Corruption"],"picked":"Flex","floor":4.0},{"not_picked":["Sword Boomerang","Shrug It Off"],"picked":"Headbutt","floor":5.0},{"not_picked":["Impervious","Second Wind"],"picked":"Whirlwind","floor":7.0},{"not_picked":["Headbutt","Clash"],"picked":"Clothesline","floor":10.0},{"not_picked":["Body Slam","Exhume"],"picked":"Sentinel","floor":13.0},{"not_picked":["Second Wind","Warcry"],"picked":"True Grit","floor":14.0},{"not_picked":["Limit Break","Feed"],"picked":"Offering","floor":16.0},{"not_picked":["Headbutt","Hemokinesis","Evolve+1"],"picked":"SKIP","floor":18.0}],"player_experience":309499,"relics_obtained":[{"floor":7.0,"key":"Art of War"},{"floor":9.0,"key":"Ancient Tea Set"},{"floor":10.0,"key":"Pantograph"},{"floor":13.0,"key":"Bag of Marbles"},{"floor":17.0,"key":"Juzu Bracelet"},{"floor":17.0,"key":"Sundial"},{"floor":17.0,"key":"Thread and Needle"}],"event_choices":[{"cards_removed":["Whirlwind"],"damage_healed":35.0,"max_hp_gain":0.0,"max_hp_loss":0.0,"gold_gain":0.0,"event_name":"Bonfire Elementals","player_choice":"Offered Uncommon","floor":12.0,"gold_loss":0.0,"damage_taken":0.0},{"damage_healed":0.0,"max_hp_gain":0.0,"max_hp_loss":0.0,"gold_gain":0.0,"event_name":"The Woman in Blue","player_choice":"Bought 2 Potions","floor":19.0,"gold_loss":0.0,"damage_taken":0.0},{"damage_healed":0.0,"max_hp_gain":0.0,"max_hp_loss":0.0,"gold_gain":0.0,"event_name":"Vampires","player_choice":"Ignored","floor":20.0,"gold_loss":0.0,"damage_taken":0.0},{"damage_healed":0.0,"max_hp_gain":0.0,"max_hp_loss":0.0,"gold_gain":99.0,"event_name":"Nest","player_choice":"Stole From Cult","floor":21.0,"gold_loss":0.0,"damage_taken":0.0},{"damage_healed":0,"gold_gain":0,"player_choice":"Leave","damage_taken":0,"max_hp_gain":0,"max_hp_loss":0,"event_name":"FaceTrader","floor":22,"gold_loss":0}],"is_beta":false,"boss_relics":[{"not_picked":["Runic Cube","Runic Dome"],"picked":"Calling Bell"}],"items_purged_floors":[],"is_endless":false,"potions_floor_spawned":[2,4,10,14],"killed_by":"Gremlin Leader","ascension_level":7}}