{"host":"takgv9cv6xf64vhq","time":1611501448,"event":{"mods":["BaseMod","Colored Powertips","Downfall","Hubris","LagranYue(拉格朗・月)","Marisa（F雨　魔理沙）","Minty Spire (QoL Compilation)","Replay The Spire","StSLib","The Cursed","The Jungle","TheHeartMod"],"gold_per_floor":[99,109,109,126,144,164,191,208,218,151,151,181,181,200,214,319,319,319,319,419,419,437,86,86,99,48,65,80,91,91,105,115,210,210,210,227,242,262,278,278,301,301,140,140,158,208,238,55,74,74,74,74],"floor_reached":50,"language":"ZHS","playtime":5030,"items_purged":["Spreading Infection"],"score":682,"play_id":"4a455fa1-6e3a-4b72-b550-18390e84c40e","local_time":"20210124231728","is_ascension_mode":false,"campfire_choices":[{"data":"Slimebound:LeadByExample","floor":30.0,"key":"SMITH"},{"floor":35.0,"key":"DIG"},{"data":"Slimebound:MinionMaster","floor":40.0,"key":"SMITH"}],"circlet_count":0,"master_deck":["Slimebound:Strike_Slimebound","Slimebound:Strike_Slimebound","Slimebound:Tackle","Slimebound:Defend_Slimebound","Slimebound:Defend_Slimebound","Slimebound:Defend_Slimebound","Slimebound:Defend_Slimebound","Slimebound:Split+1","Slimebound:CorrosiveSpit+1","Slimebound:AcidTongue","Slimebound:HauntingLick","Slimebound:Prepare","Slimebound:SplitLeeching","Slimebound:Teamwork","Slimebound:Schlurp","Slimebound:SlimeBarrage","Slimebound:GoopSpray","Slimebound:LeadByExample+1","Slimebound:TongueLash","Slimebound:Repurpose","Slimebound:FirmFortitude","Slimebound:CheckThePlaybook","CurseOfTheBell","CurseOfTheBell","Clumsy","Slimebound:MinionMaster+1","Slimebound:Nibble","Slimebound:LevelUp","Replay:SS_forest_2","Slimebound:LeechEnergy","Slimebound:ItLooksTasty","Slimebound:SplitLeeching+1","Slimebound:LivingWall","Slimebound:ForwardTackle","Slimebound:ViciousTackle+1","Slimebound:SplitLeeching","Slimebound:Nibble","Slimebound:OozeBath","Slimebound:SplitLeeching+1","Slimebound:LevelUp+1","Slimebound:ProtectTheBoss+1","Slimebound:ComboTackle","Slimebound:MassFeed","Slimebound:LevelUp+1","expansioncontent:QuickStudy","Slimebound:MegaLick","expansioncontent:Hexaburn","Slimebound:GrowthPunch","Slimebound:SplitMire+1","Slimebound:ProtectTheBoss+1","Slimebound:SplitAcid+1","Slimebound:LivingWall"],"relics":["Slimebound:AbsorbEndCombat","LagranYue:RandomDrawCardRelic","Pen Nib","Centennial Puzzle","Oddly Smooth Stone","Replay:Fungal Core","FaceOfCleric","downfall:ExtraCursedBell","Thread and Needle","ReplayTheSpireMod:Lightbulb","hubris:TinFlute","hubris:BottledHeart","hubris:BottledRain","Replay:Drink Me","Incense Burner","Happy Flower","Ring of Panic","ReplayTheSpireMod:Ring of Challenge","Strange Spoon","hubris:GlazedTorus","Replay:Bottled Snecko","ReplayFunnel"],"acts_visited":["Exordium","TheCity","TheBeyond"],"potions_floor_usage":[50,50,50],"damage_taken":[{"damage":6.0,"enemies":"Small Slimes","floor":2.0,"turns":4.0},{"damage":1.0,"enemies":"Cultist","floor":4.0,"turns":4.0},{"damage":3.0,"enemies":"2 Louse","floor":5.0,"turns":1.0},{"damage":16.0,"enemies":"Exordium Wildlife","floor":6.0,"turns":5.0},{"damage":5.0,"enemies":"Blue Slaver","floor":8.0,"turns":2.0},{"damage":1.0,"enemies":"Gremlin Gang","floor":9.0,"turns":5.0},{"damage":3.0,"enemies":"downfall:FleeingMerchant","floor":10.0,"turns":4.0},{"damage":0.0,"enemies":"3 Sentries","floor":12.0,"turns":7.0},{"damage":0.0,"enemies":"Exordium Thugs","floor":14.0,"turns":4.0},{"damage":0.0,"enemies":"3 Louse","floor":15.0,"turns":3.0},{"damage":29.0,"enemies":"DF_ARCHETYPE_STREAMLINE","floor":16.0,"turns":8.0},{"damage":0.0,"enemies":"Spheric Guardian","floor":22.0,"turns":4.0},{"damage":0.0,"enemies":"downfall:FleeingMerchant","floor":23.0,"turns":4.0},{"damage":0.0,"enemies":"Chosen","floor":25.0,"turns":5.0},{"damage":0.0,"enemies":"downfall:FleeingMerchant","floor":26.0,"turns":4.0},{"damage":0.0,"enemies":"Shelled Parasite and Fungi","floor":27.0,"turns":7.0},{"damage":0.0,"enemies":"Centurion and Healer","floor":28.0,"turns":4.0},{"damage":0.0,"enemies":"3 Cultists","floor":29.0,"turns":7.0},{"damage":0.0,"enemies":"Shelled Parasite and Fungi","floor":31.0,"turns":6.0},{"damage":0.0,"enemies":"Cultist and Chosen","floor":32.0,"turns":6.0},{"damage":0.0,"enemies":"SI_MIRROR_ARCHETYPE","floor":33.0,"turns":11.0},{"damage":0.0,"enemies":"3 Darklings","floor":36.0,"turns":6.0},{"damage":0.0,"enemies":"3 Shapes","floor":37.0,"turns":4.0},{"damage":0.0,"enemies":"Spire Growth","floor":38.0,"turns":6.0},{"damage":0.0,"enemies":"Transient","floor":39.0,"turns":5.0},{"damage":0.0,"enemies":"downfall:FleeingMerchant","floor":43.0,"turns":2.0},{"damage":0.0,"enemies":"Maw","floor":45.0,"turns":5.0},{"damage":0.0,"enemies":"Maw","floor":46.0,"turns":5.0},{"damage":0.0,"enemies":"Nemesis","floor":47.0,"turns":7.0},{"damage":0,"enemies":"3 Darklings","floor":49,"turns":4},{"damage":10,"enemies":"WA_ARCHETYPE_DIVINITY","floor":50,"turns":5}],"seed_played":"2085669342707883776","potions_obtained":[{"floor":2.0,"key":"Dexterity Potion"},{"floor":5.0,"key":"Dexterity Potion"},{"floor":8.0,"key":"Dexterity Potion"},{"floor":12.0,"key":"DuplicationPotion"},{"floor":14.0,"key":"Strength Potion"},{"floor":16.0,"key":"Reflective Coating"},{"floor":25.0,"key":"Slimebound:SpawnSlimePotion"},{"floor":28.0,"key":"AttackPotion"},{"floor":32.0,"key":"Venom Potion"},{"floor":33.0,"key":"Dexterity Potion"},{"floor":36.0,"key":"Block Potion"},{"floor":39.0,"key":"SkillPotion"},{"floor":45.0,"key":"Strength Potion"},{"floor":46.0,"key":"SkillPotion"}],"is_trial":false,"path_per_floor":["R","M","?","M","M","M","T","M","M","$","?","E","?","M","M","B",null,"R","?","?","?","M","$","T","M","$","M","M","M","R","M","M","B",null,"R","M","M","M","M","R","T","?","$","?","M","?","E","$","M","B"],"character_chosen":"SLIMEBOUND","items_purchased":["Slimebound:GoopSpray","hubris:BottledRain","Replay:SS_forest_2","Slimebound:SplitLeeching+1","Slimebound:LevelUp+1","Strange Spoon","expansioncontent:QuickStudy","Slimebound:MegaLick","ReplayFunnel","Slimebound:SplitAcid+1"],"campfire_rested":0,"item_purchase_floors":[10,23,23,26,43,43,43,43,48,48],"current_hp_per_floor":[65,63,63,65,64,56,56,53,58,61,61,65,65,65,65,40,65,65,65,70,1,1,1,1,1,1,1,1,1,1,1,1,1,1,1,1,1,1,1,1,1,1,1,1,1,1,1,1,1,0,0,0],"gold":74,"neow_bonus":"RANDOM_COMMON_RELIC","is_daily":false,"chose_seed":false,"campfire_upgraded":2,"win_rate":0.0,"timestamp":1611501448,"path_taken":["R","M","?","M","M","M","T","M","M","$","?","E","?","M","M","BOSS","R","?","?","?","M","?","T","M","$","?","M","M","R","M","M","BOSS","R","M","M","M","?","R","T","?","$","?","M","?","E","$","M","BOSS"],"items_purchased_type":["Card","Relic","Card","Card","Card","Relic","Card","Card","Relic","Card"],"build_version":"2020-12-22","purchased_purges":1,"victory":false,"max_hp_per_floor":[65,65,65,65,65,65,65,65,65,65,65,65,65,65,65,65,65,65,65,70,1,1,1,1,1,1,1,1,1,1,1,1,1,1,1,1,1,1,1,1,1,1,1,1,1,1,1,1,1,1,1,1],"card_choices":[{"not_picked":["Slimebound:SlimeBarrage","Slimebound:FormOfPuddle"],"picked":"Slimebound:AcidTongue","floor":2.0},{"not_picked":["Slimebound:LeechingTouch","Slimebound:SplitLeeching"],"picked":"Slimebound:HauntingLick","floor":4.0},{"not_picked":["Slimebound:LeechingTouch","Slimebound:LivingWall"],"picked":"Slimebound:Prepare","floor":5.0},{"not_picked":["Slimebound:FormOfPuddle","Slimebound:Prepare"],"picked":"Slimebound:SplitLeeching","floor":6.0},{"not_picked":["Slimebound:ComboTackle","Slimebound:BestDefense"],"picked":"Slimebound:Teamwork","floor":8.0},{"not_picked":["Slimebound:SlimeBrawl","Slimebound:FlameTackle"],"picked":"Slimebound:Schlurp","floor":9.0},{"not_picked":["Slimebound:LevelUp","Slimebound:SplitBruiser"],"picked":"Slimebound:SlimeBarrage","floor":10.0},{"not_picked":["Slimebound:SplitAcid","Slimebound:PressTheAttack"],"picked":"Slimebound:LeadByExample","floor":12.0},{"not_picked":["Slimebound:Chomp","Slimebound:Equalize"],"picked":"Slimebound:TongueLash","floor":14.0},{"not_picked":["Slimebound:SlimeSpikes","Slimebound:GoopSpray"],"picked":"Slimebound:Repurpose","floor":15.0},{"not_picked":["Slimebound:OozeBath","Slimebound:WasteNot"],"picked":"Slimebound:FirmFortitude","floor":16.0},{"not_picked":["Slimebound:GrowthPunch+1","Slimebound:SlimeTap"],"picked":"Slimebound:Nibble","floor":22.0},{"not_picked":["Slimebound:TongueLash","Slimebound:LeechEnergy"],"picked":"Slimebound:LevelUp","floor":23.0},{"not_picked":["Slimebound:LeechingTouch","Slimebound:SlimeBrawl"],"picked":"Slimebound:LeechEnergy","floor":25.0},{"not_picked":["Slimebound:OneTwoCombo","Slimebound:OozeBath"],"picked":"Slimebound:ItLooksTasty","floor":26.0},{"not_picked":["Slimebound:PressTheAttack","Slimebound:RollThrough"],"picked":"Slimebound:LivingWall","floor":27.0},{"not_picked":["Slimebound:FinishingTackle","Slimebound:Grow+1"],"picked":"Slimebound:ForwardTackle","floor":28.0},{"not_picked":["Slimebound:SlimeTap+1","Slimebound:Dissolve"],"picked":"Slimebound:ViciousTackle+1","floor":29.0},{"not_picked":["Slimebound:HauntingLick","Slimebound:FinishingTackle"],"picked":"Slimebound:SplitLeeching","floor":31.0},{"not_picked":["Slimebound:DisruptingSlam","Slimebound:FinishingTackle"],"picked":"Slimebound:Nibble","floor":32.0},{"not_picked":["Slimebound:SlimeSlap","Slimebound:FirmFortitude"],"picked":"Slimebound:OozeBath","floor":33.0},{"not_picked":["Slimebound:FinishingTackle+1","Slimebound:Repurpose+1"],"picked":"Slimebound:SplitLeeching+1","floor":36.0},{"not_picked":["Slimebound:GoopTackle","Slimebound:ProtectTheBoss+1"],"picked":"Slimebound:LevelUp+1","floor":37.0},{"not_picked":["Slimebound:SamplingLick","Slimebound:FormOfPuddle"],"picked":"Slimebound:ProtectTheBoss+1","floor":38.0},{"not_picked":["Slimebound:FormOfPuddle","Slimebound:Dissolve"],"picked":"Slimebound:ComboTackle","floor":39.0},{"not_picked":["Slimebound:LeechEnergy","Slimebound:Equalize"],"picked":"Slimebound:MassFeed","floor":43.0},{"not_picked":["expansioncontent:YouAreMine","expansioncontent:AwakenDeath"],"picked":"expansioncontent:Hexaburn","floor":44.0},{"not_picked":["Slimebound:Nibble+1","Slimebound:GoopTackle"],"picked":"Slimebound:GrowthPunch","floor":45.0},{"not_picked":["Slimebound:HauntingLick","Slimebound:Gluttony"],"picked":"Slimebound:SplitMire+1","floor":46.0},{"not_picked":["Slimebound:SplitMire","Slimebound:RollThrough+1"],"picked":"Slimebound:ProtectTheBoss+1","floor":47.0},{"not_picked":["Slimebound:SlimeBrawl","Slimebound:LeechingTouch+1"],"picked":"Slimebound:LivingWall","floor":49}],"player_experience":59225,"relics_obtained":[{"floor":7.0,"key":"Centennial Puzzle"},{"floor":12.0,"key":"Oddly Smooth Stone"},{"floor":20.0,"key":"Thread and Needle"},{"floor":20.0,"key":"ReplayTheSpireMod:Lightbulb"},{"floor":20.0,"key":"hubris:TinFlute"},{"floor":35.0,"key":"Incense Burner"},{"floor":41.0,"key":"Happy Flower"},{"floor":42.0,"key":"Ring of Panic"},{"floor":42.0,"key":"ReplayTheSpireMod:Ring of Challenge"},{"floor":46.0,"key":"hubris:GlazedTorus"},{"floor":47.0,"key":"Replay:Bottled Snecko"}],"event_choices":[{"damage_healed":0.0,"max_hp_gain":0.0,"max_hp_loss":0.0,"gold_gain":0.0,"event_name":"FaceTrader","player_choice":"Trade","floor":18.0,"gold_loss":0.0,"damage_taken":0.0,"relics_obtained":["FaceOfCleric"]}],"is_beta":false,"boss_relics":[{"not_picked":["Slimebound:TarBlob","Replay:Ancient Bell"],"picked":"Replay:Fungal Core"},{"not_picked":["Kintsugi","Abe\u0027s Treasure"],"picked":"Replay:Drink Me"}],"items_purged_floors":[43],"is_endless":false,"potions_floor_spawned":[2,5,8,12,14,16,25,28,32,33,36,39,45,46,47,49],"killed_by":"WA_ARCHETYPE_DIVINITY","ascension_level":0}}