{"host":"h1qktzcccqnez8tx","time":1611513489,"event":{"mods":["BaseMod","Block Reminder","Colored Map","Colored Powertips","Curses Come First","Highlight Path","Infinite Spire","Minty Spire (QoL Compilation)","Permanent Neow","Quick Restart","Replay The Spire","StSLib","The Jungle"],"gold_per_floor":[114,114,125,125,142,174,185,185,232,251,277,277,277,295,295,368,368,384,304,320,209,228,228,262,262,289,318,318,331,348,375,375,473,473,473,473],"floor_reached":35,"language":"ENG","playtime":1580,"items_purged":[],"score":1304,"play_id":"31396694-5182-4776-b0a9-6475683135b2","local_time":"20210124193809","daily_mods":["Draft","Blue Cards"],"is_ascension_mode":true,"campfire_choices":[{"data":"Reprogram","floor":8,"key":"SMITH"},{"data":"Whirlwind","floor":13,"key":"SMITH"},{"data":"Beam Cell","floor":15,"key":"SMITH"},{"data":"Hologram","floor":23,"key":"SMITH"},{"data":"Conserve Battery","floor":25,"key":"SMITH"},{"data":"Spot Weakness","floor":32,"key":"SMITH"}],"circlet_count":0,"master_deck":["AscendersBane","Turbo","Gash","Turbo","Conserve Battery+1","Conserve Battery","Reprogram+1","Wild Strike","Whirlwind+1","Auto Shields","Steam Power+1","Reprogram+1","Pommel Strike","Go for the Eyes","Beam Cell+1","Wild Strike","Leap","Steam Power+1","Gash","Twin Strike","Turbo+1","Hologram+1","Barricade+1","Whirlwind+1","Bloodletting","Spot Weakness+1"],"relics":["Burning Blood","Golden Egg","Omamori","Bag of Marbles","ReplayTheSpireMod:Shallot","Runic Pyramid","Sundial","Regal Pillow","Tiny Chest","War Paint","infinitespire:EvilPickle"],"acts_visited":["Exordium","TheCity","TheBeyond"],"potions_floor_usage":[11,16,18,29,33],"damage_taken":[{"damage":0,"enemies":"Small Slimes","floor":1,"turns":2},{"damage":0,"enemies":"Cultist","floor":3,"turns":2},{"damage":0,"enemies":"Jaw Worm","floor":5,"turns":3},{"damage":23,"enemies":"3 Sentries","floor":6,"turns":6},{"damage":0,"enemies":"Exordium Thugs","floor":7,"turns":3},{"damage":1,"enemies":"Looter","floor":10,"turns":2},{"damage":0,"enemies":"Gremlin Nob","floor":11,"turns":3},{"damage":0,"enemies":"Large Slime","floor":14,"turns":3},{"damage":38,"enemies":"Fading Forest","floor":16,"turns":13},{"damage":1,"enemies":"Shell Parasite","floor":18,"turns":1},{"damage":0,"enemies":"Spheric Guardian","floor":20,"turns":3},{"damage":22,"enemies":"Snake Plant","floor":22,"turns":3},{"damage":0,"enemies":"Gremlin Leader","floor":24,"turns":3},{"damage":21,"enemies":"Book of Stabbing","floor":27,"turns":4},{"damage":0,"enemies":"Shelled Parasite and Fungi","floor":29,"turns":1},{"damage":3,"enemies":"Chosen and Byrds","floor":30,"turns":4},{"damage":0,"enemies":"Slavers","floor":31,"turns":1},{"damage":20,"enemies":"Pondfish","floor":33,"turns":6}],"seed_played":"-1745162757303360175","potions_obtained":[{"floor":1,"key":"Strength Potion"},{"floor":5,"key":"SteroidPotion"},{"floor":16,"key":"PowerPotion"},{"floor":18,"key":"Energy Potion"},{"floor":29,"key":"Weak Potion"}],"is_trial":true,"path_per_floor":["M","?","M","?","M","E","M","R","T","M","E","?","R","M","R","B",null,"M","?","M","$","M","R","E","R","T","E","?","M","M","E","R","B",null,"M"],"character_chosen":"IRONCLAD","items_purchased":["PowerPotion","Turbo"],"campfire_rested":0,"item_purchase_floors":[21,21],"current_hp_per_floor":[74,74,75,70,75,58,64,64,64,69,75,75,75,75,75,51,69,74,74,75,75,59,59,65,65,65,50,50,56,59,65,65,51,69,0,0],"gold":473,"neow_bonus":"","is_daily":false,"chose_seed":false,"campfire_upgraded":6,"win_rate":0.0,"timestamp":1611513489,"path_taken":["M","?","M","?","M","E","M","R","T","M","E","?","R","M","R","BOSS","M","?","M","$","M","R","E","R","T","E","?","M","M","E","R","BOSS","M"],"items_purchased_type":["Potion","Card"],"build_version":"2020-12-22","purchased_purges":0,"victory":false,"max_hp_per_floor":[75,75,75,75,75,75,75,75,75,75,75,75,75,75,75,75,75,75,75,75,75,75,75,75,75,75,75,75,75,75,75,75,75,75,75,75],"card_choices":[{"not_picked":["Steam","Sentinel"],"picked":"Turbo","floor":0},{"not_picked":["Streamline","Dropkick"],"picked":"Gash","floor":0},{"not_picked":["Loop","ReplayTheSpireMod:Muscle Training"],"picked":"Turbo","floor":0},{"not_picked":["Ball Lightning","Compile Driver"],"picked":"Conserve Battery","floor":0},{"not_picked":["Intimidate","Turbo"],"picked":"Conserve Battery","floor":0},{"not_picked":["ReplayTheSpireMod:Reroute Power","ReplayTheSpireMod:Muscle Training"],"picked":"Reprogram","floor":0},{"not_picked":["True Grit","Seeing Red"],"picked":"Wild Strike","floor":0},{"not_picked":["Thunderclap","Pummel"],"picked":"Whirlwind","floor":0},{"not_picked":["Hello World","Thunderclap"],"picked":"Auto Shields","floor":0},{"not_picked":["Life Link","Darkness"],"picked":"Steam Power","floor":0},{"not_picked":["Warcry","Double Energy"],"picked":"Reprogram","floor":0},{"not_picked":["Stack","ReplayTheSpireMod:Corrosion Curse"],"picked":"Pommel Strike","floor":0},{"not_picked":["Seeing Red","Sunder"],"picked":"Go for the Eyes","floor":0},{"not_picked":["Body Slam","ReplaySolidLightProjector"],"picked":"Beam Cell","floor":0},{"not_picked":["Thunderclap","Heavy Blade"],"picked":"Wild Strike","floor":0},{"not_picked":["Dark Embrace","Defy Death"],"picked":"Leap","floor":1},{"not_picked":["Barrage","Iron Wave"],"picked":"Steam Power","floor":3},{"not_picked":["Defy Death","Heatsinks","ReplayTheSpireMod:Calculation Training"],"picked":"SKIP","floor":5},{"not_picked":["ReplayTheSpireMod:LeadingStrike","Compile Driver","Replay:Undeath\u0027s Touch"],"picked":"SKIP","floor":6},{"not_picked":["Tempest","Streamline"],"picked":"Gash","floor":7},{"not_picked":["Coolheaded","Clash","Beam Cell"],"picked":"SKIP","floor":10},{"not_picked":["ReplayTheSpireMod:Strike From Hell","Sweeping Beam"],"picked":"Twin Strike","floor":11},{"not_picked":["Flex","Go for the Eyes","Hemogenesis"],"picked":"SKIP","floor":14},{"not_picked":["Go for the Eyes","Rupture","Body Slam+1"],"picked":"SKIP","floor":18},{"not_picked":["Rebound","Leap","Run Through"],"picked":"SKIP","floor":20},{"not_picked":["BasicCrystalCard","Sever Soul"],"picked":"Hologram","floor":22},{"not_picked":["Tempest","Beam Cell"],"picked":"Barricade","floor":24},{"not_picked":["Intimidate","Warcry","Heatsinks"],"picked":"SKIP","floor":27},{"not_picked":["Conserve Battery","Cleave"],"picked":"Bloodletting","floor":29},{"not_picked":["Headbutt","Replay:Undeath\u0027s Touch","Sword Boomerang"],"picked":"SKIP","floor":30},{"not_picked":["Fire Breathing","Storm"],"picked":"Spot Weakness","floor":31}],"player_experience":141014,"relics_obtained":[{"floor":6,"key":"Omamori"},{"floor":9,"key":"Bag of Marbles"},{"floor":11,"key":"ReplayTheSpireMod:Shallot"},{"floor":24,"key":"Sundial"},{"floor":26,"key":"Regal Pillow"},{"floor":27,"key":"Tiny Chest"},{"floor":31,"key":"War Paint"}],"event_choices":[{"damage_healed":0,"gold_gain":0,"player_choice":"Leave","damage_taken":0,"max_hp_gain":0,"max_hp_loss":0,"event_name":"The Cleric","floor":2,"gold_loss":0},{"damage_healed":0,"gold_gain":0,"player_choice":"Success","damage_taken":5,"relics_obtained":["Golden Egg"],"max_hp_gain":0,"max_hp_loss":0,"event_name":"Scrap Ooze","floor":4,"gold_loss":0},{"damage_healed":0,"gold_gain":0,"player_choice":"Copied","damage_taken":0,"max_hp_gain":0,"max_hp_loss":0,"event_name":"Duplicator","floor":28,"gold_loss":0,"cards_obtained":["Whirlwind"]}],"is_beta":false,"boss_relics":[{"not_picked":["Astrolabe","Honey Jar"],"picked":"Runic Pyramid"},{"not_picked":["ReplayTheSpireMod:SealedPack","infinitespire:Cupcake","Electric Blood"]}],"items_purged_floors":[],"is_endless":false,"potions_floor_spawned":[1,5,10,16,18,24,29,30],"killed_by":"3 Shapes","ascension_level":20}}