{"host":"a5lz0e76zb3fcwkm","time":1611471357,"event":{"mods":["AchievementEnabler","BaseMod","Colored Map","Colored Powertips","Minty Spire (QoL Compilation)","StSLib","SuperFastMode"],"gold_per_floor":[116,116,116,136,22,22,22,39,64,77,77,107,6,35,35,112,112,112,112,112],"floor_reached":19,"language":"KOR","playtime":301,"items_purged":["Strike_R"],"score":400,"play_id":"48bad86e-0921-4ce2-9bfd-f5b705278463","local_time":"20210124155557","is_ascension_mode":true,"campfire_choices":[{"floor":6.0,"key":"DIG"},{"floor":11.0,"key":"DIG"},{"data":"Demon Form","floor":15,"key":"SMITH"}],"circlet_count":0,"master_deck":["AscendersBane","Strike_R","Strike_R","Strike_R","Defend_R","Defend_R","Defend_R","Defend_R","Bash","Carnage","Fiend Fire","Demon Form+1","Disarm","Shrug It Off","Sword Boomerang"],"relics":["Burning Blood","Shovel","Omamori","MealTicket","Oddly Smooth Stone","Pocketwatch","InkBottle","Potion Belt","Ectoplasm"],"acts_visited":["Exordium","TheCity"],"potions_floor_usage":[12,18],"damage_taken":[{"damage":17.0,"enemies":"Cultist","floor":1.0,"turns":4.0},{"damage":12.0,"enemies":"Jaw Worm","floor":4.0,"turns":3.0},{"damage":5.0,"enemies":"Small Slimes","floor":8.0,"turns":4.0},{"damage":11.0,"enemies":"Looter","floor":10.0,"turns":2.0},{"damage":12,"enemies":"3 Sentries","floor":12,"turns":5},{"damage":0,"enemies":"Gremlin Nob","floor":14,"turns":2},{"damage":35,"enemies":"The Guardian","floor":16,"turns":6},{"damage":8,"enemies":"3 Byrds","floor":18,"turns":4},{"damage":62,"enemies":"Masked Bandits","floor":19,"turns":4}],"seed_played":"-588258829301127720","potions_obtained":[{"floor":1.0,"key":"BlessingOfTheForge"},{"floor":4.0,"key":"Strength Potion"},{"floor":12,"key":"SkillPotion"},{"floor":16,"key":"Fire Potion"}],"is_trial":false,"path_per_floor":["M","?","?","M","$","R","?","M","T","M","R","E","$","E","R","B",null,"M","?"],"character_chosen":"IRONCLAD","items_purchased":["Carnage","Disarm","Shrug It Off"],"campfire_rested":0,"item_purchase_floors":[5,13,13],"current_hp_per_floor":[57,50,50,44,44,44,44,45,45,40,40,34,49,55,55,26,63,61,0,0],"gold":112,"neow_bonus":"ONE_RARE_RELIC","is_daily":false,"chose_seed":false,"campfire_upgraded":1,"win_rate":0.0,"timestamp":1611471357,"path_taken":["M","?","?","?","?","R","?","M","T","M","R","E","$","E","R","BOSS","M","?"],"items_purchased_type":["Card","Card","Card"],"build_version":"2020-12-22","purchased_purges":1,"victory":false,"max_hp_per_floor":[75,75,75,75,75,75,75,75,75,75,75,75,75,75,75,75,75,75,75,75],"card_choices":[{"not_picked":["Perfected Strike","Rage","Armaments"],"picked":"SKIP","floor":1.0},{"not_picked":["Pommel Strike","Metallicize","Pummel"],"picked":"SKIP","floor":4.0},{"not_picked":["Body Slam","Heavy Blade","Clash"],"picked":"SKIP","floor":8.0},{"not_picked":["Perfected Strike","Twin Strike"],"picked":"Fiend Fire","floor":10.0},{"not_picked":["Clash","True Grit"],"picked":"Demon Form","floor":12},{"not_picked":["Warcry","Rampage"],"picked":"Sword Boomerang","floor":14},{"not_picked":["Second Wind","Cleave","True Grit"],"picked":"SKIP","floor":18}],"player_experience":1795999,"relics_obtained":[{"floor":6.0,"key":"Omamori"},{"floor":9.0,"key":"Oddly Smooth Stone"},{"floor":11.0,"key":"Pocketwatch"},{"floor":12,"key":"InkBottle"},{"floor":14,"key":"Potion Belt"}],"event_choices":[{"cards_removed":["Doubt"],"damage_healed":0.0,"max_hp_gain":0.0,"max_hp_loss":0.0,"gold_gain":0.0,"event_name":"Golden Wing","player_choice":"Card Removal","floor":2.0,"gold_loss":0.0,"damage_taken":7.0},{"cards_removed":["Strike_R"],"damage_healed":0.0,"max_hp_gain":0.0,"max_hp_loss":0.0,"gold_gain":0.0,"event_name":"Bonfire Elementals","player_choice":"Offered Basic","floor":3.0,"gold_loss":0.0,"damage_taken":0.0},{"damage_healed":0.0,"max_hp_gain":0.0,"max_hp_loss":0.0,"gold_gain":0.0,"event_name":"Dead Adventurer","player_choice":"Searched \u00272\u0027 times","floor":7.0,"gold_loss":0.0,"damage_taken":0.0,"relics_obtained":["MealTicket"]},{"damage_healed":0,"gold_gain":0,"player_choice":"Fought Bandits","damage_taken":0,"max_hp_gain":0,"max_hp_loss":0,"event_name":"Masked Bandits","floor":19,"gold_loss":0}],"is_beta":false,"boss_relics":[{"not_picked":["Busted Crown","Runic Cube"],"picked":"Ectoplasm"}],"items_purged_floors":[5],"is_endless":false,"potions_floor_spawned":[1,4,12,16],"killed_by":"Masked Bandits","ascension_level":20}}