{"host":"l4p18zw33fr8bdc3","time":1611505295,"event":{"mods":["AchievementEnabler","BaseMod","Bestiary","Block Reminder","Colored Map","Colored Powertips","Curses Come First","Minty Spire (QoL Compilation)","Quick Restart","Rare Cards Sparkle","StSLib"],"gold_per_floor":[114,131,145,158,175,175,203,203,203,217,217,217,236,254,254,349,349,364,364,71,71,84,111,111,136,160,177,177,188,208,4,4,101,101,117,129,46,46,56,76,76,13,13,25,57,107,107,118,118,118],"floor_reached":51,"language":"ENG","playtime":4687,"items_purged":["Strike_P","Strike_P","Defend_P"],"score":748,"play_id":"a1ae0d11-341b-4f78-8a72-c3cdcdcba302","local_time":"20210124112135","is_ascension_mode":false,"campfire_choices":[{"data":"Eruption","floor":6,"key":"SMITH"},{"data":"Wireheading","floor":8,"key":"SMITH"},{"floor":15,"key":"REST"},{"data":"Sanctity","floor":24,"key":"SMITH"},{"floor":28,"key":"REST"},{"floor":32,"key":"REST"},{"data":"Vault","floor":41,"key":"SMITH"},{"data":"TalkToTheHand","floor":49,"key":"SMITH"}],"circlet_count":0,"master_deck":["Defend_P","Defend_P","Eruption+1","Vigilance","CutThroughFate","Wireheading+1","Crescendo","Consecrate","FearNoEvil","FlurryOfBlows","ClearTheMind","Meditate","Vengeance","Ragnarok","EmptyFist","Sanctity+1","Conclude","TalkToTheHand","ForeignInfluence+1","Tantrum+1","Vault+1","Swivel+1","Weave","Finesse","Weave+1","ThirdEye","TalkToTheHand+1","Finesse","Writhe","BowlingBash+1","FollowUp","FlurryOfBlows+1"],"relics":["PureWater","Bottled Tornado","FossilizedHelix","Empty Cage","Membership Card","Mango","Thread and Needle","StoneCalendar","Cursed Key","Ginger","Sundial","Prayer Wheel"],"acts_visited":["Exordium","TheCity","TheBeyond"],"potions_floor_usage":[7,10,16,16,22,23,27,50,50,50],"damage_taken":[{"damage":0,"enemies":"Small Slimes","floor":1,"turns":3},{"damage":3,"enemies":"Jaw Worm","floor":2,"turns":4},{"damage":1,"enemies":"2 Louse","floor":3,"turns":3},{"damage":7,"enemies":"Looter","floor":4,"turns":3},{"damage":10,"enemies":"Lots of Slimes","floor":5,"turns":3},{"damage":16,"enemies":"Gremlin Nob","floor":7,"turns":4},{"damage":0,"enemies":"Red Slaver","floor":10,"turns":3},{"damage":0,"enemies":"2 Fungi Beasts","floor":13,"turns":2},{"damage":0,"enemies":"Blue Slaver","floor":14,"turns":3},{"damage":21,"enemies":"Hexaghost","floor":16,"turns":8},{"damage":6,"enemies":"Shell Parasite","floor":18,"turns":4},{"damage":18,"enemies":"3 Byrds","floor":22,"turns":4},{"damage":0,"enemies":"Gremlin Leader","floor":23,"turns":5},{"damage":23,"enemies":"Book of Stabbing","floor":25,"turns":4},{"damage":7,"enemies":"Snake Plant","floor":27,"turns":3},{"damage":5,"enemies":"Chosen and Byrds","floor":29,"turns":5},{"damage":0,"enemies":"3 Cultists","floor":30,"turns":4},{"damage":20,"enemies":"Champ","floor":33,"turns":8},{"damage":9,"enemies":"3 Shapes","floor":35,"turns":4},{"damage":0,"enemies":"Orb Walker","floor":36,"turns":5},{"damage":0,"enemies":"Maw","floor":39,"turns":6},{"damage":8,"enemies":"3 Darklings","floor":40,"turns":5},{"damage":0,"enemies":"Transient","floor":44,"turns":5},{"damage":0,"enemies":"Giant Head","floor":45,"turns":4},{"damage":0,"enemies":"Mind Bloom Boss Battle","floor":46,"turns":4},{"damage":0,"enemies":"Sphere and 2 Shapes","floor":48,"turns":4},{"damage":52,"enemies":"Awakened One","floor":50,"turns":13}],"seed_played":"4085840373171800664","potions_obtained":[{"floor":0,"key":"Energy Potion"},{"floor":0,"key":"ColorlessPotion"},{"floor":0,"key":"BlessingOfTheForge"},{"floor":2,"key":"Regen Potion"},{"floor":4,"key":"EssenceOfSteel"},{"floor":7,"key":"FearPotion"},{"floor":16,"key":"Block Potion"},{"floor":18,"key":"PowerPotion"},{"floor":21,"key":"StancePotion"},{"floor":21,"key":"Block Potion"},{"floor":23,"key":"Weak Potion"},{"floor":25,"key":"FearPotion"},{"floor":33,"key":"Ambrosia"},{"floor":48,"key":"Block Potion"}],"is_trial":false,"path_per_floor":["M","M","M","M","M","R","E","R","T","M","?","?","M","M","R","B",null,"M","?","$","?","M","E","R","E","T","M","R","M","M","$","R","B",null,"M","M","$","?","M","M","R","$","T","M","E","?","?","M","R","B",null],"character_chosen":"WATCHER","items_purchased":["Membership Card","Ragnarok","EmptyFist","StoneCalendar","Weave","TalkToTheHand","Finesse"],"campfire_rested":3,"item_purchase_floors":[20,20,20,31,37,42,42],"current_hp_per_floor":[72,69,68,61,51,51,44,44,44,44,37,37,37,37,58,37,72,66,53,53,53,35,49,49,26,26,19,46,41,41,41,68,48,91,82,82,82,82,82,74,74,74,74,74,74,74,74,74,74,22],"gold":118,"neow_bonus":"THREE_SMALL_POTIONS","is_daily":false,"chose_seed":false,"campfire_upgraded":5,"win_rate":0.0,"timestamp":1611505295,"path_taken":["M","M","M","M","M","R","E","R","T","M","?","?","M","M","R","BOSS","M","?","$","?","?","E","R","E","T","M","R","M","M","$","R","BOSS","M","M","?","?","M","M","R","$","T","M","E","?","?","?","R","BOSS"],"items_purchased_type":["Relic","Card","Card","Relic","Card","Card","Card"],"build_version":"2020-12-22","purchased_purges":3,"victory":true,"max_hp_per_floor":[72,72,72,72,72,72,72,72,72,72,72,72,72,72,72,72,72,72,77,77,77,77,91,91,91,91,91,91,91,91,91,91,91,91,91,91,91,91,91,91,91,91,91,91,91,91,91,91,91,91],"card_choices":[{"not_picked":["FollowUp","SashWhip"],"picked":"CutThroughFate","floor":1},{"not_picked":["SashWhip","ClearTheMind"],"picked":"Wireheading","floor":2},{"not_picked":["Wireheading","BowlingBash"],"picked":"Crescendo","floor":3},{"not_picked":["LikeWater","WheelKick"],"picked":"Consecrate","floor":4},{"not_picked":["PathToVictory","CrushJoints"],"picked":"FearNoEvil","floor":5},{"not_picked":["FearNoEvil","WreathOfFlame"],"picked":"FlurryOfBlows","floor":7},{"not_picked":["Worship","Prostrate"],"picked":"ClearTheMind","floor":10},{"not_picked":["EmptyMind","Perseverance"],"picked":"Meditate","floor":13},{"not_picked":["Fasting2","FollowUp"],"picked":"Vengeance","floor":14},{"not_picked":["FlyingSleeves","EmptyBody","ClearTheMind"],"picked":"SKIP","floor":18},{"not_picked":["PathToVictory","Indignation"],"picked":"Sanctity","floor":22},{"not_picked":["CrushJoints","WindmillStrike+1"],"picked":"Conclude","floor":23},{"not_picked":["Sanctity","ClearTheMind"],"picked":"TalkToTheHand","floor":25},{"not_picked":["Pray","FlyingSleeves"],"picked":"ForeignInfluence+1","floor":27},{"not_picked":["BowlingBash","Weave"],"picked":"Tantrum+1","floor":29},{"not_picked":["SashWhip","BattleHymn"],"picked":"Vault","floor":30},{"not_picked":["CutThroughFate+1","FearNoEvil"],"picked":"Swivel+1","floor":35},{"not_picked":["WindmillStrike","Halt+1","SashWhip"],"picked":"SKIP","floor":36},{"not_picked":["Master of Strategy","Deep Breath"],"picked":"Finesse","floor":38},{"not_picked":["Crescendo+1","PathToVictory"],"picked":"Weave+1","floor":39},{"not_picked":["EmptyMind+1","CarveReality"],"picked":"ThirdEye","floor":40},{"not_picked":["SashWhip","FlyingSleeves+1"],"picked":"BowlingBash+1","floor":44},{"not_picked":["BattleHymn+1","Fasting2","Prostrate+1"],"picked":"SKIP","floor":45},{"not_picked":["EmptyBody+1","CutThroughFate+1"],"picked":"FollowUp","floor":46},{"not_picked":["FlyingSleeves","Crescendo"],"picked":"FlurryOfBlows+1","floor":48},{"not_picked":["SashWhip","FollowUp","SpiritShield"],"picked":"SKIP","floor":48}],"player_experience":183447,"relics_obtained":[{"floor":7,"key":"Bottled Tornado"},{"floor":9,"key":"FossilizedHelix"},{"floor":23,"key":"Mango"},{"floor":25,"key":"Thread and Needle"},{"floor":43,"key":"Ginger"},{"floor":45,"key":"Sundial"},{"floor":46,"key":"Prayer Wheel"}],"event_choices":[{"cards_removed":["Strike_P"],"damage_healed":0,"gold_gain":0,"player_choice":"Card Removal","damage_taken":7,"max_hp_gain":0,"max_hp_loss":0,"event_name":"Golden Wing","floor":11,"gold_loss":0},{"damage_healed":0,"gold_gain":0,"player_choice":"Fled","damage_taken":0,"max_hp_gain":0,"max_hp_loss":0,"event_name":"Scrap Ooze","floor":12,"gold_loss":0},{"damage_healed":0,"gold_gain":0,"player_choice":"Shed Blood","damage_taken":18,"max_hp_gain":5,"max_hp_loss":0,"event_name":"Forgotten Altar","floor":19,"gold_loss":0},{"damage_healed":0,"gold_gain":0,"player_choice":"Got Potions","damage_taken":0,"max_hp_gain":0,"max_hp_loss":0,"event_name":"Lab","floor":21,"gold_loss":0},{"damage_healed":0,"gold_gain":0,"player_choice":"Memory 1","damage_taken":0,"max_hp_gain":0,"max_hp_loss":0,"event_name":"SensoryStone","floor":38,"gold_loss":0},{"damage_healed":0,"gold_gain":0,"player_choice":"Fight","damage_taken":0,"max_hp_gain":0,"max_hp_loss":0,"event_name":"MindBloom","floor":46,"gold_loss":0},{"damage_healed":0,"gold_gain":0,"player_choice":"Ignored","damage_taken":0,"max_hp_gain":0,"max_hp_loss":0,"event_name":"Mysterious Sphere","floor":47,"gold_loss":0}],"is_beta":false,"boss_relics":[{"not_picked":["Snecko Eye","Busted Crown"],"picked":"Empty Cage"},{"not_picked":["HolyWater","Runic Pyramid"],"picked":"Cursed Key"}],"items_purged_floors":[20,31,37],"is_endless":false,"potions_floor_spawned":[2,4,7,16,18,23,25,33,36,40,48],"ascension_level":0}}