{"host":"zqowyf7xxb4s9ib0","time":1611527378,"event":{"mods":["BaseMod","Better Note","Colored Map","Colored Powertips","Downfall","Highlight Path","Minty Spire (QoL Compilation)","Permanent Neow","Quick Restart","StSLib"],"gold_per_floor":[99,113,213,226,103,123,123,23,36,36,21,21,21,35,46,46,46,46],"floor_reached":16,"language":"ENG","playtime":781,"items_purged":[],"score":92,"play_id":"95546a04-a5e8-42a4-9d85-8b3767efdf7f","local_time":"20210124142938","is_ascension_mode":false,"campfire_choices":[{"floor":1,"key":"RECALL"},{"data":"champ:HeavySlash","floor":8,"key":"SMITH"},{"data":"champ:ShieldWall","floor":10,"key":"SMITH"},{"data":"champ:EndlessRage","floor":13,"key":"SMITH"}],"circlet_count":0,"master_deck":["champ:Strike","champ:Strike","champ:Strike","champ:Defend","champ:Defend","champ:Defend","champ:Defend","champ:Execute","champ:Taunt+1","champ:Haymaker","champ:FanOfKnives","champ:AdrenalArmor","champ:RisingSlash","champ:FaceSlap","champ:BerserkersShout","champ:HeavySlash+1","champ:ShieldWall+1","champ:EndlessRage+1","champ:BringItOn"],"relics":["champ:ChampionCrown","Champion Belt","Anchor","downfall:HeartBlessingRed"],"acts_visited":["Exordium"],"potions_floor_usage":[11],"damage_taken":[{"damage":15,"enemies":"2 Louse","floor":2,"turns":3},{"damage":37,"enemies":"2 Louse","floor":3,"turns":5},{"damage":3,"enemies":"Jaw Worm","floor":4,"turns":4},{"damage":30,"enemies":"downfall:FleeingMerchant","floor":5,"turns":4},{"damage":5,"enemies":"Cultist","floor":6,"turns":2},{"damage":25,"enemies":"Large Slime","floor":9,"turns":5},{"damage":20,"enemies":"downfall:FleeingMerchant","floor":11,"turns":4},{"damage":44,"enemies":"Exordium Thugs","floor":14,"turns":5},{"damage":8,"enemies":"2 Fungi Beasts","floor":15,"turns":4},{"damage":42,"enemies":"WA_ARCHETYPE_RETAIN","floor":16,"turns":4}],"seed_played":"4608416327124548741","potions_obtained":[{"floor":6,"key":"PowerPotion"},{"floor":9,"key":"AttackPotion"},{"floor":14,"key":"champ:OpenerPotion"},{"floor":15,"key":"AttackPotion"}],"is_trial":false,"path_per_floor":["R","M","?","M","$","M","T","R","M","R","$","?","R","M","M","B"],"character_chosen":"THE_CHAMP","items_purchased":["champ:FaceSlap","champ:BerserkersShout"],"campfire_rested":0,"item_purchase_floors":[5,5],"current_hp_per_floor":[90,85,53,50,45,45,45,45,45,45,45,45,45,28,20,0,0,0],"gold":46,"neow_bonus":"UPGRADE_CARD","is_daily":false,"chose_seed":false,"campfire_upgraded":3,"win_rate":0.0,"timestamp":1611527378,"path_taken":["R","M","?","M","$","M","T","R","M","R","?","?","R","M","M","BOSS"],"items_purchased_type":["Card","Card"],"build_version":"2020-12-22","purchased_purges":0,"victory":false,"max_hp_per_floor":[90,90,90,90,90,90,90,90,90,90,90,90,90,90,90,90,90,90],"card_choices":[{"not_picked":["champ:CrookedStrike","champ:RisingSlash"],"picked":"champ:Haymaker","floor":2},{"not_picked":["champ:BladeFlurry","champ:BerserkersShout"],"picked":"champ:FanOfKnives","floor":3},{"not_picked":["champ:BladeFlurry","champ:BerserkersShout"],"picked":"champ:AdrenalArmor","floor":4},{"not_picked":["champ:GladiatorStyle","champ:FanOfKnives"],"picked":"champ:RisingSlash","floor":5},{"not_picked":["champ:PerfectedStrike","champ:Haymaker"],"picked":"champ:HeavySlash","floor":6},{"not_picked":["champ:AdrenalArmor","champ:BerserkersShout"],"picked":"champ:ShieldWall","floor":9},{"not_picked":["champ:GladiatorForm","champ:PreciseThrust"],"picked":"champ:EndlessRage","floor":11},{"not_picked":["champ:PreciseThrust","champ:StanceDance","champ:CrownThrow"],"picked":"SKIP","floor":14},{"not_picked":["champ:GutPunch","champ:SetATrap"],"picked":"champ:BringItOn","floor":15}],"player_experience":492005,"relics_obtained":[{"floor":3,"key":"Champion Belt"},{"floor":7,"key":"Anchor"}],"event_choices":[],"is_beta":false,"boss_relics":[],"items_purged_floors":[],"is_endless":false,"potions_floor_spawned":[6,9,14,15],"killed_by":"WA_ARCHETYPE_RETAIN","ascension_level":0}}