{"host":"usrgk25etjl0nf5i","time":1611522843,"event":{"mods":["2.2 Compatiblity","BaseMod","Downfall","Hubris","Minty Spire (QoL Compilation)","Permanent Neow","StSLib","SuperFastMode"],"gold_per_floor":[119,119,32,32,52,87,87,101,101,121,121,147,422,441,441,512,512,522,537,547,547,547,547,547],"floor_reached":23,"language":"ENG","playtime":1031,"items_purged":["Regret"],"score":332,"play_id":"a88f5f92-e783-4081-87cd-653821781f80","local_time":"20210124131403","is_ascension_mode":true,"campfire_choices":[{"floor":7,"key":"REST"},{"data":"Evolve","floor":11,"key":"SMITH"},{"floor":15,"key":"REST"}],"circlet_count":0,"master_deck":["AscendersBane","Strike_R","Strike_R","Strike_R","Defend_R","Defend_R","Defend_R","Bash","Evolve+1","Metallicize","Impervious","Clothesline","Disarm","Flame Barrier","Immolate","Regret","Flex","Berserk","Shrug It Off","Flex","Shrug It Off"],"relics":["Burning Blood","The Courier","MealTicket","Letter Opener","Bottled Tornado","Philosopher\u0027s Stone","MutagenicStrength"],"acts_visited":["Exordium","TheCity"],"potions_floor_usage":[6,12,12,14,18,23],"damage_taken":[{"damage":13,"enemies":"Small Slimes","floor":1,"turns":6},{"damage":7,"enemies":"Jaw Worm","floor":5,"turns":5},{"damage":33,"enemies":"3 Sentries","floor":6,"turns":12},{"damage":2,"enemies":"Cultist","floor":8,"turns":4},{"damage":24,"enemies":"Gremlin Gang","floor":10,"turns":9},{"damage":20,"enemies":"Lagavulin","floor":12,"turns":8},{"damage":11,"enemies":"2 Fungi Beasts","floor":14,"turns":5},{"damage":35,"enemies":"Slime Boss","floor":16,"turns":11},{"damage":14,"enemies":"3 Byrds","floor":18,"turns":4},{"damage":21,"enemies":"Shell Parasite","floor":19,"turns":8},{"damage":14,"enemies":"Snake Plant","floor":20,"turns":6},{"damage":32,"enemies":"Gremlin Leader","floor":23,"turns":6}],"seed_played":"-6461039004623205260","potions_obtained":[{"floor":5,"key":"SneckoOil"},{"floor":6,"key":"hexamod:SoulburnPotion"},{"floor":10,"key":"LiquidBronze"},{"floor":12,"key":"BloodPotion"},{"floor":16,"key":"LiquidBronze"},{"floor":20,"key":"Swift Potion"}],"is_trial":false,"path_per_floor":["M","?","$","?","M","E","R","M","T","M","R","E","?","M","R","B",null,"M","M","M","?","?","E"],"character_chosen":"IRONCLAD","items_purchased":["Metallicize"],"campfire_rested":2,"item_purchase_floors":[3],"current_hp_per_floor":[65,65,65,65,64,37,58,62,62,44,44,30,30,39,60,31,62,54,39,31,31,31,0,0],"gold":547,"neow_bonus":"REMOVE_TWO","is_daily":false,"chose_seed":false,"campfire_upgraded":1,"win_rate":0.0,"timestamp":1611522843,"path_taken":["M","?","$","?","?","E","R","M","T","M","R","E","?","?","R","BOSS","M","?","M","?","?","E"],"items_purchased_type":["Card"],"build_version":"2020-12-22","purchased_purges":1,"victory":false,"max_hp_per_floor":[72,72,72,72,72,72,72,72,72,72,72,72,72,72,72,72,72,72,72,72,72,72,72,72],"card_choices":[{"not_picked":["Perfected Strike","Pommel Strike"],"picked":"Evolve","floor":1},{"not_picked":["Havoc","Iron Wave"],"picked":"Clothesline","floor":5},{"not_picked":["Iron Wave","Sword Boomerang"],"picked":"Disarm","floor":6},{"not_picked":["Perfected Strike","Anger"],"picked":"Flame Barrier","floor":8},{"not_picked":["Pommel Strike","Havoc"],"picked":"Immolate","floor":10},{"not_picked":["Twin Strike","Sword Boomerang","Carnage"],"picked":"SKIP","floor":12},{"not_picked":["Thunderclap","Armaments"],"picked":"Flex","floor":14},{"not_picked":["Reaper","Brutality"],"picked":"Berserk","floor":16},{"not_picked":["Entrench","hubris:SharpeningStone"],"picked":"Shrug It Off","floor":18},{"not_picked":["Sword Boomerang","Warcry"],"picked":"Flex","floor":19},{"not_picked":["Sword Boomerang+1","Battle Trance","Blood for Blood"],"picked":"SKIP","floor":20}],"player_experience":674330,"relics_obtained":[{"floor":6,"key":"MealTicket"},{"floor":9,"key":"Letter Opener"},{"floor":12,"key":"Bottled Tornado"}],"event_choices":[{"damage_healed":0,"gold_gain":0,"player_choice":"Box","damage_taken":0,"relics_obtained":["The Courier"],"max_hp_gain":0,"max_hp_loss":0,"event_name":"Big Fish","floor":2,"gold_loss":0,"cards_obtained":["Regret"]},{"damage_healed":0,"gold_gain":0,"cards_transformed":["Defend_R"],"player_choice":"Change","damage_taken":0,"max_hp_gain":0,"max_hp_loss":0,"event_name":"Living Wall","floor":4,"gold_loss":0,"cards_obtained":["Impervious"]},{"damage_healed":0,"gold_gain":275,"player_choice":"Desecrate","damage_taken":0,"max_hp_gain":0,"max_hp_loss":0,"event_name":"Golden Shrine","floor":13,"gold_loss":0,"cards_obtained":["Regret"]},{"damage_healed":0,"gold_gain":0,"player_choice":"Inject Mutagens","damage_taken":0,"relics_obtained":["MutagenicStrength"],"max_hp_gain":0,"max_hp_loss":0,"event_name":"Drug Dealer","floor":21,"gold_loss":0}],"is_beta":false,"boss_relics":[{"not_picked":["hubris:CrackedHourglass","Ectoplasm"],"picked":"Philosopher\u0027s Stone"}],"items_purged_floors":[3],"is_endless":false,"potions_floor_spawned":[5,6,10,12,16,20],"killed_by":"Gremlin Leader","ascension_level":13}}