{"host":"f76kcizrccta30ww","time":1611471268,"event":{"mods":["Act Like it!","Aspiration","BaseMod","Gensokyo","Marisa£®ÏF”Í°°ƒß¿Ì…≥£©","Minty Spire (QoL Compilation)","Pale of the Ancients","Replay The Spire","Shop Mod","StSLib","TestMod","vexMod"],"gold_per_floor":[118,49,49,63,81,81,81,109,109,121,153,173,29,57,57,155,155,171,221,84,84],"floor_reached":20,"language":"ZHS","playtime":632,"items_purged":["Pain"],"score":217,"play_id":"1685a82a-2c77-4cbf-8b44-5f8db4f4a1fb","local_time":"20210124145428","is_ascension_mode":false,"campfire_choices":[{"data":"Go for the Eyes","floor":6,"key":"SMITH"},{"data":"Electrodynamics","floor":15,"key":"SMITH"}],"circlet_count":0,"master_deck":["Strike_B","Strike_B","Strike_B","Strike_B","Defend_B","Defend_B","Defend_B","Defend_B","Zap+1","Dualcast","Go for the Eyes+1","Chill","Ball Lightning","Hologram","Rainbow","Gash","Sweeping Beam","Electrodynamics+1","ReplayRNGCard","Gash","Spreading Infection","testmod-Dream"],"relics":["Cracked Core","testmod-TestBox","testmod-CardMagician","ReplayFunnel","WarpedTongs","Vajra","testmod-TurbochargingSystem","MerchantsRug","Sundial","vexMod:DeviousBotling","Ring of Greed","Golden Idol","ReplayTheSpireMod:Ring of Exchange"],"acts_visited":["Exordium","TheCity"],"potions_floor_usage":[8,16],"damage_taken":[{"damage":0,"enemies":"Small Slimes","floor":1,"turns":3},{"damage":0,"enemies":"Cultist","floor":4,"turns":3},{"damage":0,"enemies":"2 Louse","floor":5,"turns":1},{"damage":7,"enemies":"3 Sentries","floor":8,"turns":7},{"damage":4,"enemies":"Blue Slaver","floor":10,"turns":2},{"damage":10,"enemies":"Lagavulin","floor":11,"turns":8},{"damage":0,"enemies":"Exordium Thugs","floor":12,"turns":2},{"damage":1,"enemies":"Gremlin Nob","floor":14,"turns":3},{"damage":6,"enemies":"Hexaghost","floor":16,"turns":6},{"damage":7,"enemies":"2 Thieves","floor":18,"turns":2}],"seed_played":"-8757060003701948024","potions_obtained":[{"floor":4,"key":"Adrenaline Potion"},{"floor":5,"key":"Elixir"},{"floor":12,"key":"SteroidPotion"},{"floor":14,"key":"LifebloodPotion"}],"is_trial":false,"path_per_floor":["M","$","?","M","M","R","?","E","T","M","E","M","$","E","R","B",null,"M","?","$"],"character_chosen":"DEFECT","items_purchased":["Reboot","MerchantsRug","testmod-Dream"],"campfire_rested":0,"item_purchase_floors":[2,13,20],"current_hp_per_floor":[75,75,75,75,75,75,75,68,68,64,54,54,54,53,53,47,75,68,68,68,68],"gold":84,"neow_bonus":"UPGRADE_CARD","is_daily":false,"chose_seed":false,"campfire_upgraded":2,"win_rate":0.0,"timestamp":1611471268,"path_taken":["M","$","?","M","?","R","?","E","T","?","E","M","?","E","R","BOSS","M","?","$"],"items_purchased_type":["Card","Relic","Card"],"build_version":"2020-12-22","purchased_purges":1,"victory":false,"max_hp_per_floor":[75,75,75,75,75,75,75,75,75,75,75,75,75,75,75,75,75,75,75,75,75],"card_choices":[{"not_picked":["Sweeping Beam","Stack"],"picked":"Go for the Eyes","floor":1},{"not_picked":["Steam","Leap"],"picked":"Chill","floor":4},{"not_picked":["Conserve Battery","Leap"],"picked":"Ball Lightning","floor":5},{"not_picked":["ReplayTheSpireMod:Repulse","Leap"],"picked":"Hologram","floor":8},{"not_picked":["Reprogram","Steam"],"picked":"Rainbow","floor":10},{"not_picked":["Compile Driver","BasicCrystalCard"],"picked":"Gash","floor":11},{"not_picked":["Coolheaded","Cold Snap"],"picked":"Sweeping Beam","floor":12},{"not_picked":["Gash","Force Field"],"picked":"Electrodynamics","floor":14},{"not_picked":["ReplayTheSpireMod:Omega Cannon","Creative AI"],"picked":"ReplayRNGCard","floor":16},{"not_picked":["FIFO Queue","White Noise"],"picked":"Gash","floor":18}],"player_experience":19859,"relics_obtained":[{"floor":8,"key":"Vajra"},{"floor":9,"key":"Replay:Bottled Snecko"},{"floor":11,"key":"testmod-TurbochargingSystem"},{"floor":14,"key":"Sundial"},{"floor":19,"key":"Ring of Greed"},{"floor":19,"key":"Golden Idol"},{"floor":19,"key":"ReplayTheSpireMod:Ring of Exchange"},{"floor":19,"key":"MawBank"}],"event_choices":[{"cards_removed":["Reboot"],"damage_healed":0,"gold_gain":0,"player_choice":"Gave Card","damage_taken":0,"relics_obtained":["ReplayFunnel"],"max_hp_gain":0,"max_hp_loss":0,"event_name":"WeMeetAgain","floor":3,"gold_loss":0},{"damage_healed":0,"gold_gain":0,"player_choice":"Rummage","damage_taken":0,"relics_obtained":["WarpedTongs"],"max_hp_gain":0,"max_hp_loss":0,"event_name":"Accursed Blacksmith","floor":7,"gold_loss":0,"cards_obtained":["Pain"]}],"is_beta":false,"boss_relics":[{"not_picked":["Tiny House","Sozu"],"picked":"vexMod:DeviousBotling"}],"items_purged_floors":[13],"is_endless":false,"potions_floor_spawned":[4,5,12,14],"ascension_level":0}}