{"host":"shb6fs4xkmgx64v4","time":1611450682,"event":{"mods":["AchievementEnabler","BaseMod","Colored Map","Downfall","Minty Spire (QoL Compilation)","StSLib"],"gold_per_floor":[99,99,99,115,290,53,105,255,285,85,105,120,5,5,17,115,115,115,129,146,160,160,185,185,270,52,72,72,85,85,101,134,134,134,134],"floor_reached":33,"language":"ENG","playtime":2288,"items_purged":["Doubt","downfall:Icky"],"score":292,"play_id":"55f2d07d-992b-4c84-9179-37d50623cd53","local_time":"20210123201122","is_ascension_mode":false,"campfire_choices":[{"floor":1.0,"key":"RECALL"},{"data":"Guardian:Suspension","floor":10.0,"key":"SMITH"},{"data":"Guardian:StasisField","floor":18.0,"key":"SMITH"},{"floor":30,"key":"REST"}],"circlet_count":0,"master_deck":["Guardian:Strike_Guardian","Guardian:Strike_Guardian","Guardian:Strike_Guardian","Guardian:Strike_Guardian","Guardian:Defend_Guardian","Guardian:Defend_Guardian","Guardian:Defend_Guardian","Guardian:Defend_Guardian","Guardian:CurlUp","Guardian:TwinSlam","Guardian:BronzeArmor","Guardian:PolyBeam","Guardian:Suspension+1","Guardian:BronzeArmor","Guardian:Recover","Guardian:PolyBeam","Guardian:FierceBash","Guardian:TemporalStrike","Guardian:StasisField+1","Guardian:MultiBeam","Guardian:SentryBeam","Guardian:PrimingBeam","expansioncontent:Chronoboost","Guardian:TemporalStrike+1","Guardian:PrimingBeam","Guardian:Gem_Cyan","Guardian:ChargeUp+1"],"relics":["Guardian:ModeShifter","Toolbox","Nunchaku","downfall:HeartBlessingBlue","downfall:HeartBlessingRed","bronze:MakeshiftBattery","Blue Candle","Guardian:PickAxe","Bottled Flame","Membership Card"],"acts_visited":["Exordium","TheCity"],"potions_floor_usage":[33],"damage_taken":[{"damage":5.0,"enemies":"Small Slimes","floor":4.0,"turns":4.0},{"damage":0.0,"enemies":"downfall:FleeingMerchant","floor":6.0,"turns":4.0},{"damage":17.0,"enemies":"3 Sentries","floor":9.0,"turns":10.0},{"damage":0.0,"enemies":"2 Louse","floor":11.0,"turns":2.0},{"damage":1.0,"enemies":"Cultist","floor":12.0,"turns":4.0},{"damage":5.0,"enemies":"downfall:FleeingMerchant","floor":13.0,"turns":4.0},{"damage":16.0,"enemies":"Large Slime","floor":15.0,"turns":7.0},{"damage":43.0,"enemies":"IC_STATUS_ARCHETYPE","floor":16.0,"turns":14.0},{"damage":13.0,"enemies":"Chosen","floor":19.0,"turns":6.0},{"damage":3.0,"enemies":"3 Byrds","floor":20.0,"turns":5.0},{"damage":7.0,"enemies":"Snake Plant","floor":21.0,"turns":5.0},{"damage":16,"enemies":"Book of Stabbing","floor":23,"turns":8},{"damage":5,"enemies":"downfall:FleeingMerchant","floor":26,"turns":4},{"damage":5,"enemies":"Sentry and Sphere","floor":27,"turns":5},{"damage":10,"enemies":"Chosen and Byrds","floor":29,"turns":5},{"damage":0,"enemies":"Snake Plant","floor":31,"turns":5},{"damage":11,"enemies":"Centurion and Healer","floor":32,"turns":7},{"damage":40,"enemies":"SI_MIRROR_ARCHETYPE","floor":33,"turns":4}],"seed_played":"-7054898696170879565","potions_obtained":[{"floor":9.0,"key":"PowerPotion"},{"floor":11.0,"key":"AttackPotion"},{"floor":12.0,"key":"SpeedPotion"},{"floor":15.0,"key":"SmokeBomb"},{"floor":20.0,"key":"DuplicationPotion"}],"is_trial":false,"path_per_floor":["R","?","?","M","?","$","T","?","E","R","M","M","$","?","M","B",null,"R","M","M","M","?","E","T","?","$","M","R","M","R","M","M","B"],"character_chosen":"GUARDIAN","items_purchased":["Toolbox","Membership Card","expansioncontent:Chronoboost"],"campfire_rested":1,"item_purchase_floors":[6,26,26],"current_hp_per_floor":[88,88,88,83,83,83,83,83,66,76,76,75,70,70,54,11,98,98,85,82,75,70,54,54,38,33,28,28,18,47,47,36,0,0,0],"gold":134,"neow_bonus":"TEN_PERCENT_HP_BONUS","is_daily":false,"chose_seed":false,"campfire_upgraded":2,"win_rate":0.0,"timestamp":1611450682,"path_taken":["R","?","?","?","?","$","T","?","E","R","M","?","$","?","M","BOSS","R","M","?","M","?","E","T","?","?","M","R","M","R","M","M","BOSS"],"items_purchased_type":["Relic","Relic","Card"],"build_version":"2020-12-22","purchased_purges":2,"victory":false,"max_hp_per_floor":[88,88,88,88,88,88,88,88,88,98,98,98,98,98,98,98,98,98,98,98,98,98,98,98,98,98,98,98,98,98,98,98,98,98,98],"card_choices":[{"not_picked":["Guardian:Planning","Guardian:TemporalShield"],"picked":"Guardian:BronzeArmor","floor":4.0},{"not_picked":["Guardian:Planning","Guardian:RefractedBeam"],"picked":"Guardian:PolyBeam","floor":6.0},{"not_picked":["Guardian:RevengeProtocol","Guardian:WalkerClaw"],"picked":"Guardian:Suspension","floor":9.0},{"not_picked":["Guardian:VentSteam","Guardian:ShieldCharger"],"picked":"Guardian:BronzeArmor","floor":11.0},{"not_picked":["Guardian:Planning","Guardian:TemporalShield"],"picked":"Guardian:Recover","floor":12.0},{"not_picked":["Guardian:WalkerClaw","Guardian:Suspension"],"picked":"Guardian:PolyBeam","floor":13.0},{"not_picked":["Guardian:TemporalShield","Guardian:Recover"],"picked":"Guardian:TemporalStrike","floor":15.0},{"not_picked":["Guardian:ConstructionForm","Guardian:HyperBeam_Guardian"],"picked":"Guardian:StasisField","floor":16.0},{"not_picked":["Guardian:Reroute","Guardian:RollAttack"],"picked":"Guardian:Gem_Purple","floor":19.0},{"not_picked":["Guardian:Gem_Lightblue","Guardian:PrismaticBarrier"],"picked":"Guardian:MultiBeam","floor":20.0},{"not_picked":["Guardian:WalkerClaw","Guardian:ChargeCore"],"picked":"Guardian:Gem_Purple","floor":21.0},{"not_picked":["Guardian:PolyBeam","Guardian:CrystalBeam"],"picked":"Guardian:SentryBeam","floor":23},{"not_picked":["Guardian:GuardianWhirl","Guardian:SentryBeam"],"picked":"Guardian:PrimingBeam","floor":26},{"not_picked":["Guardian:ShieldCharger","Guardian:TimeBomb"],"picked":"Guardian:TemporalStrike+1","floor":27},{"not_picked":["Guardian:Gem_Cyan","Guardian:Incinerate"],"picked":"Guardian:PrimingBeam","floor":29},{"not_picked":["Guardian:Clone","Guardian:Gem_Fragmented"],"picked":"Guardian:Gem_Cyan","floor":31},{"not_picked":["Guardian:TimeBomb+1","Guardian:Gem_Purple"],"picked":"Guardian:ChargeUp+1","floor":32}],"player_experience":257121,"relics_obtained":[{"floor":9.0,"key":"Nunchaku"},{"floor":23,"key":"Guardian:PickAxe"},{"floor":24,"key":"Bottled Flame"}],"event_choices":[{"damage_healed":0.0,"max_hp_gain":0.0,"max_hp_loss":0.0,"gold_gain":0.0,"event_name":"NoteForYourself","player_choice":"Ignored","floor":3.0,"gold_loss":0.0,"damage_taken":0.0}],"is_beta":false,"boss_relics":[{"not_picked":["Philosopher\u0027s Stone","Calling Bell"],"picked":"bronze:MakeshiftBattery"}],"items_purged_floors":[6,13],"is_endless":false,"potions_floor_spawned":[9,11,12,15,20,21,23,29,32],"killed_by":"SI_MIRROR_ARCHETYPE","ascension_level":0}}