{"host":"o9ks9zgjwk1fcyk2","time":1611507627,"event":{"mods":["A Magickal Journey","AchievementEnabler","Aspiration","BaseMod","BetterRewards","Colored Map","Colored Powertips","Conspire","DeckTracker","Downfall","Friendly Minions","GifTheSpireLib","Halation","Highlight Path","Hubris","Infinite Spire","Ironclad Rager","Minty Spire (QoL Compilation)","Permanent Neow","Quarter Circle Forward PUNCH!","Quick Restart","READ ME - Guardian Mod","Relic Sorter","Replay The Spire","StSLib","Stuff the Spire","The Alterego","The Construct","The Cursed","The Disciple","The Forsaken","The Jungle","The Marked","The Mystic","vexMod"],"gold_per_floor":[112,123,48,48,63,63,92,105,154,154,154,154,154,167,368,383,383,383,383],"floor_reached":18,"language":"ENG","playtime":691,"items_purged":["alterego_mod:Defend"],"score":112,"play_id":"2d36f269-7876-40cf-83e5-b4cd95df0656","local_time":"20210124170027","is_ascension_mode":false,"campfire_choices":[{"data":"alterego_mod:Impale","floor":6,"key":"SMITH"},{"data":"alterego_mod:Nekomimi","floor":10,"key":"SMITH"},{"data":"alterego_mod:Birthday","floor":13,"key":"SMITH"},{"data":"alterego_mod:BustOut","floor":17,"key":"SMITH"}],"circlet_count":0,"master_deck":["alterego_mod:Strike","alterego_mod:Strike","alterego_mod:Strike","alterego_mod:Strike","alterego_mod:Defend","alterego_mod:Defend","alterego_mod:Defend","alterego_mod:Impale+1","alterego_mod:BigMeatyClaws","alterego_mod:BrynhildrsRune","alterego_mod:SakuraFive","alterego_mod:Birthday+1","alterego_mod:Nekomimi+1","alterego_mod:BustOut+1","alterego_mod:Undulate"],"relics":["alterego_mod:MasochisticConstitution","NeowsBlessing","hubris:TenFootPole","Bronze Scales"],"acts_visited":["Exordium"],"potions_floor_usage":[18,18],"damage_taken":[{"damage":0,"enemies":"Cultist","floor":1,"turns":1},{"damage":0,"enemies":"Small Slimes","floor":2,"turns":1},{"damage":0,"enemies":"Jaw Worm","floor":5,"turns":1},{"damage":16,"enemies":"Gremlin Nob","floor":7,"turns":3},{"damage":0,"enemies":"Large Slime","floor":8,"turns":5},{"damage":10,"enemies":"Exordium Thugs","floor":14,"turns":3},{"damage":11,"enemies":"Looter","floor":16,"turns":2},{"damage":42,"enemies":"The Guardian","floor":18,"turns":8}],"seed_played":"6306689577701648500","potions_obtained":[{"floor":5,"key":"ColorlessPotion"},{"floor":7,"key":"EssenceOfSteel"},{"floor":8,"key":"Elixir"},{"floor":16,"key":"Adrenaline Potion"}],"is_trial":false,"path_per_floor":["M","M","$","?","M","R","E","M","T","R","PTL","PTL","R","M","?","M","R","B"],"character_chosen":"The_Alterego","items_purchased":[],"campfire_rested":0,"item_purchase_floors":[],"current_hp_per_floor":[70,70,70,70,70,70,55,71,71,71,71,71,71,62,48,38,38,0,0],"gold":383,"neow_bonus":"THREE_ENEMY_KILL","is_daily":false,"chose_seed":false,"campfire_upgraded":4,"win_rate":0.0,"timestamp":1611507627,"path_taken":["M","?","$","?","M","R","E","M","T","R","PTL","PTL","R","M","?","M","R","BOSS"],"items_purchased_type":[],"build_version":"2020-12-22","purchased_purges":1,"victory":false,"max_hp_per_floor":[70,70,70,70,70,70,71,71,71,71,71,71,71,72,72,73,73,73,73],"card_choices":[{"not_picked":["alterego_mod:Skirt","alterego_mod:GachaTicket","alterego_mod:SakuraLabyrinth"],"picked":"SKIP","floor":1},{"not_picked":["alterego_mod:DustData","alterego_mod:Valentines"],"picked":"alterego_mod:SakuraFive","floor":2},{"not_picked":["alterego_mod:Collar","alterego_mod:Bloomers","alterego_mod:MagicResistance"],"picked":"SKIP","floor":5},{"not_picked":["alterego_mod:BoobPocket","alterego_mod:Smother"],"picked":"alterego_mod:Birthday","floor":7},{"not_picked":["alterego_mod:Complex","alterego_mod:Cycle"],"picked":"alterego_mod:Nekomimi","floor":8},{"not_picked":["alterego_mod:MagicResistance","alterego_mod:Support"],"picked":"alterego_mod:BustOut","floor":14},{"not_picked":["alterego_mod:BusterCard","alterego_mod:Punishment"],"picked":"alterego_mod:Undulate","floor":16}],"player_experience":325213,"relics_obtained":[{"floor":7,"key":"hubris:TenFootPole"},{"floor":9,"key":"Bronze Scales"}],"event_choices":[],"is_beta":false,"boss_relics":[],"items_purged_floors":[3],"is_endless":false,"potions_floor_spawned":[5,7,8,16],"killed_by":"The Guardian","ascension_level":0}}