{"host":"i58uscbei3sy5089","time":1611486726,"event":{"mods":["ATMod(°¢èªMod)","Act Like it!","BaseMod","Challenge The Spire","Colored Powertips","Conspire","Gensokyo","Infinite Spire","Lobotomy","LobotomyExtend","Minty Spire (QoL Compilation)","MostiFishMod","Quick Restart","Remilia£¨ÀÙÃ×ÀòÑÇ£©","Replay The Spire","Shop Mod","Spicy Shops","StSLib","TestMod","The Alterego","UnlockEverythingMod","[IsaacMod]ÒÔÈö¼âËþ","vexMod","¡¾¹¦ÄÜMod¡¿»ìãçÖ®»·ÐÞ¸´²¹¶¡","¡¾ÒÅÎï¿¨ÅÆ¡¿REMEMod","óô»ðÖ¸ÄÏ"],"gold_per_floor":[119,131,5,25,42,42,70,70,70,70,70],"floor_reached":10,"language":"ZHS","playtime":377,"items_purged":[],"score":91,"play_id":"976767fa-eecf-4be1-947e-90c219c77707","local_time":"20210124191206","is_ascension_mode":true,"campfire_choices":[],"circlet_count":0,"master_deck":["SpecialBullet","Gensokyo:BlemishedSteel","Mimicry"],"relics":["CogitoBucket","RabbitCall","testmod-TestBox","HushsDoor","DaveBox","AT_ATBox","REME_ComplimentaryCards","testmod-IncinerationGenerator","ExusiaiGun","GuppysTail","SynthV:TestCard","LetterFromLob","Snack Pack","BlankCard"],"acts_visited":["Exordium"],"potions_floor_usage":[10],"damage_taken":[{"damage":0,"enemies":"Gensokyo:3_Fairies","floor":1,"turns":2},{"damage":0,"enemies":"Gensokyo:Gryphon","floor":2,"turns":1},{"damage":0,"enemies":"Gensokyo:2_Kodama","floor":4,"turns":1},{"damage":13,"enemies":"Gensokyo:Kitsune","floor":5,"turns":2},{"damage":4,"enemies":"Gensokyo:Mamizou","floor":7,"turns":3},{"damage":79,"enemies":"Gensokyo:Aya","floor":10,"turns":6}],"seed_played":"-2794840123600116082","potions_obtained":[{"floor":1,"key":"Block Potion"},{"floor":5,"key":"Milkshake"},{"floor":7,"key":"Toxic Potion"}],"is_trial":false,"path_per_floor":["M","M","COS","M","M","R","E","?","T","E"],"character_chosen":"Angela","items_purchased":[],"campfire_rested":0,"item_purchase_floors":[],"current_hp_per_floor":[63,63,63,63,50,50,46,70,70,0,0],"gold":70,"neow_bonus":"UPGRADE_CARD","is_daily":false,"chose_seed":false,"campfire_upgraded":0,"win_rate":0.0,"timestamp":1611486726,"path_taken":["M","M","COS","M","M","R","E","?","T","E"],"items_purchased_type":[],"build_version":"2020-12-22","purchased_purges":0,"victory":false,"max_hp_per_floor":[70,70,70,70,70,70,70,70,70,70,70],"card_choices":[{"not_picked":["BlueStar","PunishingBird"],"picked":"OSAHOGD","floor":1},{"not_picked":["Christmas","Wingbeat"],"picked":"SKIP","floor":1},{"not_picked":["Bloodbath","ShyLook"],"picked":"LongBird","floor":2},{"not_picked":["CUTE","Regret_ego","Beak","Loneliness"],"picked":"SKIP","floor":2},{"not_picked":["SpiderBud","LittlePrince"],"picked":"MHz","floor":4},{"not_picked":["Lamp","FourthMatchFlame","Loneliness","TodaysExpression"],"picked":"SKIP","floor":4},{"not_picked":["VoidDream","SpiderBud"],"picked":"FieryBird","floor":5},{"not_picked":["Harmony","Horn","TheSmile","SolemnVow"],"picked":"SKIP","floor":5},{"not_picked":["SoundOfStar","GoldRush","Pinks"],"picked":"Mimicry","floor":7},{"not_picked":["UniverseFragment","WhitesApple"],"picked":"WallGazer","floor":7},{"not_picked":["TodaysExpression","BloodyDesire","Christmas","Regret_ego"],"picked":"SKIP","floor":7}],"player_experience":649913,"relics_obtained":[{"floor":1,"key":"SynthV:TestCard"},{"floor":1,"key":"LetterFromLob"},{"floor":7,"key":"Snack Pack"},{"floor":9,"key":"BlankCard"}],"event_choices":[],"is_beta":false,"boss_relics":[],"items_purged_floors":[],"is_endless":false,"potions_floor_spawned":[1,5,7],"killed_by":"Gensokyo:Aya","ascension_level":8}}