{"host":"iml8x8es9od4zowg","time":1611490976,"event":{"mods":["2.2 Compatiblity","BaseMod","Marisa£¨Ùöéë¡¡Øª×âÞÞ£©","Minty Spire (QoL Compilation)","StSLib","Td1madao Mod","The Jungle","¡¼?Úª?ø«¡½REMEMod"],"gold_per_floor":[113,124,124,124,8,39,39,52,52,80,80,96,113,123,123,226,226,246,246,257,273,285,285,320,320,368,393,393,412,426,426,426,530,530,543,573,573],"floor_reached":36,"language":"KOR","playtime":3251,"items_purged":["Strike_G"],"score":516,"play_id":"08cce4d9-f1a3-458b-a233-346f6d67e0e6","local_time":"20210124212256","is_ascension_mode":true,"campfire_choices":[{"floor":11.0,"key":"REST"},{"floor":15.0,"key":"REST"},{"data":"Footwork","floor":23.0,"key":"SMITH"},{"data":"Bouncing Flask","floor":25.0,"key":"SMITH"},{"floor":28.0,"key":"REST"},{"data":"Venomology","floor":32,"key":"SMITH"}],"circlet_count":0,"master_deck":["Strike_G","Strike_G","Defend_G","Defend_G","Defend_G","Defend_G","Defend_G","Survivor","Neutralize","Envenom","SpiritShield","Deadly Poison","Deadly Poison","Footwork+1","Bouncing Flask+1","Blur","Blur","Deadly Poison","PiercingWail","Deflect","Venomology+1","Dodge and Roll","Blur","Caltrops+1","Acrobatics+1","Deflect","Corpse Explosion","Catalyst+1"],"relics":["Ring of the Snake","REME_ComplimentaryCards","Blue Candle","Frozen Egg 2","Sundial","Ninja Scroll","SlaversCollar","Strawberry","Gambling Chip","WristBlade"],"acts_visited":["Exordium","Exordium","TheBeyond"],"potions_floor_usage":[33,35,36,36,36],"damage_taken":[{"damage":1.0,"enemies":"2 Louse","floor":1.0,"turns":5.0},{"damage":0.0,"enemies":"Small Slimes","floor":2.0,"turns":5.0},{"damage":14.0,"enemies":"Lagavulin","floor":6.0,"turns":9.0},{"damage":0.0,"enemies":"Cultist","floor":8.0,"turns":3.0},{"damage":28.0,"enemies":"Gremlin Nob","floor":10.0,"turns":4.0},{"damage":10.0,"enemies":"2 Fungi Beasts","floor":12.0,"turns":3.0},{"damage":13.0,"enemies":"Large Slime","floor":13.0,"turns":8.0},{"damage":3.0,"enemies":"Red Slaver","floor":14.0,"turns":4.0},{"damage":0.0,"enemies":"The Guardian","floor":16.0,"turns":9.0},{"damage":1.0,"enemies":"theJungle:5_Spyders","floor":18.0,"turns":11.0},{"damage":0.0,"enemies":"theJungle:MUSHROOMGANG","floor":20.0,"turns":7.0},{"damage":8.0,"enemies":"theJungle:2_Flameangoes","floor":21.0,"turns":10.0},{"damage":8.0,"enemies":"theJungle:JungleHuntersEncounter","floor":22.0,"turns":10.0},{"damage":0.0,"enemies":"theJungle:2_Phrogs","floor":24.0,"turns":10.0},{"damage":28.0,"enemies":"theJungle:MamaSnecko","floor":27.0,"turns":7.0},{"damage":4.0,"enemies":"Snake Plant","floor":29.0,"turns":8.0},{"damage":3.0,"enemies":"theJungle:SlimyTreeVines","floor":30.0,"turns":8.0},{"damage":44,"enemies":"theJungle:TotemBoss","floor":33,"turns":18},{"damage":23,"enemies":"3 Darklings","floor":35,"turns":3},{"damage":47,"enemies":"2 Orb Walkers","floor":36,"turns":5}],"seed_played":"-1603821141958576185","potions_obtained":[{"floor":1.0,"key":"Weak Potion"},{"floor":8.0,"key":"Dexterity Potion"},{"floor":12.0,"key":"Explosive Potion"},{"floor":13.0,"key":"SteroidPotion"},{"floor":24.0,"key":"GamblersBrew"}],"is_trial":false,"path_per_floor":["M","M","?","?","$","E","?","M","T","E","R","M","M","M","R","B",null,"M","?","M","M","M","R","E","R","T","E","R","M","M","?","R","B",null,"M","?"],"character_chosen":"THE_SILENT","items_purchased":["Footwork"],"campfire_rested":3,"item_purchase_floors":[5],"current_hp_per_floor":[69,69,44,67,67,53,53,53,53,25,46,36,23,20,41,41,70,69,69,69,61,53,53,60,60,60,32,55,51,54,54,54,10,77,54,7,7],"gold":573,"neow_bonus":"TRANSFORM_CARD","is_daily":false,"chose_seed":false,"campfire_upgraded":3,"win_rate":0.0,"timestamp":1611490976,"path_taken":["M","M","?","?","$","E","?","M","T","E","R","?","M","M","R","BOSS","M","?","M","M","M","R","E","R","T","E","R","M","M","?","R","BOSS","M","?"],"items_purchased_type":["Card"],"build_version":"2020-12-22","purchased_purges":1,"victory":false,"max_hp_per_floor":[70,70,70,70,70,70,70,70,70,70,70,70,70,70,70,70,70,70,70,70,70,70,70,77,77,77,77,77,77,77,77,77,77,77,77,77,77],"card_choices":[{"not_picked":["Dagger Spray","PiercingWail"],"picked":"Deadly Poison","floor":1.0},{"not_picked":["PiercingWail","Dagger Throw"],"picked":"Deadly Poison","floor":2.0},{"not_picked":["Cloak And Dagger","Expertise"],"picked":"Bouncing Flask","floor":6.0},{"not_picked":["Outmaneuver","Slice"],"picked":"Blur","floor":8.0},{"not_picked":["Die Die Die","Poisoned Stab"],"picked":"Blur","floor":10.0},{"not_picked":["Terror","Dagger Spray"],"picked":"Deadly Poison","floor":12.0},{"not_picked":["Bane","Poisoned Stab"],"picked":"PiercingWail","floor":13.0},{"not_picked":["Accuracy+1","Flying Knee"],"picked":"Deflect","floor":14.0},{"not_picked":["Bullet Time","Tools of the Trade+1"],"picked":"Venomology","floor":16.0},{"not_picked":["Underhanded Strike","Bane"],"picked":"Dodge and Roll","floor":18.0},{"not_picked":["Dash+1","Poisoned Stab","Terror"],"picked":"SKIP","floor":20.0},{"not_picked":["Acrobatics","Backflip"],"picked":"Blur","floor":21.0},{"not_picked":["Terror","Dagger Throw"],"picked":"Caltrops+1","floor":22.0},{"not_picked":["Bane","Endless Agony","Cloak And Dagger"],"picked":"SKIP","floor":24.0},{"not_picked":["Terror+1","Poisoned Stab","Envenom+1"],"picked":"SKIP","floor":27.0},{"not_picked":["Flechettes","Sucker Punch"],"picked":"Acrobatics+1","floor":29.0},{"not_picked":["Dagger Throw+1","Outmaneuver"],"picked":"Deflect","floor":30.0},{"not_picked":["Malaise","Envenom+1"],"picked":"Corpse Explosion","floor":33},{"not_picked":["Dash+1","Choke"],"picked":"Catalyst+1","floor":35}],"player_experience":558020,"relics_obtained":[{"floor":6.0,"key":"Frozen Egg 2"},{"floor":9.0,"key":"Sundial"},{"floor":10.0,"key":"Ninja Scroll"},{"floor":24.0,"key":"Strawberry"},{"floor":27.0,"key":"Gambling Chip"}],"event_choices":[{"damage_healed":0.0,"max_hp_gain":0.0,"max_hp_loss":0.0,"gold_gain":0.0,"event_name":"Scrap Ooze","player_choice":"Success","floor":3.0,"gold_loss":0.0,"damage_taken":25.0,"relics_obtained":["Blue Candle"]},{"damage_healed":23.0,"max_hp_gain":0.0,"max_hp_loss":0.0,"gold_gain":0.0,"event_name":"Big Fish","player_choice":"Banana","floor":4.0,"gold_loss":0.0,"damage_taken":0.0},{"cards_removed":["Strike_G"],"damage_healed":0.0,"max_hp_gain":0.0,"max_hp_loss":0.0,"gold_gain":0.0,"event_name":"Purifier","player_choice":"Purged","floor":7.0,"gold_loss":0.0,"damage_taken":0.0},{"damage_healed":0.0,"max_hp_gain":0.0,"max_hp_loss":0.0,"gold_gain":0.0,"event_name":"Wheel of Change","player_choice":"Gold","floor":31.0,"gold_loss":0.0,"damage_taken":0.0},{"damage_healed":0,"gold_gain":0,"player_choice":"Fight","damage_taken":0,"max_hp_gain":0,"max_hp_loss":0,"event_name":"Mysterious Sphere","floor":36,"gold_loss":0}],"is_beta":false,"boss_relics":[{"not_picked":["HoveringKite","Pandora\u0027s Box"],"picked":"SlaversCollar"},{"not_picked":["Runic Pyramid","Philosopher\u0027s Stone"],"picked":"WristBlade"}],"items_purged_floors":[5],"is_endless":false,"potions_floor_spawned":[1,8,12,13,20,24],"killed_by":"2 Orb Walkers","ascension_level":1}}