{"host":"opgesw7sb5n0ordz","time":1611459109,"event":{"mods":["BaseMod","Better Note","Colored Powertips","Downfall","Minty Spire (QoL Compilation)","Relic Stats","StSLib","Unceasing Turn Reminder"],"gold_per_floor":[99,112,112,112,131,156,156,156,191,208,219,119,119,136,150,248,248,248,259,334,346,346,346,346,380,408,442,466,366,395,418,445,555,555,555,580,37,62,86,109,185,85,66,104,104,139,165,179,201,201,201,242,132,132,132,132],"floor_reached":57,"language":"ENG","playtime":4220,"items_purged":[],"score":1365,"play_id":"d66da82d-411e-482a-b66c-dc4c6732ce51","local_time":"20210123223149","is_ascension_mode":true,"campfire_choices":[{"floor":1,"key":"RECALL"},{"data":"Guardian:Orbwalk","floor":12,"key":"SMITH"},{"data":"Guardian:RefractedBeam","floor":18,"key":"SMITH"},{"floor":29,"key":"REST"},{"data":"Guardian:FuturePlans","floor":35,"key":"SMITH"},{"floor":42,"key":"REST"},{"data":"expansioncontent:DashGenerateEvil","floor":45,"key":"SMITH"},{"data":"1","floor":54,"key":"LIFT"}],"circlet_count":0,"master_deck":["Guardian:Defend_Guardian+1","Guardian:Defend_Guardian+1","Guardian:CurlUp+1","Guardian:TwinSlam","Guardian:Recover+1","Guardian:GuardianWhirl","Guardian:ChargeCore","Guardian:BronzeOrb+1","Guardian:Orbwalk+1","downfall:Malfunctioning","Guardian:DecasProtection+1","Guardian:Incinerate","Guardian:Planning","Parasite","Guardian:RefractedBeam+1","Guardian:TemporalShield","Guardian:StasisStrike","Guardian:GatlingBeam+1","Guardian:PiercingHide+1","Guardian:SpikerProtocol+1","Guardian:DecasProtection+1","Guardian:WalkerClaw","Injury","Guardian:FuturePlans+1","Guardian:EvasiveProtocol","Guardian:TemporalStrike","Guardian:DonusPower","Guardian:CrystalBeam","expansioncontent:DashGenerateEvil+1","Guardian:WalkerClaw","Guardian:TemporalShield+1","Guardian:FloatingOrbs","expansioncontent:QuickStudy","Guardian:WalkerClaw+1","Guardian:WalkerClaw+1","Guardian:DonusPower+1","Guardian:Suspension+1","Guardian:ArmoredProtocol","expansioncontent:InvincibleStrength","Guardian:BronzeOrb"],"relics":["Guardian:ModeShifterPlus","Kunai","hexamod:CandleOfCauterizing","Du-Vu Doll","downfall:HeartBlessingRed","Astrolabe","downfall:RedIOU","War Paint","CeramicFish","Mummified Hand","downfall:HeartBlessingGreen","Girya","downfall:HeartBlessingBlue","Guardian:BottledStasis","Bronze Scales","Gremlin Horn","Ginger"],"acts_visited":["Exordium","TheCity","TheBeyond","TheEnding"],"potions_floor_usage":[16,25,44],"damage_taken":[{"damage":0,"enemies":"Cultist","floor":2,"turns":5},{"damage":0,"enemies":"Small Slimes","floor":5,"turns":3},{"damage":24,"enemies":"Lagavulin","floor":6,"turns":10},{"damage":15,"enemies":"Gremlin Nob","floor":9,"turns":4},{"damage":0,"enemies":"2 Louse","floor":10,"turns":3},{"damage":4,"enemies":"Exordium Wildlife","floor":11,"turns":4},{"damage":6,"enemies":"Lots of Slimes","floor":14,"turns":3},{"damage":2,"enemies":"Blue Slaver","floor":15,"turns":3},{"damage":16,"enemies":"SI_SHIV_ARCHETYPE","floor":16,"turns":6},{"damage":10,"enemies":"3 Byrds","floor":19,"turns":4},{"damage":2,"enemies":"Shell Parasite","floor":21,"turns":3},{"damage":12,"enemies":"Slavers","floor":25,"turns":4},{"damage":0,"enemies":"Snake Plant","floor":26,"turns":4},{"damage":21,"enemies":"Gremlin Leader","floor":27,"turns":6},{"damage":0,"enemies":"Cultist and Chosen","floor":28,"turns":4},{"damage":1,"enemies":"Sentry and Sphere","floor":30,"turns":3},{"damage":11,"enemies":"Centurion and Healer","floor":31,"turns":4},{"damage":0,"enemies":"Cultist and Chosen","floor":32,"turns":6},{"damage":27,"enemies":"DF_ARCHETYPE_CLAW","floor":33,"turns":8},{"damage":0,"enemies":"3 Shapes","floor":36,"turns":2},{"damage":0,"enemies":"downfall:FleeingMerchant","floor":37,"turns":4},{"damage":24,"enemies":"3 Darklings","floor":38,"turns":3},{"damage":4,"enemies":"4 Shapes","floor":39,"turns":4},{"damage":14,"enemies":"Writhing Mass","floor":40,"turns":5},{"damage":0,"enemies":"downfall:FleeingMerchant","floor":43,"turns":3},{"damage":3,"enemies":"Reptomancer","floor":44,"turns":5},{"damage":2,"enemies":"Nemesis","floor":46,"turns":5},{"damage":6,"enemies":"3 Darklings","floor":47,"turns":2},{"damage":0,"enemies":"Jaw Worm Horde","floor":48,"turns":2},{"damage":0,"enemies":"Sphere and 2 Shapes","floor":49,"turns":3},{"damage":42,"enemies":"IC_BLOCK_ARCHETYPE","floor":50,"turns":7},{"damage":10,"enemies":"downfall:CharBossMerchant","floor":52,"turns":6},{"damage":7,"enemies":"downfall:NeowBoss","floor":55,"turns":16},{"damage":10,"enemies":"downfall:NeowBossFinal","floor":56,"turns":9}],"seed_played":"3495538875935976883","potions_obtained":[{"floor":2,"key":"Strength Potion"},{"floor":6,"key":"Regen Potion"},{"floor":9,"key":"Weak Potion"},{"floor":10,"key":"champ:CounterPotion"},{"floor":15,"key":"AttackPotion"},{"floor":16,"key":"Dexterity Potion"},{"floor":19,"key":"DistilledChaos"},{"floor":20,"key":"downfall:CursedFountainPotion"},{"floor":28,"key":"Guardian:AcceleratePotion"},{"floor":30,"key":"EntropicBrew"},{"floor":44,"key":"CultistPotion"},{"floor":46,"key":"DuplicationPotion"}],"is_trial":false,"path_per_floor":["R","M","T","?","M","E","T","?","E","M","M","R","?","M","M","B",null,"R","M","?","M","?","?","T","E","M","E","M","R","M","M","M","B",null,"R","M","$","M","M","M","T","R","?","E","R","E","M","M","M","B",null,"E","$","R","B","B",null],"character_chosen":"GUARDIAN","items_purchased":["Guardian:CrystalBeam","expansioncontent:DashGenerateEvil","Girya","Guardian:Gem_Cyan","Guardian:BottledStasis","Guardian:FloatingOrbs","expansioncontent:QuickStudy","expansioncontent:InvincibleStrength","Guardian:BronzeOrb"],"campfire_rested":2,"item_purchase_floors":[37,37,37,37,43,43,43,53,53],"current_hp_per_floor":[72,72,72,72,72,48,48,48,33,33,29,29,47,41,39,38,72,72,62,62,60,60,60,60,48,48,27,27,48,47,36,36,9,72,72,72,72,48,44,30,30,64,64,61,61,59,53,53,53,21,82,72,72,72,65,55],"gold":132,"neow_bonus":"TRANSFORM_TWO_CARDS","is_daily":false,"chose_seed":false,"campfire_upgraded":4,"win_rate":0.0,"timestamp":1611459109,"path_taken":["R","M","?","?","M","E","T","?","E","M","M","R","?","M","M","BOSS","R","M","?","?","?","?","T","E","M","E","M","R","?","M","M","BOSS","R","M","$","M","M","M","T","R","?","E","R","E","M","M","M","BOSS","E","$","R","BOSS","BOSS"],"items_purchased_type":["Card","Card","Relic","Card","Relic","Card","Card","Card","Card"],"build_version":"2020-12-22","purchased_purges":0,"victory":true,"max_hp_per_floor":[72,72,72,72,72,72,72,72,72,72,72,72,72,72,72,72,72,72,72,72,72,72,72,72,72,72,72,72,72,72,72,72,72,72,72,72,72,72,72,72,72,82,82,82,82,82,82,82,82,82,82,82,82,82,82,82],"relic_stats":{"Gremlin Horn":[12,12],"counters":[34,161],"Mummified Hand":[117],"Astrolabe":["Guardian:GatlingBeam","Guardian:PiercingHide","Guardian:SpikerProtocol"],"CeramicFish":216,"Bronze Scales":[109],"Kunai":[44],"Ginger":[19],"War Paint":["Guardian:Defend_Guardian","Guardian:CurlUp"],"obtain_stats":[{"Potion Belt":6,"Girya":37,"Guardian:BottledStasis":43,"hexamod:CandleOfCauterizing":7,"downfall:HeartBlessingRed":12,"Guardian:ModeShifterPlus":34,"Gremlin Horn":46,"Astrolabe":17,"CeramicFish":25,"Guardian:ModeShifter":0,"downfall:HeartBlessingGreen":29,"Ginger":52,"War Paint":24,"Du-Vu Doll":9,"Mummified Hand":27,"downfall:HeartBlessingBlue":42,"Bronze Scales":44,"downfall:RedIOU":22,"Kunai":3},{"Potion Belt":3,"Girya":21,"Guardian:BottledStasis":25,"hexamod:CandleOfCauterizing":3,"downfall:HeartBlessingRed":6,"Guardian:ModeShifterPlus":19,"Gremlin Horn":27,"Astrolabe":9,"CeramicFish":12,"Guardian:ModeShifter":0,"downfall:HeartBlessingGreen":15,"Ginger":32,"War Paint":11,"Du-Vu Doll":4,"Mummified Hand":14,"downfall:HeartBlessingBlue":24,"Bronze Scales":26,"downfall:RedIOU":11,"Kunai":1},{"Potion Belt":18,"Girya":91,"Guardian:BottledStasis":106,"hexamod:CandleOfCauterizing":18,"downfall:HeartBlessingRed":29,"Guardian:ModeShifterPlus":85,"Gremlin Horn":116,"Astrolabe":41,"CeramicFish":52,"Guardian:ModeShifter":0,"downfall:HeartBlessingGreen":65,"Ginger":136,"War Paint":48,"Du-Vu Doll":22,"Mummified Hand":61,"downfall:HeartBlessingBlue":103,"Bronze Scales":111,"downfall:RedIOU":48,"Kunai":5}]},"card_choices":[{"not_picked":["Guardian:WalkerClaw","Guardian:PiercingHide"],"picked":"Guardian:ChargeCore","floor":2},{"not_picked":["Guardian:VentSteam","Guardian:Harden"],"picked":"Guardian:BronzeOrb","floor":5},{"not_picked":["Guardian:AncientConstruct","Guardian:Gem_Purple"],"picked":"Guardian:Orbwalk","floor":6},{"not_picked":["Guardian:VentSteam","Guardian:Emergency"],"picked":"Guardian:DecasProtection","floor":9},{"not_picked":["Guardian:ChargeCore","Guardian:ShieldSpikes"],"picked":"Guardian:Incinerate","floor":10},{"not_picked":["Guardian:VentSteam","Guardian:Gem_Synthetic"],"picked":"Guardian:Planning","floor":11},{"not_picked":["Guardian:Gem_Crimson","Guardian:Reroute"],"picked":"Guardian:RefractedBeam","floor":14},{"not_picked":["Guardian:RollAttack","Guardian:Gem_Red"],"picked":"Guardian:TemporalShield","floor":15},{"not_picked":["Guardian:Gem_Synthetic","Guardian:StasisField"],"picked":"Guardian:StasisStrike","floor":16},{"not_picked":["Guardian:Reroute+1","Guardian:Gem_Lightblue"],"picked":"Guardian:DecasProtection","floor":19},{"not_picked":["Guardian:RollAttack+1","Guardian:PrismaticBarrier"],"picked":"Guardian:WalkerClaw","floor":21},{"not_picked":["Guardian:Gem_Green","Guardian:GuardianWhirl"],"picked":"Guardian:Gem_Lightblue","floor":25},{"not_picked":["Guardian:Harden","Guardian:Gem_Lightblue"],"picked":"Guardian:Gem_Purple","floor":26},{"not_picked":["Guardian:Gem_Lightblue","Guardian:PolyBeam"],"picked":"Guardian:Gem_Red","floor":27},{"not_picked":["Guardian:VentSteam","Guardian:TemporalShield"],"picked":"Guardian:FuturePlans","floor":28},{"not_picked":["Guardian:Harden","Guardian:Gem_Fragmented"],"picked":"Guardian:EvasiveProtocol","floor":30},{"not_picked":["Guardian:Recover","Guardian:PrimingBeam+1"],"picked":"Guardian:Gem_Crimson","floor":31},{"not_picked":["Guardian:ChargeCore+1","Guardian:PrimingBeam"],"picked":"Guardian:TemporalStrike","floor":32},{"not_picked":["Guardian:GemFire","Guardian:AncientConstruct"],"picked":"Guardian:Gem_Orange","floor":33},{"not_picked":["Guardian:PrimingBeam+1","Guardian:Gem_Purple"],"picked":"Guardian:DonusPower","floor":36},{"not_picked":["Guardian:PiercingHide","Guardian:Reroute+1","Guardian:PrismaticBeam"],"picked":"SKIP","floor":37},{"not_picked":["Guardian:ShieldSpikes","Guardian:PrimingBeam+1"],"picked":"Guardian:WalkerClaw","floor":38},{"not_picked":["Guardian:DecasProtection","Guardian:BodySlam"],"picked":"Guardian:TemporalShield+1","floor":39},{"not_picked":["Guardian:PiercingHide","Guardian:ConstructionForm"],"picked":"Guardian:Gem_Red","floor":40},{"not_picked":["Guardian:BronzeArmor+1","Guardian:PiercingHide","Guardian:RollAttack"],"picked":"SKIP","floor":43},{"not_picked":["Guardian:Gem_Orange","Guardian:Gem_Yellow"],"picked":"Guardian:WalkerClaw+1","floor":44},{"not_picked":["Guardian:Planning+1","Guardian:TimeBomb+1"],"picked":"Guardian:WalkerClaw+1","floor":46},{"not_picked":["Guardian:Gem_Cyan","Guardian:PrimingBeam"],"picked":"Guardian:DonusPower+1","floor":47},{"not_picked":["Guardian:SentryBeam","Guardian:PrimingBeam","Guardian:Gem_Lightblue"],"picked":"SKIP","floor":48},{"not_picked":["Guardian:FuturePlans+1","Guardian:Gem_White"],"picked":"Guardian:Suspension+1","floor":49},{"not_picked":["Guardian:MultiBeam","Guardian:SpikerProtocol"],"picked":"Guardian:ArmoredProtocol","floor":52}],"player_experience":740132,"relics_obtained":[{"floor":3,"key":"Kunai"},{"floor":6,"key":"Potion Belt"},{"floor":7,"key":"hexamod:CandleOfCauterizing"},{"floor":9,"key":"Du-Vu Doll"},{"floor":24,"key":"War Paint"},{"floor":25,"key":"CeramicFish"},{"floor":27,"key":"Mummified Hand"},{"floor":44,"key":"Bronze Scales"},{"floor":46,"key":"Gremlin Horn"},{"floor":52,"key":"Ginger"}],"event_choices":[{"damage_healed":18,"gold_gain":0,"player_choice":"Healed and dodged fight","damage_taken":0,"max_hp_gain":0,"max_hp_loss":0,"event_name":"Mushrooms","floor":13,"gold_loss":0,"cards_obtained":["Parasite"]}],"is_beta":false,"boss_relics":[{"not_picked":["Coffee Dripper","Runic Dome"],"picked":"Astrolabe"},{"not_picked":["Cursed Key","bronze:MakeshiftBattery"],"picked":"Guardian:ModeShifterPlus"}],"items_purged_floors":[],"is_endless":false,"potions_floor_spawned":[2,6,9,10,15,16,19,28,30,32,33,39,44,46,49,52],"ascension_level":2}}