{"host":"xj2wyr3bqqv4irjd","time":1611529563,"event":{"mods":["Act Like it!","Aspiration","BaseMod","Gensokyo","Koishi","Lobotomy","LobotomyExtend","Marisa£®ÏF”Í°°ƒß¿Ì…≥£©","Minty Spire (QoL Compilation)","Quick Restart","Rare Cards Sparkle","Reimu£®≤©¿ˆ¡È√Œ£©","Remilia£®¿Ÿ√◊¿Ú—«£©","Replay The Spire","SIMod","StSLib","The Alterego","The Servant 0.9.4","WarShipGirlsR/’ΩΩ¢…Ÿ≈ÆR mod","Yakumo Yukari mod","Youmu£®ªÍ∆«—˝√Œ£©"],"gold_per_floor":[118,118,130,55,73,73,103,103,103,118,149,149,166,193,193,193,193],"floor_reached":16,"language":"ZHS","playtime":900,"items_purged":["Strike_S"],"score":181,"play_id":"b5ab796d-867a-4b6b-8e22-8ab31afb75f9","local_time":"20210124230603","is_ascension_mode":true,"campfire_choices":[{"data":"Orbit","floor":6.0,"key":"SMITH"},{"data":"Alleviate","floor":8.0,"key":"SMITH"},{"data":"Sunlight","floor":12.0,"key":"SMITH"},{"data":"Tactician","floor":15.0,"key":"SMITH"}],"circlet_count":0,"master_deck":["Strike_S","Strike_S+1","Strike_S","Defend_S","Defend_S","Defend_S","Defend_S","KidneyShot","Exchange+1","Tactician+1","Alleviate+1","Orbit+1","All Out Attack","Sunlight+1","BottledTime"],"relics":["Uniform","aspiration:Nostalgia","m_SnakeCloak","LetterFromLob","Dream Catcher","White Beast Statue","Bronze Scales","Tea:ReiMu"],"acts_visited":["Exordium"],"potions_floor_usage":[],"damage_taken":[{"damage":0.0,"enemies":"Jaw Worm","floor":1.0,"turns":4.0},{"damage":0.0,"enemies":"2 Louse","floor":3.0,"turns":2.0},{"damage":2.0,"enemies":"Cultist","floor":5.0,"turns":4.0},{"damage":15.0,"enemies":"3 Sentries","floor":7.0,"turns":7.0},{"damage":11.0,"enemies":"Large Slime","floor":10.0,"turns":11.0},{"damage":10.0,"enemies":"Lagavulin","floor":11.0,"turns":4.0},{"damage":0.0,"enemies":"2 Fungi Beasts","floor":13.0,"turns":2.0},{"damage":0.0,"enemies":"Gremlin Nob","floor":14.0,"turns":2.0},{"damage":14,"enemies":"Fading Forest","floor":16,"turns":8}],"seed_played":"-8988175219041280213","potions_obtained":[{"floor":3.0,"key":"Strength Potion"},{"floor":7.0,"key":"Block Potion"},{"floor":10.0,"key":"Weak Potion"},{"floor":11.0,"key":"SteroidPotion"},{"floor":13.0,"key":"Death Potion"},{"floor":14.0,"key":"Strength Potion"}],"is_trial":false,"path_per_floor":["M","?","M","$","M","R","E","R","T","M","E","R","M","E","R","B"],"character_chosen":"THE_SERVANT","items_purchased":[],"campfire_rested":0,"item_purchase_floors":[],"current_hp_per_floor":[65,52,52,52,50,50,35,35,35,24,14,14,14,14,14,8,8],"gold":193,"neow_bonus":"NOSTALGIA","is_daily":false,"chose_seed":false,"campfire_upgraded":4,"win_rate":0.0,"timestamp":1611529563,"path_taken":["M","?","M","$","M","R","E","R","T","M","E","R","M","E","R","BOSS"],"items_purchased_type":[],"build_version":"2020-12-22","purchased_purges":1,"victory":false,"max_hp_per_floor":[65,65,65,65,65,65,65,65,65,65,65,65,65,65,65,65,65],"card_choices":[{"not_picked":["Replace","MoonPhase"],"picked":"Tactician","floor":1.0},{"not_picked":["Alleviate","Revamp","Dagger Throw"],"picked":"SKIP","floor":3.0},{"not_picked":["Revamp","Dagger Throw"],"picked":"Alleviate","floor":3.0},{"not_picked":["Revamp","Gouge"],"picked":"Orbit","floor":5.0},{"not_picked":["Spin","ShatteredReality","Starlight"],"picked":"SKIP","floor":7.0},{"not_picked":["Prepared","StarChef"],"picked":"All Out Attack","floor":10.0},{"not_picked":["TimeTheft","Starlight"],"picked":"Sunlight","floor":11.0},{"not_picked":["Dagger Throw","Unruled"],"picked":"BottledTime","floor":13.0},{"not_picked":["ReturningBlade","Reset","TimeWarp"],"picked":"SKIP","floor":14.0}],"player_experience":581349,"relics_obtained":[{"floor":1.0,"key":"LetterFromLob"},{"floor":7.0,"key":"Dream Catcher"},{"floor":9.0,"key":"White Beast Statue"},{"floor":11.0,"key":"Bronze Scales"},{"floor":14.0,"key":"Tea:ReiMu"}],"event_choices":[{"damage_healed":0.0,"max_hp_gain":0.0,"max_hp_loss":0.0,"gold_gain":0.0,"event_name":"Shining Light","player_choice":"Entered Light","floor":2.0,"gold_loss":0.0,"damage_taken":13.0,"cards_upgraded":["Strike_S","Exchange"]}],"is_beta":false,"boss_relics":[],"items_purged_floors":[4],"is_endless":false,"potions_floor_spawned":[3,7,10,11,13,14],"killed_by":"Fading Forest","ascension_level":5}}