{"host":"test","time":1611507588,"event":{"mods":["BaseMod","Colored Map","Colored Powertips","Minty Spire (QoL Compilation)","Relic Stats","Slay the Relics Exporter","SpireBot","StSLib","ojb\u0027s Better Paths Mod","ojb\u0027s Info Mod"],"gold_per_floor":[112,112,123,123,139,164,164,164,164,192,192,224,25,35,35,106,106,124,124,124,142,142,173,192,192,192,192,203,17,47,61,61,132,132,143,162,162,181,194,224,224,254,305,305,305,305,305,355,355,355,355,355,355,17,44,44],"floor_reached":57,"language":"JPN","playtime":3361,"items_purged":["Strike_G+1","Strike_G+1"],"score":2807,"play_id":"deadffc0-9440-47f1-994f-27a8be75ae30","local_time":"20210125015948","is_ascension_mode":true,"campfire_choices":[{"data":"Catalyst","floor":7.0,"key":"SMITH"},{"floor":11,"key":"REST"},{"data":"Neutralize","floor":15,"key":"SMITH"},{"data":"Well Laid Plans","floor":27,"key":"SMITH"},{"data":"Noxious Fumes","floor":32,"key":"SMITH"},{"data":"Burst","floor":41,"key":"SMITH"},{"data":"Wraith Form v2","floor":44,"key":"SMITH"},{"data":"Crippling Poison","floor":47,"key":"SMITH"},{"floor":49,"key":"RECALL"},{"data":"After Image","floor":53,"key":"SMITH"}],"circlet_count":0,"master_deck":["AscendersBane","Strike_G+1","Strike_G+1","Defend_G+1","Defend_G+1","Defend_G+1","Defend_G+1","Defend_G+1","Survivor","Neutralize+1","Crippling Poison+1","Leg Sweep","Blade Dance","Catalyst+1","Flechettes","Slice","Well Laid Plans+1","PiercingWail","Burst+1","Poisoned Stab","RitualDagger","Leg Sweep","Acrobatics","Noxious Fumes+1","PiercingWail","Crippling Poison+1","After Image+1","Noxious Fumes+1","PiercingWail+1","Venomology","Blur","Wraith Form v2+1"],"relics":["Ring of the Snake","Blood Vial","Eternal Feather","Matryoshka","The Courier","Bag of Marbles","Snake Skull","Coffee Dripper","Enchiridion","Vajra","Happy Flower","PreservedInsect","Mercury Hourglass","Sundial","ClockworkSouvenir","Orichalcum","Black Star","Molten Egg 2","Singing Bowl","CaptainsWheel","Strawberry","Dead Branch","Incense Burner","Du-Vu Doll","Bottled Lightning"],"acts_visited":["Exordium","TheCity","TheBeyond","TheEnding"],"potions_floor_usage":[18,23,33,50,50,51,55,56,56,56],"damage_taken":[{"damage":1.0,"enemies":"2 Louse","floor":1.0,"turns":5.0},{"damage":0.0,"enemies":"Small Slimes","floor":3.0,"turns":4.0},{"damage":2.0,"enemies":"Jaw Worm","floor":5.0,"turns":5.0},{"damage":34.0,"enemies":"3 Sentries","floor":6.0,"turns":12.0},{"damage":44,"enemies":"Lagavulin","floor":10,"turns":14},{"damage":8,"enemies":"Gremlin Nob","floor":12,"turns":3},{"damage":0,"enemies":"Blue Slaver","floor":14,"turns":5},{"damage":9,"enemies":"The Guardian","floor":16,"turns":11},{"damage":0,"enemies":"3 Byrds","floor":18,"turns":2},{"damage":0,"enemies":"Chosen","floor":21,"turns":3},{"damage":3,"enemies":"Slavers","floor":23,"turns":7},{"damage":0,"enemies":"Centurion and Healer","floor":24,"turns":8},{"damage":4,"enemies":"3 Cultists","floor":28,"turns":3},{"damage":2,"enemies":"Gremlin Leader","floor":30,"turns":5},{"damage":0,"enemies":"Cultist and Chosen","floor":31,"turns":3},{"damage":19,"enemies":"Collector","floor":33,"turns":7},{"damage":2,"enemies":"Orb Walker","floor":35,"turns":4},{"damage":5,"enemies":"3 Darklings","floor":36,"turns":3},{"damage":1,"enemies":"Writhing Mass","floor":38,"turns":7},{"damage":8,"enemies":"Jaw Worm Horde","floor":39,"turns":4},{"damage":27,"enemies":"Giant Head","floor":40,"turns":7},{"damage":0,"enemies":"Nemesis","floor":42,"turns":5},{"damage":8,"enemies":"2 Orb Walkers","floor":48,"turns":5},{"damage":23,"enemies":"Awakened One","floor":50,"turns":14},{"damage":33,"enemies":"Time Eater","floor":51,"turns":10},{"damage":6,"enemies":"Shield and Spear","floor":55,"turns":7},{"damage":27,"enemies":"The Heart","floor":56,"turns":9}],"seed_played":"5671705373749848172","potions_obtained":[{"floor":3.0,"key":"Poison Potion"},{"floor":12,"key":"Swift Potion"},{"floor":16,"key":"SkillPotion"},{"floor":18,"key":"PowerPotion"},{"floor":23,"key":"LiquidMemories"},{"floor":33,"key":"SpeedPotion"}],"is_trial":false,"path_per_floor":["M","?","M","?","M","E","R","?","T","E","R","E","$","M","R","B",null,"M","?","?","M","T","E","M","?","T","R","M","$","E","M","R","B",null,"M","M","?","M","M","E","R","E","T","R","?","?","R","?","R","B","B",null,"R","$","E","B",null],"character_chosen":"THE_SILENT","items_purchased":["Snake Skull","Well Laid Plans","ClockworkSouvenir","Incense Burner"],"campfire_rested":1,"item_purchase_floors":[13,13,29,54],"current_hp_per_floor":[60,60,62,67,67,35,44,44,44,2,32,26,26,28,40,33,62,64,58,37,39,39,38,40,40,40,55,53,53,53,55,70,52,66,66,63,63,64,58,35,53,62,62,80,76,76,76,70,78,55,24,65,78,78,74,49],"gold":44,"neow_bonus":"RANDOM_COMMON_RELIC","is_daily":false,"chose_seed":true,"campfire_upgraded":8,"win_rate":0.0,"timestamp":1611507588,"path_taken":["M","?","M","?","M","E","R","?","T","E","R","E","$","M","R","BOSS","M","?","?","M","?","E","M","?","T","R","M","$","E","M","R","BOSS","M","M","?","?","M","E","R","E","T","R","?","?","R","?","R","BOSS","BOSS","R","$","E","BOSS"],"items_purchased_type":["Relic","Card","Relic","Relic"],"build_version":"2020-12-18","purchased_purges":2,"victory":true,"max_hp_per_floor":[66,66,66,71,71,71,71,71,71,71,71,71,71,71,71,71,71,71,71,71,71,71,71,71,71,71,71,71,71,71,71,71,71,71,71,71,71,71,71,73,73,80,80,80,76,76,76,78,78,78,78,78,78,78,80,80],"relic_stats":{"Happy Flower":[36],"Singing Bowl":6,"counters":[27,172],"Dead Branch":[48],"Eternal Feather":117,"Snake Skull":[154],"PreservedInsect":303,"Orichalcum":[84],"Mercury Hourglass":[345],"Blood Vial":47,"Sundial":[6],"Black Star":3,"obtain_stats":[{"Singing Bowl":40,"Enchiridion":20,"Vajra":22,"Snake Skull":13,"Incense Burner":54,"ClockworkSouvenir":29,"Blood Vial":0,"Matryoshka":9,"Sundial":26,"Strawberry":42,"Ring of the Snake":0,"Happy Flower":22,"Dead Branch":48,"Eternal Feather":6,"The Courier":10,"PreservedInsect":23,"Orichalcum":30,"Mercury Hourglass":26,"Du-Vu Doll":55,"CaptainsWheel":42,"Molten Egg 2":40,"Bag of Marbles":12,"Coffee Dripper":17,"Black Star":34,"Bottled Lightning":55},{"Singing Bowl":21,"Enchiridion":9,"Vajra":10,"Snake Skull":6,"Incense Burner":25,"ClockworkSouvenir":13,"Blood Vial":0,"Matryoshka":4,"Sundial":12,"Strawberry":22,"Ring of the Snake":0,"Happy Flower":10,"Dead Branch":23,"Eternal Feather":4,"The Courier":5,"PreservedInsect":11,"Orichalcum":14,"Mercury Hourglass":12,"Du-Vu Doll":26,"CaptainsWheel":22,"Molten Egg 2":21,"Bag of Marbles":6,"Coffee Dripper":8,"Black Star":16,"Bottled Lightning":26},{"Singing Bowl":122,"Enchiridion":61,"Vajra":64,"Snake Skull":43,"Incense Burner":156,"ClockworkSouvenir":82,"Blood Vial":0,"Matryoshka":26,"Sundial":79,"Strawberry":127,"Ring of the Snake":0,"Happy Flower":64,"Dead Branch":132,"Eternal Feather":26,"The Courier":40,"PreservedInsect":71,"Orichalcum":87,"Mercury Hourglass":79,"Du-Vu Doll":163,"CaptainsWheel":127,"Molten Egg 2":122,"Bag of Marbles":43,"Coffee Dripper":59,"Black Star":97,"Bottled Lightning":163}],"Ring of the Snake":[54]},"card_choices":[{"not_picked":["Underhanded Strike","Cloak And Dagger"],"picked":"Crippling Poison","floor":1.0},{"not_picked":["Infinite Blades","Underhanded Strike"],"picked":"Leg Sweep","floor":3.0},{"not_picked":["Expertise","Underhanded Strike"],"picked":"Blade Dance","floor":5.0},{"not_picked":["Quick Slash","Finisher"],"picked":"Catalyst","floor":6.0},{"not_picked":["Dodge and Roll","Acrobatics"],"picked":"Flechettes","floor":10},{"not_picked":["Underhanded Strike","Outmaneuver"],"picked":"Slice","floor":12},{"not_picked":["Phantasmal Killer","Sucker Punch"],"picked":"PiercingWail","floor":14},{"not_picked":["Unload","Glass Knife"],"picked":"Burst","floor":16},{"not_picked":["Masterful Stab","Concentrate"],"picked":"Poisoned Stab","floor":18},{"not_picked":["Outmaneuver","Underhanded Strike"],"picked":"Leg Sweep","floor":21},{"not_picked":["Quick Slash","Outmaneuver"],"picked":"Acrobatics","floor":23},{"not_picked":["Dash","Infinite Blades"],"picked":"Noxious Fumes","floor":24},{"not_picked":["Cloak And Dagger+1","Setup"],"picked":"PiercingWail","floor":28},{"not_picked":["Caltrops","Bane","Prepared"],"picked":"SKIP","floor":30},{"not_picked":["Expertise","PiercingWail+1"],"picked":"Crippling Poison","floor":31},{"not_picked":["Envenom","Grand Finale"],"picked":"After Image","floor":33},{"not_picked":["Cloak And Dagger","Bane"],"picked":"Noxious Fumes+1","floor":35},{"not_picked":["Blade Dance","Poisoned Stab"],"picked":"PiercingWail+1","floor":36},{"not_picked":["Riddle With Holes","PiercingWail"],"picked":"Venomology","floor":38},{"not_picked":["Deflect+1","Distraction"],"picked":"Blur","floor":39},{"not_picked":["Blur","Quick Slash+1","Sucker Punch+1"],"picked":"Singing Bowl","floor":40},{"not_picked":["Prepared+1","Acrobatics"],"picked":"Wraith Form v2","floor":42},{"not_picked":["Dodge and Roll+1","Deadly Poison","Flechettes+1"],"picked":"Singing Bowl","floor":48},{"not_picked":["Eviscerate+1","Blade Dance","Slice+1"],"picked":"Singing Bowl","floor":55}],"player_experience":1975708,"relics_obtained":[{"floor":6.0,"key":"Eternal Feather"},{"floor":9,"key":"Matryoshka"},{"floor":10,"key":"The Courier"},{"floor":12,"key":"Bag of Marbles"},{"floor":20,"key":"Enchiridion"},{"floor":22,"key":"Vajra"},{"floor":22,"key":"Happy Flower"},{"floor":23,"key":"PreservedInsect"},{"floor":26,"key":"Mercury Hourglass"},{"floor":26,"key":"Sundial"},{"floor":30,"key":"Orichalcum"},{"floor":40,"key":"Molten Egg 2"},{"floor":40,"key":"Singing Bowl"},{"floor":42,"key":"CaptainsWheel"},{"floor":42,"key":"Strawberry"},{"floor":48,"key":"Dead Branch"},{"floor":55,"key":"Du-Vu Doll"},{"floor":55,"key":"Bottled Lightning"}],"event_choices":[{"damage_healed":0.0,"max_hp_gain":0.0,"max_hp_loss":0.0,"gold_gain":0.0,"event_name":"Living Wall","player_choice":"Grow","floor":2.0,"gold_loss":0.0,"damage_taken":0.0,"cards_upgraded":["Crippling Poison"]},{"damage_healed":0.0,"max_hp_gain":5.0,"max_hp_loss":0.0,"gold_gain":0.0,"event_name":"Big Fish","player_choice":"Donut","floor":4.0,"gold_loss":0.0,"damage_taken":0.0},{"damage_healed":0,"gold_gain":0,"player_choice":"Searched \u00270\u0027 times","damage_taken":0,"max_hp_gain":0,"max_hp_loss":0,"event_name":"Dead Adventurer","floor":8,"gold_loss":0},{"damage_healed":0,"gold_gain":0,"player_choice":"Joined the Cult","damage_taken":6,"max_hp_gain":0,"max_hp_loss":0,"event_name":"Nest","floor":19,"gold_loss":0,"cards_obtained":["RitualDagger"]},{"damage_healed":0,"gold_gain":0,"player_choice":"Obtained Book","damage_taken":21,"max_hp_gain":0,"max_hp_loss":0,"event_name":"Cursed Tome","floor":20,"gold_loss":0},{"damage_healed":0,"gold_gain":0,"player_choice":"Simplicity","damage_taken":0,"max_hp_gain":0,"max_hp_loss":0,"event_name":"Back to Basics","floor":25,"gold_loss":0,"cards_upgraded":["Strike_G","Strike_G","Strike_G","Strike_G","Strike_G","Defend_G","Defend_G","Defend_G","Defend_G","Defend_G"]},{"cards_removed":["Strike_G"],"damage_healed":0,"gold_gain":0,"player_choice":"Purged","damage_taken":0,"max_hp_gain":0,"max_hp_loss":0,"event_name":"Purifier","floor":37,"gold_loss":0},{"damage_healed":0,"gold_gain":0,"player_choice":"Max HP","damage_taken":0,"max_hp_gain":0,"max_hp_loss":4,"event_name":"Winding Halls","floor":45,"gold_loss":0},{"damage_healed":0,"gold_gain":0,"player_choice":"Ignored","damage_taken":0,"max_hp_gain":0,"max_hp_loss":0,"event_name":"Tomb of Lord Red Mask","floor":46,"gold_loss":0},{"damage_healed":0,"gold_gain":0,"player_choice":"Fight","damage_taken":0,"max_hp_gain":0,"max_hp_loss":0,"event_name":"Mysterious Sphere","floor":48,"gold_loss":0}],"is_beta":true,"boss_relics":[{"not_picked":["Calling Bell","Runic Dome"],"picked":"Coffee Dripper"},{"not_picked":["Empty Cage","Fusion Hammer"],"picked":"Black Star"}],"items_purged_floors":[29,54],"is_endless":false,"potions_floor_spawned":[3,12,16,18,23,33,38,40,42],"ascension_level":20}}