{"host":"udyc8f81k2jocuhg","time":1611497561,"event":{"mods":["2.2 Compatiblity","BaseMod","Better Third Choice","Colored Powertips","Conspire","Custom Start","GifTheSpireLib","Hermit","Minty Spire (QoL Compilation)","Permanent Neow","Quick Restart","Relic Filter","Relic Stats","Replay The Spire","Shop Mod","Spikes Relics","StSLib","Stuff the Spire"],"gold_per_floor":[119,130,130,142,152,184,154,154,154],"floor_reached":8,"language":"ENG","playtime":490,"items_purged":[],"score":104,"play_id":"7ec9cdcd-5b0b-4eb3-82ba-ad00f1e590a4","local_time":"20210124151241","is_ascension_mode":true,"campfire_choices":[],"circlet_count":0,"master_deck":["AscendersBane","Strike_G","Strike_G","Strike_G","Strike_G","Defend_G","Defend_G","Defend_G","Defend_G","Defend_G","Survivor","Neutralize","Cloak And Dagger","Dagger Spray","Cloak And Dagger"],"relics":["conspire:SpecialSausage","Tiny Chest"],"acts_visited":["Exordium"],"potions_floor_usage":[8],"damage_taken":[{"damage":3.0,"enemies":"Small Slimes","floor":1.0,"turns":5.0},{"damage":0.0,"enemies":"Jaw Worm","floor":2.0,"turns":6.0},{"damage":0.0,"enemies":"Cultist","floor":4.0,"turns":6.0},{"damage":0.0,"enemies":"2 Fungi Beasts","floor":5.0,"turns":6.0},{"damage":28.0,"enemies":"3 Sentries","floor":6.0,"turns":12.0},{"damage":3,"enemies":"Looter","floor":7,"turns":4},{"damage":62,"enemies":"Gremlin Nob","floor":8,"turns":6}],"seed_played":"-969586765753627248","potions_obtained":[{"floor":4.0,"key":"Languid Potion"},{"floor":6.0,"key":"Dexterity Potion"}],"is_trial":false,"path_per_floor":["M","M","?","M","M","E","M","E"],"character_chosen":"THE_SILENT","items_purchased":[],"campfire_rested":0,"item_purchase_floors":[],"current_hp_per_floor":[56,56,56,56,56,28,25,0,0],"gold":154,"neow_bonus":"BOSS_RELIC","is_daily":false,"chose_seed":false,"campfire_upgraded":0,"win_rate":0.0,"timestamp":1611497561,"path_taken":["M","M","?","M","M","E","M","E"],"items_purchased_type":[],"build_version":"2020-12-22","purchased_purges":0,"victory":false,"max_hp_per_floor":[66,66,66,66,66,66,66,66,66],"relic_stats":{"counters":[7,45],"Tiny Chest":0,"obtain_stats":[{"conspire:SpecialSausage":0,"Tiny Chest":6,"Ring of the Snake":0},{"conspire:SpecialSausage":0,"Tiny Chest":5,"Ring of the Snake":0},{"conspire:SpecialSausage":0,"Tiny Chest":35,"Ring of the Snake":0}]},"card_choices":[{"not_picked":["Flying Knee","ReplayTheSpireMod:Exploit Weakness","Prepared"],"picked":"SKIP","floor":1.0},{"not_picked":["StuffTheSpire:Python","Draining Mist"],"picked":"Cloak And Dagger","floor":2.0},{"not_picked":["Outmaneuver","Bane","Predator"],"picked":"SKIP","floor":4.0},{"not_picked":["conspire:PoisonWeapons","Replay:Poison Smokescreen"],"picked":"Dagger Spray","floor":5.0},{"not_picked":["Phantasmal Killer","Poison Darts"],"picked":"Cloak And Dagger","floor":6.0},{"not_picked":["Pace","Flechettes","Flying Knee"],"picked":"SKIP","floor":7}],"player_experience":2025157,"relics_obtained":[{"floor":6.0,"key":"Tiny Chest"}],"event_choices":[],"is_beta":false,"boss_relics":[],"items_purged_floors":[],"is_endless":false,"potions_floor_spawned":[4,6],"killed_by":"Gremlin Nob","ascension_level":16}}