{"host":"g01l53quoe6lrer0","time":1611502609,"event":{"mods":["2.2 Compatiblity","AchievementEnabler","BaseMod","Colored Map","Highlight Path","Keyboard Shortcuts","Minty Spire (QoL Compilation)","Permanent Neow","StSLib","SuperFastMode","everything is the same but u backflip on backflip"],"gold_per_floor":[117,30,30,44,44,88,100,156,168,194,224,261,273,16,16,115,115,128,128,19,37,37,75,75,119,119,150,150,168,168,187,187,281,281,295,295,319,319,335,335,335,335,358,376,410,423,21,42,42,42,42],"floor_reached":50,"language":"KOR","playtime":1511,"items_purged":["Strike_G","Strike_G+1"],"score":1011,"play_id":"20db6023-d14a-46c4-a9f0-aec128c1eb7f","local_time":"20210125003649","is_ascension_mode":true,"campfire_choices":[{"data":"Blade Dance","floor":7.0,"key":"SMITH"},{"data":"Choke","floor":13.0,"key":"SMITH"},{"floor":15.0,"key":"REST"},{"data":"Phantasmal Killer","floor":24.0,"key":"SMITH"},{"floor":28.0,"key":"REST"},{"floor":30.0,"key":"REST"},{"data":"Leg Sweep","floor":32.0,"key":"SMITH"},{"floor":40,"key":"REST"},{"data":"A Thousand Cuts","floor":42,"key":"SMITH"},{"floor":49,"key":"REST"}],"circlet_count":0,"master_deck":["AscendersBane","Strike_G+1","Strike_G+1","Strike_G+1","Defend_G+1","Defend_G+1","Defend_G+1","Defend_G+1","Defend_G+1","Survivor","Neutralize","Backstab","Tactician","Blade Dance+1","Flechettes+1","Terror","Choke+1","Dagger Throw","Accuracy","Blade Dance","Finisher","Cloak And Dagger","Underhanded Strike","Dodge and Roll","Burst","Phantasmal Killer+1","Underhanded Strike+1","Reflex","PiercingWail","Leg Sweep+1","Blade Dance","Caltrops+1","Accuracy","Blade Dance","Slice","Footwork","Burst","Outmaneuver+1","Dramatic Entrance","A Thousand Cuts+1","Dodge and Roll","Sucker Punch","Writhe","Malaise","Tactician","Infinite Blades+1","Expertise","Blade Dance+1"],"relics":["Ring of the Snake","NeowsBlessing","Golden Idol","Darkstone Periapt","MawBank","Bronze Scales","Mummified Hand","Orrery","WristBlade","Tiny Chest","Oddly Smooth Stone","Paper Crane","Dream Catcher","Cursed Key","Whetstone","Frozen Egg 2","Shuriken"],"acts_visited":["Exordium","TheCity","TheBeyond"],"potions_floor_usage":[45,50,50],"damage_taken":[{"damage":0.0,"enemies":"2 Louse","floor":1.0,"turns":2.0},{"damage":0.0,"enemies":"Cultist","floor":4.0,"turns":1.0},{"damage":0.0,"enemies":"Lagavulin","floor":6.0,"turns":1.0},{"damage":24.0,"enemies":"3 Sentries","floor":8.0,"turns":9.0},{"damage":0.0,"enemies":"Small Slimes","floor":10.0,"turns":2.0},{"damage":8.0,"enemies":"Blue Slaver","floor":11.0,"turns":2.0},{"damage":0.0,"enemies":"Large Slime","floor":12.0,"turns":2.0},{"damage":8.0,"enemies":"Hexaghost","floor":16.0,"turns":6.0},{"damage":9.0,"enemies":"2 Thieves","floor":18.0,"turns":3.0},{"damage":7.0,"enemies":"Shell Parasite","floor":21.0,"turns":3.0},{"damage":10.0,"enemies":"Book of Stabbing","floor":23.0,"turns":4.0},{"damage":23.0,"enemies":"Slavers","floor":25.0,"turns":5.0},{"damage":11.0,"enemies":"Book of Stabbing","floor":27.0,"turns":7.0},{"damage":0.0,"enemies":"Chosen and Byrds","floor":29.0,"turns":2.0},{"damage":0.0,"enemies":"Snecko","floor":31.0,"turns":2.0},{"damage":17.0,"enemies":"Champ","floor":33.0,"turns":8.0},{"damage":2,"enemies":"3 Shapes","floor":35,"turns":6},{"damage":10,"enemies":"3 Darklings","floor":37,"turns":2},{"damage":0,"enemies":"Transient","floor":39,"turns":5},{"damage":15,"enemies":"Sphere and 2 Shapes","floor":44,"turns":3},{"damage":22,"enemies":"Reptomancer","floor":45,"turns":4},{"damage":14,"enemies":"Maw","floor":46,"turns":6},{"damage":11,"enemies":"Transient","floor":48,"turns":5},{"damage":29,"enemies":"Awakened One","floor":50,"turns":5}],"seed_played":"2029845396606740351","potions_obtained":[{"floor":1.0,"key":"LiquidBronze"},{"floor":4.0,"key":"Weak Potion"},{"floor":16.0,"key":"Weak Potion"},{"floor":23.0,"key":"Regen Potion"},{"floor":27.0,"key":"Weak Potion"},{"floor":31.0,"key":"Dexterity Potion"},{"floor":45,"key":"SteroidPotion"}],"is_trial":false,"path_per_floor":["M","$","?","M","?","E","R","E","T","M","M","M","R","$","R","B",null,"M","?","$","M","?","E","R","E","T","E","R","M","R","M","R","B",null,"M","?","M","?","M","R","?","R","T","M","E","M","$","M","R","B"],"character_chosen":"THE_SILENT","items_purchased":["Tactician","Blade Dance","Orrery","Burst","Weak Potion","Reflex","Shuriken","Infinite Blades+1"],"campfire_rested":5,"item_purchase_floors":[2,2,14,14,14,20,47,47],"current_hp_per_floor":[59,59,59,59,59,59,59,35,35,35,27,27,27,27,45,37,55,46,61,61,54,54,44,44,35,35,24,42,42,60,60,60,43,57,55,55,45,45,45,61,61,61,67,52,30,16,16,5,25,0,0],"gold":42,"neow_bonus":"THREE_ENEMY_KILL","is_daily":false,"chose_seed":false,"campfire_upgraded":5,"win_rate":0.0,"timestamp":1611502609,"path_taken":["M","$","?","M","?","E","R","E","T","?","M","M","R","$","R","BOSS","M","?","$","M","?","E","R","E","T","E","R","M","R","M","R","BOSS","M","?","M","?","M","R","?","R","T","M","E","M","$","M","R","BOSS"],"items_purchased_type":["Card","Card","Relic","Card","Potion","Card","Relic","Card"],"build_version":"2020-12-22","purchased_purges":2,"victory":false,"max_hp_per_floor":[66,66,61,61,61,61,61,61,61,61,61,61,61,61,61,61,61,61,61,61,61,61,61,61,61,61,61,61,61,61,61,61,61,61,61,61,61,61,61,61,61,61,67,67,67,67,67,67,67,67,67],"card_choices":[{"not_picked":["Acrobatics","Slice"],"picked":"Backstab","floor":1.0},{"not_picked":["Riddle With Holes","Slice"],"picked":"Flechettes","floor":4.0},{"not_picked":["Masterful Stab","Prepared"],"picked":"Tools of the Trade","floor":6.0},{"not_picked":["Slice","Deadly Poison"],"picked":"Terror","floor":8.0},{"not_picked":["Deadly Poison","PiercingWail"],"picked":"Choke","floor":10.0},{"not_picked":["Flying Knee","Underhanded Strike"],"picked":"Dagger Throw","floor":11.0},{"not_picked":["Prepared","Cloak And Dagger"],"picked":"Accuracy","floor":12.0},{"not_picked":["Dash","Quick Slash"],"picked":"Blade Dance","floor":14.0},{"not_picked":["Predator","Dagger Throw"],"picked":"Finisher","floor":14.0},{"not_picked":["Setup","All Out Attack"],"picked":"Cloak And Dagger","floor":14.0},{"not_picked":["Noxious Fumes","Wraith Form v2"],"picked":"Underhanded Strike","floor":14.0},{"not_picked":["Slice","Endless Agony"],"picked":"Dodge and Roll","floor":14.0},{"not_picked":["Tools of the Trade","Grand Finale"],"picked":"Phantasmal Killer","floor":16.0},{"not_picked":["Setup","Bane"],"picked":"Underhanded Strike","floor":18.0},{"not_picked":["Dagger Throw+1","Masterful Stab"],"picked":"PiercingWail","floor":21.0},{"not_picked":["Masterful Stab","Envenom"],"picked":"Leg Sweep","floor":23.0},{"not_picked":["Deadly Poison","Escape Plan"],"picked":"Blade Dance","floor":25.0},{"not_picked":["Unload","Setup"],"picked":"Caltrops+1","floor":27.0},{"not_picked":["Dodge and Roll","PiercingWail+1"],"picked":"Accuracy","floor":28.0},{"not_picked":["Bouncing Flask","Heel Hook"],"picked":"Blade Dance","floor":29.0},{"not_picked":["Poisoned Stab","Sucker Punch"],"picked":"Slice","floor":30.0},{"not_picked":["Outmaneuver","Blade Dance"],"picked":"Footwork","floor":31.0},{"not_picked":["Malaise","Phantasmal Killer"],"picked":"Burst","floor":33.0},{"not_picked":["Bane+1","Masterful Stab"],"picked":"Outmaneuver+1","floor":35},{"not_picked":["PanicButton","Forethought"],"picked":"Dramatic Entrance","floor":36},{"not_picked":["Catalyst","Underhanded Strike"],"picked":"A Thousand Cuts","floor":37},{"not_picked":["Slice","Outmaneuver"],"picked":"Dodge and Roll","floor":39},{"not_picked":["Dash+1","Dagger Throw+1"],"picked":"Sucker Punch","floor":40},{"not_picked":["Underhanded Strike","Cloak And Dagger","Deadly Poison"],"picked":"SKIP","floor":44},{"not_picked":["Bouncing Flask+1","Deadly Poison"],"picked":"Malaise","floor":45},{"not_picked":["Riddle With Holes","Dodge and Roll"],"picked":"Tactician","floor":46},{"not_picked":["PiercingWail","Underhanded Strike"],"picked":"Expertise","floor":48},{"not_picked":["Deflect+1","Well Laid Plans+1"],"picked":"Blade Dance+1","floor":49}],"player_experience":289461,"relics_obtained":[{"floor":6.0,"key":"MawBank"},{"floor":8.0,"key":"Bronze Scales"},{"floor":9.0,"key":"Mummified Hand"},{"floor":23.0,"key":"Tiny Chest"},{"floor":25.0,"key":"Oddly Smooth Stone"},{"floor":26.0,"key":"Paper Crane"},{"floor":27.0,"key":"Dream Catcher"},{"floor":43,"key":"Whetstone"},{"floor":45,"key":"Frozen Egg 2"}],"event_choices":[{"damage_healed":0.0,"max_hp_gain":0.0,"max_hp_loss":5.0,"gold_gain":0.0,"event_name":"Golden Idol","player_choice":"Lose Max HP","floor":3.0,"gold_loss":0.0,"damage_taken":0.0,"relics_obtained":["Golden Idol"]},{"damage_healed":0.0,"max_hp_gain":0.0,"max_hp_loss":0.0,"gold_gain":0.0,"event_name":"WeMeetAgain","player_choice":"Gave Potion","floor":5.0,"gold_loss":0.0,"damage_taken":0.0,"relics_obtained":["Darkstone Periapt"]},{"damage_healed":20.0,"max_hp_gain":0.0,"max_hp_loss":0.0,"gold_gain":0.0,"event_name":"The Library","player_choice":"Heal","floor":19.0,"gold_loss":0.0,"damage_taken":0.0},{"damage_healed":0.0,"max_hp_gain":0.0,"max_hp_loss":0.0,"gold_gain":0.0,"event_name":"Back to Basics","player_choice":"Simplicity","floor":22.0,"gold_loss":0.0,"damage_taken":0.0,"cards_upgraded":["Strike_G","Strike_G","Strike_G","Strike_G","Defend_G","Defend_G","Defend_G","Defend_G","Defend_G"]},{"damage_healed":0,"gold_gain":0,"player_choice":"Memory 1","damage_taken":0,"max_hp_gain":0,"max_hp_loss":0,"event_name":"SensoryStone","floor":36,"gold_loss":0},{"cards_removed":["Tools of the Trade"],"damage_healed":0,"gold_gain":0,"player_choice":"Removed Power","damage_taken":0,"max_hp_gain":0,"max_hp_loss":0,"event_name":"Falling","floor":38,"gold_loss":0},{"damage_healed":0,"gold_gain":0,"player_choice":"Got Potions","damage_taken":0,"max_hp_gain":0,"max_hp_loss":0,"event_name":"Lab","floor":41,"gold_loss":0}],"is_beta":false,"boss_relics":[{"not_picked":["Ring of the Serpent","HoveringKite"],"picked":"WristBlade"},{"not_picked":["Tiny House","Empty Cage"],"picked":"Cursed Key"}],"items_purged_floors":[20,47],"is_endless":false,"potions_floor_spawned":[1,4,16,23,27,31,33,35,37,39,45],"killed_by":"Awakened One","ascension_level":14}}