{"host":"0mywbdtsrkvoq3rn","time":1611481583,"event":{"mods":["BaseMod","Energized Spire","Minty Spire (QoL Compilation)","Relic Stats","Replay The Spire","Shop Mod","Spicy Shops","StSLib","¡¾ÒÅÎï¿¨ÅÆ¡¿REMEMod","óô»ðÖ¸ÄÏ"],"gold_per_floor":[115,115,129,144,94,128,147,174,174,174,174,63,80,11,11,117,117,136,145,145,213,240,17,26,26,26,50,76,114,153,225,158,295,295,355,423,1205,726,764,811,517,602,626,485,485,359,353,406,406,431,431,431,53,110,70],"floor_reached":56,"language":"ZHS","playtime":2066,"items_purged":["Writhe","Regret","Doubt"],"score":2065,"play_id":"b3e04a94-8dbc-4a3f-bbc7-f82aae924bbf","local_time":"20210124174623","is_ascension_mode":true,"campfire_choices":[{"floor":10.0,"key":"RECALL"},{"data":"Carnage","floor":15.0,"key":"SMITH"},{"data":"Bash","floor":25,"key":"SMITH"},{"data":"1","floor":49,"key":"LIFT"},{"data":"2","floor":52,"key":"LIFT"}],"circlet_count":14,"master_deck":["Strike_R+2","Strike_R+1","Strike_R+2","Strike_R+1","Strike_R+1","Defend_R+1","Defend_R","Defend_R+2","Defend_R+1","Bash+1","Burst+1","Carnage+1","Pot Of Greed","Pot Of Greed","ReplayTheSpireMod:Faulty Equipment","Feed+1","Juggernaut+1","Inflame+1","Inflame+1","Burning Pact+1","Metallicize+1","Inflame+1","Metallicize+1","Juggernaut+1","Reaper+1","Armaments+1","ReplayTheSpireMod:IOU","ReplayTheSpireMod:IOU","Inflame+1","Heavy Blade","ReplayTheSpireMod:IOU","ReplayTheSpireMod:IOU","ReplayTheSpireMod:IOU","ReplayTheSpireMod:IOU","ReplayTheSpireMod:IOU","ReplayTheSpireMod:IOU","ReplayTheSpireMod:IOU","ReplayTheSpireMod:IOU","ReplayTheSpireMod:IOU","ReplayTheSpireMod:IOU","ReplayTheSpireMod:IOU","ReplayTheSpireMod:IOU","ReplayTheSpireMod:IOU","ReplayTheSpireMod:IOU","ReplayTheSpireMod:IOU","ReplayTheSpireMod:IOU","ReplayTheSpireMod:IOU","ReplayTheSpireMod:IOU"],"relics":["Burning Blood","REME_ComplimentaryCards","NeowsBlessing","ReplayTheSpireMod:Ring of Challenge","Ring of Fury","REME_HourglassOfDeath","Toy Ornithopter","Orichalcum","Gremlin Food","Pen Nib","Simple Rune","MealTicket","Pet Ghost","Thread and Needle","Garlic","Frozen Egg 2","Calipers","Potion Belt","Replay:Rubber Ducky","Vajra","Du-Vu Doll","Replay:Bottled Steam","Happy Flower","Oddly Smooth Stone","Incense Burner","Singing Bowl","MerchantsRug","ReplayTheSpireMod:CursedCoin","Regal Pillow","CeramicFish","Bronze Scales","Lantern","Replay:Accelerometer","Membership Card","ReplayTheSpireMod:Lightbulb","Mummified Hand","Busted Crown","Replay:Mystery Machine","Blue Candle","Toxic Egg 2","MutagenicStrength","BargainBundle","FossilizedHelix","Boot","Mirror","Ornamental Fan","ClockworkSouvenir","Akabeko","Replay:Bandana","Guide Book","Bag of Marbles","HornCleat","Replay:Wax Seal","Bottled Tornado","StoneCalendar","Blood Vial","Red Skull","Anchor","Golden Egg","REME_PuzzleBoxRelic","REME_HandOfSuture","Counterbalance","King of Hearts","Replay:Baseball","ReplayTheSpireMod:TigerMarble","Ancient Tea Set","ReplayFunnel","Omamori","PreservedInsect","ReplayTheSpireMod:Spearhead","ReplayTheSpireMod:ShopPack","Replay:Bronze Core","Nunchaku","TungstenRod","Replay:Ringing Soul","Replay:Arrowhead","Bag of Preparation","Letter Opener","Another Sword","Onion Ring","Charon\u0027s Ashes","White Beast Statue","Darkstone Periapt","TheAbacus","DollysMirror","Replay:WaspNest","Self Forming Clay","Replay:Bottled Flurry","Shuriken","Meat on the Bone","Peace Pipe","Kunai","Replay:Bottled Eggs","The Courier","Pantograph","Gremlin Horn","Chameleon Ring","Bottled Flame","Lee\u0027s Waffle","Torii","Ice Cream","Pear","StrikeDummy","Iron Hammer","Turnip","Champion Belt","Pondfish Scales","CaptainsWheel","Paper Frog","Replay:Towering Pillar of Hats","Magic Flower","Bird Faced Urn","Lizard Tail","Mango","Unceasing Top","Mercury Hourglass","Durian","Girya","Ginger","Circlet","Strange Spoon","Orrery"],"acts_visited":["Exordium","TheCity","TheBeyond","TheEnding"],"potions_floor_usage":[38,44,55,55,55,55,55,55,55,55],"damage_taken":[{"damage":0.0,"enemies":"Jaw Worm","floor":1.0,"turns":1.0},{"damage":3.0,"enemies":"2 Louse","floor":3.0,"turns":2.0},{"damage":6.0,"enemies":"Small Slimes","floor":4.0,"turns":3.0},{"damage":6.0,"enemies":"Gremlin Nob","floor":6.0,"turns":3.0},{"damage":0.0,"enemies":"Blue Slaver","floor":7.0,"turns":1.0},{"damage":14.0,"enemies":"Lagavulin","floor":8.0,"turns":8.0},{"damage":6.0,"enemies":"Red Slaver","floor":13.0,"turns":2.0},{"damage":30.0,"enemies":"Hexaghost","floor":16.0,"turns":6.0},{"damage":0.0,"enemies":"Spheric Guardian","floor":18.0,"turns":3.0},{"damage":0,"enemies":"Shell Parasite","floor":27,"turns":2},{"damage":0,"enemies":"Shelled Parasite and Fungi","floor":28,"turns":2},{"damage":0,"enemies":"Centurion and Healer","floor":29,"turns":2},{"damage":0,"enemies":"Chosen and Byrds","floor":30,"turns":1},{"damage":0,"enemies":"Slavers","floor":31,"turns":2},{"damage":0,"enemies":"Champ","floor":33,"turns":2},{"damage":0,"enemies":"Orb Walker","floor":35,"turns":1},{"damage":0,"enemies":"3 Darklings","floor":36,"turns":2},{"damage":0,"enemies":"4 Shapes","floor":38,"turns":2},{"damage":0,"enemies":"R_Hoarder","floor":40,"turns":1},{"damage":0,"enemies":"Mind Bloom Boss Battle","floor":42,"turns":1},{"damage":0,"enemies":"Giant Head","floor":44,"turns":1},{"damage":0,"enemies":"R_Hoarder","floor":48,"turns":1},{"damage":0,"enemies":"Time Eater","floor":50,"turns":1},{"damage":0,"enemies":"Shield and Spear","floor":54,"turns":1},{"damage":0,"enemies":"The Heart","floor":55,"turns":3}],"seed_played":"1958791064560834746","potions_obtained":[{"floor":6.0,"key":"AttackPotion"},{"floor":7.0,"key":"Explosive Potion"},{"floor":16.0,"key":"Swift Potion"},{"floor":18.0,"key":"ColorlessPotion"},{"floor":38,"key":"REME_GoldPotion"},{"floor":40,"key":"LiquidMemories"},{"floor":44,"key":"Doom Potion"}],"is_trial":false,"path_per_floor":["M","?","M","M","?","E","M","E","T","R","?","$","M","$","R","B",null,"M","?","?","$","T","R","?","R","T","M","M","M","M","E","R","B",null,"M","M","$","M","?","E","$","?","T","E","?","R","$","E","R","B",null,"R","$","E","B",null],"character_chosen":"IRONCLAD","items_purchased":["MerchantsRug","ReplayTheSpireMod:CursedCoin","Feed","Whetstone","Membership Card","BargainBundle","FossilizedHelix","Boot","Mirror","Ornamental Fan","ClockworkSouvenir","SmokeBomb","Explosive Potion","DistilledChaos","Weak Potion","Inflame+1","Replay:Bandana","Guide Book","Bag of Marbles","Inflame+1","ReplayTheSpireMod:Spearhead","ReplayTheSpireMod:ShopPack","Darkstone Periapt","TheAbacus","DollysMirror","Replay:WaspNest","Reaper","Armaments+1","Shuriken","Meat on the Bone","EntropicBrew","Lee\u0027s Waffle","Inflame+1","Heavy Blade","Torii","Ice Cream","Pear","StrikeDummy","Iron Hammer","Turnip","Champion Belt","Pondfish Scales","CaptainsWheel","Paper Frog","Replay:Towering Pillar of Hats","Magic Flower","Bird Faced Urn","Lizard Tail","Mango","Unceasing Top","Mercury Hourglass","Durian","Girya","Ginger","Circlet","Strange Spoon","Orrery","Circlet","Flashbang"],"campfire_rested":0,"item_purchase_floors":[12,12,12,12,14,21,21,21,21,21,21,21,21,21,21,21,23,23,23,32,32,32,37,37,37,37,37,37,41,41,41,46,46,46,47,47,47,47,47,47,47,47,47,47,47,47,47,47,47,47,47,47,47,47,53,53,53,53,53],"current_hp_per_floor":[80,80,80,80,80,80,80,74,74,74,74,82,84,84,84,60,84,86,86,86,86,86,86,86,86,86,92,94,100,109,113,119,125,125,128,134,197,202,127,141,156,206,206,223,223,233,391,393,393,397,397,397,407,413,413],"gold":70,"neow_bonus":"THREE_ENEMY_KILL","is_daily":false,"chose_seed":false,"campfire_upgraded":2,"win_rate":0.0,"timestamp":1611481583,"path_taken":["M","?","M","M","?","E","M","E","T","R","?","?","M","$","R","BOSS","M","?","?","$","?","R","?","R","T","M","M","M","?","E","R","BOSS","M","M","$","M","?","E","$","?","T","E","?","R","$","E","R","BOSS","R","$","E","BOSS"],"items_purchased_type":["Relic","Relic","Card","Relic","Relic","Relic","Relic","Relic","Relic","Relic","Relic","Potion","Potion","Potion","Potion","Card","Relic","Relic","Relic","Card","Relic","Relic","Relic","Relic","Relic","Relic","Card","Card","Relic","Relic","Potion","Relic","Card","Card","Relic","Relic","Relic","Relic","Relic","Relic","Relic","Relic","Relic","Relic","Relic","Relic","Relic","Relic","Relic","Relic","Relic","Relic","Relic","Relic","Undefined","Relic","Relic","Undefined","Potion"],"build_version":"2020-12-22","purchased_purges":3,"victory":true,"max_hp_per_floor":[80,80,80,80,80,80,80,82,82,82,82,82,84,84,84,84,84,86,86,86,86,86,86,86,86,86,92,94,100,109,113,119,125,125,128,134,197,202,206,212,212,217,217,223,223,233,391,393,393,397,397,397,407,413,413],"relic_stats":{"Darkstone Periapt":186,"Regal Pillow":0,"Singing Bowl":50,"Gremlin Horn":[5,5],"Torii":0,"CeramicFish":405,"Magic Flower":[0],"StoneCalendar":[0],"Bag of Preparation":[18],"Ginger":[2],"Boot":[4],"Burning Blood":49,"Blood Vial":6,"Nunchaku":[5],"Lizard Tail":0,"TheAbacus":[0],"Mummified Hand":[59],"Pantograph":0,"MealTicket":23,"Kunai":[7],"Lee\u0027s Waffle":7,"Happy Flower":[14],"counters":[25,54],"Self Forming Clay":[0],"Blue Candle":[8],"Pen Nib":[12],"PreservedInsect":399,"Charon\u0027s Ashes":[102],"Letter Opener":[74],"Orichalcum":[48],"Mercury Hourglass":[33],"Peace Pipe":0,"Strange Spoon":[6],"Busted Crown":50,"Ornamental Fan":[72],"Shuriken":[9],"Bronze Scales":[54],"Bird Faced Urn":[0],"Turnip":[2],"Champion Belt":[9],"obtain_stats":[{"Replay:Accelerometer":13,"Golden Egg":29,"Whetstone":12,"Ginger":47,"Bottled Tornado":27,"Boot":21,"Blood Vial":28,"Replay:Ringing Soul":35,"Replay:Bronze Core":34,"MealTicket":4,"Replay:Bottled Flurry":40,"Kunai":43,"Replay:Wax Seal":27,"Replay:Bottled Steam":7,"MerchantsRug":12,"Pear":47,"Blue Candle":18,"Counterbalance":30,"Pen Nib":3,"Akabeko":22,"MutagenicStrength":20,"Bird Faced Urn":47,"StrikeDummy":47,"Unceasing Top":47,"Regal Pillow":13,"Lantern":13,"Singing Bowl":8,"Torii":47,"Magic Flower":47,"StoneCalendar":27,"King of Hearts":30,"Bag of Preparation":35,"Ancient Tea Set":31,"Burning Blood":0,"Pet Ghost":4,"Replay:Rubber Ducky":6,"Replay:Bottled Eggs":44,"Paper Frog":47,"Potion Belt":6,"Lee\u0027s Waffle":46,"NeowsBlessing":0,"Self Forming Clay":39,"Circlet":48,"Thread and Needle":4,"PreservedInsect":31,"The Courier":44,"Omamori":31,"Frozen Egg 2":6,"Replay:Arrowhead":35,"Busted Crown":17,"Ornamental Fan":21,"Orrery":53,"REME_HandOfSuture":29,"Turnip":47,"Garlic":4,"Art of War":27,"Durian":47,"Champion Belt":47,"ReplayTheSpireMod:Ring of Challenge":2,"REME_PuzzleBoxRelic":29,"ReplayTheSpireMod:Lightbulb":16,"Toy Ornithopter":3,"REME_ComplimentaryCards":0,"Ice Cream":47,"Calipers":6,"Gremlin Horn":44,"CeramicFish":13,"Vajra":6,"Lizard Tail":47,"HornCleat":26,"DollysMirror":37,"Strawberry":30,"Iron Hammer":47,"Toxic Egg 2":19,"Girya":47,"Happy Flower":7,"ReplayTheSpireMod:CursedCoin":12,"Oddly Smooth Stone":7,"Charon\u0027s Ashes":36,"Replay:Kaleidoscope":8,"Letter Opener":36,"War Paint":27,"Du-Vu Doll":7,"Replay:Baseball":30,"ReplayTheSpireMod:Spearhead":32,"Bottled Flame":44,"REME_HourglassOfDeath":3,"Shuriken":41,"Bronze Scales":13,"Simple Rune":4,"Onion Ring":36,"ReplayTheSpireMod:TigerMarble":30,"Grinning Jar":6,"Mirror":21,"Meat on the Bone":41,"ReplayFunnel":31,"Darkstone Periapt":37,"Replay:PocketPolymizer":7,"Mango":47,"Incense Burner":8,"Replay:Mystery Machine":18,"ClockworkSouvenir":21,"Replay:Bandana":23,"Nunchaku":35,"TheAbacus":37,"Chameleon Ring":44,"Mummified Hand":16,"Pantograph":44,"Red Skull":29,"Gremlin Food":3,"BargainBundle":21,"Replay:Towering Pillar of Hats":47,"Guide Book":23,"Replay:WaspNest":37,"Orichalcum":3,"White Beast Statue":36,"Mercury Hourglass":47,"Peace Pipe":42,"Strange Spoon":53,"Anchor":29,"Pondfish Scales":47,"CaptainsWheel":47,"Ring of Fury":2,"Another Sword":36,"Bag of Marbles":23,"Membership Card":14,"FossilizedHelix":21,"TungstenRod":35,"ReplayTheSpireMod:ShopPack":32},{"Replay:Accelerometer":7,"Golden Egg":12,"Whetstone":6,"Ginger":21,"Bottled Tornado":10,"Boot":9,"Blood Vial":11,"Replay:Ringing Soul":16,"Replay:Bronze Core":15,"MealTicket":3,"Replay:Bottled Flurry":19,"Kunai":20,"Replay:Wax Seal":10,"Replay:Bottled Steam":5,"MerchantsRug":6,"Pear":21,"Blue Candle":9,"Counterbalance":13,"Pen Nib":2,"Akabeko":9,"MutagenicStrength":9,"Bird Faced Urn":21,"StrikeDummy":21,"Unceasing Top":21,"Regal Pillow":7,"Lantern":7,"Singing Bowl":6,"Torii":21,"Magic Flower":21,"StoneCalendar":10,"King of Hearts":13,"Bag of Preparation":16,"Ancient Tea Set":14,"Burning Blood":0,"Pet Ghost":3,"Replay:Rubber Ducky":4,"Replay:Bottled Eggs":21,"Paper Frog":21,"Potion Belt":4,"Lee\u0027s Waffle":21,"NeowsBlessing":0,"Self Forming Clay":18,"Circlet":22,"Thread and Needle":3,"PreservedInsect":14,"The Courier":21,"Omamori":14,"Frozen Egg 2":4,"Replay:Arrowhead":16,"Busted Crown":8,"Ornamental Fan":9,"Orrery":23,"REME_HandOfSuture":12,"Turnip":21,"Garlic":3,"Art of War":10,"Durian":21,"Champion Belt":21,"ReplayTheSpireMod:Ring of Challenge":1,"REME_PuzzleBoxRelic":12,"ReplayTheSpireMod:Lightbulb":8,"Toy Ornithopter":2,"REME_ComplimentaryCards":0,"Ice Cream":21,"Calipers":4,"Gremlin Horn":21,"CeramicFish":7,"Vajra":4,"Lizard Tail":21,"HornCleat":9,"DollysMirror":17,"Strawberry":13,"Iron Hammer":21,"Toxic Egg 2":9,"Girya":21,"Happy Flower":5,"ReplayTheSpireMod:CursedCoin":6,"Oddly Smooth Stone":5,"Charon\u0027s Ashes":17,"Replay:Kaleidoscope":6,"Letter Opener":17,"War Paint":10,"Du-Vu Doll":5,"Replay:Baseball":13,"ReplayTheSpireMod:Spearhead":14,"Bottled Flame":21,"REME_HourglassOfDeath":2,"Shuriken":19,"Bronze Scales":7,"Simple Rune":3,"Onion Ring":17,"ReplayTheSpireMod:TigerMarble":13,"Grinning Jar":4,"Mirror":9,"Meat on the Bone":19,"ReplayFunnel":14,"Darkstone Periapt":17,"Replay:PocketPolymizer":5,"Mango":21,"Incense Burner":6,"Replay:Mystery Machine":9,"ClockworkSouvenir":9,"Replay:Bandana":9,"Nunchaku":16,"TheAbacus":17,"Chameleon Ring":21,"Mummified Hand":8,"Pantograph":21,"Red Skull":12,"Gremlin Food":2,"BargainBundle":9,"Replay:Towering Pillar of Hats":21,"Guide Book":9,"Replay:WaspNest":17,"Orichalcum":2,"White Beast Statue":17,"Mercury Hourglass":21,"Peace Pipe":20,"Strange Spoon":23,"Anchor":12,"Pondfish Scales":21,"CaptainsWheel":21,"Ring of Fury":1,"Another Sword":17,"Bag of Marbles":9,"Membership Card":7,"FossilizedHelix":9,"TungstenRod":16,"ReplayTheSpireMod:ShopPack":14},{"Replay:Accelerometer":20,"Golden Egg":35,"Whetstone":18,"Ginger":48,"Bottled Tornado":31,"Boot":29,"Blood Vial":33,"Replay:Ringing Soul":41,"Replay:Bronze Core":40,"MealTicket":6,"Replay:Bottled Flurry":46,"Kunai":47,"Replay:Wax Seal":31,"Replay:Bottled Steam":10,"MerchantsRug":18,"Pear":48,"Blue Candle":29,"Counterbalance":36,"Pen Nib":3,"Akabeko":29,"MutagenicStrength":29,"Bird Faced Urn":48,"StrikeDummy":48,"Unceasing Top":48,"Regal Pillow":20,"Lantern":20,"Singing Bowl":18,"Torii":48,"Magic Flower":48,"StoneCalendar":31,"King of Hearts":36,"Bag of Preparation":41,"Ancient Tea Set":38,"Burning Blood":0,"Pet Ghost":6,"Replay:Rubber Ducky":9,"Replay:Bottled Eggs":48,"Paper Frog":48,"Potion Belt":9,"Lee\u0027s Waffle":48,"NeowsBlessing":0,"Self Forming Clay":45,"Circlet":49,"Thread and Needle":6,"PreservedInsect":38,"The Courier":48,"Omamori":38,"Frozen Egg 2":9,"Replay:Arrowhead":41,"Busted Crown":26,"Ornamental Fan":29,"Orrery":50,"REME_HandOfSuture":35,"Turnip":48,"Garlic":6,"Art of War":31,"Durian":48,"Champion Belt":48,"ReplayTheSpireMod:Ring of Challenge":1,"REME_PuzzleBoxRelic":35,"ReplayTheSpireMod:Lightbulb":26,"Toy Ornithopter":3,"REME_ComplimentaryCards":0,"Ice Cream":48,"Calipers":9,"Gremlin Horn":48,"CeramicFish":20,"Vajra":9,"Lizard Tail":48,"HornCleat":29,"DollysMirror":43,"Strawberry":36,"Iron Hammer":48,"Toxic Egg 2":29,"Girya":48,"Happy Flower":10,"ReplayTheSpireMod:CursedCoin":18,"Oddly Smooth Stone":10,"Charon\u0027s Ashes":43,"Replay:Kaleidoscope":18,"Letter Opener":43,"War Paint":31,"Du-Vu Doll":10,"Replay:Baseball":36,"ReplayTheSpireMod:Spearhead":38,"Bottled Flame":48,"REME_HourglassOfDeath":3,"Shuriken":46,"Bronze Scales":20,"Simple Rune":6,"Onion Ring":43,"ReplayTheSpireMod:TigerMarble":36,"Grinning Jar":9,"Mirror":29,"Meat on the Bone":46,"ReplayFunnel":38,"Darkstone Periapt":43,"Replay:PocketPolymizer":10,"Mango":48,"Incense Burner":18,"Replay:Mystery Machine":29,"ClockworkSouvenir":29,"Replay:Bandana":29,"Nunchaku":41,"TheAbacus":43,"Chameleon Ring":48,"Mummified Hand":26,"Pantograph":48,"Red Skull":35,"Gremlin Food":3,"BargainBundle":29,"Replay:Towering Pillar of Hats":48,"Guide Book":29,"Replay:WaspNest":43,"Orichalcum":3,"White Beast Statue":43,"Mercury Hourglass":48,"Peace Pipe":47,"Strange Spoon":50,"Anchor":35,"Pondfish Scales":48,"CaptainsWheel":48,"Ring of Fury":1,"Another Sword":43,"Bag of Marbles":29,"Membership Card":20,"FossilizedHelix":29,"TungstenRod":41,"ReplayTheSpireMod:ShopPack":38}],"Toy Ornithopter":5,"TungstenRod":6,"Unceasing Top":[0],"Meat on the Bone":0},"card_choices":[{"not_picked":["ReplayTheSpireMod:Strike From Hell","Sword Boomerang"],"picked":"Carnage","floor":1.0},{"not_picked":["Iron Wave","Feel No Pain","Defy Death"],"picked":"SKIP","floor":3.0},{"not_picked":["True Grit","Sever Soul","Run Through"],"picked":"SKIP","floor":4.0},{"not_picked":["Battle Trance","Pommel Strike","Clash"],"picked":"SKIP","floor":6.0},{"not_picked":["Second Wind","Body Slam","Demonic Infusion"],"picked":"SKIP","floor":7.0},{"not_picked":["ReplayTheSpireMod:Strike From Hell","Wild Strike","Pommel Strike"],"picked":"Singing Bowl","floor":8.0},{"not_picked":["Life Link+1","True Grit","Shockwave"],"picked":"Singing Bowl","floor":13.0},{"not_picked":["Offering","REME_TheLastStrike"],"picked":"Juggernaut+1","floor":16.0},{"not_picked":["Anger"],"picked":"Singing Bowl","floor":18.0},{"not_picked":["ReplayTheSpireMod:Strike From Hell"],"picked":"Singing Bowl","floor":27},{"not_picked":["Clash"],"picked":"Singing Bowl","floor":28},{"not_picked":["Sword Boomerang"],"picked":"Singing Bowl","floor":29},{"not_picked":["Ghostly Armor+1"],"picked":"Singing Bowl","floor":30},{"not_picked":[],"picked":"Metallicize+1","floor":31},{"not_picked":["REME_MawOfCthun"],"picked":"Singing Bowl","floor":32},{"not_picked":["REME_TheoryOfElimination"],"picked":"Singing Bowl","floor":32},{"not_picked":["ReplayTheSpireMod:Trickstab"],"picked":"Singing Bowl","floor":32},{"not_picked":["Impervious+1"],"picked":"Singing Bowl","floor":33},{"not_picked":[],"picked":"Metallicize+1","floor":35},{"not_picked":["Twin Strike+1"],"picked":"Singing Bowl","floor":36},{"not_picked":["Havoc+1"],"picked":"Singing Bowl","floor":38},{"not_picked":["Feel No Pain+1"],"picked":"Singing Bowl","floor":39},{"not_picked":["Iron Wave+1"],"picked":"Singing Bowl","floor":39},{"not_picked":["Perfected Strike"],"picked":"Singing Bowl","floor":40},{"not_picked":["Shrug It Off+1"],"picked":"Singing Bowl","floor":42},{"not_picked":["Cleave"],"picked":"Singing Bowl","floor":44},{"not_picked":["Hemokinesis"],"picked":"Singing Bowl","floor":48},{"not_picked":["Wild Strike"],"picked":"Singing Bowl","floor":53},{"not_picked":["Shrug It Off+1"],"picked":"Singing Bowl","floor":53},{"not_picked":["ReplayReversal+1"],"picked":"Singing Bowl","floor":53},{"not_picked":["Perfected Strike+1"],"picked":"Singing Bowl","floor":53},{"not_picked":["REME_TheLastStrike"],"picked":"Singing Bowl","floor":53},{"not_picked":["ReplayTheSpireMod:Corrosion Curse+1"],"picked":"Singing Bowl","floor":54}],"player_experience":139005,"relics_obtained":[{"floor":2.0,"key":"ReplayTheSpireMod:Ring of Challenge"},{"floor":2.0,"key":"Ring of Fury"},{"floor":3.0,"key":"REME_HourglassOfDeath"},{"floor":3.0,"key":"Toy Ornithopter"},{"floor":3.0,"key":"Orichalcum"},{"floor":3.0,"key":"Gremlin Food"},{"floor":3.0,"key":"Pen Nib"},{"floor":4.0,"key":"Simple Rune"},{"floor":4.0,"key":"MealTicket"},{"floor":4.0,"key":"Pet Ghost"},{"floor":4.0,"key":"Thread and Needle"},{"floor":4.0,"key":"Garlic"},{"floor":6.0,"key":"Frozen Egg 2"},{"floor":6.0,"key":"Calipers"},{"floor":6.0,"key":"Potion Belt"},{"floor":6.0,"key":"Replay:Rubber Ducky"},{"floor":6.0,"key":"Vajra"},{"floor":6.0,"key":"Grinning Jar"},{"floor":7.0,"key":"Du-Vu Doll"},{"floor":7.0,"key":"Replay:Bottled Steam"},{"floor":7.0,"key":"Replay:PocketPolymizer"},{"floor":7.0,"key":"Happy Flower"},{"floor":7.0,"key":"Oddly Smooth Stone"},{"floor":8.0,"key":"Incense Burner"},{"floor":8.0,"key":"Replay:Kaleidoscope"},{"floor":8.0,"key":"Singing Bowl"},{"floor":13.0,"key":"Regal Pillow"},{"floor":13.0,"key":"CeramicFish"},{"floor":13.0,"key":"Bronze Scales"},{"floor":13.0,"key":"Lantern"},{"floor":13.0,"key":"Replay:Accelerometer"},{"floor":16.0,"key":"ReplayTheSpireMod:Lightbulb"},{"floor":16.0,"key":"Mummified Hand"},{"floor":18.0,"key":"Replay:Mystery Machine"},{"floor":18.0,"key":"Blue Candle"},{"floor":22.0,"key":"Akabeko"},{"floor":26,"key":"HornCleat"},{"floor":27,"key":"Replay:Wax Seal"},{"floor":27,"key":"Art of War"},{"floor":27,"key":"War Paint"},{"floor":27,"key":"Bottled Tornado"},{"floor":27,"key":"StoneCalendar"},{"floor":28,"key":"Blood Vial"},{"floor":29,"key":"Red Skull"},{"floor":29,"key":"Anchor"},{"floor":29,"key":"Golden Egg"},{"floor":29,"key":"REME_PuzzleBoxRelic"},{"floor":29,"key":"REME_HandOfSuture"},{"floor":30,"key":"Counterbalance"},{"floor":30,"key":"Strawberry"},{"floor":30,"key":"King of Hearts"},{"floor":30,"key":"Replay:Baseball"},{"floor":30,"key":"ReplayTheSpireMod:TigerMarble"},{"floor":31,"key":"Ancient Tea Set"},{"floor":31,"key":"ReplayFunnel"},{"floor":31,"key":"Omamori"},{"floor":31,"key":"PreservedInsect"},{"floor":35,"key":"Nunchaku"},{"floor":35,"key":"TungstenRod"},{"floor":35,"key":"Replay:Ringing Soul"},{"floor":35,"key":"Replay:Arrowhead"},{"floor":35,"key":"Bag of Preparation"},{"floor":36,"key":"Letter Opener"},{"floor":36,"key":"Another Sword"},{"floor":36,"key":"Onion Ring"},{"floor":36,"key":"Charon\u0027s Ashes"},{"floor":36,"key":"White Beast Statue"},{"floor":39,"key":"Self Forming Clay"},{"floor":40,"key":"Replay:Bottled Flurry"},{"floor":42,"key":"Peace Pipe"},{"floor":43,"key":"Kunai"},{"floor":44,"key":"Replay:Bottled Eggs"},{"floor":44,"key":"The Courier"},{"floor":44,"key":"Pantograph"},{"floor":44,"key":"Gremlin Horn"},{"floor":44,"key":"Chameleon Ring"},{"floor":44,"key":"Bottled Flame"},{"floor":48,"key":"Circlet"},{"floor":48,"key":"Circlet"},{"floor":48,"key":"Circlet"},{"floor":48,"key":"Circlet"},{"floor":48,"key":"Circlet"},{"floor":48,"key":"Circlet"},{"floor":54,"key":"Circlet"},{"floor":54,"key":"Circlet"},{"floor":54,"key":"Circlet"},{"floor":54,"key":"Circlet"},{"floor":54,"key":"Circlet"},{"floor":54,"key":"Circlet"}],"event_choices":[{"cards_removed":["Normality"],"damage_healed":0.0,"max_hp_gain":0.0,"max_hp_loss":0.0,"gold_gain":0.0,"event_name":"The Cleric","player_choice":"Card Removal","floor":5.0,"gold_loss":50.0,"damage_taken":0.0},{"damage_healed":0.0,"max_hp_gain":0.0,"max_hp_loss":0.0,"gold_gain":0.0,"event_name":"Dead Adventurer","player_choice":"Searched \u00270\u0027 times","floor":11.0,"gold_loss":0.0,"damage_taken":0.0},{"damage_healed":0.0,"max_hp_gain":0.0,"max_hp_loss":0.0,"gold_gain":0.0,"event_name":"The Mausoleum","player_choice":"Opened","floor":19.0,"gold_loss":0.0,"damage_taken":0.0,"relics_obtained":["Toxic Egg 2"],"cards_obtained":["Writhe"]},{"damage_healed":0.0,"max_hp_gain":0.0,"max_hp_loss":0.0,"gold_gain":0.0,"event_name":"Drug Dealer","player_choice":"Inject Mutagens","floor":20.0,"gold_loss":0.0,"damage_taken":0.0,"relics_obtained":["MutagenicStrength"]},{"damage_healed":0,"gold_gain":0,"player_choice":"Read","damage_taken":0,"max_hp_gain":0,"max_hp_loss":0,"event_name":"The Library","floor":24,"gold_loss":0,"cards_obtained":["Burning Pact"]},{"damage_healed":0,"gold_gain":0,"player_choice":"Fight","damage_taken":0,"max_hp_gain":0,"max_hp_loss":0,"event_name":"MindBloom","floor":42,"gold_loss":0},{"damage_healed":0,"gold_gain":0,"player_choice":"Ignored","damage_taken":0,"max_hp_gain":0,"max_hp_loss":0,"event_name":"Tomb of Lord Red Mask","floor":45,"gold_loss":0}],"is_beta":false,"boss_relics":[{"not_picked":["energizedSpire:NeverEndingSparkler","energizedSpire:TabascoSauce"],"picked":"Busted Crown"},{"not_picked":["Replay:Drink Me","energizedSpire:RedRose"],"picked":"Replay:Bronze Core"}],"items_purged_floors":[21,23,47],"is_endless":false,"potions_floor_spawned":[6,7,16,18,30,38,40,42,44,48,54],"ascension_level":2}}