{"host":"z2o61o1qvcmvhuul","time":1611484242,"event":{"mods":["BaseMod","Minty Spire (QoL Compilation)","Quick Restart","StSLib","SuperFastMode"],"gold_per_floor":[117,136,147,158,9,9,109,109,109,34,34,51,65,81,81,177,177,188,201,101,111,111,111,125,125,125,125,40,55,55,73,73,171,171,183,233,233,253,253,253,253,253],"floor_reached":41,"language":"ZHS","playtime":1280,"items_purged":["Strike_G","Strike_G"],"score":456,"play_id":"93161e33-a8d0-4402-baa0-7a67e50e2457","local_time":"20210124183042","is_ascension_mode":true,"campfire_choices":[{"data":"Blade Dance","floor":6.0,"key":"SMITH"},{"data":"Neutralize","floor":8.0,"key":"SMITH"},{"data":"Acrobatics","floor":11.0,"key":"SMITH"},{"data":"Reinforced Body","floor":15.0,"key":"SMITH"},{"data":"Feed","floor":23.0,"key":"SMITH"},{"data":"Rampage","floor":25.0,"key":"SMITH"},{"floor":30.0,"key":"REST"},{"data":"Acrobatics","floor":32.0,"key":"SMITH"},{"data":"Scrawl","floor":40,"key":"SMITH"}],"circlet_count":0,"master_deck":["Survivor","Acrobatics+1","Blade Dance+1","Reinforced Body+1","Acrobatics+1","Feed+1","Rampage+1","Seek","Scrawl+1","Tools of the Trade+1","Backstab","Reflex","Die Die Die","Noxious Fumes+1","Cloak And Dagger","Well Laid Plans+1","Reflex","Dark Embrace+1"],"relics":["Ring of the Snake","NeowsBlessing","PrismaticShard","Kunai","Runic Dome","Enchiridion","Frozen Egg 2","Question Card","Pandora\u0027s Box","Shovel"],"acts_visited":["Exordium","TheCity","TheBeyond"],"potions_floor_usage":[],"damage_taken":[{"damage":0.0,"enemies":"2 Louse","floor":1.0,"turns":1.0},{"damage":0.0,"enemies":"Cultist","floor":2.0,"turns":1.0},{"damage":0.0,"enemies":"Jaw Worm","floor":3.0,"turns":1.0},{"damage":4.0,"enemies":"2 Fungi Beasts","floor":4.0,"turns":4.0},{"damage":2.0,"enemies":"Large Slime","floor":12.0,"turns":6.0},{"damage":0.0,"enemies":"3 Louse","floor":13.0,"turns":3.0},{"damage":0.0,"enemies":"Looter","floor":14.0,"turns":3.0},{"damage":22.0,"enemies":"The Guardian","floor":16.0,"turns":19.0},{"damage":6.0,"enemies":"Chosen","floor":18.0,"turns":5.0},{"damage":6.0,"enemies":"3 Byrds","floor":19.0,"turns":6.0},{"damage":12.0,"enemies":"Centurion and Healer","floor":21.0,"turns":9.0},{"damage":19.0,"enemies":"Chosen and Byrds","floor":24.0,"turns":6.0},{"damage":0.0,"enemies":"Cultist and Chosen","floor":27.0,"turns":3.0},{"damage":18.0,"enemies":"Snecko","floor":29.0,"turns":7.0},{"damage":0.0,"enemies":"3 Cultists","floor":31.0,"turns":6.0},{"damage":12.0,"enemies":"Champ","floor":33.0,"turns":14.0},{"damage":0.0,"enemies":"Orb Walker","floor":35.0,"turns":3.0},{"damage":55.0,"enemies":"2 Orb Walkers","floor":36.0,"turns":4.0},{"damage":16.0,"enemies":"3 Darklings","floor":38.0,"turns":5.0},{"damage":33,"enemies":"Nemesis","floor":41,"turns":2}],"seed_played":"-1050955458819852826","potions_obtained":[{"floor":12.0,"key":"SmokeBomb"},{"floor":13.0,"key":"SteroidPotion"},{"floor":14.0,"key":"Ancient Potion"},{"floor":16.0,"key":"EssenceOfSteel"},{"floor":18.0,"key":"Energy Potion"},{"floor":29.0,"key":"Fruit Juice"},{"floor":35.0,"key":"SpeedPotion"},{"floor":38.0,"key":"LiquidBronze"}],"is_trial":false,"path_per_floor":["M","M","M","M","$","R","?","R","T","$","R","M","M","M","R","B",null,"M","M","$","M","?","R","M","R","T","M","?","M","R","M","R","B",null,"M","?","?","M","?","R","E"],"character_chosen":"THE_SILENT","items_purchased":["PrismaticShard"],"campfire_rested":1,"item_purchase_floors":[5],"current_hp_per_floor":[70,70,70,66,66,66,66,66,66,66,66,64,64,64,64,42,70,67,64,64,55,39,39,24,24,24,28,28,15,42,46,46,34,96,96,45,45,33,33,33,0,0],"gold":253,"neow_bonus":"THREE_ENEMY_KILL","is_daily":false,"chose_seed":false,"campfire_upgraded":8,"win_rate":0.0,"timestamp":1611484242,"path_taken":["M","M","M","M","$","R","?","R","T","$","R","M","M","?","R","BOSS","M","M","$","M","?","R","M","R","T","M","?","M","R","M","R","BOSS","M","?","?","M","?","R","E"],"items_purchased_type":["Relic"],"build_version":"2020-12-22","purchased_purges":2,"victory":false,"max_hp_per_floor":[70,70,70,70,70,70,70,70,70,70,70,70,70,70,70,70,70,73,76,76,79,79,79,83,83,83,87,87,92,92,96,96,96,96,96,100,100,104,104,104,104,104],"card_choices":[{"not_picked":["Deadly Poison","Sucker Punch","Dagger Throw"],"picked":"SKIP","floor":1.0},{"not_picked":["Flying Knee","Dagger Spray"],"picked":"Acrobatics","floor":2.0},{"not_picked":["Poisoned Stab","Underhanded Strike"],"picked":"Blade Dance","floor":3.0},{"not_picked":["Flechettes","Backflip","All Out Attack"],"picked":"SKIP","floor":4.0},{"not_picked":["Flechettes","CutThroughFate","Deadly Poison"],"picked":"SKIP","floor":12.0},{"not_picked":["Catalyst","ClearTheMind"],"picked":"Reinforced Body","floor":13.0},{"not_picked":["Dramatic Entrance","WindmillStrike"],"picked":"Acrobatics","floor":14.0},{"not_picked":["Corpse Explosion","Transmutation"],"picked":"Feed","floor":16.0},{"not_picked":["Reckless Charge+1","All Out Attack+1"],"picked":"Rampage","floor":18.0},{"not_picked":["Sweeping Beam","Compile Driver","Evaluate"],"picked":"SKIP","floor":19.0},{"not_picked":["Gash+1","Coolheaded","Twin Strike"],"picked":"SKIP","floor":21.0},{"not_picked":["Dagger Spray","Conserve Battery","Barrage"],"picked":"SKIP","floor":24.0},{"not_picked":["Perfected Strike","Bane","Lockon","CrushJoints+1"],"picked":"SKIP","floor":29.0},{"not_picked":["Perfected Strike","Havoc","Rage"],"picked":"Seek","floor":31.0},{"not_picked":["Hyperbeam","Multi-Cast","Wish"],"picked":"Scrawl","floor":33.0},{"not_picked":["Acrobatics","Flex+1","Barrage+1","Underhanded Strike"],"picked":"SKIP","floor":35.0},{"not_picked":["Cloak And Dagger","Dark Shackles+1","Entrench+1"],"picked":"Dark Embrace+1","floor":38.0}],"player_experience":310082,"relics_obtained":[{"floor":9.0,"key":"Kunai"},{"floor":22.0,"key":"Enchiridion"},{"floor":26.0,"key":"Frozen Egg 2"},{"floor":36.0,"key":"Shovel"}],"event_choices":[{"damage_healed":0.0,"max_hp_gain":0.0,"max_hp_loss":0.0,"gold_gain":100.0,"event_name":"Golden Shrine","player_choice":"Pray","floor":7.0,"gold_loss":0.0,"damage_taken":0.0},{"damage_healed":0.0,"max_hp_gain":0.0,"max_hp_loss":0.0,"gold_gain":0.0,"event_name":"Cursed Tome","player_choice":"Obtained Book","floor":22.0,"gold_loss":0.0,"damage_taken":16.0},{"damage_healed":0.0,"max_hp_gain":0.0,"max_hp_loss":0.0,"gold_gain":0.0,"event_name":"Addict","player_choice":"Obtained Relic","floor":28.0,"gold_loss":85.0,"damage_taken":0.0,"relics_obtained":["Question Card"]},{"damage_healed":0.0,"max_hp_gain":0.0,"max_hp_loss":0.0,"gold_gain":0.0,"event_name":"Mysterious Sphere","player_choice":"Fight","floor":36.0,"gold_loss":0.0,"damage_taken":0.0},{"cards_removed":["Neutralize"],"damage_healed":0.0,"max_hp_gain":0.0,"max_hp_loss":0.0,"gold_gain":0.0,"event_name":"Falling","player_choice":"Removed Attack","floor":37.0,"gold_loss":0.0,"damage_taken":0.0},{"damage_healed":0.0,"max_hp_gain":0.0,"max_hp_loss":0.0,"gold_gain":0.0,"event_name":"Tomb of Lord Red Mask","player_choice":"Ignored","floor":39.0,"gold_loss":0.0,"damage_taken":0.0}],"is_beta":false,"boss_relics":[{"not_picked":["SacredBark","Busted Crown"],"picked":"Runic Dome"},{"not_picked":["Calling Bell","Snecko Eye"],"picked":"Pandora\u0027s Box"}],"items_purged_floors":[10,20],"is_endless":false,"potions_floor_spawned":[12,13,14,16,18,27,29,35,38],"killed_by":"Nemesis","ascension_level":1}}