{"host":"armnliea5o2aqs4b","time":1611466876,"event":{"mods":["BaseMod","Hermit","Hubris","Infinite Spire","Minty Spire (QoL Compilation)","Quick Restart","StSLib","The Construct","The Disciple","The Forsaken"],"gold_per_floor":[109,109,109,125,5,5,21,21,21,21,50,65,65,79,79,178,178,143,143,161,5,17,17,17],"floor_reached":23,"language":"ENG","playtime":586,"items_purged":["Strike_R"],"score":201,"play_id":"062471dc-826b-4e28-bdf4-ab8d2e11c556","local_time":"20210124164116","is_ascension_mode":true,"campfire_choices":[{"data":"Inflame","floor":6.0,"key":"SMITH"},{"data":"Spot Weakness","floor":13.0,"key":"SMITH"},{"floor":15.0,"key":"DIG"}],"circlet_count":0,"master_deck":["Strike_R","Defend_R","Defend_R","Defend_R","Defend_R","Bash","Inflame+1","Flex","Spot Weakness+1","Evolve+1","Headbutt+1","Havoc+1","Disarm","Rampage","Spot Weakness"],"relics":["Burning Blood","NeowsBlessing","hubris:Icosahedron","PreservedInsect","Shovel","Anchor","hubris:BottledRain","Astrolabe","Sling"],"acts_visited":["Exordium","TheCity"],"potions_floor_usage":[22,23],"damage_taken":[{"damage":0.0,"enemies":"Jaw Worm","floor":1.0,"turns":1.0},{"damage":0.0,"enemies":"Cultist","floor":4.0,"turns":1.0},{"damage":0.0,"enemies":"2 Louse","floor":7.0,"turns":1.0},{"damage":23.0,"enemies":"Gremlin Nob","floor":11.0,"turns":4.0},{"damage":0.0,"enemies":"Large Slime","floor":12.0,"turns":5.0},{"damage":10.0,"enemies":"3 Louse","floor":14.0,"turns":3.0},{"damage":41.0,"enemies":"Hexaghost","floor":16.0,"turns":9.0},{"damage":31.0,"enemies":"2 Thieves","floor":18.0,"turns":5.0},{"damage":15,"enemies":"Shell Parasite","floor":20,"turns":5},{"damage":0,"enemies":"Centurion and Healer","floor":22,"turns":4},{"damage":55,"enemies":"Slavers","floor":23,"turns":4}],"seed_played":"-4494884350654870400","potions_obtained":[{"floor":1.0,"key":"BloodPotion"},{"floor":12.0,"key":"SkillPotion"},{"floor":14.0,"key":"Fire Potion"},{"floor":18.0,"key":"SteroidPotion"},{"floor":22,"key":"HeartOfIron"}],"is_trial":false,"path_per_floor":["M","?","?","M","$","R","M","?","T","?","E","M","R","M","R","B",null,"M","?","M","$","M","E"],"character_chosen":"IRONCLAD","items_purchased":["Flex","Sling"],"campfire_rested":0,"item_purchase_floors":[5,21],"current_hp_per_floor":[80,80,80,80,80,80,80,55,55,55,38,44,44,40,40,21,80,45,45,36,36,42,0,0],"gold":17,"neow_bonus":"THREE_ENEMY_KILL","is_daily":false,"chose_seed":false,"campfire_upgraded":2,"win_rate":0.0,"timestamp":1611466876,"path_taken":["M","?","?","?","?","R","M","?","T","?","E","M","R","?","R","BOSS","M","?","M","$","M","E"],"items_purchased_type":["Card","Relic"],"build_version":"2020-12-22","purchased_purges":1,"victory":false,"max_hp_per_floor":[80,80,80,80,80,80,80,80,80,80,80,80,80,80,80,80,80,80,80,80,80,80,80,80],"card_choices":[{"not_picked":["Armaments","Thunderclap"],"picked":"Inflame","floor":1.0},{"not_picked":["Shrug It Off","Pommel Strike","Berserk"],"picked":"SKIP","floor":4.0},{"not_picked":["Body Slam","Sentinel","Warcry"],"picked":"SKIP","floor":7.0},{"not_picked":["Warcry","Seeing Red"],"picked":"Spot Weakness","floor":11.0},{"not_picked":["Fire Breathing","Iron Wave","Clothesline"],"picked":"SKIP","floor":12.0},{"not_picked":["Headbutt","Body Slam","Clothesline"],"picked":"SKIP","floor":14.0},{"not_picked":["Twin Strike+1","Rampage"],"picked":"Disarm","floor":18.0},{"not_picked":["Clash","Uppercut","Iron Wave"],"picked":"SKIP","floor":20},{"not_picked":["True Grit","Sever Soul+1"],"picked":"Spot Weakness","floor":22}],"player_experience":194956,"relics_obtained":[{"floor":9.0,"key":"Shovel"},{"floor":11.0,"key":"Anchor"},{"floor":15.0,"key":"hubris:BottledRain"}],"event_choices":[{"damage_healed":0.0,"max_hp_gain":0.0,"max_hp_loss":0.0,"gold_gain":0.0,"event_name":"Wheel of Change","player_choice":"Full Heal","floor":3.0,"gold_loss":0.0,"damage_taken":0.0},{"damage_healed":0.0,"max_hp_gain":0.0,"max_hp_loss":0.0,"gold_gain":0.0,"event_name":"Scrap Ooze","player_choice":"Success","floor":8.0,"gold_loss":0.0,"damage_taken":25.0,"relics_obtained":["PreservedInsect"]},{"damage_healed":0.0,"max_hp_gain":0.0,"max_hp_loss":0.0,"gold_gain":0.0,"event_name":"Match and Keep!","player_choice":"0 cards matched","floor":10.0,"gold_loss":0.0,"damage_taken":0.0,"cards_obtained":[]}],"is_beta":false,"boss_relics":[{"not_picked":["Runic Dome","hubris:BlackHole"],"picked":"Astrolabe"}],"items_purged_floors":[5],"is_endless":false,"potions_floor_spawned":[1,12,14,18,22],"killed_by":"Slavers","ascension_level":1}}