{"host":"j4g6ia6asvpyu2b0","time":1611500712,"event":{"mods":["BaseMod","Colored Map","Minty Spire (QoL Compilation)","Permanent Neow","Quick Restart","Relic Stats","StSLib","Unceasing Turn Reminder"],"gold_per_floor":[362,376,422,434,48,73,73,85,111,141,153,193,205,251,263,352,364,396,408,420,443,455,467,510,522,534,558,596,625,637,679,691,775,787,809,836,868,524,544,578,578,578,653,653,387,422,432,432,432,432,432,432,42,72,72],"floor_reached":56,"language":"ENG","playtime":1469,"items_purged":["Injury","Strike_R"],"score":2455,"play_id":"122f2fd0-5ffc-4a29-acd1-ba1f77f97f81","local_time":"20210124080512","is_ascension_mode":true,"campfire_choices":[{"floor":11.0,"key":"REST"},{"data":"Whirlwind","floor":13.0,"key":"SMITH"},{"data":"Discovery","floor":15.0,"key":"SMITH"},{"data":"Shockwave","floor":23.0,"key":"SMITH"},{"data":"Heavy Blade","floor":25.0,"key":"SMITH"},{"data":"Whirlwind","floor":30.0,"key":"SMITH"},{"data":"Uppercut","floor":32.0,"key":"SMITH"},{"data":"Limit Break","floor":41,"key":"SMITH"},{"floor":49,"key":"RECALL"},{"data":"Impervious","floor":52,"key":"SMITH"}],"circlet_count":0,"master_deck":["AscendersBane","Strike_R","Strike_R","Strike_R","Strike_R","Defend_R","Defend_R","Defend_R","Defend_R","Bash","Infernal Blade","Dropkick","Pommel Strike","Discovery+1","Anger","Uppercut+1","Shockwave+1","Headbutt","Whirlwind+1","Seeing Red","Impervious","Whirlwind+1","Cleave+1","Thunderclap","Heavy Blade+1","Clumsy","Twin Strike","Feed","Impervious+1","Pummel","Shrug It Off","Fiend Fire+1","Dark Embrace","Headbutt","Limit Break+1","Pain","Body Slam","Reaper","Rupture","Rupture","Shockwave","Barricade","Pummel","Spot Weakness+1"],"relics":["Burning Blood","Red Skull","Brimstone","Vajra","Bronze Scales","MawBank","Kunai","Juzu Bracelet","Cursed Key","Toy Ornithopter","Lantern","Eternal Feather","Self Forming Clay","Potion Belt","Snecko Eye","Sling","Centennial Puzzle","PreservedInsect","Bag of Marbles","MealTicket","Orrery","Thread and Needle"],"acts_visited":["Exordium","TheCity","TheBeyond","TheEnding"],"potions_floor_usage":[42,54,55,55,55,55,55,55,55],"damage_taken":[{"damage":6.0,"enemies":"Cultist","floor":1.0,"turns":4.0},{"damage":3.0,"enemies":"2 Louse","floor":2.0,"turns":3.0},{"damage":2.0,"enemies":"Small Slimes","floor":4.0,"turns":2.0},{"damage":27.0,"enemies":"3 Sentries","floor":6.0,"turns":4.0},{"damage":3.0,"enemies":"Exordium Wildlife","floor":8.0,"turns":2.0},{"damage":10.0,"enemies":"Red Slaver","floor":10.0,"turns":2.0},{"damage":0.0,"enemies":"Gremlin Nob","floor":12.0,"turns":2.0},{"damage":0.0,"enemies":"Lagavulin","floor":14.0,"turns":4.0},{"damage":0.0,"enemies":"Slime Boss","floor":16.0,"turns":5.0},{"damage":0.0,"enemies":"2 Thieves","floor":18.0,"turns":2.0},{"damage":1.0,"enemies":"Shell Parasite","floor":21.0,"turns":3.0},{"damage":8.0,"enemies":"Slavers","floor":24.0,"turns":2.0},{"damage":0.0,"enemies":"Snake Plant","floor":27.0,"turns":2.0},{"damage":21.0,"enemies":"Gremlin Leader","floor":28.0,"turns":2.0},{"damage":8.0,"enemies":"Centurion and Healer","floor":29.0,"turns":2.0},{"damage":0.0,"enemies":"Slavers","floor":31.0,"turns":1.0},{"damage":17.0,"enemies":"Collector","floor":33.0,"turns":4.0},{"damage":7.0,"enemies":"Orb Walker","floor":35.0,"turns":2.0},{"damage":3.0,"enemies":"3 Shapes","floor":36.0,"turns":2.0},{"damage":19.0,"enemies":"Maw","floor":37.0,"turns":6.0},{"damage":0,"enemies":"3 Darklings","floor":39,"turns":2},{"damage":24,"enemies":"Nemesis","floor":40,"turns":5},{"damage":8,"enemies":"Giant Head","floor":46,"turns":3},{"damage":17,"enemies":"Writhing Mass","floor":47,"turns":3},{"damage":52,"enemies":"Awakened One","floor":50,"turns":6},{"damage":14,"enemies":"Shield and Spear","floor":54,"turns":3},{"damage":45,"enemies":"The Heart","floor":55,"turns":3}],"seed_played":"599536768405843561","potions_obtained":[{"floor":2.0,"key":"Swift Potion"},{"floor":6.0,"key":"EntropicBrew"},{"floor":10.0,"key":"SteroidPotion"},{"floor":24.0,"key":"SmokeBomb"},{"floor":27.0,"key":"AttackPotion"},{"floor":33.0,"key":"Fruit Juice"},{"floor":36.0,"key":"ElixirPotion"},{"floor":39,"key":"PowerPotion"},{"floor":42,"key":"Fruit Juice"},{"floor":42,"key":"SteroidPotion"}],"is_trial":false,"path_per_floor":["M","M","T","M","$","E","?","M","T","M","R","E","R","E","R","B",null,"M","?","$","M","?","R","E","R","T","M","E","M","R","E","R","B",null,"M","M","M","$","M","E","R","?","T","?","$","E","M","$","R","B",null,"R","$","E","B",null],"character_chosen":"IRONCLAD","items_purchased":["Brimstone","Discovery","Anger","Sling","Dark Embrace","Centennial Puzzle","Bag of Marbles","Reaper","Orrery","Pummel"],"campfire_rested":1,"item_purchase_floors":[5,5,5,38,38,38,45,53,53,53],"current_hp_per_floor":[68,71,71,75,75,54,36,39,39,35,57,63,63,69,69,75,75,75,75,75,75,75,75,73,73,73,75,60,58,73,75,75,74,79,81,83,70,70,76,58,79,88,88,88,88,86,75,88,88,42,77,88,88,85,88],"gold":72,"neow_bonus":"TWO_FIFTY_GOLD","is_daily":false,"chose_seed":false,"campfire_upgraded":8,"win_rate":0.0,"timestamp":1611500712,"path_taken":["M","M","?","?","$","E","?","M","T","M","R","E","R","E","R","BOSS","M","?","$","M","?","R","E","R","T","M","E","M","R","E","R","BOSS","M","M","M","$","M","E","R","?","T","?","?","E","M","$","R","BOSS","R","$","E","BOSS"],"items_purchased_type":["Relic","Card","Card","Relic","Card","Relic","Relic","Card","Relic","Card"],"build_version":"2020-12-22","purchased_purges":2,"victory":true,"max_hp_per_floor":[75,75,75,75,75,75,75,75,75,75,75,75,75,75,75,75,75,75,75,75,75,75,75,75,75,75,75,75,75,75,75,75,80,80,83,83,83,83,83,83,83,88,88,88,88,88,88,88,88,88,88,88,88,88,88],"relic_stats":{"counters":[27,81],"Self Forming Clay":[111],"Eternal Feather":47,"PreservedInsect":207,"Juzu Bracelet":2,"MawBank":348,"Cursed Key":2,"Burning Blood":136,"Centennial Puzzle":[18],"Bronze Scales":[126],"Snecko Eye":[65,52,64,70],"MealTicket":13,"Kunai":[23],"obtain_stats":[{"Potion Belt":31,"Lantern":24,"Self Forming Clay":28,"Vajra":6,"Eternal Feather":26,"Thread and Needle":54,"PreservedInsect":40,"Juzu Bracelet":14,"MawBank":9,"Cursed Key":17,"Sling":38,"Burning Blood":0,"Centennial Puzzle":38,"Brimstone":5,"Bronze Scales":7,"Snecko Eye":34,"Orrery":53,"MealTicket":46,"Bag of Marbles":45,"Kunai":12,"Red Skull":3,"Toy Ornithopter":19},{"Potion Belt":16,"Lantern":12,"Self Forming Clay":14,"Vajra":4,"Eternal Feather":12,"Thread and Needle":26,"PreservedInsect":22,"Juzu Bracelet":8,"MawBank":5,"Cursed Key":9,"Sling":20,"Burning Blood":0,"Centennial Puzzle":20,"Brimstone":3,"Bronze Scales":4,"Snecko Eye":17,"Orrery":25,"MealTicket":23,"Bag of Marbles":22,"Kunai":7,"Red Skull":2,"Toy Ornithopter":10},{"Potion Belt":42,"Lantern":35,"Self Forming Clay":39,"Vajra":13,"Eternal Feather":35,"Thread and Needle":78,"PreservedInsect":63,"Juzu Bracelet":23,"MawBank":15,"Cursed Key":28,"Sling":56,"Burning Blood":0,"Centennial Puzzle":56,"Brimstone":9,"Bronze Scales":13,"Snecko Eye":46,"Orrery":75,"MealTicket":66,"Bag of Marbles":63,"Kunai":19,"Red Skull":7,"Toy Ornithopter":30}],"Toy Ornithopter":22},"card_choices":[{"not_picked":["Dark Embrace","Cleave"],"picked":"Infernal Blade","floor":1.0},{"not_picked":["Seeing Red","Dark Embrace"],"picked":"Dropkick","floor":2.0},{"not_picked":["Evolve","Entrench"],"picked":"Pommel Strike","floor":4.0},{"not_picked":["Barricade","Dropkick"],"picked":"Uppercut","floor":6.0},{"not_picked":["Clothesline","Flame Barrier"],"picked":"Shockwave","floor":8.0},{"not_picked":["Iron Wave","Perfected Strike"],"picked":"Headbutt","floor":10.0},{"not_picked":["Body Slam","Thunderclap"],"picked":"Whirlwind","floor":12.0},{"not_picked":["Fire Breathing","Brutality"],"picked":"Seeing Red","floor":14.0},{"not_picked":["Demon Form","Brutality"],"picked":"Impervious","floor":16.0},{"not_picked":["Clash","Anger"],"picked":"Whirlwind","floor":18.0},{"not_picked":["Clothesline+1","Intimidate"],"picked":"Cleave+1","floor":21.0},{"not_picked":["Anger","Dark Embrace"],"picked":"Heavy Blade","floor":24.0},{"not_picked":["Rupture","Perfected Strike+1","Metallicize"],"picked":"SKIP","floor":27.0},{"not_picked":["Wild Strike","Havoc"],"picked":"Twin Strike","floor":28.0},{"not_picked":["Twin Strike","Armaments"],"picked":"Feed","floor":29.0},{"not_picked":["Barricade","Intimidate","Fire Breathing"],"picked":"SKIP","floor":31.0},{"not_picked":["Brutality","Exhume"],"picked":"Impervious","floor":33.0},{"not_picked":["Wild Strike","Perfected Strike"],"picked":"Pummel","floor":35.0},{"not_picked":["Headbutt","Rampage"],"picked":"Shrug It Off","floor":36.0},{"not_picked":["Heavy Blade","Clothesline"],"picked":"Fiend Fire","floor":37},{"not_picked":["Shrug It Off","Dropkick"],"picked":"Headbutt","floor":39},{"not_picked":["Warcry+1","Sword Boomerang"],"picked":"Limit Break","floor":40},{"not_picked":["Wild Strike+1","Sword Boomerang","Headbutt"],"picked":"SKIP","floor":46},{"not_picked":["Warcry+1","Thunderclap+1"],"picked":"Body Slam","floor":47},{"not_picked":["Carnage","Exhume"],"picked":"Rupture","floor":53},{"not_picked":["Clash","Perfected Strike"],"picked":"Rupture","floor":53},{"not_picked":["Anger","Entrench"],"picked":"Shockwave","floor":53},{"not_picked":["Infernal Blade","Demon Form"],"picked":"Barricade","floor":53},{"not_picked":["Metallicize","Flame Barrier"],"picked":"Spot Weakness+1","floor":54}],"player_experience":978775,"relics_obtained":[{"floor":3.0,"key":"Red Skull"},{"floor":6.0,"key":"Vajra"},{"floor":9.0,"key":"MawBank"},{"floor":12.0,"key":"Kunai"},{"floor":14.0,"key":"Juzu Bracelet"},{"floor":19.0,"key":"Toy Ornithopter"},{"floor":24.0,"key":"Lantern"},{"floor":26.0,"key":"Eternal Feather"},{"floor":28.0,"key":"Self Forming Clay"},{"floor":31.0,"key":"Potion Belt"},{"floor":40,"key":"PreservedInsect"},{"floor":46,"key":"MealTicket"},{"floor":54,"key":"Thread and Needle"}],"event_choices":[{"damage_healed":0.0,"max_hp_gain":0.0,"max_hp_loss":0.0,"gold_gain":0.0,"event_name":"Scrap Ooze","player_choice":"Success","floor":7.0,"gold_loss":0.0,"damage_taken":18.0,"relics_obtained":["Bronze Scales"]},{"damage_healed":0.0,"max_hp_gain":0.0,"max_hp_loss":0.0,"gold_gain":0.0,"event_name":"Wheel of Change","player_choice":"Relic","floor":19.0,"gold_loss":0.0,"damage_taken":0.0},{"damage_healed":0.0,"max_hp_gain":0.0,"max_hp_loss":0.0,"gold_gain":0.0,"event_name":"The Library","player_choice":"Read","floor":22.0,"gold_loss":0.0,"damage_taken":0.0,"cards_obtained":["Thunderclap"]},{"damage_healed":0,"gold_gain":0,"player_choice":"Got Potions","damage_taken":0,"max_hp_gain":0,"max_hp_loss":0,"event_name":"Lab","floor":42,"gold_loss":0},{"damage_healed":0,"gold_gain":0,"player_choice":"Upgraded","damage_taken":0,"max_hp_gain":0,"max_hp_loss":0,"event_name":"Upgrade Shrine","floor":44,"gold_loss":0,"cards_upgraded":["Fiend Fire"]}],"is_beta":false,"boss_relics":[{"not_picked":["SacredBark","Fusion Hammer"],"picked":"Cursed Key"},{"not_picked":["Mark of Pain","Calling Bell"],"picked":"Snecko Eye"}],"items_purged_floors":[5,45],"is_endless":false,"potions_floor_spawned":[2,6,10,12,16,24,27,29,33,36,39,47],"ascension_level":18}}