{"host":"89iuq2p5kwriuwfq","time":1611511812,"event":{"mods":["BaseMod","Curses Come First","Minty Spire (QoL Compilation)","Permanent Neow","StSLib"],"gold_per_floor":[111,131,81,98,98,142,161,192,192,212,251,264,20,36,36,164,164,185,185,185,185,203,246,246,285,285,10,25,61,81,105,105,105,105],"floor_reached":33,"language":"ENG","playtime":2486,"items_purged":["Injury"],"score":496,"play_id":"ec4b6ec4-2da1-4095-9351-29f16769b9bc","local_time":"20210124181012","is_ascension_mode":true,"campfire_choices":[{"data":"Defragment","floor":15.0,"key":"SMITH"},{"data":"Darkness","floor":24,"key":"SMITH"},{"floor":32,"key":"REST"}],"circlet_count":0,"master_deck":["Strike_B","Strike_B","Strike_B","Defend_B","Defend_B","Defend_B","Defend_B","Zap","Dualcast","Conserve Battery","Compile Driver","BootSequence","Cold Snap","Darkness+1","Chill","Seek","Defragment+1","Echo Form","Reinforced Body","Static Discharge","Darkness","Chill+1","Fusion","Ball Lightning","Compile Driver","Fusion+1","Doom and Gloom"],"relics":["Cracked Core","Peace Pipe","Golden Idol","Meat on the Bone","Ornamental Fan","Singing Bowl","Regal Pillow","Bottled Tornado","SlaversCollar","Nilry\u0027s Codex","Smiling Mask","Pen Nib","Bottled Lightning","Art of War","Bottled Flame"],"acts_visited":["Exordium","TheCity"],"potions_floor_usage":[18,29,33],"damage_taken":[{"damage":0.0,"enemies":"Cultist","floor":1.0,"turns":4.0},{"damage":0.0,"enemies":"2 Louse","floor":2.0,"turns":3.0},{"damage":0.0,"enemies":"Small Slimes","floor":4.0,"turns":3.0},{"damage":29.0,"enemies":"Gremlin Nob","floor":6.0,"turns":4.0},{"damage":1.0,"enemies":"Looter","floor":7.0,"turns":3.0},{"damage":2.0,"enemies":"3 Sentries","floor":8.0,"turns":8.0},{"damage":0.0,"enemies":"Exordium Wildlife","floor":10.0,"turns":4.0},{"damage":23.0,"enemies":"Gremlin Nob","floor":11.0,"turns":4.0},{"damage":0.0,"enemies":"2 Fungi Beasts","floor":12.0,"turns":3.0},{"damage":5.0,"enemies":"Gremlin Gang","floor":14.0,"turns":4.0},{"damage":10.0,"enemies":"Hexaghost","floor":16.0,"turns":9.0},{"damage":14,"enemies":"2 Thieves","floor":18,"turns":4},{"damage":10,"enemies":"Spheric Guardian","floor":22,"turns":4},{"damage":30,"enemies":"Gremlin Leader","floor":23,"turns":9},{"damage":15,"enemies":"Book of Stabbing","floor":25,"turns":6},{"damage":12,"enemies":"Snake Plant","floor":28,"turns":3},{"damage":0,"enemies":"Gremlin Leader","floor":29,"turns":6},{"damage":31,"enemies":"Shelled Parasite and Fungi","floor":30,"turns":8},{"damage":10,"enemies":"Sentry and Sphere","floor":31,"turns":4},{"damage":60,"enemies":"Collector","floor":33,"turns":6}],"seed_played":"-8781183745426429577","potions_obtained":[{"floor":1.0,"key":"GamblersBrew"},{"floor":2.0,"key":"EssenceOfDarkness"},{"floor":6.0,"key":"GamblersBrew"},{"floor":10.0,"key":"PotionOfCapacity"},{"floor":16.0,"key":"DistilledChaos"},{"floor":22,"key":"EssenceOfSteel"},{"floor":23,"key":"LiquidBronze"},{"floor":25,"key":"LiquidMemories"},{"floor":31,"key":"Block Potion"}],"is_trial":false,"path_per_floor":["M","M","?","M","?","E","M","E","T","M","E","M","$","M","R","B",null,"M","?","?","?","M","E","R","E","T","$","M","E","M","M","R","B"],"character_chosen":"DEFECT","items_purchased":["Bottled Tornado","Art of War","Fusion"],"campfire_rested":1,"item_purchase_floors":[13,27,27],"current_hp_per_floor":[68,68,68,68,68,39,38,48,48,48,37,51,51,48,48,50,72,60,44,44,44,46,28,28,25,25,25,25,37,18,20,59,0,0],"gold":105,"neow_bonus":"ONE_RARE_RELIC","is_daily":false,"chose_seed":false,"campfire_upgraded":2,"win_rate":0.0,"timestamp":1611511812,"path_taken":["M","?","?","M","?","E","M","E","T","M","E","M","$","M","R","BOSS","M","?","?","?","M","E","R","E","T","$","M","E","?","M","R","BOSS"],"items_purchased_type":["Relic","Relic","Card"],"build_version":"2020-12-22","purchased_purges":1,"victory":false,"max_hp_per_floor":[75,75,75,75,75,75,75,75,75,75,75,77,77,79,79,79,79,81,81,81,81,81,81,81,81,81,81,81,81,81,81,81,81,81],"card_choices":[{"not_picked":["Scrape","Barrage"],"picked":"Conserve Battery","floor":1.0},{"not_picked":["Leap","Gash"],"picked":"Compile Driver","floor":2.0},{"not_picked":["Steam","Hologram"],"picked":"BootSequence","floor":4.0},{"not_picked":["Sunder","Melter"],"picked":"Cold Snap","floor":6.0},{"not_picked":["Leap","Conserve Battery"],"picked":"Darkness","floor":7.0},{"not_picked":["Gash","Sweeping Beam"],"picked":"Chill","floor":8.0},{"not_picked":["Compile Driver","Double Energy"],"picked":"Seek","floor":10.0},{"not_picked":["Compile Driver","Rebound"],"picked":"Defragment","floor":11.0},{"not_picked":["Steam","Streamline","Recycle"],"picked":"Singing Bowl","floor":12.0},{"not_picked":["Rebound","Steam","Storm"],"picked":"Singing Bowl","floor":14.0},{"not_picked":["Meteor Strike","All For One"],"picked":"Echo Form","floor":16.0},{"not_picked":["Barrage+1","Rebound","Streamline+1"],"picked":"Singing Bowl","floor":18},{"not_picked":["FTL+1","Beam Cell+1"],"picked":"Static Discharge","floor":22},{"not_picked":["Scrape","Streamline"],"picked":"Darkness","floor":23},{"not_picked":["Double Energy","Barrage"],"picked":"Chill+1","floor":25},{"not_picked":["Compile Driver+1","Cold Snap"],"picked":"Ball Lightning","floor":28},{"not_picked":["FTL","Sweeping Beam"],"picked":"Compile Driver","floor":29},{"not_picked":["Go for the Eyes+1","Hologram"],"picked":"Fusion+1","floor":30},{"not_picked":["Rebound","Consume"],"picked":"Doom and Gloom","floor":31}],"player_experience":566089,"relics_obtained":[{"floor":6.0,"key":"Meat on the Bone"},{"floor":8.0,"key":"Ornamental Fan"},{"floor":9.0,"key":"Singing Bowl"},{"floor":11.0,"key":"Regal Pillow"},{"floor":19,"key":"Nilry\u0027s Codex"},{"floor":23,"key":"Smiling Mask"},{"floor":25,"key":"Pen Nib"},{"floor":26,"key":"Bottled Lightning"},{"floor":29,"key":"Bottled Flame"}],"event_choices":[{"cards_removed":["Normality"],"damage_healed":0.0,"max_hp_gain":0.0,"max_hp_loss":0.0,"gold_gain":0.0,"event_name":"The Cleric","player_choice":"Card Removal","floor":3.0,"gold_loss":50.0,"damage_taken":0.0},{"damage_healed":0.0,"max_hp_gain":0.0,"max_hp_loss":0.0,"gold_gain":0.0,"event_name":"Golden Idol","player_choice":"Take Wound","floor":5.0,"gold_loss":0.0,"damage_taken":0.0,"relics_obtained":["Golden Idol"],"cards_obtained":["Injury"]},{"damage_healed":0,"gold_gain":0,"player_choice":"Obtained Book","damage_taken":16,"max_hp_gain":0,"max_hp_loss":0,"event_name":"Cursed Tome","floor":19,"gold_loss":0},{"damage_healed":0,"gold_gain":0,"player_choice":"Ignored","damage_taken":0,"max_hp_gain":0,"max_hp_loss":0,"event_name":"Vampires","floor":20,"gold_loss":0},{"damage_healed":0,"gold_gain":0,"cards_transformed":["Strike_B"],"player_choice":"Transformed","damage_taken":0,"max_hp_gain":0,"max_hp_loss":0,"event_name":"Transmorgrifier","floor":21,"gold_loss":0,"cards_obtained":["Reinforced Body"]}],"is_beta":false,"boss_relics":[{"not_picked":["Velvet Choker","Ectoplasm"],"picked":"SlaversCollar"}],"items_purged_floors":[27],"is_endless":false,"potions_floor_spawned":[1,2,6,10,16,22,23,25,31],"killed_by":"Collector","ascension_level":8}}