{"host":"48q4ubqoivfdigeq","time":1611469468,"event":{"mods":["2.2 Compatiblity","AchievementEnabler","BaseMod","Colored Map","Colored Powertips","DeckTracker","Highlight Path","Minty Spire (QoL Compilation)","Permanent Neow","Quick Restart","Rare Cards Sparkle","StSLib","Swap Starting Deck Mod","The Cursed"],"gold_per_floor":[112,127,46,97,116,143,143,158,158,178,208,208,208,242,242,343,343,353,382,382,307,321,321,321,321],"floor_reached":24,"language":"ENG","playtime":1258,"items_purged":["Strike_B"],"score":235,"play_id":"92af4484-e0c2-4c17-8504-4f1a92b4261b","local_time":"20210124002428","is_ascension_mode":true,"campfire_choices":[{"data":"Dualcast","floor":7.0,"key":"SMITH"},{"floor":12.0,"key":"REST"},{"floor":15.0,"key":"REST"},{"floor":23,"key":"REST"}],"circlet_count":0,"master_deck":["Strike_B","Strike_B","Strike_B","Defend_B","Defend_B","Defend_B","Defend_B","Zap+1","Dualcast+1","Coolheaded","Melter","Capacitor","Lockon","Chill","Blizzard","Rebound","Stack","Electrodynamics","Redo+1","Ball Lightning","Ball Lightning+1"],"relics":["Cracked Core","Oddly Smooth Stone","Prayer Wheel","MealTicket","Black Star","Red Mask"],"acts_visited":["Exordium","TheCity"],"potions_floor_usage":[16],"damage_taken":[{"damage":0.0,"enemies":"Cultist","floor":1.0,"turns":3.0},{"damage":0.0,"enemies":"Jaw Worm","floor":2.0,"turns":3.0},{"damage":0.0,"enemies":"Small Slimes","floor":5.0,"turns":2.0},{"damage":27.0,"enemies":"3 Sentries","floor":6.0,"turns":7.0},{"damage":7.0,"enemies":"Blue Slaver","floor":8.0,"turns":3.0},{"damage":0.0,"enemies":"2 Fungi Beasts","floor":10.0,"turns":3.0},{"damage":28.0,"enemies":"Gremlin Nob","floor":11.0,"turns":5.0},{"damage":3.0,"enemies":"3 Sentries","floor":14.0,"turns":7.0},{"damage":48,"enemies":"Slime Boss","floor":16,"turns":14},{"damage":11,"enemies":"3 Byrds","floor":18,"turns":4},{"damage":12,"enemies":"Masked Bandits","floor":19,"turns":2},{"damage":21,"enemies":"Chosen","floor":22,"turns":6},{"damage":73,"enemies":"Gremlin Leader","floor":24,"turns":6}],"seed_played":"-3966580409828697639","potions_obtained":[{"floor":1.0,"key":"DuplicationPotion"},{"floor":6.0,"key":"SmokeBomb"},{"floor":10.0,"key":"PowerPotion"},{"floor":11.0,"key":"SkillPotion"},{"floor":18,"key":"CultistPotion"},{"floor":19,"key":"DistilledChaos"}],"is_trial":false,"path_per_floor":["M","M","$","?","M","E","R","M","T","M","E","R","?","E","R","B",null,"M","?","?","$","M","R","E"],"character_chosen":"DEFECT","items_purchased":["Capacitor"],"campfire_rested":3,"item_purchase_floors":[3],"current_hp_per_floor":[75,75,75,75,75,48,48,41,41,41,13,35,35,32,54,6,75,64,52,52,67,46,68,0,0],"gold":321,"neow_bonus":"UPGRADE_CARD","is_daily":false,"chose_seed":false,"campfire_upgraded":1,"win_rate":0.0,"timestamp":1611469468,"path_taken":["M","?","$","?","M","E","R","M","T","M","E","R","?","E","R","BOSS","M","?","?","$","M","R","E"],"items_purchased_type":["Card"],"build_version":"2020-12-22","purchased_purges":1,"victory":false,"max_hp_per_floor":[75,75,75,75,75,75,75,75,75,75,75,75,75,75,75,75,75,75,75,75,75,75,75,75,75],"card_choices":[{"not_picked":["BootSequence","Steam"],"picked":"Coolheaded","floor":1.0},{"not_picked":["Leap","Compile Driver"],"picked":"Melter","floor":2.0},{"not_picked":["Gash","All For One"],"picked":"Lockon","floor":5.0},{"not_picked":["Redo","Turbo"],"picked":"Chill","floor":6.0},{"not_picked":["Skim","Leap"],"picked":"Blizzard","floor":8.0},{"not_picked":["Streamline","Coolheaded"],"picked":"Rebound","floor":10.0},{"not_picked":["Melter","Double Energy"],"picked":"Stack","floor":11.0},{"not_picked":["Loop","Reboot","Turbo"],"picked":"SKIP","floor":14.0},{"not_picked":["Biased Cognition","Multi-Cast"],"picked":"Electrodynamics","floor":16},{"not_picked":["Hello World","Hologram"],"picked":"Redo+1","floor":18},{"not_picked":["Beam Cell","Streamline","Compile Driver"],"picked":"SKIP","floor":18},{"not_picked":["Beam Cell","Streamline","Compile Driver"],"picked":"SKIP","floor":18},{"not_picked":["Conserve Battery","Rebound+1"],"picked":"Ball Lightning","floor":19},{"not_picked":["Reinforced Body","Redo"],"picked":"Ball Lightning+1","floor":22},{"not_picked":["Go for the Eyes+1","Darkness+1","Leap"],"picked":"SKIP","floor":22}],"player_experience":366735,"relics_obtained":[{"floor":6.0,"key":"Oddly Smooth Stone"},{"floor":11.0,"key":"Prayer Wheel"},{"floor":14.0,"key":"MealTicket"},{"floor":19,"key":"Red Mask"}],"event_choices":[{"damage_healed":0.0,"max_hp_gain":0.0,"max_hp_loss":0.0,"gold_gain":51.0,"event_name":"Golden Wing","player_choice":"Gained Gold","floor":4.0,"gold_loss":0.0,"damage_taken":0.0},{"damage_healed":0.0,"max_hp_gain":0.0,"max_hp_loss":0.0,"gold_gain":0.0,"event_name":"Golden Idol","player_choice":"Ignored","floor":13.0,"gold_loss":0.0,"damage_taken":0.0},{"damage_healed":0,"gold_gain":0,"player_choice":"Fought Bandits","damage_taken":0,"max_hp_gain":0,"max_hp_loss":0,"event_name":"Masked Bandits","floor":19,"gold_loss":0},{"damage_healed":0,"gold_gain":0,"player_choice":"Ignored","damage_taken":0,"max_hp_gain":0,"max_hp_loss":0,"event_name":"Ghosts","floor":20,"gold_loss":0}],"is_beta":false,"boss_relics":[{"not_picked":["Fusion Hammer","Coffee Dripper"],"picked":"Black Star"}],"items_purged_floors":[21],"is_endless":false,"potions_floor_spawned":[1,6,10,11,18,19],"killed_by":"Gremlin Leader","ascension_level":2}}