{"host":"rn4c402gwd40h2z6","time":1611498054,"event":{"mods":["AchievementEnabler","Act Like it!","Alarm Clock","BaseMod","Beaked The Cultist","CapriCore","Challenge The Spire","Conspire","Data Control","Duelist Mod","Friendly Minions","Gensokyo","Glutton Mod","Good Game Mod","Halation","Infinite Spire","Lobotomy","LobotomyExtend","Mad Scientist","Marisa（F雨　魔理沙）","Minty Spire (QoL Compilation)","Pale of the Ancients","Quick Restart","Random Character Button","Relic Filter Mod","Replay The Spire","RumiaBox-露米娅的神秘盒子","StSLib","The Animator","The Blackbeard","The Bug Knight","The Construct","The Disciple","The Mystic","The Servant 0.9.4","The Spell Scribe","The Wild Card","The Witch","noobMod","【功能Mod】混沌之环修复补丁"],"gold_per_floor":[9999,10014,10019,10022,9999,10042,9999,10012,9999,9999,9999,10011,9999,10027,9999,9999,9999,10021,9999,9999,9999,10011,9999,9999,10031,10026,9999,10011,9999,9999,9999,9999,9999,9999,9999,10011,9582,9592,9617,9617,9660,9672,9697,9736,9736,9736,9761,9761,9761,9888,10002,10098,9517,9235,9235,9686,9686,9361,9361,9432],"floor_reached":61,"language":"ENG","playtime":5250,"items_purged":["animator:Defend","animator:Strike","animator:Saitama","animator:Strike_Konosuba+1"],"score":1468,"play_id":"086adacc-4ff5-48ba-8ebf-99652c827477","local_time":"20210124222054","is_ascension_mode":false,"campfire_choices":[{"floor":11.0,"key":"RECALL"},{"floor":15.0,"key":"REST"},{"data":"animator:Megumin","floor":23.0,"key":"SMITH"},{"data":"animator:Megumin+1","floor":29.0,"key":"SMITH"},{"floor":32.0,"key":"DIG"},{"data":"animator:YunYun","floor":40,"key":"SMITH"},{"data":"animator:Megumin+2","floor":46,"key":"SMITH"},{"data":"animator:YunYun","floor":49,"key":"SMITH"},{"data":"ReplayTheSpireMod:Black Plague","floor":55,"key":"SMITH"},{"data":"animator:Gilgamesh+16","floor":57,"key":"SMITH"}],"circlet_count":0,"master_deck":["animator:Defend_Konosuba+1","animator:Kazuma","animator:Aqua","animator:Tatsumaki","animator:Yuuichirou","animator:YunYun+1","animator:Kuribayashi","animator:Kira","animator:SilverFang","animator:Chris+1","animator:Mikaela","animator:Melzalgald+1","animator:Kuribayashi+1","Scrawl","animator:Megumin+5","animator:MaesHughes+1","animator:Greed","animator:Verdia","ReplayTheSpireMod:Black Plague+1","animator:Gilgamesh+18","animator:IrohaTamaki+1","animator:Mitsuba+1","animator:Mitsurugi+1","animator:Verdia+1","animator:Verdia+1","animator:YunYun+1","animator:Archer+1","animator:Saber","animator:RoryMercury","animator:KyokoSakura","animator:Hans","animator:RoryMercury+1","animator:Tyuule","animator:MisaKurobane","animator:WinryRockbell"],"relics":["animator:LivingPicture","animator:TheMissingPiece","REME:ComplimentaryCards","ice","ReplayTheSpireMod:Ring of Addiction","SacredBark","Ccalipers","Oddly Smooth Stone","Bottled Lightning","ClockworkSouvenir","LetterFromLob","Happy Flower","beaked:SacredDeck","Gensokyo:MosesMiracle","Replay:Lucky Slots","halation:Sosunser","animator:CerealBox","halation:Jellyphish","Iron Hammer","Art of War","halation:PinkSoulGem","halation:Toothbrush","TungstenRod","conspire:SpecialSausage","MagicDraw2","halation:Diary","Toolbox","Orrery","Gensokyo:EmptyGrave","Replay:Bandana","Replay:Bottled Eggs","paleoftheancients:Timepiece","paleoftheancients:KeyRelic","CultistMask","paleoftheancients:SoulOfTheSilent","Replay:Wax Seal","Thread and Needle","Membership Card","Simple Rune","Whetstone","TwistedFunnel","Replay:Baseball","InkBottle","halation:Thesaurus","halation:PeacePiece"],"acts_visited":["Gensokyo:Gensokyo","Gensokyo:Gensokyoer","Gensokyo:Gensokyoest","paleoftheancients:PaleOfTheAncients"],"potions_floor_usage":[41,42,47,56],"damage_taken":[{"damage":0.0,"enemies":"Gensokyo:Python","floor":1.0,"turns":5.0},{"damage":0.0,"enemies":"Gensokyo:3_Fairies","floor":2.0,"turns":4.0},{"damage":0.0,"enemies":"Gensokyo:Gryphon","floor":3.0,"turns":2.0},{"damage":0.0,"enemies":"Gensokyo:VengefulSpirit","floor":4.0,"turns":3.0},{"damage":8.0,"enemies":"Gensokyo:Mamizou","floor":6.0,"turns":4.0},{"damage":0.0,"enemies":"Gensokyo:CorruptedTreant","floor":8.0,"turns":2.0},{"damage":0.0,"enemies":"Gensokyo:3_Kodama","floor":12.0,"turns":1.0},{"damage":0.0,"enemies":"Gensokyo:LivingMonolith","floor":14.0,"turns":1.0},{"damage":0.0,"enemies":"Gensokyo:Reimu","floor":16.0,"turns":5.0},{"damage":0.0,"enemies":"Gensokyo:Chomper","floor":18.0,"turns":2.0},{"damage":0.0,"enemies":"Gensokyo:AngelMirror","floor":22.0,"turns":1.0},{"damage":0.0,"enemies":"Gensokyo:Tenshi","floor":25.0,"turns":1.0},{"damage":0.0,"enemies":"Gensokyo:Slime_Group","floor":28.0,"turns":1.0},{"damage":0.0,"enemies":"Gensokyo:Eiki","floor":33.0,"turns":2.0},{"damage":0.0,"enemies":"Gensokyo:AncientGuardian","floor":36.0,"turns":1.0},{"damage":0,"enemies":"Gensokyo:3_Boulders","floor":38,"turns":1},{"damage":0,"enemies":"Gensokyo:SeedOfUnknown","floor":41,"turns":1},{"damage":0,"enemies":"Gensokyo:Dusk_and_Dawn","floor":42,"turns":2},{"damage":0,"enemies":"Gensokyo:4_Bats","floor":44,"turns":1},{"damage":0,"enemies":"Gensokyo:SeedOfUnknown","floor":47,"turns":1},{"damage":31,"enemies":"Gensokyo:Shinki","floor":50,"turns":7},{"damage":0,"enemies":"Gensokyo:Shinki","floor":51,"turns":2},{"damage":0,"enemies":"Gensokyo:Shinki","floor":52,"turns":3},{"damage":0,"enemies":"Gensokyo:Shinki","floor":56,"turns":1},{"damage":29,"enemies":"paleoftheancients:N","floor":60,"turns":5}],"seed_played":"-7139370239885143152","potions_obtained":[{"floor":0.0,"key":"SkillPotion"},{"floor":0.0,"key":"Fruit Juice"},{"floor":0.0,"key":"Elixir"},{"floor":1.0,"key":"LiquidBronze"},{"floor":4.0,"key":"Adrenaline Potion"},{"floor":6.0,"key":"Block Potion"},{"floor":8.0,"key":"EntropicBrew"},{"floor":18.0,"key":"Elixir"},{"floor":36.0,"key":"SmokeBomb"},{"floor":42,"key":"Explosive Potion"},{"floor":44,"key":"AttackPotion"},{"floor":51,"key":"LiquidBronze"}],"is_trial":false,"path_per_floor":["M","M","M","M","?","E","$","M","T","?","R","M","?","M","R","B",null,"M","?","COS","?","M","R","?","E","T","?","M","R","T","AVR","R","B",null,"M","M","COS","M","?","R","M","M","T","M","?","R","M","M","R","B","M","M","$","$","R","M","R","$","?","B",null],"character_chosen":"THE_ANIMATOR","items_purchased":["Oddly Smooth Stone","Bottled Lightning","ClockworkSouvenir","animator:Kira","animator:SilverFang","Replay:Wax Seal","Thread and Needle","Membership Card","animator:MisaKurobane","animator:WinryRockbell","Simple Rune","Whetstone","TwistedFunnel","Replay:Baseball","InkBottle","halation:Thesaurus"],"campfire_rested":1,"item_purchase_floors":[7,7,7,7,7,53,53,53,53,53,54,54,54,58,58,58],"current_hp_per_floor":[71,71,72,72,72,64,64,65,65,65,65,68,68,68,71,70,70,70,70,70,70,68,68,68,66,66,66,65,65,65,63,63,63,61,61,61,61,61,57,55,55,56,56,56,59,57,57,57,57,57,55,55,58,59,59,59,59,62,62,31],"gold":9432,"neow_bonus":"RANDOM_EVENT","is_daily":false,"chose_seed":false,"campfire_upgraded":7,"win_rate":0.0,"timestamp":1611498054,"path_taken":["M","M","M","M","?","E","$","?","T","?","R","M","?","M","R","BOSS","M","?","COS","?","M","R","?","E","T","?","?","R","?","AVR","R","BOSS","M","M","COS","M","?","R","M","M","T","M","?","R","?","M","R","BOSS","M","M","?","$","R","M","R","$","?","BOSS"],"items_purchased_type":["Relic","Relic","Relic","Card","Card","Relic","Relic","Relic","Card","Card","Relic","Relic","Relic","Relic","Relic","Relic"],"build_version":"2020-12-22","purchased_purges":4,"victory":true,"max_hp_per_floor":[71,71,72,72,72,72,72,73,73,71,71,71,71,71,71,70,70,70,70,70,70,68,68,68,66,66,66,65,65,65,63,63,63,61,61,61,61,61,57,55,55,56,56,56,59,57,57,57,57,57,55,55,58,59,59,59,59,62,62,45],"card_choices":[{"not_picked":["animator:IrohaTamaki","animator:WinryRockbell"],"picked":"animator:Tatsumaki","floor":1.0},{"not_picked":["animator:Darkness","animator:HiiragiShinya"],"picked":"animator:Yuuichirou","floor":2.0},{"not_picked":["animator:MamiTomoe","animator:KyokoSakura"],"picked":"animator:MetalKnight","floor":3.0},{"not_picked":["animator:Vanir","animator:Kazuma"],"picked":"animator:YunYun","floor":4.0},{"not_picked":["animator:Yoichi","animator:Guren"],"picked":"animator:Kuribayashi","floor":6.0},{"not_picked":["animator:Gluttony","animator:Kazuma"],"picked":"animator:Chris","floor":8.0},{"not_picked":["animator:Shinoa","animator:Verdia"],"picked":"animator:Mikaela","floor":12.0},{"not_picked":["animator:Genos","animator:SilverFang"],"picked":"animator:Melzalgald","floor":14.0},{"not_picked":["animator:Eris","animator:MadokaKaname"],"picked":"animator:Saitama","floor":16.0},{"not_picked":["animator:Tyuule+1","animator:Sloth"],"picked":"animator:Megumin","floor":18.0},{"not_picked":["animator:Boros","animator:Bozes"],"picked":"animator:MaesHughes+1","floor":22.0},{"not_picked":["animator:SilverFang","animator:Aqua"],"picked":"animator:Greed","floor":25.0},{"not_picked":["animator:Aqua","animator:Vanir"],"picked":"animator:Verdia","floor":28.0},{"not_picked":["animator:FeridBathory","animator:MadokaKaname"],"picked":"animator:Gilgamesh","floor":33.0},{"not_picked":["animator:OrikoMikuni+1","animator:Chris+1"],"picked":"animator:IrohaTamaki+1","floor":36.0},{"not_picked":["animator:Bozes+1","animator:Arpeggio+1"],"picked":"animator:Mitsuba+1","floor":37},{"not_picked":["animator:ElricAlphonse","animator:Gluttony"],"picked":"animator:Mitsurugi+1","floor":37},{"not_picked":["animator:Rider+1","animator:SuzuneAmano"],"picked":"animator:Verdia+1","floor":37},{"not_picked":["animator:MumenRider","animator:Shinoa"],"picked":"animator:Verdia+1","floor":37},{"not_picked":["animator:Kazuma","animator:Geryuganshoop+1"],"picked":"animator:YunYun","floor":37},{"not_picked":["animator:LeleiLaLalena+1","animator:Pride+1"],"picked":"animator:Archer+1","floor":38},{"not_picked":["animator:Arpeggio+1","animator:Assassin"],"picked":"animator:Saber","floor":41},{"not_picked":["animator:YaoHaDucy","animator:LeleiLaLalena"],"picked":"animator:RoryMercury","floor":42},{"not_picked":["animator:Aqua","animator:MumenRider"],"picked":"animator:KyokoSakura","floor":44},{"not_picked":["animator:YuiTsuruno+1","animator:ElricAlphonse+1"],"picked":"animator:RoryMercury+1","floor":51},{"not_picked":["animator:Arpeggio","animator:LeleiLaLalena"],"picked":"animator:Tyuule","floor":52},{"not_picked":["animator:YaoHaDucy","animator:Saitama","animator:Genos"],"picked":"SKIP","floor":56}],"player_experience":23169,"relics_obtained":[{"floor":0.0,"key":"ReplayTheSpireMod:Ring of Addiction"},{"floor":0.0,"key":"White Beast Statue"},{"floor":0.0,"key":"SacredBark"},{"floor":6.0,"key":"Ccalipers"},{"floor":8.0,"key":"LetterFromLob"},{"floor":25.0,"key":"Iron Hammer"},{"floor":26.0,"key":"Art of War"},{"floor":28.0,"key":"Gensokyo:MosesMiracle"},{"floor":30.0,"key":"halation:Toothbrush"},{"floor":32.0,"key":"TungstenRod"},{"floor":43,"key":"Replay:Bandana"},{"floor":51,"key":"paleoftheancients:SoulOfTheSilent"}],"event_choices":[{"damage_healed":0.0,"max_hp_gain":0.0,"max_hp_loss":0.0,"gold_gain":0.0,"event_name":"conspire:Investor","player_choice":"Leave","floor":13.0,"gold_loss":0.0,"damage_taken":0.0}],"is_beta":false,"boss_relics":[{"not_picked":["AddBug","infinitespire:Cupcake"],"picked":"beaked:SacredDeck"},{"not_picked":["Mark of Pain","Astrolabe"],"picked":"conspire:SpecialSausage"}],"items_purged_floors":[7,53,54,58],"is_endless":false,"potions_floor_spawned":[1,2,3,4,6,8,12,14,16,18,33,36,42,44,47,51],"ascension_level":0}}