{"host":"usrgk25etjl0nf5i","time":1611516917,"event":{"mods":["2.2 Compatiblity","BaseMod","Downfall","Hubris","Minty Spire (QoL Compilation)","Permanent Neow","StSLib","SuperFastMode"],"gold_per_floor":[117,24,41,57,76,104,115,149,149,149,213,244,172,347,347,426,426,440,297,317,317,329,329,329],"floor_reached":23,"language":"ENG","playtime":1061,"items_purged":["Doubt"],"score":348,"play_id":"062fce51-7b13-4c1c-ac85-01305f552aab","local_time":"20210124113517","is_ascension_mode":true,"campfire_choices":[{"floor":10,"key":"REST"},{"floor":15,"key":"REST"}],"circlet_count":0,"master_deck":["AscendersBane","Strike_R","Strike_R","Strike_R","Strike_R","Defend_R","Defend_R","Defend_R","Defend_R","Bash","Metallicize","Flame Barrier","Pommel Strike","Shrug It Off","Headbutt","Twin Strike","Cleave","Heavy Blade","Inflame","Barricade","Pummel+1","Metallicize","Entrench","Carnage","Flex"],"relics":["Burning Blood","Thread and Needle","hubris:OldNail","Singing Bowl","Self Forming Clay","Orichalcum","SacredBark"],"acts_visited":["Exordium","TheCity"],"potions_floor_usage":[6,12,20,23],"damage_taken":[{"damage":0,"enemies":"Small Slimes","floor":1,"turns":5},{"damage":0,"enemies":"Cultist","floor":3,"turns":3},{"damage":0,"enemies":"2 Louse","floor":4,"turns":3},{"damage":11,"enemies":"Exordium Thugs","floor":5,"turns":5},{"damage":27,"enemies":"Lagavulin","floor":6,"turns":8},{"damage":5,"enemies":"2 Fungi Beasts","floor":7,"turns":3},{"damage":32,"enemies":"Gremlin Nob","floor":8,"turns":5},{"damage":17,"enemies":"Lagavulin","floor":12,"turns":8},{"damage":20,"enemies":"Slime Boss","floor":16,"turns":12},{"damage":14,"enemies":"3 Byrds","floor":18,"turns":6},{"damage":0,"enemies":"Shell Parasite","floor":20,"turns":6},{"damage":5,"enemies":"Shelled Parasite and Fungi","floor":22,"turns":7},{"damage":78,"enemies":"Gremlin Leader","floor":23,"turns":9}],"seed_played":"5893791871285259058","potions_obtained":[{"floor":1,"key":"Dexterity Potion"},{"floor":5,"key":"AttackPotion"},{"floor":6,"key":"Swift Potion"},{"floor":22,"key":"Fire Potion"}],"is_trial":false,"path_per_floor":["M","$","M","M","M","E","M","E","T","R","?","E","$","?","R","B",null,"M","$","M","?","M","E"],"character_chosen":"IRONCLAD","items_purchased":["Flame Barrier","Pommel Strike","Inflame","Metallicize"],"campfire_rested":2,"item_purchase_floors":[2,2,13,19],"current_hp_per_floor":[57,57,63,69,64,43,44,20,20,44,44,35,35,35,60,46,75,67,67,73,73,74,0,0],"gold":329,"neow_bonus":"ONE_RARE_RELIC","is_daily":false,"chose_seed":false,"campfire_upgraded":0,"win_rate":0.0,"timestamp":1611516917,"path_taken":["M","$","M","M","M","E","M","E","T","R","?","E","$","?","R","BOSS","M","$","M","?","?","E"],"items_purchased_type":["Card","Card","Card","Card"],"build_version":"2020-12-22","purchased_purges":1,"victory":false,"max_hp_per_floor":[80,80,80,80,80,80,80,82,82,82,82,84,84,84,84,84,84,84,84,84,84,84,84,84],"card_choices":[{"not_picked":["Clash","Wild Strike"],"picked":"Metallicize","floor":1},{"not_picked":["Dropkick","Iron Wave"],"picked":"Shrug It Off","floor":3},{"not_picked":["Warcry","Shockwave"],"picked":"Headbutt","floor":4},{"not_picked":["Shockwave","Searing Blow"],"picked":"Twin Strike","floor":5},{"not_picked":["Dual Wield","Entrench"],"picked":"Cleave","floor":6},{"not_picked":["Wild Strike","Havoc"],"picked":"Heavy Blade","floor":7},{"not_picked":["Thunderclap","Dark Embrace","Armaments"],"picked":"Singing Bowl","floor":8},{"not_picked":["Feed","Anger","Armaments"],"picked":"Singing Bowl","floor":12},{"not_picked":["Corruption","Bludgeon"],"picked":"Barricade","floor":16},{"not_picked":["Clash","Wild Strike"],"picked":"Pummel+1","floor":18},{"not_picked":["Twin Strike","Clash"],"picked":"Entrench","floor":20},{"not_picked":["Clothesline+1","Thunderclap"],"picked":"Flex","floor":22}],"player_experience":669052,"relics_obtained":[{"floor":6,"key":"hubris:OldNail"},{"floor":8,"key":"Singing Bowl"},{"floor":9,"key":"Self Forming Clay"},{"floor":12,"key":"Orichalcum"}],"event_choices":[{"damage_healed":0,"gold_gain":64,"player_choice":"Gained Gold","damage_taken":0,"max_hp_gain":0,"max_hp_loss":0,"event_name":"Golden Wing","floor":11,"gold_loss":0},{"damage_healed":0,"gold_gain":175,"player_choice":"AGREE","damage_taken":0,"max_hp_gain":0,"max_hp_loss":0,"event_name":"Liars Game","floor":14,"gold_loss":0,"cards_obtained":["Doubt"]},{"damage_healed":0,"gold_gain":0,"cards_transformed":["Strike_R"],"player_choice":"Transformed","damage_taken":0,"max_hp_gain":0,"max_hp_loss":0,"event_name":"Transmorgrifier","floor":21,"gold_loss":0,"cards_obtained":["Carnage"]}],"is_beta":false,"boss_relics":[{"not_picked":["Sozu","hubris:ScarierMask"],"picked":"SacredBark"}],"items_purged_floors":[19],"is_endless":false,"potions_floor_spawned":[1,5,6,22],"killed_by":"Gremlin Leader","ascension_level":13}}