{"host":"9z9bilz90zy1bfdt","time":1611462933,"event":{"mods":["BaseMod","Minty Spire (QoL Compilation)","StSLib"],"gold_per_floor":[115,134,153,153,173,173,203,219,219,219,250,250,279,295,295,392,392,403,403,419,190,190,201,234,246,246,161,161,161,9,9,9,9,9],"floor_reached":33,"language":"KOR","playtime":1071,"items_purged":["Strike_R"],"score":480,"play_id":"fdbc1713-98e0-427e-a4b1-7c9026b9c2b4","local_time":"20210124133532","is_ascension_mode":true,"campfire_choices":[{"data":"Disarm","floor":6,"key":"SMITH"},{"data":"Fiend Fire","floor":12,"key":"SMITH"},{"data":"Battle Trance","floor":15,"key":"SMITH"},{"data":"Armaments","floor":28,"key":"SMITH"},{"floor":32,"key":"REST"}],"circlet_count":0,"master_deck":["AscendersBane","Strike_R","Strike_R","Defend_R","Defend_R","Bash","Anger","Disarm+1","Battle Trance+1","Sword Boomerang","Fiend Fire+1","Uppercut","Pummel","Shockwave","Evolve","Feel No Pain","Exhume","Dropkick+1","Armaments+1","Shrug It Off+1","Sentinel+1","Armaments+1","Second Wind+1","Seeing Red+1","Shrug It Off","Body Slam"],"relics":["Burning Blood","Incense Burner","Prayer Wheel","Self Forming Clay","Dead Branch","Runic Pyramid","Lee\u0027s Waffle","Torii","MealTicket","Juzu Bracelet","Dream Catcher","Orrery","Spirit Poop"],"acts_visited":["Exordium","TheCity"],"potions_floor_usage":[11,13,20,20,33],"damage_taken":[{"damage":2,"enemies":"Small Slimes","floor":1,"turns":5},{"damage":9,"enemies":"2 Louse","floor":2,"turns":3},{"damage":4,"enemies":"Cultist","floor":3,"turns":3},{"damage":7,"enemies":"Blue Slaver","floor":5,"turns":3},{"damage":19,"enemies":"Lagavulin","floor":7,"turns":7},{"damage":13,"enemies":"Large Slime","floor":8,"turns":6},{"damage":32,"enemies":"3 Sentries","floor":11,"turns":7},{"damage":0,"enemies":"Lagavulin","floor":13,"turns":3},{"damage":8,"enemies":"2 Fungi Beasts","floor":14,"turns":2},{"damage":23,"enemies":"Slime Boss","floor":16,"turns":8},{"damage":37,"enemies":"2 Thieves","floor":18,"turns":5},{"damage":0,"enemies":"Shell Parasite","floor":20,"turns":3},{"damage":24,"enemies":"Snake Plant","floor":23,"turns":3},{"damage":45,"enemies":"Slavers","floor":24,"turns":5},{"damage":16,"enemies":"3 Cultists","floor":25,"turns":5},{"damage":72,"enemies":"Automaton","floor":33,"turns":6}],"seed_played":"-2580545194980095129","potions_obtained":[{"floor":2,"key":"Energy Potion"},{"floor":11,"key":"AttackPotion"},{"floor":13,"key":"Strength Potion"},{"floor":14,"key":"Energy Potion"},{"floor":25,"key":"DistilledChaos"}],"is_trial":false,"path_per_floor":["M","M","M","?","M","R","E","M","T","?","E","R","E","M","R","B",null,"M","?","M","$","?","M","E","M","T","?","R","?","$","?","R","B"],"character_chosen":"IRONCLAD","items_purchased":["Lee\u0027s Waffle","Orrery"],"campfire_rested":1,"item_purchase_floors":[21,30],"current_hp_per_floor":[55,52,54,47,46,46,33,26,26,80,54,54,60,58,58,41,70,39,24,30,92,92,74,35,25,25,25,25,25,40,40,67,0,0],"gold":9,"neow_bonus":"REMOVE_TWO","is_daily":false,"chose_seed":false,"campfire_upgraded":4,"win_rate":0.0,"timestamp":1611462932,"path_taken":["M","M","M","?","M","R","E","M","T","?","E","R","E","?","R","BOSS","M","?","M","$","?","M","E","M","T","?","R","?","$","?","R","BOSS"],"items_purchased_type":["Relic","Relic"],"build_version":"2020-12-22","purchased_purges":1,"victory":false,"max_hp_per_floor":[80,80,80,80,80,80,80,80,80,80,80,80,80,80,80,80,80,80,85,85,92,92,92,92,92,92,92,92,92,92,92,92,92,92],"card_choices":[{"not_picked":["Reckless Charge","Armaments"],"picked":"Anger","floor":1},{"not_picked":["Armaments","Havoc"],"picked":"Disarm","floor":2},{"not_picked":["Whirlwind","True Grit"],"picked":"Battle Trance","floor":3},{"not_picked":["Clash","Iron Wave"],"picked":"Sword Boomerang","floor":5},{"not_picked":["Dark Embrace","Clothesline"],"picked":"Fiend Fire","floor":7},{"not_picked":["Headbutt","True Grit"],"picked":"Uppercut","floor":8},{"not_picked":["Perfected Strike","Havoc"],"picked":"Pummel","floor":11},{"not_picked":["Pummel","Body Slam"],"picked":"Shockwave","floor":13},{"not_picked":["Armaments","Twin Strike"],"picked":"Evolve","floor":14},{"not_picked":["Immolate","Combust"],"picked":"Feel No Pain","floor":14},{"not_picked":["Fiend Fire","Brutality"],"picked":"Exhume","floor":16},{"not_picked":["Uppercut+1","Warcry+1"],"picked":"Dropkick+1","floor":18},{"not_picked":["Evolve","Reckless Charge+1","Clothesline"],"picked":"SKIP","floor":18},{"not_picked":["Pommel Strike","Thunderclap+1"],"picked":"Armaments","floor":20},{"not_picked":["Sever Soul","Body Slam"],"picked":"Shrug It Off+1","floor":20},{"not_picked":["Shrug It Off","Entrench"],"picked":"Sentinel+1","floor":23},{"not_picked":["Thunderclap","Warcry","Iron Wave"],"picked":"SKIP","floor":23},{"not_picked":["Perfected Strike","Flex"],"picked":"Armaments+1","floor":24},{"not_picked":["Twin Strike","Shockwave"],"picked":"Second Wind+1","floor":25},{"not_picked":["Feel No Pain","Heavy Blade","True Grit"],"picked":"SKIP","floor":25},{"not_picked":["True Grit","Armaments"],"picked":"Seeing Red+1","floor":30},{"not_picked":["Clash","Headbutt"],"picked":"Shrug It Off","floor":30},{"not_picked":["Clash","True Grit"],"picked":"Body Slam","floor":32}],"player_experience":337121,"relics_obtained":[{"floor":7,"key":"Incense Burner"},{"floor":9,"key":"Prayer Wheel"},{"floor":11,"key":"Self Forming Clay"},{"floor":13,"key":"Dead Branch"},{"floor":24,"key":"Torii"},{"floor":26,"key":"MealTicket"}],"event_choices":[{"cards_removed":["Strike_R"],"damage_healed":0,"gold_gain":0,"player_choice":"Card Removal","damage_taken":7,"max_hp_gain":0,"max_hp_loss":0,"event_name":"Golden Wing","floor":4,"gold_loss":0},{"damage_healed":54,"gold_gain":0,"player_choice":"Full Heal","damage_taken":0,"max_hp_gain":0,"max_hp_loss":0,"event_name":"Wheel of Change","floor":10,"gold_loss":0},{"damage_healed":0,"gold_gain":0,"player_choice":"Shed Blood","damage_taken":20,"max_hp_gain":5,"max_hp_loss":0,"event_name":"Forgotten Altar","floor":19,"gold_loss":0},{"cards_removed":["Defend_R"],"damage_healed":0,"gold_gain":0,"player_choice":"Elegance","damage_taken":0,"max_hp_gain":0,"max_hp_loss":0,"event_name":"Back to Basics","floor":22,"gold_loss":0},{"damage_healed":0,"gold_gain":0,"player_choice":"Obtained Relic","damage_taken":0,"relics_obtained":["Juzu Bracelet"],"max_hp_gain":0,"max_hp_loss":0,"event_name":"Addict","floor":27,"gold_loss":85},{"damage_healed":0,"gold_gain":0,"player_choice":"Opened","damage_taken":0,"relics_obtained":["Dream Catcher"],"max_hp_gain":0,"max_hp_loss":0,"event_name":"The Mausoleum","floor":29,"gold_loss":0,"cards_obtained":["Writhe"]},{"cards_removed":["Writhe"],"damage_healed":0,"gold_gain":0,"player_choice":"Offered Curse","damage_taken":0,"relics_obtained":["Spirit Poop"],"max_hp_gain":0,"max_hp_loss":0,"event_name":"Bonfire Elementals","floor":31,"gold_loss":0}],"is_beta":false,"boss_relics":[{"not_picked":["Fusion Hammer","Runic Cube"],"picked":"Runic Pyramid"}],"items_purged_floors":[21],"is_endless":false,"potions_floor_spawned":[2,11,13,14,18,25],"killed_by":"Automaton","ascension_level":11}}