{"host":"28bpuzdckreop5i0","time":1611466594,"event":{"mods":["Aspiration","BaseMod","Challenge The Spire","Defuse TimeMaze Blight","Downfall","Energized Spire","GifTheSpireLib","Googly Eyes","Minty Spire (QoL Compilation)","Relic Stats","Shop Mod","Spicy Shops","StSLib","Stuff the Spire","The Awakened One except there are too many feathers","The IronCluck","Transform Curses","slay the spire mod where everything is the same but ironclad has a cowboy hat"],"gold_per_floor":[99,115,133,133,145,156,156,156,173,191,203,34,34,53,63,165,165,165,177,177,177,197,214,285,285,285,304,323,337,237,251,265,368,368,368,382,392,440,452,352,375,375,375,126,126,144,160,176,193,193],"floor_reached":51,"language":"ENG","playtime":2952,"items_purged":["bronze:Strike","Writhe"],"score":728,"play_id":"d8a983a3-136f-4030-8722-bd6c079b8762","local_time":"20210123233634","is_ascension_mode":false,"campfire_choices":[{"data":"bronze:Goto","floor":1,"key":"SMITH"},{"data":"bronze:FineTuning","floor":8,"key":"SMITH"},{"floor":13,"key":"REST"},{"data":"bronze:FollowUp","floor":18,"key":"SMITH"},{"data":"Warcry","floor":30,"key":"SMITH"},{"floor":35,"key":"RECALL"},{"data":"bronze:FineTuning","floor":40,"key":"SMITH"},{"data":"bronze:Virus","floor":43,"key":"SMITH"},{"data":"bronze:ChosenStrike","floor":45,"key":"SMITH"}],"circlet_count":0,"master_deck":["bronze:Defend","bronze:Defend","bronze:Defend","bronze:Defend","bronze:Replicate","bronze:Goto+1","bronze:FineTuning+1","bronze:ChosenStrike+1","bronze:CutThrough","bronze:FollowUp+1","bronze:InfiniteBeams","bronze:Virus+1","bronze:FineTuning+1","StuffTheSpire:Vigor","Warcry+1","Warcry+1","bronze:FindAndReplace","bronze:FineTuning+1"],"relics":["bronze:BronzeCore","StuffTheSpire:Gunfinga","aspiration:IroncladSkillbook","aspiration:RitualStick","Bag of Marbles","downfall:HeartBlessingBlue","expansioncontent:StudyCardRelic","TungstenRod","downfall:HeartBlessingRed","Orichalcum","Kunai","StuffTheSpire:Expresso"],"acts_visited":["Exordium","TheCity","TheBeyond"],"potions_floor_usage":[16,31,38,47],"damage_taken":[{"damage":3,"enemies":"Jaw Worm","floor":2,"turns":4},{"damage":1,"enemies":"Cultist","floor":3,"turns":3},{"damage":1,"enemies":"Small Slimes","floor":5,"turns":3},{"damage":9,"enemies":"Blue Slaver","floor":6,"turns":3},{"damage":7,"enemies":"2 Fungi Beasts","floor":9,"turns":3},{"damage":6,"enemies":"Large Slime","floor":10,"turns":3},{"damage":15,"enemies":"Lots of Slimes","floor":11,"turns":4},{"damage":0,"enemies":"downfall:FleeingMerchant","floor":12,"turns":4},{"damage":6,"enemies":"Exordium Thugs","floor":14,"turns":2},{"damage":0,"enemies":"Large Slime","floor":15,"turns":3},{"damage":22,"enemies":"IC_STATUS_ARCHETYPE","floor":16,"turns":5},{"damage":5,"enemies":"Spheric Guardian","floor":19,"turns":3},{"damage":5,"enemies":"Shell Parasite","floor":22,"turns":3},{"damage":6,"enemies":"3 Cultists","floor":23,"turns":3},{"damage":10,"enemies":"Centurion and Healer","floor":27,"turns":4},{"damage":7,"enemies":"Cultist and Chosen","floor":28,"turns":5},{"damage":4,"enemies":"Chosen and Byrds","floor":29,"turns":5},{"damage":1,"enemies":"Shelled Parasite and Fungi","floor":31,"turns":3},{"damage":0,"enemies":"Centurion and Healer","floor":32,"turns":3},{"damage":6,"enemies":"DF_ARCHETYPE_CLAW","floor":33,"turns":5},{"damage":0,"enemies":"Orb Walker","floor":36,"turns":2},{"damage":9,"enemies":"3 Darklings","floor":37,"turns":3},{"damage":1,"enemies":"2 Orb Walkers","floor":38,"turns":2},{"damage":0,"enemies":"Maw","floor":39,"turns":5},{"damage":0,"enemies":"downfall:FleeingMerchant","floor":44,"turns":4},{"damage":0,"enemies":"Transient","floor":46,"turns":5},{"damage":3,"enemies":"4 Shapes","floor":47,"turns":4},{"damage":0,"enemies":"Maw","floor":48,"turns":4},{"damage":10,"enemies":"Sphere and 2 Shapes","floor":49,"turns":2},{"damage":0,"enemies":"SI_POISON_ARCHETYPE","floor":50,"turns":5}],"seed_played":"-8854667869736404654","potions_obtained":[{"floor":2,"key":"GamblersBrew"},{"floor":9,"key":"GamblersBrew"},{"floor":10,"key":"Swift Potion"},{"floor":14,"key":"Strength Potion"},{"floor":16,"key":"SpeedPotion"},{"floor":23,"key":"Block Potion"},{"floor":31,"key":"PowerPotion"},{"floor":38,"key":"EntropicBrew"},{"floor":39,"key":"bronze:FreeFunctionsPotion"},{"floor":47,"key":"champ:CounterPotion"}],"is_trial":false,"path_per_floor":["R","M","M","?","M","M","T","R","M","M","M","$","R","M","M","B",null,"R","M","?","?","M","M","T","?","?","M","M","M","R","M","M","B",null,"R","M","M","?","M","R","T","?","R","$","R","M","M","M","M","B",null],"character_chosen":"THE_AUTOMATON","items_purchased":["StuffTheSpire:Gunfinga","Kunai","StuffTheSpire:Expresso"],"campfire_rested":1,"item_purchase_floors":[12,44,44],"current_hp_per_floor":[70,67,66,66,65,56,56,56,49,43,28,28,49,43,43,26,70,70,69,69,55,54,52,52,52,52,46,43,43,53,56,60,58,80,80,80,75,78,80,80,80,80,80,80,80,80,80,80,74,78],"gold":193,"neow_bonus":"TRANSFORM_CARD","is_daily":false,"chose_seed":false,"campfire_upgraded":7,"win_rate":0.0,"timestamp":1611466594,"path_taken":["R","M","M","?","M","M","T","R","M","M","M","?","R","?","M","BOSS","R","M","?","?","M","M","T","?","?","M","M","M","R","?","M","BOSS","R","M","M","?","M","R","T","?","R","$","R","M","M","?","M","BOSS"],"items_purchased_type":["Relic","Relic","Relic"],"build_version":"2020-12-22","purchased_purges":2,"victory":true,"max_hp_per_floor":[70,70,70,70,70,70,70,70,70,70,70,70,70,70,70,70,70,70,70,70,70,70,70,70,70,70,70,70,70,80,80,80,80,80,80,80,80,80,80,80,80,80,80,80,80,80,80,80,80,80],"relic_stats":{"counters":[30,107],"Kunai":[18],"Orichalcum":[42],"obtain_stats":[{"bronze:BronzeCore":0,"downfall:HeartBlessingRed":40,"StuffTheSpire:Expresso":44,"expansioncontent:StudyCardRelic":34,"Orichalcum":41,"aspiration:IroncladSkillbook":17,"aspiration:RitualStick":21,"StuffTheSpire:Gunfinga":12,"downfall:HeartBlessingBlue":30,"Bag of Marbles":25,"Kunai":44,"Toy Ornithopter":7,"TungstenRod":38},{"bronze:BronzeCore":0,"downfall:HeartBlessingRed":24,"StuffTheSpire:Expresso":25,"expansioncontent:StudyCardRelic":20,"Orichalcum":24,"aspiration:IroncladSkillbook":11,"aspiration:RitualStick":12,"StuffTheSpire:Gunfinga":8,"downfall:HeartBlessingBlue":17,"Bag of Marbles":14,"Kunai":25,"Toy Ornithopter":4,"TungstenRod":23},{"bronze:BronzeCore":0,"downfall:HeartBlessingRed":83,"StuffTheSpire:Expresso":87,"expansioncontent:StudyCardRelic":71,"Orichalcum":83,"aspiration:IroncladSkillbook":37,"aspiration:RitualStick":40,"StuffTheSpire:Gunfinga":27,"downfall:HeartBlessingBlue":60,"Bag of Marbles":46,"Kunai":87,"Toy Ornithopter":13,"TungstenRod":78}],"aspiration:RitualStick":[0],"TungstenRod":3},"card_choices":[{"not_picked":["bronze:BugBarrage","bronze:WhirlingStrike"],"picked":"bronze:ChosenStrike","floor":2},{"not_picked":["bronze:DelayedSlice","bronze:Overload","bronze:Turbo"],"picked":"SKIP","floor":3},{"not_picked":["bronze:WildBeam","bronze:DelayedGuard"],"picked":"bronze:CutThrough","floor":5},{"not_picked":["bronze:BugBarrage","bronze:OilSpill"],"picked":"bronze:FollowUp","floor":6},{"not_picked":["bronze:InfiniteBeams","bronze:Overheat","bronze:Flail"],"picked":"SKIP","floor":9},{"not_picked":["bronze:Overheat","bronze:Flail"],"picked":"bronze:InfiniteBeams","floor":9},{"not_picked":["bronze:DelayedGuard","bronze:Backtrace","bronze:Overheat"],"picked":"SKIP","floor":10},{"not_picked":["bronze:Overload","bronze:Return","bronze:Virus"],"picked":"SKIP","floor":11},{"not_picked":["bronze:Overload","bronze:Return"],"picked":"bronze:Virus","floor":11},{"not_picked":["bronze:Frontload","bronze:Fortify","bronze:BitShift"],"picked":"SKIP","floor":12},{"not_picked":["bronze:Deprecate","bronze:Terminator","bronze:Constructor"],"picked":"SKIP","floor":14},{"not_picked":["bronze:DelayedSlice","bronze:Shield","bronze:DelayedGuard"],"picked":"SKIP","floor":15},{"not_picked":["bronze:Frontload","bronze:Overload","bronze:DelayedSlice"],"picked":"bronze:FineTuning","floor":19},{"not_picked":["StuffTheSpire:CelestialWarden","StuffTheSpire:Innocence"],"picked":"StuffTheSpire:Vigor","floor":20},{"not_picked":["Searing Blow","Second Wind","bronze:FineTuning+1","Perfected Strike"],"picked":"SKIP","floor":22},{"not_picked":["bronze:Separator","Armaments","Havoc","bronze:BuggyMess+1"],"picked":"SKIP","floor":23},{"not_picked":["bronze:Overheat+1","bronze:Break","bronze:Branch"],"picked":"Warcry+1","floor":27},{"not_picked":["bronze:BronzeOrb","bronze:BugBarrage","bronze:Constructor"],"picked":"Warcry","floor":28},{"not_picked":["bronze:DelayedGuard","Shrug It Off","Shockwave","Body Slam"],"picked":"SKIP","floor":29},{"not_picked":["bronze:Shell","Clash","Havoc","bronze:CloningBeam"],"picked":"SKIP","floor":31},{"not_picked":["bronze:Shell","Clash","Havoc","bronze:CloningBeam"],"picked":"SKIP","floor":31},{"not_picked":["StuffTheSpire:RockThrow","Clash","Cleave","Shockwave"],"picked":"SKIP","floor":32},{"not_picked":["bronze:CleanCode","Impervious","bronze:SpaghettiCode"],"picked":"bronze:FindAndReplace","floor":33},{"not_picked":["bronze:Iterate","Anger+1","Headbutt+1"],"picked":"bronze:FineTuning","floor":36},{"not_picked":["bronze:Repair+1","Perfected Strike","bronze:ThunderWave","Twin Strike"],"picked":"SKIP","floor":37},{"not_picked":["bronze:BuggyMess+1","Wild Strike+1","Perfected Strike+1","Shrug It Off"],"picked":"SKIP","floor":39},{"not_picked":["Havoc+1","StuffTheSpire:Slingshot+1","bronze:OilSpill","Impervious"],"picked":"SKIP","floor":44},{"not_picked":["Intimidate+1","Armaments+1","bronze:Fortify","bronze:Shell+1"],"picked":"SKIP","floor":46},{"not_picked":["Anger","Body Slam+1","Havoc","Entrench+1"],"picked":"SKIP","floor":47},{"not_picked":["Anger","Body Slam+1","Havoc","Entrench+1"],"picked":"SKIP","floor":47},{"not_picked":["bronze:Iterate","bronze:BronzeOrb","Pommel Strike+1","bronze:BugBarrage+1"],"picked":"SKIP","floor":48},{"not_picked":["Thunderclap+1","bronze:OilSpill","bronze:Fortify+1","Iron Wave"],"picked":"SKIP","floor":49}],"player_experience":909024,"relics_obtained":[{"floor":7,"key":"Toy Ornithopter"},{"floor":38,"key":"TungstenRod"},{"floor":41,"key":"Orichalcum"}],"event_choices":[{"damage_healed":0,"gold_gain":0,"player_choice":"Fight","damage_taken":0,"max_hp_gain":0,"max_hp_loss":0,"event_name":"Mysterious Sphere","floor":38,"gold_loss":0}],"is_beta":false,"boss_relics":[{"not_picked":["aspiration:DefectSkillbook","StuffTheSpire:RunicConfusion"],"picked":"aspiration:IroncladSkillbook"},{"not_picked":["Velvet Choker","energizedSpire:NeverEndingSparkler"],"picked":"expansioncontent:StudyCardRelic"}],"items_purged_floors":[44,44],"is_endless":false,"potions_floor_spawned":[2,9,10,14,16,22,23,28,31,38,39,47,48],"ascension_level":0}}