{"host":"srk2drlvga69hbot","time":1611488084,"event":{"mods":["BaseMod","Bestiary","Block Reminder","Colored Map","Colored Powertips","Dark Map","DeckTracker","Highlight Path","Minty Spire (QoL Compilation)","Quick Restart","Rare Cards Sparkle","Relic Stats","SuperFastMode","Unceasing Turn Reminder"],"gold_per_floor":[113,130,149,169,185,185,213,213,259,279,307,325,325,343,343,445,445,459,91,91,91,106,106,106,135,135,50,70,103,120,138,138,238,238,254,254,304,304,318,318,344,344,426,426,439,78,96,116,116,116],"floor_reached":51,"language":"ZHS","playtime":4107,"items_purged":["Strike_G","Strike_G"],"score":847,"play_id":"c6ce3e30-29f3-4957-8434-13b621f51e42","local_time":"20210124193444","is_ascension_mode":true,"campfire_choices":[{"data":"Acrobatics","floor":6.0,"key":"SMITH"},{"floor":13.0,"key":"REST"},{"floor":15.0,"key":"REST"},{"data":"Grand Finale","floor":23.0,"key":"SMITH"},{"floor":32.0,"key":"REST"},{"data":"Tactician","floor":40.0,"key":"SMITH"},{"data":"Grand Finale","floor":49.0,"key":"SMITH"}],"circlet_count":0,"master_deck":["Strike_G","Strike_G+1","Strike_G","Defend_G","Defend_G","Defend_G","Defend_G","Survivor","Neutralize+1","Underhanded Strike","Prepared+1","Underhanded Strike","Acrobatics+1","Underhanded Strike+1","Backflip","Grand Finale+1","Escape Plan","Acrobatics","Grand Finale+1","Escape Plan","Tactician+1","Tactician+1","Adrenaline"],"relics":["Ring of the Snake","NeowsBlessing","Gremlin Horn","Toy Ornithopter","Letter Opener","Runic Pyramid","Juzu Bracelet","MealTicket","MutagenicStrength","Whetstone","StoneCalendar","Nunchaku","Prayer Wheel","Black Star","Torii","Vajra","Ornamental Fan","Sundial"],"acts_visited":["Exordium","TheCity","TheBeyond"],"potions_floor_usage":[50,50],"damage_taken":[{"damage":0.0,"enemies":"Small Slimes","floor":1.0,"turns":1.0},{"damage":0.0,"enemies":"Cultist","floor":2.0,"turns":1.0},{"damage":0.0,"enemies":"Jaw Worm","floor":3.0,"turns":1.0},{"damage":2.0,"enemies":"2 Fungi Beasts","floor":4.0,"turns":4.0},{"damage":17.0,"enemies":"Lots of Slimes","floor":5.0,"turns":4.0},{"damage":27.0,"enemies":"Lagavulin","floor":7.0,"turns":5.0},{"damage":1.0,"enemies":"Blue Slaver","floor":10.0,"turns":4.0},{"damage":9.0,"enemies":"3 Sentries","floor":11.0,"turns":6.0},{"damage":3.0,"enemies":"Exordium Thugs","floor":12.0,"turns":3.0},{"damage":0.0,"enemies":"Red Slaver","floor":14.0,"turns":1.0},{"damage":65.0,"enemies":"The Guardian","floor":16.0,"turns":13.0},{"damage":0.0,"enemies":"Spheric Guardian","floor":18.0,"turns":3.0},{"damage":0.0,"enemies":"3 Byrds","floor":22.0,"turns":2.0},{"damage":15.0,"enemies":"Book of Stabbing","floor":25.0,"turns":5.0},{"damage":18.0,"enemies":"Snecko","floor":28.0,"turns":5.0},{"damage":22.0,"enemies":"Gremlin Leader","floor":29.0,"turns":4.0},{"damage":13.0,"enemies":"Chosen and Byrds","floor":30.0,"turns":2.0},{"damage":5.0,"enemies":"Snake Plant","floor":31.0,"turns":2.0},{"damage":35.0,"enemies":"Champ","floor":33.0,"turns":7.0},{"damage":17.0,"enemies":"Orb Walker","floor":35.0,"turns":5.0},{"damage":0.0,"enemies":"Mind Bloom Boss Battle","floor":37.0,"turns":2.0},{"damage":0.0,"enemies":"3 Darklings","floor":39.0,"turns":2.0},{"damage":0.0,"enemies":"Giant Head","floor":41.0,"turns":4.0},{"damage":29.0,"enemies":"Transient","floor":45.0,"turns":5.0},{"damage":0.0,"enemies":"Sphere and 2 Shapes","floor":47.0,"turns":3.0},{"damage":0.0,"enemies":"3 Darklings","floor":48.0,"turns":2.0},{"damage":13,"enemies":"Donu and Deca","floor":50,"turns":4}],"seed_played":"-8462775731686334809","potions_obtained":[{"floor":1.0,"key":"LiquidMemories"},{"floor":2.0,"key":"FairyPotion"},{"floor":3.0,"key":"FairyPotion"},{"floor":18.0,"key":"PowerPotion"},{"floor":25.0,"key":"CultistPotion"},{"floor":30.0,"key":"ColorlessPotion"},{"floor":31.0,"key":"Fruit Juice"},{"floor":39.0,"key":"Energy Potion"}],"is_trial":false,"path_per_floor":["M","M","M","M","M","R","E","?","T","M","E","M","R","M","R","B",null,"M","$","?","?","M","R","?","E","T","?","M","E","M","M","R","B",null,"M","?","?","?","M","R","E","?","T","?","M","$","M","M","R","B",null],"character_chosen":"THE_SILENT","items_purchased":["Juzu Bracelet","MealTicket","Sundial"],"campfire_rested":3,"item_purchase_floors":[19,19,46],"current_hp_per_floor":[70,70,70,68,51,51,24,24,24,23,14,11,32,32,53,9,70,70,70,70,57,57,57,57,42,42,42,24,2,16,21,45,10,80,63,63,63,63,63,63,63,63,63,63,34,49,49,49,49,46],"gold":116,"neow_bonus":"THREE_ENEMY_KILL","is_daily":false,"chose_seed":false,"campfire_upgraded":4,"win_rate":0.0,"timestamp":1611488084,"path_taken":["M","M","M","M","M","R","E","?","T","?","E","?","R","M","R","BOSS","M","$","?","?","M","R","?","E","T","?","M","E","M","M","R","BOSS","M","?","?","?","M","R","E","?","T","?","M","?","M","M","R","BOSS"],"items_purchased_type":["Relic","Relic","Relic"],"build_version":"2020-12-22","purchased_purges":2,"victory":true,"max_hp_per_floor":[70,70,70,70,70,70,70,70,70,70,70,70,70,70,70,70,70,70,70,70,75,75,75,75,75,75,75,75,75,75,80,80,80,80,80,80,80,76,76,76,76,76,76,76,76,76,76,76,76,76],"relic_stats":{"Gremlin Horn":[15,15],"Torii":4,"counters":[27,100],"StoneCalendar":[0],"Juzu Bracelet":3,"Letter Opener":[223],"Whetstone":["Underhanded Strike","Strike_G"],"Nunchaku":[15],"Ornamental Fan":[56],"Sundial":[2],"MealTicket":15,"Prayer Wheel":7,"Black Star":1,"obtain_stats":[{"NeowsBlessing":0,"Gremlin Horn":7,"Torii":37,"Vajra":41,"StoneCalendar":26,"Juzu Bracelet":19,"Letter Opener":11,"Whetstone":25,"Nunchaku":27,"Ornamental Fan":41,"Sundial":46,"MutagenicStrength":24,"MealTicket":19,"Prayer Wheel":29,"Black Star":34,"Toy Ornithopter":9,"Ring of the Snake":0,"Runic Pyramid":17},{"NeowsBlessing":0,"Gremlin Horn":6,"Torii":21,"Vajra":23,"StoneCalendar":14,"Juzu Bracelet":12,"Letter Opener":8,"Whetstone":14,"Nunchaku":14,"Ornamental Fan":23,"Sundial":24,"MutagenicStrength":13,"MealTicket":12,"Prayer Wheel":16,"Black Star":19,"Toy Ornithopter":6,"Ring of the Snake":0,"Runic Pyramid":11},{"NeowsBlessing":0,"Gremlin Horn":16,"Torii":80,"Vajra":86,"StoneCalendar":53,"Juzu Bracelet":46,"Letter Opener":26,"Whetstone":53,"Nunchaku":53,"Ornamental Fan":86,"Sundial":91,"MutagenicStrength":48,"MealTicket":46,"Prayer Wheel":62,"Black Star":73,"Toy Ornithopter":16,"Ring of the Snake":0,"Runic Pyramid":43}],"Toy Ornithopter":15,"Ring of the Snake":[54]},"card_choices":[{"not_picked":["Noxious Fumes","Deadly Poison"],"picked":"Underhanded Strike","floor":1.0},{"not_picked":["Blade Dance","Dagger Throw"],"picked":"Prepared","floor":2.0},{"not_picked":["Bane","Dagger Spray","Cloak And Dagger"],"picked":"SKIP","floor":3.0},{"not_picked":["Concentrate","Poisoned Stab"],"picked":"Underhanded Strike","floor":4.0},{"not_picked":["Infinite Blades","Leg Sweep"],"picked":"Acrobatics","floor":5.0},{"not_picked":["Heel Hook","Poisoned Stab","Backflip"],"picked":"SKIP","floor":7.0},{"not_picked":["Choke","Crippling Poison","Sucker Punch"],"picked":"SKIP","floor":10.0},{"not_picked":["Catalyst","After Image"],"picked":"Underhanded Strike","floor":11.0},{"not_picked":["PiercingWail","Prepared"],"picked":"Backflip","floor":12.0},{"not_picked":["Infinite Blades","Bane","Doppelganger"],"picked":"SKIP","floor":14.0},{"not_picked":["Phantasmal Killer","Adrenaline"],"picked":"Grand Finale","floor":16.0},{"not_picked":["Deadly Poison+1","Infinite Blades","Dash"],"picked":"SKIP","floor":18.0},{"not_picked":["Noxious Fumes","Finisher"],"picked":"Escape Plan","floor":22.0},{"not_picked":["Footwork","Flechettes"],"picked":"Acrobatics","floor":25.0},{"not_picked":["Accuracy","Predator","Dagger Throw"],"picked":"SKIP","floor":28.0},{"not_picked":["Dash","Burst","Caltrops"],"picked":"SKIP","floor":29.0},{"not_picked":["Blur","All Out Attack","Outmaneuver"],"picked":"SKIP","floor":30.0},{"not_picked":["Footwork+1","Outmaneuver","PiercingWail"],"picked":"SKIP","floor":30.0},{"not_picked":["Quick Slash","Outmaneuver+1","Dodge and Roll"],"picked":"SKIP","floor":31.0},{"not_picked":["Bane","Choke+1","Dodge and Roll"],"picked":"SKIP","floor":31.0},{"not_picked":["Phantasmal Killer","A Thousand Cuts"],"picked":"Grand Finale","floor":33.0},{"not_picked":["Footwork","Quick Slash+1","Acrobatics+1"],"picked":"SKIP","floor":35.0},{"not_picked":["Dodge and Roll","Leg Sweep+1","Bane+1"],"picked":"SKIP","floor":35.0},{"not_picked":["Acrobatics","Eviscerate"],"picked":"Escape Plan","floor":37.0},{"not_picked":["Accuracy+1","Slice"],"picked":"Tactician","floor":39.0},{"not_picked":["Blade Dance","Endless Agony","Poisoned Stab"],"picked":"SKIP","floor":39.0},{"not_picked":["Blade Dance+1","Finisher+1","Burst"],"picked":"SKIP","floor":41.0},{"not_picked":["Crippling Poison+1","Acrobatics+1"],"picked":"Adrenaline","floor":45.0},{"not_picked":["Deadly Poison+1","Distraction","Backflip"],"picked":"SKIP","floor":45.0},{"not_picked":["Bane+1","Choke","Terror"],"picked":"SKIP","floor":47.0},{"not_picked":["Backstab","Backflip","Quick Slash"],"picked":"SKIP","floor":47.0},{"not_picked":["Dagger Throw+1","Crippling Poison","Footwork"],"picked":"SKIP","floor":48.0},{"not_picked":["Blade Dance+1","Dodge and Roll+1","Deflect"],"picked":"SKIP","floor":48.0}],"player_experience":201217,"relics_obtained":[{"floor":7.0,"key":"Gremlin Horn"},{"floor":9.0,"key":"Toy Ornithopter"},{"floor":11.0,"key":"Letter Opener"},{"floor":25.0,"key":"Whetstone"},{"floor":26.0,"key":"StoneCalendar"},{"floor":29.0,"key":"Prayer Wheel"},{"floor":37.0,"key":"Torii"},{"floor":41.0,"key":"Vajra"},{"floor":41.0,"key":"Ornamental Fan"}],"event_choices":[{"damage_healed":0.0,"max_hp_gain":0.0,"max_hp_loss":0.0,"gold_gain":0.0,"event_name":"Upgrade Shrine","player_choice":"Upgraded","floor":8.0,"gold_loss":0.0,"damage_taken":0.0,"cards_upgraded":["Prepared"]},{"damage_healed":0.0,"max_hp_gain":0.0,"max_hp_loss":0.0,"gold_gain":0.0,"event_name":"Accursed Blacksmith","player_choice":"Forge","floor":20.0,"gold_loss":0.0,"damage_taken":0.0,"cards_upgraded":["Neutralize"]},{"damage_healed":0.0,"max_hp_gain":5.0,"max_hp_loss":0.0,"gold_gain":0.0,"event_name":"Forgotten Altar","player_choice":"Shed Blood","floor":21.0,"gold_loss":0.0,"damage_taken":18.0},{"damage_healed":0.0,"max_hp_gain":0.0,"max_hp_loss":0.0,"gold_gain":0.0,"event_name":"Drug Dealer","player_choice":"Inject Mutagens","floor":24.0,"gold_loss":0.0,"damage_taken":0.0,"relics_obtained":["MutagenicStrength"]},{"damage_healed":0.0,"max_hp_gain":0.0,"max_hp_loss":0.0,"gold_gain":0.0,"event_name":"Addict","player_choice":"Obtained Relic","floor":27.0,"gold_loss":85.0,"damage_taken":0.0,"relics_obtained":["Nunchaku"]},{"damage_healed":0.0,"max_hp_gain":0.0,"max_hp_loss":0.0,"gold_gain":0.0,"event_name":"SecretPortal","player_choice":"Ignored","floor":36.0,"gold_loss":0.0,"damage_taken":0.0},{"damage_healed":0.0,"max_hp_gain":0.0,"max_hp_loss":0.0,"gold_gain":0.0,"event_name":"MindBloom","player_choice":"Fight","floor":37.0,"gold_loss":0.0,"damage_taken":0.0},{"damage_healed":0.0,"max_hp_gain":0.0,"max_hp_loss":4.0,"gold_gain":0.0,"event_name":"Winding Halls","player_choice":"Max HP","floor":38.0,"gold_loss":0.0,"damage_taken":0.0},{"damage_healed":0.0,"max_hp_gain":0.0,"max_hp_loss":0.0,"gold_gain":0.0,"event_name":"Duplicator","player_choice":"Copied","floor":42.0,"gold_loss":0.0,"damage_taken":0.0,"cards_obtained":["Tactician"]},{"cards_removed":["Defend_G"],"damage_healed":0.0,"max_hp_gain":0.0,"max_hp_loss":0.0,"gold_gain":0.0,"event_name":"Purifier","player_choice":"Purged","floor":44.0,"gold_loss":0.0,"damage_taken":0.0}],"is_beta":false,"boss_relics":[{"not_picked":["SlaversCollar","WristBlade"],"picked":"Runic Pyramid"},{"not_picked":["Velvet Choker","Philosopher\u0027s Stone"],"picked":"Black Star"}],"items_purged_floors":[19,46],"is_endless":false,"potions_floor_spawned":[1,2,3,11,14,18,25,30,31,39,45,48],"ascension_level":4}}