{"host":"oj7j1eigh1ojvq9e","time":1611473556,"event":{"mods":["Ascension Reborn","BaseMod","Highlight Path","Minty Spire (QoL Compilation)","Replay The Spire","StSLib","UnlockEverythingMod"],"gold_per_floor":[117,19,35,54,4,4,21,21,92,4,4,24,41,55,55,159,159,176,193,203,203,203],"floor_reached":21,"language":"ZHS","playtime":1345,"items_purged":[],"score":175,"play_id":"87e78659-e4e6-41e4-8259-528ac6dfc6cb","local_time":"20210124153236","is_ascension_mode":true,"campfire_choices":[{"data":"BasicCrystalCard","floor":6,"key":"SMITH"},{"data":"Pot Of Greed","floor":8,"key":"SMITH"},{"data":"Pot Of Greed","floor":15,"key":"SMITH"}],"circlet_count":0,"master_deck":["Strike_B","Strike_B","Strike_B","Defend_B","Defend_B","Defend_B","Zap","Dualcast","Pot Of Greed+1","Ball Lightning","Rip and Tear","Pot Of Greed+1","Barrage","Turbo","Panic Button","BasicCrystalCard+1","Hyperbeam","Steam+1","Steam+1","Defragment+1","Cold Snap","Glacier","Blizzard","Multi-Cast+1","Pot Of Greed","Scrape+1","Chill","Self Repair+1"],"relics":["Cracked Core","Grinning Jar","Golden Egg","Runic Pyramid"],"acts_visited":["Exordium","TheCity"],"potions_floor_usage":[16,16,19],"damage_taken":[{"damage":0,"enemies":"Cultist","floor":1,"turns":3},{"damage":0,"enemies":"2 Louse","floor":3,"turns":2},{"damage":7,"enemies":"Jaw Worm","floor":4,"turns":2},{"damage":0,"enemies":"2 Fungi Beasts","floor":7,"turns":2},{"damage":0,"enemies":"Exordium Wildlife","floor":12,"turns":2},{"damage":8,"enemies":"Gremlin Gang","floor":13,"turns":3},{"damage":5,"enemies":"Blue Slaver","floor":14,"turns":2},{"damage":32,"enemies":"The Guardian","floor":16,"turns":9},{"damage":0,"enemies":"Chosen","floor":18,"turns":4},{"damage":0,"enemies":"3 Byrds","floor":19,"turns":4},{"damage":55,"enemies":"Shelled Parasite and Fungi","floor":20,"turns":7},{"damage":25,"enemies":"Centurion and Healer","floor":21,"turns":2}],"seed_played":"-7071668054192854067","potions_obtained":[{"floor":3,"key":"Dexterity Potion"},{"floor":12,"key":"Regen Potion"},{"floor":16,"key":"Strength Potion"},{"floor":18,"key":"LiquidMemories"}],"is_trial":false,"path_per_floor":["M","$","M","M","?","R","M","R","T","$","?","M","M","M","R","B",null,"M","M","M","M"],"character_chosen":"DEFECT","items_purchased":["Rip and Tear","Barrage","Turbo","Steam","Defragment"],"campfire_rested":0,"item_purchase_floors":[2,2,2,10,10],"current_hp_per_floor":[79,79,79,72,72,72,72,72,72,72,72,72,64,59,59,42,70,70,70,15,0,0],"gold":203,"neow_bonus":"RANDOM_COMMON_RELIC","is_daily":false,"chose_seed":false,"campfire_upgraded":3,"win_rate":0.0,"timestamp":1611473556,"path_taken":["M","$","M","M","?","R","M","R","T","$","?","M","M","M","R","BOSS","M","?","M","M"],"items_purchased_type":["Card","Card","Card","Card","Card"],"build_version":"2020-12-22","purchased_purges":0,"victory":false,"max_hp_per_floor":[79,79,79,79,79,79,79,79,79,79,79,79,79,79,79,79,79,79,79,79,79,79],"card_choices":[{"not_picked":["Coolheaded+1","Gash"],"picked":"Ball Lightning","floor":1},{"not_picked":["Leap","Conserve Battery"],"picked":"Panic Button","floor":3},{"not_picked":["Steam","ReplayGash"],"picked":"BasicCrystalCard","floor":4},{"not_picked":["Hello World","Chaos"],"picked":"Hyperbeam","floor":7},{"not_picked":["Force Field","Sweeping Beam"],"picked":"Cold Snap","floor":12},{"not_picked":["Hologram","Fusion"],"picked":"Glacier","floor":13},{"not_picked":["ReplayTheSpireMod:Calculation Training","Coolheaded"],"picked":"Blizzard","floor":14},{"not_picked":["Mirror Shield","Meteor Strike"],"picked":"Multi-Cast","floor":16},{"not_picked":["Leap","Gash"],"picked":"Scrape+1","floor":18},{"not_picked":["Beam Cell","Sweeping Beam"],"picked":"Chill","floor":19},{"not_picked":["Chaos","Melter+1"],"picked":"Self Repair+1","floor":20}],"player_experience":108988,"relics_obtained":[{"floor":9,"key":"Golden Egg"}],"event_choices":[{"cards_removed":["Strike_B"],"damage_healed":0,"gold_gain":0,"player_choice":"Card Removal","damage_taken":0,"max_hp_gain":0,"max_hp_loss":0,"event_name":"The Cleric","floor":5,"gold_loss":50},{"cards_removed":["Defend_B"],"damage_healed":0,"gold_gain":0,"player_choice":"Offered Basic","damage_taken":0,"max_hp_gain":0,"max_hp_loss":0,"event_name":"Bonfire Elementals","floor":11,"gold_loss":0}],"is_beta":false,"boss_relics":[{"not_picked":["Cursed Key","Ectoplasm"],"picked":"Runic Pyramid"}],"items_purged_floors":[],"is_endless":false,"potions_floor_spawned":[3,12,13,16,18],"killed_by":"Centurion and Healer","ascension_level":0}}