{"host":"vyjryxuuuxkt43k4","time":1611461208,"event":{"mods":["AchievementEnabler","BaseMod","Colored Map","DeckTracker","Keyboard Shortcuts","Minty Spire (QoL Compilation)","Permanent Neow","Quick Restart","StSLib","SuperFastMode","everything is the same but u backflip on backflip"],"gold_per_floor":[111,111,76,90,111,111,111,124,124,124,140,180,180,223,223,317,317,341,364,33,56,56,56,56,90,117,61,61,96,121,140,140,234,234,257,277,61,76,76,76,120,120,120,144,164,225,225,268,268,268,268],"floor_reached":52,"language":"KOR","playtime":3534,"items_purged":[],"score":2045,"play_id":"02922587-5496-431e-b62f-eea600e59821","local_time":"20210124130648","is_ascension_mode":true,"campfire_choices":[{"data":"Perfected Strike","floor":6.0,"key":"SMITH"},{"data":"Perfected Strike","floor":10.0,"key":"SMITH"},{"data":"Perfected Strike","floor":13.0,"key":"SMITH"},{"data":"Double Tap","floor":15.0,"key":"SMITH"},{"data":"Power Through","floor":23.0,"key":"SMITH"},{"data":"Intimidate","floor":28.0,"key":"SMITH"},{"data":"Flame Barrier","floor":32.0,"key":"SMITH"},{"data":"Perfected Strike","floor":40.0,"key":"SMITH"},{"data":"Impervious","floor":42.0,"key":"SMITH"},{"data":"Shrug It Off","floor":47.0,"key":"SMITH"},{"data":"Bash","floor":49.0,"key":"SMITH"}],"circlet_count":0,"master_deck":["AscendersBane","Strike_R+1","Strike_R","Strike_R","Strike_R","Strike_R","Defend_R","Defend_R","Defend_R","Defend_R","Bash+1","Perfected Strike+1","Perfected Strike+1","Wild Strike","Power Through+1","Perfected Strike+1","Double Tap+1","Impervious+1","Second Wind+1","Twin Strike","Necronomicurse","Intimidate+1","Flame Barrier+1","Reaper","True Grit+1","Shrug It Off+1","Perfected Strike+1","Feel No Pain+1","Twin Strike","Clumsy","Battle Trance+1","Twin Strike","Twin Strike+1","Barricade"],"relics":["Burning Blood","Golden Idol","Torii","InkBottle","Centennial Puzzle","Snecko Eye","Dead Branch","Necronomicon","Bag of Marbles","Akabeko","Mercury Hourglass","Turnip","Cursed Key","Mummified Hand","Magic Flower","Whetstone"],"acts_visited":["Exordium","TheCity","TheBeyond"],"potions_floor_usage":[50],"damage_taken":[{"damage":7.0,"enemies":"Small Slimes","floor":1.0,"turns":5.0},{"damage":9.0,"enemies":"Jaw Worm","floor":4.0,"turns":3.0},{"damage":1.0,"enemies":"Cultist","floor":5.0,"turns":3.0},{"damage":0.0,"enemies":"2 Fungi Beasts","floor":8.0,"turns":2.0},{"damage":13.0,"enemies":"Large Slime","floor":11.0,"turns":4.0},{"damage":0.0,"enemies":"Lagavulin","floor":12.0,"turns":3.0},{"damage":8.0,"enemies":"Gremlin Nob","floor":14.0,"turns":3.0},{"damage":33.0,"enemies":"The Guardian","floor":16.0,"turns":8.0},{"damage":12.0,"enemies":"2 Thieves","floor":18.0,"turns":3.0},{"damage":0.0,"enemies":"Spheric Guardian","floor":19.0,"turns":1.0},{"damage":0.0,"enemies":"Snecko","floor":21.0,"turns":3.0},{"damage":15.0,"enemies":"Book of Stabbing","floor":25.0,"turns":3.0},{"damage":0.0,"enemies":"Gremlin Leader","floor":29.0,"turns":2.0},{"damage":0.0,"enemies":"Cultist and Chosen","floor":30.0,"turns":2.0},{"damage":0.0,"enemies":"Snake Plant","floor":31.0,"turns":1.0},{"damage":3.0,"enemies":"Champ","floor":33.0,"turns":10.0},{"damage":14.0,"enemies":"3 Shapes","floor":35.0,"turns":2.0},{"damage":0.0,"enemies":"Orb Walker","floor":36.0,"turns":2.0},{"damage":1.0,"enemies":"3 Darklings","floor":38.0,"turns":4.0},{"damage":0.0,"enemies":"Nemesis","floor":41.0,"turns":5.0},{"damage":8.0,"enemies":"Jaw Worm Horde","floor":44.0,"turns":2.0},{"damage":0.0,"enemies":"Spire Growth","floor":45.0,"turns":2.0},{"damage":1.0,"enemies":"2 Orb Walkers","floor":46.0,"turns":3.0},{"damage":1.0,"enemies":"Giant Head","floor":48.0,"turns":5.0},{"damage":56,"enemies":"Awakened One","floor":50,"turns":7},{"damage":1,"enemies":"Time Eater","floor":51,"turns":10}],"seed_played":"7967122695653351502","potions_obtained":[{"floor":4.0,"key":"DuplicationPotion"},{"floor":5.0,"key":"Swift Potion"},{"floor":12.0,"key":"DuplicationPotion"},{"floor":14.0,"key":"FearPotion"},{"floor":31.0,"key":"CultistPotion"}],"is_trial":false,"path_per_floor":["M","?","?","M","M","R","?","M","T","R","M","E","R","E","R","B",null,"M","M","$","M","?","R","?","E","T","?","R","E","M","M","R","B",null,"M","M","$","M","?","R","E","R","T","M","M","?","R","E","R","B","B",null],"character_chosen":"IRONCLAD","items_purchased":["Dead Branch","Perfected Strike","Magnetism"],"campfire_rested":0,"item_purchase_floors":[20,37,37],"current_hp_per_floor":[67,41,59,56,61,61,50,56,56,56,49,55,55,53,53,26,63,57,63,63,69,48,48,48,39,39,39,39,45,51,57,57,60,71,75,75,75,75,75,75,75,75,75,73,75,75,75,75,75,28,41],"gold":268,"neow_bonus":"THREE_CARDS","is_daily":false,"chose_seed":false,"campfire_upgraded":11,"win_rate":0.0,"timestamp":1611461208,"path_taken":["M","?","?","M","M","R","?","M","T","R","M","E","R","E","R","BOSS","M","M","$","M","?","R","?","E","T","?","R","E","M","M","R","BOSS","M","?","$","M","?","R","E","R","T","M","M","?","R","E","R","BOSS","BOSS"],"items_purchased_type":["Relic","Card","Card"],"build_version":"2020-12-22","purchased_purges":0,"victory":true,"max_hp_per_floor":[75,75,75,75,75,75,75,75,75,75,75,75,75,75,75,75,75,75,75,75,75,75,75,75,75,75,75,75,75,75,75,75,75,75,75,75,75,75,75,75,75,75,75,75,75,75,75,75,75,75,75],"card_choices":[{"not_picked":["Whirlwind","Power Through"],"picked":"Perfected Strike","floor":0.0},{"not_picked":["Heavy Blade","Headbutt"],"picked":"Perfected Strike","floor":1.0},{"not_picked":["Warcry","Sentinel","Anger"],"picked":"SKIP","floor":4.0},{"not_picked":["Iron Wave","Rage"],"picked":"Wild Strike","floor":5.0},{"not_picked":["Thunderclap","Limit Break","Clash"],"picked":"SKIP","floor":8.0},{"not_picked":["Intimidate","True Grit"],"picked":"Power Through","floor":11.0},{"not_picked":["Feel No Pain","Bloodletting"],"picked":"Perfected Strike","floor":12.0},{"not_picked":["Thunderclap","Anger"],"picked":"Double Tap","floor":14.0},{"not_picked":["Demon Form","Exhume"],"picked":"Impervious","floor":16.0},{"not_picked":["Metallicize","Pommel Strike"],"picked":"Second Wind+1","floor":18.0},{"not_picked":["Evolve","Sentinel"],"picked":"Twin Strike","floor":19.0},{"not_picked":["Flex","Headbutt","Carnage"],"picked":"SKIP","floor":21.0},{"not_picked":["Headbutt","True Grit"],"picked":"Intimidate","floor":25.0},{"not_picked":["Carnage","Immolate"],"picked":"Flame Barrier","floor":29.0},{"not_picked":["Anger","Heavy Blade","Hemokinesis"],"picked":"SKIP","floor":30.0},{"not_picked":["Clash","Spot Weakness","Hemokinesis+1"],"picked":"SKIP","floor":31.0},{"not_picked":["Bludgeon","Impervious"],"picked":"Reaper","floor":33.0},{"not_picked":["Heavy Blade","Twin Strike"],"picked":"True Grit+1","floor":35.0},{"not_picked":["Thunderclap","Cleave"],"picked":"Shrug It Off","floor":36.0},{"not_picked":["Perfected Strike","Spot Weakness+1"],"picked":"Feel No Pain+1","floor":38.0},{"not_picked":["Body Slam+1","Rampage"],"picked":"Twin Strike","floor":41.0},{"not_picked":["Intimidate","Rage+1"],"picked":"Battle Trance+1","floor":44.0},{"not_picked":["Body Slam","True Grit"],"picked":"Twin Strike","floor":45.0},{"not_picked":["Entrench+1","Clash"],"picked":"Twin Strike","floor":46.0},{"not_picked":["Combust+1","Iron Wave+1"],"picked":"Barricade","floor":48.0}],"player_experience":281195,"relics_obtained":[{"floor":9.0,"key":"Torii"},{"floor":12.0,"key":"InkBottle"},{"floor":14.0,"key":"Centennial Puzzle"},{"floor":22.0,"key":"Necronomicon"},{"floor":25.0,"key":"Bag of Marbles"},{"floor":26.0,"key":"Akabeko"},{"floor":29.0,"key":"Turnip"},{"floor":41.0,"key":"Mummified Hand"},{"floor":46.0,"key":"Magic Flower"},{"floor":48.0,"key":"Whetstone"}],"event_choices":[{"damage_healed":0.0,"max_hp_gain":0.0,"max_hp_loss":0.0,"gold_gain":0.0,"event_name":"Golden Idol","player_choice":"Take Damage","floor":2.0,"gold_loss":0.0,"damage_taken":26.0,"relics_obtained":["Golden Idol"]},{"damage_healed":18.0,"max_hp_gain":0.0,"max_hp_loss":0.0,"gold_gain":0.0,"event_name":"The Cleric","player_choice":"Healed","floor":3.0,"gold_loss":35.0,"damage_taken":0.0},{"damage_healed":0.0,"max_hp_gain":0.0,"max_hp_loss":0.0,"gold_gain":0.0,"event_name":"Wheel of Change","player_choice":"Damaged","floor":7.0,"gold_loss":0.0,"damage_taken":11.0},{"damage_healed":0.0,"max_hp_gain":0.0,"max_hp_loss":0.0,"gold_gain":0.0,"event_name":"Cursed Tome","player_choice":"Obtained Book","floor":22.0,"gold_loss":0.0,"damage_taken":21.0},{"damage_healed":0.0,"max_hp_gain":0.0,"max_hp_loss":0.0,"gold_gain":0.0,"event_name":"The Mausoleum","player_choice":"Ignored","floor":24.0,"gold_loss":0.0,"damage_taken":0.0},{"damage_healed":0.0,"max_hp_gain":0.0,"max_hp_loss":0.0,"gold_gain":0.0,"event_name":"WeMeetAgain","player_choice":"Paid Gold","floor":27.0,"gold_loss":56.0,"damage_taken":0.0,"relics_obtained":["Mercury Hourglass"]},{"cards_removed":["Magnetism"],"damage_healed":0.0,"max_hp_gain":0.0,"max_hp_loss":0.0,"gold_gain":0.0,"event_name":"Falling","player_choice":"Removed Power","floor":39.0,"gold_loss":0.0,"damage_taken":0.0},{"damage_healed":0.0,"max_hp_gain":0.0,"max_hp_loss":0.0,"gold_gain":0.0,"event_name":"Mysterious Sphere","player_choice":"Fight","floor":46.0,"gold_loss":0.0,"damage_taken":0.0}],"is_beta":false,"boss_relics":[{"not_picked":["Mark of Pain","Black Blood"],"picked":"Snecko Eye"},{"not_picked":["Runic Pyramid","Velvet Choker"],"picked":"Cursed Key"}],"items_purged_floors":[],"is_endless":false,"potions_floor_spawned":[4,5,11,12,14,29,30,31,35,38,41,45,48],"ascension_level":20}}