{"host":"y5l5jq411zt8gv60","time":1611460497,"event":{"mods":["BaseMod","BetterRewards","Colored Powertips","Highlight Path","Minty Spire (QoL Compilation)","Shop Mod","StSLib","The Construct"],"gold_per_floor":[114,114,125,98,113,113,132,132,159,189,199,199,50,65,65,169,169,153,153,171,171,186,186,150,181,207,207,57,72,72,92,92,195,195,206,224,224,234,234,234,234,280,343,371,383,6,6,6,6,6],"floor_reached":51,"language":"ENG","playtime":2625,"items_purged":["Writhe"],"score":867,"play_id":"7b25895b-648a-4dba-a988-3582a7b1f2e2","local_time":"20210123225457","is_ascension_mode":false,"campfire_choices":[{"data":"Apotheosis","floor":6,"key":"SMITH"},{"data":"construct:GuardCore","floor":8,"key":"SMITH"},{"data":"construct:Autoturret","floor":15,"key":"SMITH"},{"data":"construct:ClockworkEgg","floor":23,"key":"SMITH"},{"data":"construct:ClockworkEgg+1","floor":27,"key":"SMITH"},{"data":"construct:GuardCore+1","floor":30,"key":"SMITH"},{"data":"construct:ScopeCore","floor":32,"key":"SMITH"},{"data":"construct:ScopeCore+1","floor":40,"key":"SMITH"},{"data":"construct:Forcefield+1","floor":47,"key":"SMITH"},{"data":"construct:Autoturret+1","floor":49,"key":"SMITH"}],"circlet_count":0,"master_deck":["construct:Strike_Gold","construct:Strike_Gold","construct:Strike_Gold","construct:Strike_Gold","construct:Defend_Gold","construct:Defend_Gold","construct:Defend_Gold","construct:AttackMode","construct:DefenseMode","construct:Autoturret+2","construct:GuardCore+2","Apotheosis+1","construct:Autoturret","construct:Missile","construct:CriticalHit","construct:ScopeCore+2","construct:ReactiveShield","construct:ElectricArmor+1","CurseOfTheBell","construct:LongRangeLance+1","construct:Forcefield+2","Deep Breath+1"],"relics":["construct:Cogwheel","Akabeko","MealTicket","Happy Flower","MerchantsRug","Coffee Dripper","Ginger","Molten Egg 2","Toxic Egg 2","Frozen Egg 2","construct:ClockworkPhoenix","Calling Bell","Tiny Chest","Matryoshka","Turnip","Strawberry","CeramicFish","Boot","Membership Card","Pantograph","construct:LongRangeLance"],"acts_visited":["Exordium","TheCity","TheBeyond"],"potions_floor_usage":[33,36,45,47],"damage_taken":[{"damage":3.0,"enemies":"Small Slimes","floor":1.0,"turns":4.0},{"damage":0,"enemies":"Cultist","floor":3,"turns":4},{"damage":4,"enemies":"Jaw Worm","floor":5,"turns":5},{"damage":9,"enemies":"Large Slime","floor":7,"turns":9},{"damage":12,"enemies":"Lagavulin","floor":10,"turns":5},{"damage":5,"enemies":"3 Louse","floor":11,"turns":4},{"damage":3,"enemies":"Looter","floor":14,"turns":4},{"damage":23,"enemies":"Slime Boss","floor":16,"turns":10},{"damage":21,"enemies":"2 Thieves","floor":18,"turns":4},{"damage":2,"enemies":"Shell Parasite","floor":20,"turns":9},{"damage":16,"enemies":"Snake Plant","floor":22,"turns":5},{"damage":10,"enemies":"Gremlin Leader","floor":25,"turns":10},{"damage":40,"enemies":"Shelled Parasite and Fungi","floor":29,"turns":6},{"damage":8,"enemies":"Centurion and Healer","floor":31,"turns":5},{"damage":28,"enemies":"Collector","floor":33,"turns":8},{"damage":24,"enemies":"3 Shapes","floor":35,"turns":10},{"damage":13,"enemies":"Orb Walker","floor":36,"turns":5},{"damage":47,"enemies":"4 Shapes","floor":38,"turns":8},{"damage":10,"enemies":"Maw","floor":44,"turns":9},{"damage":0,"enemies":"Jaw Worm Horde","floor":45,"turns":1},{"damage":62,"enemies":"Awakened One","floor":50,"turns":11}],"seed_played":"3387177856423691949","potions_obtained":[{"floor":3,"key":"AttackPotion"},{"floor":7,"key":"CultistPotion"},{"floor":11,"key":"SpeedPotion"},{"floor":35,"key":"SpeedPotion"},{"floor":44,"key":"SmokeBomb"}],"is_trial":false,"path_per_floor":["M","?","M","$","M","R","M","R","T","E","M","?","$","M","R","B",null,"M","?","M","$","M","R","$","E","T","R","$","M","R","M","R","B",null,"M","M","?","M","?","R","?","T","T","M","M","$","R","$","R","B",null],"character_chosen":"THE_CONSTRUCT_MOD","items_purchased":["construct:Autoturret","construct:GuardCore","Apotheosis","construct:Autoturret","MerchantsRug","construct:CriticalHit","construct:ScopeCore","construct:ReactiveShield","Membership Card","Pantograph","Deep Breath+1","Fruit Juice","FairyPotion"],"campfire_rested":0,"item_purchase_floors":[0,0,0,4,13,24,28,28,46,46,46,46,46],"current_hp_per_floor":[82,82,82,82,78,78,69,69,69,57,52,45,60,57,57,34,85,64,64,62,77,61,61,76,66,66,66,81,41,41,33,33,5,85,61,48,69,22,22,22,22,29,29,19,19,34,39,54,54,17],"gold":6,"neow_bonus":"","is_daily":false,"chose_seed":false,"campfire_upgraded":10,"win_rate":0.0,"timestamp":1611460497,"path_taken":["M","?","?","?","M","R","?","R","T","E","M","?","$","M","R","BOSS","M","?","M","$","M","R","$","E","T","R","$","M","R","M","R","BOSS","M","M","?","M","?","R","?","?","T","?","M","$","R","$","R","BOSS"],"items_purchased_type":["Card","Card","Card","Card","Relic","Card","Card","Card","Relic","Relic","Card","Potion","Potion"],"build_version":"2020-12-22","purchased_purges":1,"victory":true,"max_hp_per_floor":[85,85,85,85,85,85,85,85,85,85,85,85,85,85,85,85,85,85,85,85,85,85,85,85,85,85,85,85,85,85,85,85,85,85,85,85,85,85,85,85,85,92,92,92,92,92,97,97,97,97],"card_choices":[{"not_picked":["construct:Overcharge","construct:ShiftStrike","construct:Backup"],"picked":"SKIP","floor":1.0},{"not_picked":["construct:CripplingShot","construct:Electrocute","construct:Forcefield"],"picked":"SKIP","floor":3},{"not_picked":["construct:Chainstrike","construct:Hazardproof","construct:Backfire"],"picked":"SKIP","floor":5},{"not_picked":["construct:Impenetrable","construct:ClusterMines","construct:ModeShift"],"picked":"SKIP","floor":7},{"not_picked":["construct:OmegaCannon","construct:Backup","construct:SuppressiveFire"],"picked":"SKIP","floor":10},{"not_picked":["construct:Construct_Overclock","construct:SweepLaser","construct:Reinforce"],"picked":"SKIP","floor":11},{"not_picked":["construct:SuppressiveFire","construct:ShiftStrike","construct:ShiftGuard"],"picked":"SKIP","floor":14},{"not_picked":["construct:GatlingGun","construct:Multistage"],"picked":"construct:ClockworkEgg","floor":16},{"not_picked":["construct:VentSteam","construct:Backup","construct:FlakBarrage"],"picked":"SKIP","floor":18},{"not_picked":["construct:Analyze","construct:ScrapCannon","construct:BatteryAcid"],"picked":"SKIP","floor":20},{"not_picked":["construct:Backup","construct:Versatility"],"picked":"construct:Missile","floor":22},{"not_picked":["construct:PowerUp","construct:HastyRepair","construct:Chainstrike+1"],"picked":"SKIP","floor":25},{"not_picked":["construct:Versatility+1","construct:Disrupt+1"],"picked":"construct:ElectricArmor+1","floor":29},{"not_picked":["construct:SaveState+1","construct:Antimatter+1","construct:ScrapCannon+1"],"picked":"SKIP","floor":31},{"not_picked":["construct:QuickAttack+1","construct:SyphonStrike+1","construct:SuppressiveFire+1"],"picked":"SKIP","floor":35},{"not_picked":["construct:BatteryAcid+1","construct:Analyze+1"],"picked":"construct:LongRangeLance+1","floor":36},{"not_picked":["construct:Backfire+1","construct:SweepLaser+1"],"picked":"construct:Forcefield+1","floor":38},{"not_picked":["construct:FocusedBeam+1","construct:Accumulate+1","construct:Isolate+1"],"picked":"SKIP","floor":44}],"player_experience":156184,"relics_obtained":[{"floor":9,"key":"Akabeko"},{"floor":10,"key":"MealTicket"},{"floor":25,"key":"Ginger"},{"floor":34,"key":"Tiny Chest"},{"floor":34,"key":"Matryoshka"},{"floor":34,"key":"Turnip"},{"floor":42,"key":"Strawberry"},{"floor":42,"key":"MawBank"},{"floor":43,"key":"CeramicFish"},{"floor":43,"key":"Boot"}],"event_choices":[{"cards_removed":["construct:Defend_Gold"],"damage_healed":0,"gold_gain":0,"player_choice":"Offered Basic","damage_taken":0,"max_hp_gain":0,"max_hp_loss":0,"event_name":"Bonfire Elementals","floor":2,"gold_loss":0},{"damage_healed":0,"gold_gain":0,"player_choice":"Success","damage_taken":7,"relics_obtained":["Happy Flower"],"max_hp_gain":0,"max_hp_loss":0,"event_name":"Scrap Ooze","floor":12,"gold_loss":0},{"cards_removed":["construct:Strike_Gold"],"damage_healed":0,"gold_gain":0,"player_choice":"Elegance","damage_taken":0,"max_hp_gain":0,"max_hp_loss":0,"event_name":"Back to Basics","floor":19,"gold_loss":0},{"damage_healed":21,"gold_gain":0,"player_choice":"Writhe","damage_taken":0,"max_hp_gain":0,"max_hp_loss":0,"event_name":"Winding Halls","floor":37,"gold_loss":0,"cards_obtained":["Writhe"]},{"damage_healed":0,"gold_gain":0,"player_choice":"Ignored","damage_taken":0,"max_hp_gain":0,"max_hp_loss":0,"event_name":"Mysterious Sphere","floor":39,"gold_loss":0},{"cards_removed":["construct:Defend_Gold"],"damage_healed":0,"gold_gain":0,"player_choice":"Removed Skill","damage_taken":0,"max_hp_gain":0,"max_hp_loss":0,"event_name":"Falling","floor":41,"gold_loss":0}],"is_beta":false,"boss_relics":[{"not_picked":["construct:ClawGrip","Snecko Eye"],"picked":"Coffee Dripper"},{"not_picked":["Astrolabe","Cursed Key"],"picked":"Calling Bell"}],"items_purged_floors":[46],"is_endless":false,"potions_floor_spawned":[3,7,11,16,22,25,29,35,44],"ascension_level":0}}