{"host":"jpzdg3po3tjxdjri","time":1611510536,"event":{"mods":["BaseMod","Better Third Choice","Colored Map","Colored Powertips","Minty Spire (QoL Compilation)","StSLib"],"gold_per_floor":[113,188,204,204,53,53,88,108,108,128,161,161,177,193,193,271,271,283,16,27,44,44,44,70,82,82,82,95,95,194,204,204,204,204],"floor_reached":33,"language":"ENG","playtime":943,"items_purged":["Strike_G","Strike_G"],"score":567,"play_id":"2b2ca8be-efc7-4c78-8315-bdefd68f2732","local_time":"20210124174856","is_ascension_mode":true,"campfire_choices":[{"data":"Noxious Fumes","floor":6,"key":"SMITH"},{"data":"Poisoned Stab","floor":12,"key":"SMITH"},{"floor":15,"key":"REST"},{"floor":23,"key":"REST"},{"floor":27,"key":"REST"},{"floor":32,"key":"REST"}],"circlet_count":0,"master_deck":["AscendersBane","Strike_G+1","Strike_G+1","Strike_G+1","Defend_G+1","Defend_G+1","Defend_G+1","Defend_G+1","Survivor","Neutralize","Poisoned Stab+1","Noxious Fumes+1","Crippling Poison","Cloak And Dagger","Dagger Spray","Leg Sweep","Prepared","Quick Slash","Dagger Spray","Dagger Throw","Dodge and Roll","Blade Dance","Bouncing Flask","Noxious Fumes","Bane","Malaise","Poisoned Stab+1","Cloak And Dagger","Blade Dance","Accuracy","Tactician","Catalyst","Cloak And Dagger+1","Quick Slash","Catalyst","Burst","Prepared","Heel Hook+1","Blade Dance","Cloak And Dagger+1","Cloak And Dagger"],"relics":["Ring of the Snake","NeowsBlessing","Prayer Wheel","Lizard Tail","Happy Flower","SlaversCollar","Membership Card","Incense Burner","Molten Egg 2"],"acts_visited":["Exordium","TheCity"],"potions_floor_usage":[11,11,11,14,24,31],"damage_taken":[{"damage":0,"enemies":"2 Louse","floor":1,"turns":1},{"damage":0,"enemies":"Small Slimes","floor":3,"turns":1},{"damage":0,"enemies":"Gremlin Nob","floor":7,"turns":1},{"damage":0,"enemies":"Cultist","floor":8,"turns":4},{"damage":3,"enemies":"Exordium Wildlife","floor":10,"turns":3},{"damage":3,"enemies":"Lagavulin","floor":11,"turns":9},{"damage":7,"enemies":"3 Louse","floor":13,"turns":2},{"damage":0,"enemies":"2 Fungi Beasts","floor":14,"turns":1},{"damage":33,"enemies":"Hexaghost","floor":16,"turns":9},{"damage":18,"enemies":"Spheric Guardian","floor":18,"turns":4},{"damage":7,"enemies":"Chosen","floor":20,"turns":5},{"damage":24,"enemies":"Snake Plant","floor":21,"turns":5},{"damage":30,"enemies":"Slavers","floor":24,"turns":5},{"damage":8,"enemies":"Snecko","floor":25,"turns":4},{"damage":11,"enemies":"Chosen and Byrds","floor":28,"turns":5},{"damage":19,"enemies":"Cultist and Chosen","floor":31,"turns":5},{"damage":35,"enemies":"Collector","floor":33,"turns":6}],"seed_played":"-5270936754405398481","potions_obtained":[{"floor":3,"key":"EntropicBrew"},{"floor":8,"key":"EssenceOfSteel"},{"floor":11,"key":"DistilledChaos"},{"floor":18,"key":"Dexterity Potion"}],"is_trial":false,"path_per_floor":["M","?","M","?","$","R","E","M","T","M","E","R","M","M","R","B",null,"M","$","M","M","?","R","E","M","T","R","M","?","?","M","R","B"],"character_chosen":"THE_SILENT","items_purchased":["Cloak And Dagger","Dagger Spray","Membership Card","Blade Dance","Accuracy"],"campfire_rested":4,"item_purchase_floors":[5,5,19,19,19],"current_hp_per_floor":[59,48,48,48,48,48,48,48,48,45,42,42,35,35,54,21,55,37,37,30,6,6,25,30,22,22,41,30,30,30,11,30,0,0],"gold":204,"neow_bonus":"THREE_ENEMY_KILL","is_daily":false,"chose_seed":false,"campfire_upgraded":2,"win_rate":0.0,"timestamp":1611510536,"path_taken":["M","?","M","?","$","R","E","M","T","M","E","R","M","M","R","BOSS","M","$","M","?","?","R","E","M","T","R","M","?","?","?","R","BOSS"],"items_purchased_type":["Card","Card","Relic","Card","Card"],"build_version":"2020-12-22","purchased_purges":2,"victory":false,"max_hp_per_floor":[66,66,66,66,66,66,66,66,66,66,66,66,66,66,66,66,66,66,66,66,66,66,66,66,66,66,66,66,66,66,66,66,66,66],"card_choices":[{"not_picked":["Sucker Punch","Backflip"],"picked":"Poisoned Stab","floor":1},{"not_picked":["Underhanded Strike","Catalyst"],"picked":"Noxious Fumes","floor":3},{"not_picked":["Venomology","Slice"],"picked":"Leg Sweep","floor":7},{"not_picked":["Accuracy","Bane"],"picked":"Prepared","floor":8},{"not_picked":["Underhanded Strike","Flying Knee"],"picked":"Quick Slash","floor":8},{"not_picked":["Riddle With Holes","Bane"],"picked":"Dagger Spray","floor":10},{"not_picked":["Eviscerate","Dash"],"picked":"Dagger Throw","floor":10},{"not_picked":["Reflex","Flying Knee"],"picked":"Dodge and Roll","floor":11},{"not_picked":["Quick Slash","Deflect"],"picked":"Blade Dance","floor":13},{"not_picked":["Accuracy","Underhanded Strike"],"picked":"Bouncing Flask","floor":13},{"not_picked":["Poisoned Stab","Eviscerate"],"picked":"Noxious Fumes","floor":14},{"not_picked":["Calculated Gamble","Flying Knee"],"picked":"Bane","floor":14},{"not_picked":["Unload","Grand Finale"],"picked":"Malaise","floor":16},{"not_picked":["Dagger Throw","Terror"],"picked":"Poisoned Stab+1","floor":18},{"not_picked":["Sucker Punch","Backflip"],"picked":"Cloak And Dagger","floor":18},{"not_picked":["Masterful Stab","Prepared"],"picked":"Tactician","floor":20},{"not_picked":["Quick Slash+1","Caltrops+1"],"picked":"Catalyst","floor":20},{"not_picked":["Dodge and Roll","Flying Knee"],"picked":"Cloak And Dagger+1","floor":21},{"not_picked":["Setup","Crippling Poison"],"picked":"Quick Slash","floor":21},{"not_picked":["Poisoned Stab","Backflip"],"picked":"Catalyst","floor":24},{"not_picked":["Skewer","Dodge and Roll"],"picked":"Burst","floor":25},{"not_picked":["Bane","Masterful Stab"],"picked":"Prepared","floor":25},{"not_picked":["Prepared","Riddle With Holes+1"],"picked":"Heel Hook+1","floor":28},{"not_picked":["Flying Knee+1","Accuracy+1"],"picked":"Blade Dance","floor":28},{"not_picked":["Dagger Throw+1","Quick Slash+1"],"picked":"Cloak And Dagger+1","floor":31},{"not_picked":["Concentrate","Underhanded Strike+1"],"picked":"Cloak And Dagger","floor":31}],"player_experience":860708,"relics_obtained":[{"floor":7,"key":"Prayer Wheel"},{"floor":9,"key":"Lizard Tail"},{"floor":11,"key":"Happy Flower"},{"floor":24,"key":"Incense Burner"},{"floor":26,"key":"Molten Egg 2"}],"event_choices":[{"damage_healed":0,"gold_gain":75,"player_choice":"Gold","damage_taken":11,"max_hp_gain":0,"max_hp_loss":0,"event_name":"betterThird:BetterGoop","floor":2,"gold_loss":0},{"damage_healed":0,"gold_gain":0,"cards_transformed":["Defend_G"],"player_choice":"Transformed","damage_taken":0,"max_hp_gain":0,"max_hp_loss":0,"event_name":"Transmorgrifier","floor":4,"gold_loss":0,"cards_obtained":["Crippling Poison"]},{"damage_healed":0,"gold_gain":0,"player_choice":"Ignored","damage_taken":0,"max_hp_gain":0,"max_hp_loss":0,"event_name":"Vampires","floor":22,"gold_loss":0},{"damage_healed":0,"gold_gain":0,"player_choice":"Simplicity","damage_taken":0,"max_hp_gain":0,"max_hp_loss":7,"event_name":"betterThird:BetterWriting","floor":29,"gold_loss":0},{"damage_healed":0,"gold_gain":99,"player_choice":"Steal","damage_taken":0,"max_hp_gain":0,"max_hp_loss":0,"event_name":"betterThird:BetterNest","floor":30,"gold_loss":0}],"is_beta":false,"boss_relics":[{"not_picked":["Runic Pyramid","Coffee Dripper"],"picked":"SlaversCollar"}],"items_purged_floors":[5,19],"is_endless":false,"potions_floor_spawned":[3,8,10,11,18,21],"killed_by":"Collector","ascension_level":14}}