{"host":"CK","time":1611514316,"event":{"mods":["2.2 Compatiblity","BaseMod","Bestiary","Block Reminder","Colored Powertips","DeckTracker","Displayed Cursed Tome","Minty Spire (QoL Compilation)","Permanent Neow","Slay-I","Unknown Chances"],"gold_per_floor":[111,131,151,166,166,202,202,202,248,248,281,294,317,85,85,178,178,194,244,267,286,186,186,202,202,202],"floor_reached":25,"language":"ENG","playtime":2904,"items_purged":["Strike_B","Defend_B"],"score":419,"play_id":"786b401d-ab97-4952-b941-66dc023e3970","local_time":"20210124105156","is_ascension_mode":true,"campfire_choices":[{"data":"Creative AI","floor":7,"key":"SMITH"},{"floor":10,"key":"REST"},{"data":"Beam Cell","floor":15,"key":"SMITH"},{"floor":23,"key":"REST"}],"circlet_count":0,"master_deck":["AscendersBane","Strike_B+1","Defend_B","Defend_B","Defend_B","Zap+1","Dualcast","Ball Lightning","Chill","Creative AI+1","Beam Cell+1","Ball Lightning","Thunder Strike","Self Repair+1","Static Discharge","Leap+1"],"relics":["Cracked Core","Vajra","Golden Idol","Shuriken","Bag of Preparation","Dream Catcher","PreservedInsect","Empty Cage"],"acts_visited":["Exordium","TheCity"],"potions_floor_usage":[6,6,13,20],"damage_taken":[{"damage":2.0,"enemies":"Small Slimes","floor":1.0,"turns":5.0},{"damage":7.0,"enemies":"Jaw Worm","floor":2.0,"turns":3.0},{"damage":6.0,"enemies":"Cultist","floor":3.0,"turns":4.0},{"damage":2.0,"enemies":"2 Fungi Beasts","floor":4.0,"turns":3.0},{"damage":16,"enemies":"3 Sentries","floor":6,"turns":9},{"damage":8,"enemies":"Gremlin Nob","floor":11,"turns":4},{"damage":0,"enemies":"3 Louse","floor":12,"turns":3},{"damage":9,"enemies":"Exordium Wildlife","floor":13,"turns":3},{"damage":14,"enemies":"Hexaghost","floor":16,"turns":8},{"damage":29,"enemies":"2 Thieves","floor":18,"turns":3},{"damage":19,"enemies":"3 Byrds","floor":20,"turns":4},{"damage":11,"enemies":"Snecko","floor":21,"turns":5},{"damage":43,"enemies":"3 Cultists","floor":24,"turns":5},{"damage":13,"enemies":"Gremlin Leader","floor":25,"turns":2}],"seed_played":"1136791484509227894","potions_obtained":[{"floor":1.0,"key":"SteroidPotion"},{"floor":2.0,"key":"Regen Potion"},{"floor":3.0,"key":"Energy Potion"},{"floor":6,"key":"FairyPotion"},{"floor":11,"key":"SkillPotion"},{"floor":16,"key":"AttackPotion"}],"is_trial":false,"path_per_floor":["M","M","M","M","?","E","R","?","T","R","E","M","M","$","R","B",null,"M","?","M","M","$","R","M","E"],"character_chosen":"DEFECT","items_purchased":["PreservedInsect"],"campfire_rested":2,"item_purchase_floors":[14],"current_hp_per_floor":[62,55,61,59,59,43,43,24,24,43,35,35,26,26,26,12,51,22,22,13,2,2,21,12,0,0],"gold":202,"neow_bonus":"RANDOM_COMMON_RELIC","is_daily":false,"chose_seed":false,"campfire_upgraded":2,"win_rate":0.0,"timestamp":1611514316,"path_taken":["M","M","M","M","?","E","R","?","T","R","E","M","M","$","R","BOSS","M","?","?","M","$","R","M","E"],"items_purchased_type":["Relic"],"build_version":"2020-12-18","purchased_purges":2,"victory":false,"max_hp_per_floor":[71,71,71,71,64,64,64,64,64,64,64,64,64,64,64,64,64,64,64,64,64,64,64,64,64,64],"card_choices":[{"not_picked":["Stack","Tempest"],"picked":"Ball Lightning","floor":1.0},{"not_picked":["Hologram","Chaos","Redo"],"picked":"SKIP","floor":2.0},{"not_picked":["Compile Driver","Gash"],"picked":"Chill","floor":3.0},{"not_picked":["Recycle","Rebound"],"picked":"Creative AI","floor":4.0},{"not_picked":["Skim","Coolheaded","All For One"],"picked":"SKIP","floor":6},{"not_picked":["Doom and Gloom","Fusion"],"picked":"Beam Cell","floor":11},{"not_picked":["Compile Driver","Turbo","Coolheaded"],"picked":"SKIP","floor":12},{"not_picked":["Rebound","Streamline"],"picked":"Ball Lightning","floor":13},{"not_picked":["Rainbow","Hyperbeam"],"picked":"Thunder Strike","floor":16},{"not_picked":["Tempest","Streamline+1"],"picked":"Self Repair+1","floor":18},{"not_picked":["Hologram","Gash","Hello World"],"picked":"SKIP","floor":20},{"not_picked":["Compile Driver","Scrape","Stack"],"picked":"SKIP","floor":21},{"not_picked":["Chaos","Cold Snap"],"picked":"Static Discharge","floor":23},{"not_picked":["Lockon","Heatsinks+1"],"picked":"Leap+1","floor":24}],"player_experience":1183538,"relics_obtained":[{"floor":6,"key":"Shuriken"},{"floor":9,"key":"Bag of Preparation"},{"floor":11,"key":"Dream Catcher"}],"event_choices":[{"damage_healed":0.0,"max_hp_gain":0.0,"max_hp_loss":7.0,"gold_gain":0.0,"event_name":"Golden Idol","player_choice":"Lose Max HP","floor":5.0,"gold_loss":0.0,"damage_taken":0.0,"relics_obtained":["Golden Idol"]},{"damage_healed":0,"gold_gain":0,"player_choice":"Entered Light","damage_taken":19,"max_hp_gain":0,"max_hp_loss":0,"event_name":"Shining Light","floor":8,"gold_loss":0,"cards_upgraded":["Zap","Strike_B"]},{"damage_healed":0,"gold_gain":50,"player_choice":"Pray","damage_taken":0,"max_hp_gain":0,"max_hp_loss":0,"event_name":"Golden Shrine","floor":19,"gold_loss":0}],"is_beta":true,"boss_relics":[{"not_picked":["Black Star","Philosopher\u0027s Stone"],"picked":"Empty Cage"}],"items_purged_floors":[14,22],"is_endless":false,"potions_floor_spawned":[1,2,3,6,11,16,18],"killed_by":"Gremlin Leader","ascension_level":19}}