{"host":"3a1ypf1irl30q4k8","time":1611508570,"event":{"mods":["AchievementEnabler","BaseMod","Bestiary","Colored Map","Minty Spire (QoL Compilation)","Relic Stats"],"gold_per_floor":[118,136,148,148,160,160,160,160],"floor_reached":7,"language":"ENG","playtime":300,"items_purged":[],"score":52,"play_id":"3aa692ba-3400-43f8-9a7b-f24baa620e0c","local_time":"20210124171610","is_ascension_mode":true,"campfire_choices":[{"data":"Sever Soul","floor":6,"key":"SMITH"}],"circlet_count":0,"master_deck":["Strike_R","Strike_R","Strike_R","Strike_R","Strike_R","Defend_R","Defend_R","Defend_R","Defend_R","Bash","Sever Soul+1","Dark Embrace","Feel No Pain","Power Through"],"relics":["Burning Blood"],"acts_visited":["Exordium"],"potions_floor_usage":[5,7],"damage_taken":[{"damage":10,"enemies":"Small Slimes","floor":1,"turns":5},{"damage":8,"enemies":"2 Louse","floor":2,"turns":2},{"damage":11,"enemies":"Cultist","floor":3,"turns":4},{"damage":31,"enemies":"Red Slaver","floor":5,"turns":8},{"damage":64,"enemies":"Lagavulin","floor":7,"turns":7}],"seed_played":"1421695319064360032","potions_obtained":[{"floor":1,"key":"SkillPotion"},{"floor":5,"key":"PowerPotion"}],"is_trial":false,"path_per_floor":["M","M","M","?","M","R","E"],"character_chosen":"IRONCLAD","items_purchased":[],"campfire_rested":0,"item_purchase_floors":[],"current_hp_per_floor":[84,82,77,82,57,57,0,0],"gold":160,"neow_bonus":"TEN_PERCENT_HP_BONUS","is_daily":false,"chose_seed":false,"campfire_upgraded":1,"win_rate":0.0,"timestamp":1611508570,"path_taken":["M","M","M","?","M","R","E"],"items_purchased_type":[],"build_version":"2020-12-22","purchased_purges":0,"victory":false,"max_hp_per_floor":[88,88,88,93,93,93,93,93],"relic_stats":{"counters":[5,26],"obtain_stats":[{"Burning Blood":0},{"Burning Blood":0},{"Burning Blood":0}],"Burning Blood":24},"card_choices":[{"not_picked":["Perfected Strike","Anger"],"picked":"Sever Soul","floor":1},{"not_picked":["Sword Boomerang","Whirlwind"],"picked":"Dark Embrace","floor":2},{"not_picked":["Body Slam","Clash"],"picked":"Feel No Pain","floor":3},{"not_picked":["Twin Strike","Inflame"],"picked":"Power Through","floor":5}],"player_experience":1192561,"relics_obtained":[],"event_choices":[{"damage_healed":0,"gold_gain":0,"player_choice":"Donut","damage_taken":0,"max_hp_gain":5,"max_hp_loss":0,"event_name":"Big Fish","floor":4,"gold_loss":0}],"is_beta":false,"boss_relics":[],"items_purged_floors":[],"is_endless":false,"potions_floor_spawned":[1,5],"killed_by":"Lagavulin","ascension_level":4}}