{"host":"c6u7e77myxvw4d0m","time":1611514597,"event":{"mods":["AchievementEnabler","BaseMod","Bestiary","Colored Map","Colored Powertips","Minty Spire (QoL Compilation)","Rare Cards Sparkle","Relic Stats","everything is the same but u backflip on backflip"],"gold_per_floor":[109,126,142,217,228,259,259,277,277,277,308,389,389,389,389],"floor_reached":14,"language":"ENG","playtime":2623,"items_purged":[],"score":140,"play_id":"95c31b4b-decf-477d-acbb-f9473ebbad6a","local_time":"20210124205637","is_ascension_mode":true,"campfire_choices":[{"data":"Heavy Blade","floor":7,"key":"SMITH"}],"circlet_count":0,"master_deck":["Strike_R","Strike_R","Strike_R","Strike_R","Strike_R","Defend_R","Defend_R","Defend_R","Defend_R","Bash","Reckless Charge","Flex","Clothesline","Heavy Blade+1","Fire Breathing+1","Injury","Flame Barrier","Spot Weakness"],"relics":["Burning Blood","PreservedInsect","Juzu Bracelet","Golden Idol","Dream Catcher","InkBottle"],"acts_visited":["Exordium"],"potions_floor_usage":[5,6,8],"damage_taken":[{"damage":0,"enemies":"2 Louse","floor":1,"turns":2},{"damage":11,"enemies":"Jaw Worm","floor":2,"turns":4},{"damage":0,"enemies":"Small Slimes","floor":3,"turns":3},{"damage":2,"enemies":"Looter","floor":5,"turns":3},{"damage":20,"enemies":"Gremlin Nob","floor":6,"turns":4},{"damage":16,"enemies":"Gremlin Gang","floor":8,"turns":5},{"damage":20,"enemies":"3 Sentries","floor":11,"turns":4},{"damage":36,"enemies":"Lagavulin Event","floor":12,"turns":5},{"damage":13,"enemies":"Gremlin Nob","floor":14,"turns":2}],"seed_played":"-7727905616751702385","potions_obtained":[{"floor":1,"key":"SpeedPotion"},{"floor":2,"key":"Strength Potion"},{"floor":6,"key":"PowerPotion"}],"is_trial":false,"path_per_floor":["M","M","M","?","M","E","R","M","T","?","E","?","?","E"],"character_chosen":"IRONCLAD","items_purchased":[],"campfire_rested":0,"item_purchase_floors":[],"current_hp_per_floor":[86,81,87,76,80,66,66,56,56,56,42,12,12,0,0],"gold":389,"neow_bonus":"TEN_PERCENT_HP_BONUS","is_daily":false,"chose_seed":false,"campfire_upgraded":1,"win_rate":0.0,"timestamp":1611514597,"path_taken":["M","M","M","?","M","E","R","M","T","?","E","?","?","E"],"items_purchased_type":[],"build_version":"2020-12-22","purchased_purges":0,"victory":false,"max_hp_per_floor":[88,88,88,88,88,88,88,88,88,88,88,88,88,88,88],"relic_stats":{"Dream Catcher":0,"counters":[9,32],"Golden Idol":31,"PreservedInsect":82,"Juzu Bracelet":0,"obtain_stats":[{"Dream Catcher":11,"Golden Idol":10,"PreservedInsect":6,"Juzu Bracelet":9,"Burning Blood":0,"InkBottle":12},{"Dream Catcher":7,"Golden Idol":6,"PreservedInsect":5,"Juzu Bracelet":6,"Burning Blood":0,"InkBottle":8},{"Dream Catcher":25,"Golden Idol":21,"PreservedInsect":16,"Juzu Bracelet":21,"Burning Blood":0,"InkBottle":30}],"Burning Blood":48,"InkBottle":[0]},"card_choices":[{"not_picked":["Evolve","Flex"],"picked":"Reckless Charge","floor":1},{"not_picked":["Rage","Warcry"],"picked":"Flex","floor":2},{"not_picked":["Armaments","Battle Trance"],"picked":"Clothesline","floor":3},{"not_picked":["Anger","Perfected Strike","Sever Soul"],"picked":"SKIP","floor":5},{"not_picked":["Anger","Berserk"],"picked":"Heavy Blade","floor":6},{"not_picked":["Flex","Reckless Charge"],"picked":"Fire Breathing","floor":8},{"not_picked":["Flex","Pommel Strike"],"picked":"Flame Barrier","floor":11},{"not_picked":["Reckless Charge","Shrug It Off"],"picked":"Spot Weakness","floor":12}],"player_experience":461976,"relics_obtained":[{"floor":6,"key":"PreservedInsect"},{"floor":9,"key":"Juzu Bracelet"},{"floor":11,"key":"Dream Catcher"},{"floor":12,"key":"InkBottle"}],"event_choices":[{"damage_healed":0,"gold_gain":75,"player_choice":"Gather Gold","damage_taken":11,"max_hp_gain":0,"max_hp_loss":0,"event_name":"World of Goop","floor":4,"gold_loss":0},{"damage_healed":0,"gold_gain":0,"player_choice":"Take Wound","damage_taken":0,"relics_obtained":["Golden Idol"],"max_hp_gain":0,"max_hp_loss":0,"event_name":"Golden Idol","floor":10,"gold_loss":0,"cards_obtained":["Injury"]},{"damage_healed":0,"gold_gain":0,"player_choice":"Searched \u00271\u0027 times","damage_taken":0,"max_hp_gain":0,"max_hp_loss":0,"event_name":"Dead Adventurer","floor":12,"gold_loss":0},{"damage_healed":0,"gold_gain":0,"player_choice":"Upgraded","damage_taken":0,"max_hp_gain":0,"max_hp_loss":0,"event_name":"Upgrade Shrine","floor":13,"gold_loss":0,"cards_upgraded":["Fire Breathing"]}],"is_beta":false,"boss_relics":[],"items_purged_floors":[],"is_endless":false,"potions_floor_spawned":[1,2,6],"killed_by":"Gremlin Nob","ascension_level":8}}