{"host":"52jmisti11ysmja4","time":1611508009,"event":{"mods":["Aspiration","BaseMod","Better Third Choice","Minty Spire (QoL Compilation)","Remove Card Discount Mod","StSLib","The Bug Knight"],"gold_per_floor":[111,124,140,126,145,171,128,159,212,225,251,263,263,275,275,379,379,379],"floor_reached":17,"language":"ENG","playtime":2999,"items_purged":["HollowMod:QuickDashStart","HollowMod:QuickDashStart","HollowMod:QuickDashStart","HollowMod:FocusHealStart","HollowMod:QuickDashStart","HollowMod:NailStrikeStart","HollowMod:NailStrikeStart","HollowMod:NailStrikeStart","HollowMod:NailStrikeStart"],"score":233,"play_id":"ee41ffdf-47e6-4240-b669-a8242c7bd56c","local_time":"20210124090649","is_ascension_mode":true,"campfire_choices":[{"data":"HollowMod:MawleksShell","floor":13,"key":"SMITH"},{"floor":15,"key":"REST"}],"circlet_count":0,"master_deck":["HollowMod:PogoStrike","HollowMod:MonarchWings","HollowMod:DashSlash","HollowMod:SiblingsSouls","HollowMod:GoodIntentions","HollowMod:SoulStrike","HollowMod:PureNailStrike","HollowMod:MawleksShell+1","HollowMod:MantisMark","HollowMod:SoulStrike","HollowMod:DashSlash","HollowMod:AwokenDreamNail"],"relics":["HollowMod:VesselMask","aspiration:Nostalgia","PureWater","Ornamental Fan","Matryoshka","Bag of Preparation","aspiration:ChemicalBlood","Unceasing Top","SacredBark"],"acts_visited":["Exordium","TheCity"],"potions_floor_usage":[6,11,16,16,16],"damage_taken":[{"damage":1,"enemies":"Cultist","floor":1,"turns":3},{"damage":0,"enemies":"Small Slimes","floor":2,"turns":3},{"damage":0,"enemies":"2 Louse","floor":3,"turns":2},{"damage":0,"enemies":"2 Fungi Beasts","floor":5,"turns":2},{"damage":4,"enemies":"Gremlin Nob","floor":6,"turns":4},{"damage":8,"enemies":"Lagavulin","floor":8,"turns":5},{"damage":6,"enemies":"Large Slime","floor":10,"turns":4},{"damage":11,"enemies":"Gremlin Nob","floor":11,"turns":3},{"damage":0,"enemies":"Looter","floor":12,"turns":2},{"damage":11,"enemies":"Exordium Thugs","floor":14,"turns":3},{"damage":46,"enemies":"The Guardian","floor":16,"turns":12}],"seed_played":"4252920959025796470","potions_obtained":[{"floor":5,"key":"LiquidBronze"},{"floor":8,"key":"Swift Potion"},{"floor":10,"key":"ColorlessPotion"},{"floor":16,"key":"Fruit Juice"}],"is_trial":false,"path_per_floor":["M","M","M","$","M","E","$","E","T","M","E","M","R","M","R","B",null],"character_chosen":"THE_BUGKNIGHT","items_purchased":["HollowMod:PureNailStrike"],"campfire_rested":1,"item_purchase_floors":[7],"current_hp_per_floor":[67,67,67,67,67,63,63,55,55,49,38,38,38,27,49,8,62,62],"gold":379,"neow_bonus":"NOSTALGIA","is_daily":false,"chose_seed":false,"campfire_upgraded":1,"win_rate":0.0,"timestamp":1611508009,"path_taken":["M","M","M","$","M","E","?","E","T","M","E","?","R","M","R","BOSS"],"items_purchased_type":["Card"],"build_version":"2020-12-22","purchased_purges":9,"victory":false,"max_hp_per_floor":[75,75,75,75,75,75,75,75,75,75,75,75,75,75,75,80,80,80],"card_choices":[{"not_picked":["HollowMod:SoulSplash","HollowMod:SharpenedNail"],"picked":"HollowMod:MonarchWings","floor":1},{"not_picked":["HollowMod:TaintedHusks","HollowMod:InfectedCysts"],"picked":"HollowMod:DashSlash","floor":2},{"not_picked":["HollowMod:VengefulSpirit","HollowMod:InfectedAttack"],"picked":"HollowMod:SiblingsSouls","floor":3},{"not_picked":["HollowMod:InfectedAttack","HollowMod:NewJinnsSoul"],"picked":"HollowMod:GoodIntentions","floor":5},{"not_picked":["HollowMod:WhiteLadysBlessing","HollowMod:SiblingsSouls"],"picked":"HollowMod:SoulStrike","floor":6},{"not_picked":["HollowMod:BlackTendrils","HollowMod:DungDefenderAura"],"picked":"HollowMod:MawleksShell","floor":8},{"not_picked":["HollowMod:HowlingWraiths","HollowMod:CloakDash"],"picked":"HollowMod:MantisMark","floor":10},{"not_picked":["HollowMod:theNailsmith","HollowMod:CloakDash"],"picked":"HollowMod:SoulStrike","floor":11},{"not_picked":["HollowMod:VengefulVoid","HollowMod:NewLittleFool","HollowMod:RadiancesLament"],"picked":"SKIP","floor":12},{"not_picked":["HollowMod:FastStrike","HollowMod:LifebloodCocoon"],"picked":"HollowMod:DashSlash","floor":14},{"not_picked":["HollowMod:Weaversong","HollowMod:LifebloodCore"],"picked":"HollowMod:AwokenDreamNail","floor":16}],"player_experience":573506,"relics_obtained":[{"floor":6,"key":"Ornamental Fan"},{"floor":8,"key":"Matryoshka"},{"floor":9,"key":"Bag of Preparation"},{"floor":9,"key":"aspiration:ChemicalBlood"},{"floor":11,"key":"Unceasing Top"}],"event_choices":[],"is_beta":false,"boss_relics":[{"not_picked":["Runic Pyramid","Fusion Hammer"],"picked":"SacredBark"}],"items_purged_floors":[4,4,4,4,4,4,4,7,7],"is_endless":false,"potions_floor_spawned":[5,8,10,16],"ascension_level":6}}