{"host":"d8d3jqle49sogkjv","time":1611484024,"event":{"mods":["BaseMod","Colored Map","Colored Powertips","Minty Spire (QoL Compilation)","StSLib"],"gold_per_floor":[112,132,207,207,105,105,130,142,154,184,196,241,253,265,277,387,399,428,452,484,421,433,445,487,499,511,59,73,93,109,124,124,227,227,237,254,254,17,29,62,78,78,78],"floor_reached":42,"language":"ENG","playtime":1913,"items_purged":["Defend_P","Pain"],"score":640,"play_id":"1a4ccc04-5451-43e9-9c09-cfd2cb9d23d0","local_time":"20210124112704","is_ascension_mode":true,"campfire_choices":[{"data":"Eruption","floor":6,"key":"SMITH"},{"data":"SandsOfTime","floor":8,"key":"SMITH"},{"floor":13,"key":"DIG"},{"floor":15,"key":"DIG"},{"floor":23,"key":"REST"},{"floor":32,"key":"REST"}],"circlet_count":0,"master_deck":["Strike_P","Strike_P","Defend_P","Defend_P","Defend_P","Eruption+1","Vigilance","FlurryOfBlows","FollowUp","SandsOfTime+1","FlurryOfBlows+1","Brilliance+1","Halt","FollowUp","TalkToTheHand","Sanctity+1","Evaluate+1","Ragnarok","Protect+1","Prostrate+1","Vault+1","Tantrum+1","Prostrate+1","Swift Strike","Finesse+1","Adaptation+1","Fasting2"],"relics":["PureWater","MawBank","InkBottle","Shovel","Damaru","Gremlin Horn","Sozu","Lantern","WarpedTongs","Toxic Egg 2","Fusion Hammer","Whetstone","Sundial"],"acts_visited":["Exordium","TheCity","TheBeyond"],"potions_floor_usage":[12,12,33],"damage_taken":[{"damage":0,"enemies":"Small Slimes","floor":1,"turns":3},{"damage":0,"enemies":"Jaw Worm","floor":2,"turns":4},{"damage":24,"enemies":"3 Sentries","floor":7,"turns":6},{"damage":0,"enemies":"Cultist","floor":10,"turns":2},{"damage":0,"enemies":"Lagavulin","floor":12,"turns":1},{"damage":13,"enemies":"Hexaghost","floor":16,"turns":6},{"damage":21,"enemies":"2 Thieves","floor":18,"turns":3},{"damage":24,"enemies":"Shell Parasite","floor":19,"turns":5},{"damage":0,"enemies":"Cultist and Chosen","floor":20,"turns":4},{"damage":25,"enemies":"Book of Stabbing","floor":24,"turns":3},{"damage":4,"enemies":"Centurion and Healer","floor":28,"turns":3},{"damage":11,"enemies":"Snake Plant","floor":29,"turns":3},{"damage":0,"enemies":"Snecko","floor":30,"turns":2},{"damage":0,"enemies":"Cultist and Chosen","floor":31,"turns":3},{"damage":0,"enemies":"Automaton","floor":33,"turns":6},{"damage":0,"enemies":"3 Shapes","floor":35,"turns":2},{"damage":10,"enemies":"3 Darklings","floor":36,"turns":3},{"damage":21,"enemies":"Maw","floor":39,"turns":5},{"damage":2,"enemies":"Giant Head","floor":40,"turns":6},{"damage":0,"enemies":"Jaw Worm Horde","floor":41,"turns":2},{"damage":43,"enemies":"Reptomancer","floor":42,"turns":2}],"seed_played":"-4364129148897701606","potions_obtained":[{"floor":2,"key":"SneckoOil"},{"floor":7,"key":"Fire Potion"},{"floor":12,"key":"Dexterity Potion"}],"is_trial":false,"path_per_floor":["M","M","?","?","$","R","E","R","T","M","$","E","R","$","R","B",null,"M","M","M","?","?","R","E","?","T","$","M","M","M","M","R","B",null,"M","M","?","$","M","E","M","E"],"character_chosen":"WATCHER","items_purchased":["FollowUp","Toxic Egg 2","Sanctity+1","Evaluate+1","Whetstone","Finesse+1"],"campfire_rested":2,"item_purchase_floors":[5,27,27,27,38,38],"current_hp_per_floor":[72,72,61,61,61,61,37,37,37,37,37,37,37,37,37,24,72,51,27,27,27,27,48,23,23,23,23,19,8,8,8,29,29,72,72,62,62,62,41,39,39,0,0],"gold":78,"neow_bonus":"REMOVE_CARD","is_daily":false,"chose_seed":false,"campfire_upgraded":2,"win_rate":0.0,"timestamp":1611484024,"path_taken":["M","M","?","?","?","R","E","R","T","?","?","E","R","$","R","BOSS","M","?","M","?","?","R","E","?","T","$","M","?","M","M","R","BOSS","M","M","?","$","M","E","M","E"],"items_purchased_type":["Card","Relic","Card","Card","Relic","Card"],"build_version":"2020-12-22","purchased_purges":2,"victory":false,"max_hp_per_floor":[72,72,72,72,72,72,72,72,72,72,72,72,72,72,72,72,72,72,72,72,72,72,72,72,72,72,72,72,72,72,72,72,72,72,72,72,72,72,72,72,72,72,72],"card_choices":[{"not_picked":["FollowUp","BowlingBash"],"picked":"FlurryOfBlows","floor":1},{"not_picked":["CutThroughFate","Halt","SashWhip"],"picked":"SKIP","floor":2},{"not_picked":["Prostrate","CutThroughFate"],"picked":"SandsOfTime","floor":7},{"not_picked":["EmptyFist","ReachHeaven"],"picked":"FlurryOfBlows","floor":10},{"not_picked":["FlurryOfBlows","EmptyBody","EmptyFist"],"picked":"SKIP","floor":12},{"not_picked":["MasterReality","Blasphemy"],"picked":"Brilliance","floor":16},{"not_picked":["EmptyFist+1","Protect"],"picked":"Halt","floor":18},{"not_picked":["EmptyBody","Protect"],"picked":"FollowUp","floor":19},{"not_picked":["SandsOfTime","PathToVictory","SashWhip"],"picked":"SKIP","floor":20},{"not_picked":["InnerPeace","JustLucky"],"picked":"TalkToTheHand","floor":24},{"not_picked":["BowlingBash","ThirdEye+1","WaveOfTheHand+1"],"picked":"SKIP","floor":28},{"not_picked":["BowlingBash","Wireheading"],"picked":"Ragnarok","floor":29},{"not_picked":["Crescendo+1","SignatureMove"],"picked":"Protect+1","floor":30},{"not_picked":["FollowUp","Consecrate"],"picked":"Prostrate+1","floor":31},{"not_picked":["Omniscience+1","Judgement+1"],"picked":"Vault+1","floor":33},{"not_picked":["PathToVictory+1","CarveReality+1"],"picked":"Tantrum+1","floor":35},{"not_picked":["Meditate+1","CarveReality"],"picked":"Prostrate+1","floor":36},{"not_picked":["Protect+1","FollowUp"],"picked":"Adaptation+1","floor":39},{"not_picked":["WaveOfTheHand+1","FlurryOfBlows+1","ClearTheMind+1"],"picked":"SKIP","floor":40},{"not_picked":["SashWhip+1","Indignation+1"],"picked":"Fasting2","floor":41}],"player_experience":424732,"relics_obtained":[{"floor":7,"key":"MawBank"},{"floor":9,"key":"InkBottle"},{"floor":12,"key":"Shovel"},{"floor":13,"key":"Damaru"},{"floor":15,"key":"Gremlin Horn"},{"floor":24,"key":"Lantern"},{"floor":40,"key":"Sundial"}],"event_choices":[{"damage_healed":0,"gold_gain":75,"player_choice":"Gather Gold","damage_taken":11,"max_hp_gain":0,"max_hp_loss":0,"event_name":"World of Goop","floor":3,"gold_loss":0},{"damage_healed":0,"gold_gain":0,"player_choice":"Ignored","damage_taken":0,"max_hp_gain":0,"max_hp_loss":0,"event_name":"Liars Game","floor":4,"gold_loss":0},{"cards_removed":["Strike_P"],"damage_healed":0,"gold_gain":0,"player_choice":"Gave Gold","damage_taken":0,"max_hp_gain":0,"max_hp_loss":0,"event_name":"Beggar","floor":21,"gold_loss":75},{"damage_healed":0,"gold_gain":0,"player_choice":"Ignored","damage_taken":0,"max_hp_gain":0,"max_hp_loss":0,"event_name":"Vampires","floor":22,"gold_loss":0},{"damage_healed":0,"gold_gain":0,"player_choice":"Rummage","damage_taken":0,"relics_obtained":["WarpedTongs"],"max_hp_gain":0,"max_hp_loss":0,"event_name":"Accursed Blacksmith","floor":25,"gold_loss":0,"cards_obtained":["Pain"]},{"damage_healed":0,"gold_gain":0,"player_choice":"1 cards matched","damage_taken":0,"max_hp_gain":0,"max_hp_loss":0,"event_name":"Match and Keep!","floor":37,"gold_loss":0,"cards_obtained":["Swift Strike"]}],"is_beta":false,"boss_relics":[{"not_picked":["Astrolabe","Black Star"],"picked":"Sozu"},{"not_picked":["Calling Bell","Coffee Dripper"],"picked":"Fusion Hammer"}],"items_purged_floors":[5,27],"is_endless":false,"potions_floor_spawned":[2,7,12,18,29,30,31,33,39,41],"killed_by":"Reptomancer","ascension_level":4}}