{"host":"j9ki0s1dicmcfq9y","time":1611524660,"event":{"mods":["Abigail Mod","BaseMod","Minty Spire (QoL Compilation)","StSLib"],"gold_per_floor":[112,37,50,50,50,50,70,136,136,157,157,122,158,182,182,307,307,327,252,252,252,273,273,28,51,74,92,7,32,32,45,45,166,166,187,187,187,35,56,56,56,56,56,56,74,74,97,110,110,110,110,110,39,73,73],"floor_reached":56,"language":"ENG","playtime":4279,"items_purged":["Normality"],"score":1122,"play_id":"8f6e53d9-b440-49be-90fb-5e4a0e6a06c8","local_time":"20210124164420","is_ascension_mode":false,"campfire_choices":[{"data":"AbbyMod:SuperMuscular","floor":6,"key":"SMITH"},{"data":"AbbyMod:FleetingSanity","floor":11,"key":"SMITH"},{"floor":15,"key":"RECALL"},{"data":"AbbyMod:HolidayWishes","floor":23,"key":"SMITH"},{"data":"AbbyMod:FamiliarShield","floor":30,"key":"SMITH"},{"data":"AbbyMod:VoidWhispers","floor":32,"key":"SMITH"},{"data":"AbbyMod:FlyingMascot","floor":40,"key":"SMITH"},{"data":"AbbyMod:Ab_Defend","floor":49,"key":"SMITH"},{"data":"AbbyMod:ExposeNavel","floor":52,"key":"SMITH"}],"circlet_count":0,"master_deck":["AbbyMod:Ab_Strike","AbbyMod:Ab_Strike","AbbyMod:Ab_Defend+1","AbbyMod:Ab_Defend","AbbyMod:Ab_Defend+1","AbbyMod:FleetingSanity+1","AbbyMod:ForeheadBeam","AbbyMod:EyesOfMadness","AbbyMod:FamiliarShield+1","AbbyMod:FlyingMascot+1","AbbyMod:AttoSecond","AbbyMod:AdultWords","AbbyMod:VoidWhispers+1","AbbyMod:TeddyBear+1","AbbyMod:HolidayWishes+1","AbbyMod:Ab_FiveStars","AbbyMod:AdultWords","AbbyMod:WitchTrial","AbbyMod:Ab_SwirlOfMadness+1","AbbyMod:MysteryKey","AbbyMod:FleetingSanity+1","Writhe","AbbyMod:ExposeNavel+1","AbbyMod:Kuroboshi+1","AbbyMod:LiftSkirt","AbbyMod:PrayerOfFaith","AbbyMod:FarAwayFriend+1"],"relics":["AbbyMod:Salem_Diary","AbbyMod:CosmoBattery","Golden Idol","Ice Cream","HornCleat","Pantograph","SlaversCollar","Pear","Enchiridion","Tiny Chest","Gremlin Horn","Empty Cage","Singing Bowl","Chemical X","Mango","Toy Ornithopter","Ornamental Fan"],"acts_visited":["Exordium","TheCity","TheBeyond","TheEnding"],"potions_floor_usage":[8,13,22,45,47,50,55,55,55],"damage_taken":[{"damage":0,"enemies":"Small Slimes","floor":1,"turns":6},{"damage":11,"enemies":"2 Louse","floor":3,"turns":4},{"damage":0,"enemies":"Jaw Worm","floor":7,"turns":3},{"damage":0,"enemies":"Gremlin Nob","floor":8,"turns":4},{"damage":3,"enemies":"3 Louse","floor":10,"turns":3},{"damage":7,"enemies":"Gremlin Nob","floor":13,"turns":5},{"damage":2,"enemies":"Blue Slaver","floor":14,"turns":3},{"damage":53,"enemies":"Hexaghost","floor":16,"turns":11},{"damage":10,"enemies":"3 Byrds","floor":18,"turns":7},{"damage":1,"enemies":"Shell Parasite","floor":22,"turns":5},{"damage":11,"enemies":"Snake Plant","floor":25,"turns":4},{"damage":24,"enemies":"3 Cultists","floor":27,"turns":7},{"damage":20,"enemies":"Centurion and Healer","floor":29,"turns":5},{"damage":31,"enemies":"Snake Plant","floor":31,"turns":6},{"damage":30,"enemies":"Champ","floor":33,"turns":7},{"damage":42,"enemies":"3 Darklings","floor":35,"turns":7},{"damage":23,"enemies":"3 Shapes","floor":39,"turns":6},{"damage":27,"enemies":"Spire Growth","floor":45,"turns":5},{"damage":21,"enemies":"Jaw Worm Horde","floor":47,"turns":6},{"damage":5,"enemies":"Maw","floor":48,"turns":7},{"damage":81,"enemies":"Awakened One","floor":50,"turns":12},{"damage":67,"enemies":"Shield and Spear","floor":54,"turns":8},{"damage":59,"enemies":"The Heart","floor":55,"turns":9}],"seed_played":"7890541540335245247","potions_obtained":[{"floor":1,"key":"Explosive Potion"},{"floor":3,"key":"LiquidMemories"},{"floor":7,"key":"AttackPotion"},{"floor":18,"key":"DistilledChaos"},{"floor":25,"key":"LiquidBronze"},{"floor":29,"key":"BlessingOfTheForge"},{"floor":33,"key":"DuplicationPotion"},{"floor":45,"key":"SkillPotion"},{"floor":47,"key":"BlessingOfTheForge"},{"floor":54,"key":"PowerPotion"}],"is_trial":false,"path_per_floor":["M","$","M","?","?","R","M","?","T","M","R","?","E","M","R","B",null,"M","?","?","?","M","R","$","M","T","M","?","M","R","M","R","B",null,"M","?","T","$","M","R","$","?","T","T","M","?","M","M","R","B",null,"R","$","E","B",null],"character_chosen":"Ab_Foreigner","items_purchased":["Tiny Chest","AbbyMod:Ab_FiveStars","AbbyMod:AdultWords","Chemical X","AbbyMod:PrayerOfFaith"],"campfire_rested":0,"item_purchase_floors":[24,24,24,38,53],"current_hp_per_floor":[60,60,49,49,37,37,37,37,37,39,39,54,53,51,51,17,60,59,59,69,53,64,64,64,65,65,57,57,49,49,40,40,54,70,40,40,40,40,43,43,43,61,75,75,64,64,59,79,79,51,87,87,87,38,39],"gold":73,"neow_bonus":"ONE_RARE_RELIC","is_daily":false,"chose_seed":false,"campfire_upgraded":8,"win_rate":0.0,"timestamp":1611524660,"path_taken":["M","$","M","?","?","R","M","?","T","M","R","?","E","M","R","BOSS","M","?","?","?","M","R","?","M","T","?","?","M","R","M","R","BOSS","M","?","?","?","?","R","$","?","T","?","M","?","?","M","R","BOSS","R","$","E","BOSS"],"items_purchased_type":["Relic","Card","Card","Relic","Card"],"build_version":"2020-12-22","purchased_purges":1,"victory":true,"max_hp_per_floor":[60,60,60,60,60,60,60,60,60,60,60,60,60,60,60,60,60,60,60,70,70,70,70,70,70,70,70,70,70,70,70,70,70,70,70,70,70,70,72,72,72,72,86,86,86,86,87,87,87,87,87,87,87,87,87],"card_choices":[{"not_picked":["AbbyMod:WormHole","AbbyMod:ConsumeFlesh"],"picked":"AbbyMod:SuperMuscular","floor":1},{"not_picked":["AbbyMod:Kuroboshi","AbbyMod:RecklessSlam"],"picked":"AbbyMod:EyesOfMadness","floor":3},{"not_picked":["AbbyMod:EyesOfMadness","AbbyMod:Ab_SwirlOfMadness"],"picked":"AbbyMod:FamiliarShield","floor":7},{"not_picked":["AbbyMod:Dabigail","AbbyMod:SanityCheck"],"picked":"AbbyMod:FlyingMascot","floor":8},{"not_picked":["AbbyMod:TentacleSwarm","AbbyMod:SuperMuscular","AbbyMod:MeltBrain"],"picked":"SKIP","floor":10},{"not_picked":["AbbyMod:LargeTentacle","AbbyMod:SavingThrow"],"picked":"AbbyMod:AttoSecond","floor":13},{"not_picked":["AbbyMod:Dabigail","AbbyMod:SanityCheck"],"picked":"AbbyMod:AdultWords","floor":14},{"not_picked":["AbbyMod:VoidPriest","AbbyMod:VoidHeretic"],"picked":"AbbyMod:VoidWhispers","floor":16},{"not_picked":["AbbyMod:FamiliarShield","AbbyMod:PapaProtection"],"picked":"AbbyMod:TeddyBear+1","floor":18},{"not_picked":["AbbyMod:AceInTheHole","AbbyMod:Dabigail"],"picked":"AbbyMod:HolidayWishes","floor":22},{"not_picked":["AbbyMod:WorldStrongest+1","AbbyMod:SavingThrow+1"],"picked":"AbbyMod:WitchTrial","floor":25},{"not_picked":["AbbyMod:Ygna","AbbyMod:MeltBrain","AbbyMod:LossOfSanity"],"picked":"SKIP","floor":27},{"not_picked":["AbbyMod:ChocoKey","AbbyMod:HolidayWishes"],"picked":"AbbyMod:Ab_SwirlOfMadness+1","floor":29},{"not_picked":["AbbyMod:FlyingMascot","AbbyMod:PapaProtection+1","AbbyMod:MindCleanse"],"picked":"SKIP","floor":31},{"not_picked":["AbbyMod:Ab_OldOneTrigger","AbbyMod:VoidPriest"],"picked":"AbbyMod:MysteryKey","floor":33},{"not_picked":["AbbyMod:FamiliarShield","AbbyMod:TeddyBear","AbbyMod:SuperMuscular"],"picked":"SKIP","floor":35},{"not_picked":["AbbyMod:CommandSpell","AbbyMod:Keyblade+1","AbbyMod:EyesOfMadness"],"picked":"Singing Bowl","floor":39},{"not_picked":["AbbyMod:SilverKey","AbbyMod:AlignStars+1"],"picked":"AbbyMod:ExposeNavel","floor":45},{"not_picked":["AbbyMod:GudaGudaParticle","AbbyMod:AceInTheHole"],"picked":"AbbyMod:Kuroboshi+1","floor":47},{"not_picked":["AbbyMod:EyesOfMadness+1","AbbyMod:Ab_FiveStars+1"],"picked":"AbbyMod:LiftSkirt","floor":48},{"not_picked":["AbbyMod:WorldStrongest+1","AbbyMod:ConsumeFlesh"],"picked":"AbbyMod:FarAwayFriend+1","floor":54}],"player_experience":674170,"relics_obtained":[{"floor":8,"key":"Ice Cream"},{"floor":9,"key":"HornCleat"},{"floor":13,"key":"Pantograph"},{"floor":21,"key":"Enchiridion"},{"floor":37,"key":"Singing Bowl"},{"floor":43,"key":"Mango"},{"floor":44,"key":"Toy Ornithopter"},{"floor":54,"key":"Ornamental Fan"}],"event_choices":[{"damage_healed":0,"gold_gain":0,"player_choice":"Take Wound","damage_taken":0,"relics_obtained":["Golden Idol"],"max_hp_gain":0,"max_hp_loss":0,"event_name":"Golden Idol","floor":4,"gold_loss":0,"cards_obtained":["Injury"]},{"damage_healed":0,"gold_gain":0,"player_choice":"Entered Light","damage_taken":12,"max_hp_gain":0,"max_hp_loss":0,"event_name":"Shining Light","floor":5,"gold_loss":0,"cards_upgraded":["AbbyMod:Ab_Defend","AbbyMod:CommandSpell"]},{"damage_healed":0,"gold_gain":30,"player_choice":"Searched \u00272\u0027 times","damage_taken":0,"max_hp_gain":0,"max_hp_loss":0,"event_name":"Dead Adventurer","floor":8,"gold_loss":0},{"damage_healed":15,"gold_gain":0,"player_choice":"Healed","damage_taken":0,"max_hp_gain":0,"max_hp_loss":0,"event_name":"The Cleric","floor":12,"gold_loss":35},{"cards_removed":["Injury"],"damage_healed":0,"gold_gain":0,"player_choice":"Gave Gold","damage_taken":0,"max_hp_gain":0,"max_hp_loss":0,"event_name":"Beggar","floor":19,"gold_loss":75},{"damage_healed":0,"gold_gain":0,"player_choice":"Opened","damage_taken":0,"relics_obtained":["Pear"],"max_hp_gain":0,"max_hp_loss":0,"event_name":"The Mausoleum","floor":20,"gold_loss":0},{"damage_healed":0,"gold_gain":0,"player_choice":"Obtained Book","damage_taken":16,"max_hp_gain":0,"max_hp_loss":0,"event_name":"Cursed Tome","floor":21,"gold_loss":0},{"damage_healed":0,"gold_gain":0,"player_choice":"Obtained Relic","damage_taken":0,"relics_obtained":["Gremlin Horn"],"max_hp_gain":0,"max_hp_loss":0,"event_name":"Addict","floor":28,"gold_loss":85},{"damage_healed":0,"gold_gain":0,"player_choice":"Copied","damage_taken":0,"max_hp_gain":0,"max_hp_loss":0,"event_name":"Duplicator","floor":36,"gold_loss":0,"cards_obtained":["AbbyMod:FleetingSanity"]},{"damage_healed":18,"gold_gain":0,"player_choice":"Writhe","damage_taken":0,"max_hp_gain":0,"max_hp_loss":0,"event_name":"Winding Halls","floor":42,"gold_loss":0,"cards_obtained":["Writhe"]},{"cards_removed":["AbbyMod:SuperMuscular"],"damage_healed":0,"gold_gain":0,"player_choice":"Removed Power","damage_taken":0,"max_hp_gain":0,"max_hp_loss":0,"event_name":"Falling","floor":46,"gold_loss":0}],"is_beta":false,"boss_relics":[{"not_picked":["Sozu","Velvet Choker"],"picked":"SlaversCollar"},{"not_picked":["Coffee Dripper","Runic Dome"],"picked":"Empty Cage"}],"items_purged_floors":[2],"is_endless":false,"potions_floor_spawned":[1,3,7,18,25,29,33,45,47,54],"ascension_level":0}}