{"host":"19r1ww88x2tc73i0","time":1611469332,"event":{"mods":["BaseMod","BetterRewards","Colored Map","Minty Spire (QoL Compilation)","Relic Stats","StSLib","SuperFastMode","slay the spire mod where everything is the same but ironclad has a cowboy hat"],"gold_per_floor":[109,124,139,22,40,40,67,77,77,77,107,107,107],"floor_reached":12,"language":"ENG","playtime":571,"items_purged":["Strike_G"],"score":160,"play_id":"de0f961d-d9c4-44db-a6ef-108c43ef62fe","local_time":"25640124132212","is_ascension_mode":true,"campfire_choices":[{"data":"Crippling Poison","floor":6.0,"key":"SMITH"}],"circlet_count":0,"master_deck":["AscendersBane","Strike_G","Strike_G","Strike_G","Strike_G","Defend_G","Defend_G","Defend_G","Defend_G","Defend_G","Survivor","Neutralize","Backflip","Crippling Poison+1","Noxious Fumes","All Out Attack","Underhanded Strike"],"relics":["Snecko Eye","Mercury Hourglass","Juzu Bracelet"],"acts_visited":["Exordium"],"potions_floor_usage":[12,12],"damage_taken":[{"damage":12.0,"enemies":"Cultist","floor":1.0,"turns":5.0},{"damage":7.0,"enemies":"Small Slimes","floor":2.0,"turns":5.0},{"damage":0.0,"enemies":"2 Louse","floor":3.0,"turns":2.0},{"damage":14.0,"enemies":"Large Slime","floor":5.0,"turns":9.0},{"damage":24.0,"enemies":"Gremlin Nob","floor":7.0,"turns":5.0},{"damage":0.0,"enemies":"Exordium Wildlife","floor":8.0,"turns":3.0},{"damage":0,"enemies":"Lagavulin","floor":12,"turns":4}],"seed_played":"8861323264169582820","potions_obtained":[{"floor":3.0,"key":"GhostInAJar"},{"floor":5.0,"key":"Fire Potion"},{"floor":7.0,"key":"EssenceOfSteel"}],"is_trial":false,"path_per_floor":["M","M","M","$","M","R","E","M","T","$","?","E"],"character_chosen":"THE_SILENT","items_purchased":["Noxious Fumes"],"campfire_rested":0,"item_purchase_floors":[4],"current_hp_per_floor":[47,40,40,40,26,26,2,2,2,2,2,2,2],"gold":107,"neow_bonus":"BOSS_RELIC","is_daily":false,"chose_seed":false,"campfire_upgraded":1,"win_rate":0.0,"timestamp":1611469332,"path_taken":["M","M","?","$","?","R","E","M","T","$","?","E"],"items_purchased_type":["Card"],"build_version":"2020-12-22","purchased_purges":1,"victory":false,"max_hp_per_floor":[66,66,66,66,66,66,66,66,66,66,66,66,66],"relic_stats":{"counters":[56,243],"Snecko Eye":[65,60,59,53],"Juzu Bracelet":0,"obtain_stats":[{"Calipers":48,"SacredBark":34,"CeramicFish":24,"Snake Skull":20,"Incense Burner":24,"Juzu Bracelet":9,"Ancient Tea Set":27,"Smiling Mask":9,"HornCleat":26,"Gambling Chip":36,"Prayer Wheel":7,"Toxic Egg 2":29,"InkBottle":26,"Ring of the Snake":0,"NeowsBlessing":0,"Happy Flower":19,"Golden Idol":2,"Blue Candle":7,"Eternal Feather":14,"PreservedInsect":42,"Pen Nib":4,"Omamori":4,"Letter Opener":46,"War Paint":55,"Frozen Egg 2":10,"White Beast Statue":14,"Mercury Hourglass":7,"OrangePellets":54,"Anchor":10,"CaptainsWheel":9,"Snecko Eye":0,"Pandora\u0027s Box":17,"Bag of Marbles":9,"Black Star":17,"FossilizedHelix":2},{"Calipers":32,"SacredBark":23,"CeramicFish":48,"Snake Skull":18,"Incense Burner":19,"Juzu Bracelet":55,"Ancient Tea Set":21,"Smiling Mask":40,"HornCleat":20,"Gambling Chip":25,"Prayer Wheel":3,"Toxic Egg 2":22,"InkBottle":48,"Ring of the Snake":0,"NeowsBlessing":0,"Happy Flower":45,"Golden Idol":1,"Blue Candle":13,"Eternal Feather":43,"PreservedInsect":29,"Pen Nib":39,"Omamori":1,"Letter Opener":31,"War Paint":35,"Frozen Egg 2":41,"White Beast Statue":15,"Mercury Hourglass":54,"OrangePellets":34,"Anchor":4,"CaptainsWheel":13,"Snecko Eye":49,"Pandora\u0027s Box":16,"Bag of Marbles":3,"Black Star":44,"FossilizedHelix":9},{"Calipers":120,"SacredBark":91,"CeramicFish":207,"Snake Skull":70,"Incense Burner":75,"Juzu Bracelet":239,"Ancient Tea Set":79,"Smiling Mask":159,"HornCleat":77,"Gambling Chip":97,"Prayer Wheel":3,"Toxic Egg 2":83,"InkBottle":207,"Ring of the Snake":0,"NeowsBlessing":0,"Happy Flower":194,"Golden Idol":1,"Blue Candle":45,"Eternal Feather":178,"PreservedInsect":112,"Pen Nib":158,"Omamori":1,"Letter Opener":117,"War Paint":137,"Frozen Egg 2":166,"White Beast Statue":52,"Mercury Hourglass":236,"OrangePellets":132,"Anchor":12,"CaptainsWheel":45,"Snecko Eye":210,"Pandora\u0027s Box":61,"Bag of Marbles":3,"Black Star":190,"FossilizedHelix":31}],"Mercury Hourglass":[24]},"card_choices":[{"not_picked":["PiercingWail","Blade Dance"],"picked":"Backflip","floor":1.0},{"not_picked":["Backstab","Sucker Punch","Deflect"],"picked":"SKIP","floor":2.0},{"not_picked":["Slice","Concentrate"],"picked":"Crippling Poison","floor":3.0},{"not_picked":["Blade Dance","Bane"],"picked":"All Out Attack","floor":5.0},{"not_picked":["Backstab","Reflex","Poisoned Stab"],"picked":"SKIP","floor":7.0},{"not_picked":["Blur","Endless Agony"],"picked":"Underhanded Strike","floor":8.0}],"player_experience":939061,"relics_obtained":[{"floor":7.0,"key":"Mercury Hourglass"},{"floor":9.0,"key":"Juzu Bracelet"}],"event_choices":[{"damage_healed":0.0,"max_hp_gain":0.0,"max_hp_loss":0.0,"gold_gain":30.0,"event_name":"Dead Adventurer","player_choice":"Searched \u00271\u0027 times","floor":11.0,"gold_loss":0.0,"damage_taken":0.0}],"is_beta":false,"boss_relics":[],"items_purged_floors":[4],"is_endless":false,"potions_floor_spawned":[3,5,7],"killed_by":"Lagavulin","ascension_level":20}}