{"host":"fuszjwm6fqgjjp4d","time":1611532560,"event":{"mods":["BaseMod","Bestiary","Colored Map","DeckTracker","Minty Spire (QoL Compilation)","Permanent Neow","Relic Sorter","Relic Stats","StSLib"],"gold_per_floor":[110,110,110,124,85,112,112,112,166,177,177,177],"floor_reached":11,"language":"ENG","playtime":293,"items_purged":[],"score":182,"play_id":"6bc8bb56-c54c-4189-9a9e-5ed599151bd5","local_time":"20210124175600","is_ascension_mode":true,"campfire_choices":[{"data":"Blasphemy","floor":7,"key":"SMITH"}],"circlet_count":0,"master_deck":["AscendersBane","Strike_P","Strike_P","Strike_P","Strike_P","Defend_P","Defend_P","Defend_P","Defend_P","Eruption","Vigilance","Blasphemy+1","ReachHeaven"],"relics":["PureWater","Ancient Tea Set","Bottled Flame","Bag of Marbles"],"acts_visited":["Exordium"],"potions_floor_usage":[6,6],"damage_taken":[{"damage":7,"enemies":"Cultist","floor":1,"turns":5},{"damage":0,"enemies":"Jaw Worm","floor":4,"turns":1},{"damage":0,"enemies":"Lagavulin","floor":6,"turns":5},{"damage":0,"enemies":"Small Slimes","floor":10,"turns":2},{"damage":20,"enemies":"3 Sentries","floor":11,"turns":3}],"seed_played":"-2101852909160522714","potions_obtained":[{"floor":1,"key":"SkillPotion"},{"floor":3,"key":"CultistPotion"},{"floor":3,"key":"SkillPotion"}],"is_trial":false,"path_per_floor":["M","?","?","M","?","E","R","?","T","M","E"],"character_chosen":"WATCHER","items_purchased":[],"campfire_rested":0,"item_purchase_floors":[],"current_hp_per_floor":[54,19,19,19,19,19,19,19,19,19,0,0],"gold":177,"neow_bonus":"THREE_RARE_CARDS","is_daily":false,"chose_seed":false,"campfire_upgraded":1,"win_rate":0.0,"timestamp":1611532560,"path_taken":["M","?","?","?","?","E","R","?","T","M","E"],"items_purchased_type":[],"build_version":"2020-12-22","purchased_purges":0,"victory":false,"max_hp_per_floor":[62,62,62,62,62,62,62,62,62,62,62,62],"relic_stats":{"counters":[5,16],"obtain_stats":[{"Bottled Flame":6,"Bag of Marbles":9,"PureWater":0,"Ancient Tea Set":2},{"Bottled Flame":3,"Bag of Marbles":3,"PureWater":0,"Ancient Tea Set":1},{"Bottled Flame":11,"Bag of Marbles":11,"PureWater":0,"Ancient Tea Set":5}]},"card_choices":[{"not_picked":["ConjureBlade","Omniscience"],"picked":"Blasphemy","floor":0},{"not_picked":["WaveOfTheHand","Study"],"picked":"ReachHeaven","floor":1},{"not_picked":["MentalFortress","Sanctity","Prostrate"],"picked":"SKIP","floor":4},{"not_picked":["MentalFortress","BattleHymn","Indignation"],"picked":"SKIP","floor":6},{"not_picked":["FlyingSleeves","CrushJoints","CarveReality"],"picked":"SKIP","floor":10}],"player_experience":1332822,"relics_obtained":[{"floor":6,"key":"Bottled Flame"},{"floor":9,"key":"Bag of Marbles"}],"event_choices":[{"damage_healed":0,"gold_gain":0,"player_choice":"Success","damage_taken":35,"relics_obtained":["Ancient Tea Set"],"max_hp_gain":0,"max_hp_loss":0,"event_name":"Scrap Ooze","floor":2,"gold_loss":0},{"damage_healed":0,"gold_gain":0,"player_choice":"Got Potions","damage_taken":0,"max_hp_gain":0,"max_hp_loss":0,"event_name":"Lab","floor":3,"gold_loss":0},{"damage_healed":0,"gold_gain":0,"player_choice":"Left Gold","damage_taken":0,"max_hp_gain":0,"max_hp_loss":0,"event_name":"World of Goop","floor":5,"gold_loss":39},{"damage_healed":0,"gold_gain":0,"player_choice":"Ignored","damage_taken":0,"max_hp_gain":0,"max_hp_loss":0,"event_name":"Shining Light","floor":8,"gold_loss":0}],"is_beta":false,"boss_relics":[],"items_purged_floors":[],"is_endless":false,"potions_floor_spawned":[1,4],"killed_by":"3 Sentries","ascension_level":18}}