{"host":"df48i9djcn92c5sx","time":1611500432,"event":{"mods":["Act Like it!","Arknights The Spire","BaseMod","Decade(王小明)","Downfall","Gensokyo","Marisa（F雨　魔理沙）","Minty Spire (QoL Compilation)","READ ME - Guardian Mod","READ ME - Snecko Mod","Reimu（博丽灵梦）","Remilia（蕾米莉亚）","Shop Mod","StSLib","The Jungle","The Servant 0.9.4"],"gold_per_floor":[99,113,123,31,41,41,68,96,106,106,106,136,155,165,176,280,280,280,296,316,326,79,79,79,79,79,79,97,97,114,74,94,198,198,198,217,234,252,264,279,279,289,89,243,143,159,176,203,214,214,214,243,88,88,88,88],"floor_reached":55,"language":"ZHS","playtime":5272,"items_purged":["ats:Strike V","Pride"],"score":719,"play_id":"69486b52-b0e9-4996-9219-0fa90ab00c1f","local_time":"20210124230032","is_ascension_mode":false,"campfire_choices":[{"data":"ats:Armor Crushing Shot","floor":1.0,"key":"SMITH"},{"data":"ats:True Silver Slash","floor":6.0,"key":"SMITH"},{"data":"ats:Sunburst","floor":10.0,"key":"SMITH"},{"data":"ats:Calcification","floor":18.0,"key":"SMITH"},{"data":"ats:True Silver Slash","floor":23.0,"key":"SMITH"},{"data":"ats:Rat Pack","floor":26.0,"key":"SMITH"},{"data":"ats:Part Time Job","floor":29.0,"key":"SMITH"},{"floor":35.0,"key":"RECALL"},{"data":"ats:Volcano","floor":43.0,"key":"SMITH"},{"data":"ats:Disruption Kick","floor":45.0,"key":"SMITH"},{"data":"ats:Soul Rend","floor":54.0,"key":"SMITH"}],"circlet_count":0,"master_deck":["ats:Strike C+1","ats:Strike G","ats:Strike S+1","ats:Armor Crushing Shot+1","ats:Defend","ats:Defend","ats:Defend","ats:Defend","ats:Emotion Absorption","ats:Charging Defense","ats:Hammer On","ats:True Silver Slash+1","ats:Sunburst+1","ats:Ignite","ats:True Silver Slash+1","ats:Apocalypse","ats:Rat Pack+1","ats:Calcification+1","ats:Revitalization","ats:Part Time Job+1","ats:Blood Oath+1","ats:Soul Absorption","ZunPunch:ReiMu","ats:Automatic Cover","ats:Disruption Kick+1","ats:Demon Strength+1","ats:Absolute Focus+1","ats:Volcano+1","ats:Sashimi Platter","ats:Echo Reverb","ats:Soul Rend+1"],"relics":["ats:Sanity","Lantern","ats:Originium","Matryoshka","Centennial Puzzle","Coffee Dripper","TentaclePot:ReiMu","Whetstone","Pantograph","RedLine:ReiMu","Letter Opener","Shuriken","downfall:HeartBlessingRed","downfall:HeartBlessingGreen","downfall:HeartBlessingBlue","Guardian:PocketSentry","Bottled Tornado"],"acts_visited":["Exordium","TheCity","TheBeyond","TheEnding"],"potions_floor_usage":[55],"damage_taken":[{"damage":2.0,"enemies":"Small Slimes","floor":2.0,"turns":4.0},{"damage":0.0,"enemies":"2 Louse","floor":3.0,"turns":3.0},{"damage":0.0,"enemies":"downfall:FleeingMerchant","floor":4.0,"turns":4.0},{"damage":6.0,"enemies":"Jaw Worm","floor":5.0,"turns":3.0},{"damage":23.0,"enemies":"Gremlin Nob","floor":8.0,"turns":4.0},{"damage":0.0,"enemies":"3 Louse","floor":9.0,"turns":1.0},{"damage":0.0,"enemies":"3 Sentries","floor":12.0,"turns":1.0},{"damage":0.0,"enemies":"2 Fungi Beasts","floor":13.0,"turns":3.0},{"damage":0.0,"enemies":"Lots of Slimes","floor":14.0,"turns":1.0},{"damage":0.0,"enemies":"3 Louse","floor":15.0,"turns":1.0},{"damage":26.0,"enemies":"WA_ARCHETYPE_RETAIN","floor":16.0,"turns":7.0},{"damage":18.0,"enemies":"3 Byrds","floor":19.0,"turns":4.0},{"damage":21.0,"enemies":"Shell Parasite","floor":20.0,"turns":7.0},{"damage":22.0,"enemies":"Snake Plant","floor":21.0,"turns":6.0},{"damage":15.0,"enemies":"downfall:FleeingMerchant","floor":22.0,"turns":4.0},{"damage":0.0,"enemies":"Centurion and Healer","floor":28.0,"turns":6.0},{"damage":30.0,"enemies":"Shelled Parasite and Fungi","floor":30.0,"turns":5.0},{"damage":15.0,"enemies":"Chosen and Byrds","floor":32.0,"turns":5.0},{"damage":103.0,"enemies":"IC_MUSHROOM_ARCHETYPE","floor":33.0,"turns":14.0},{"damage":19.0,"enemies":"3 Shapes","floor":36.0,"turns":4.0},{"damage":3.0,"enemies":"3 Darklings","floor":37.0,"turns":3.0},{"damage":39.0,"enemies":"4 Shapes","floor":38.0,"turns":6.0},{"damage":13.0,"enemies":"Maw","floor":39.0,"turns":9.0},{"damage":0.0,"enemies":"Transient","floor":40.0,"turns":5.0},{"damage":20.0,"enemies":"Sphere and 2 Shapes","floor":42.0,"turns":3.0},{"damage":20.0,"enemies":"downfall:FleeingMerchant","floor":44.0,"turns":3.0},{"damage":20.0,"enemies":"4 Shapes","floor":46.0,"turns":4.0},{"damage":13.0,"enemies":"Jaw Worm Horde","floor":47.0,"turns":3.0},{"damage":50.0,"enemies":"Reptomancer","floor":48.0,"turns":5.0},{"damage":3.0,"enemies":"Transient","floor":49.0,"turns":5.0},{"damage":174.0,"enemies":"DF_ARCHETYPE_ORBS","floor":50.0,"turns":16.0},{"damage":163.0,"enemies":"downfall:CharBossMerchant","floor":52.0,"turns":10.0},{"damage":184,"enemies":"downfall:NeowBoss","floor":55,"turns":21}],"seed_played":"6528819665492775879","potions_obtained":[{"floor":2.0,"key":"Ancient Potion"},{"floor":5.0,"key":"Fire Potion"},{"floor":8.0,"key":"Strength Potion"},{"floor":13.0,"key":"CultistPotion"},{"floor":14.0,"key":"LiquidMemories"},{"floor":16.0,"key":"Explosive Potion"},{"floor":19.0,"key":"MagicPotion:ReiMu"},{"floor":28.0,"key":"FairyPotion"},{"floor":32.0,"key":"Regen Potion"},{"floor":37.0,"key":"Fire Potion"},{"floor":39.0,"key":"Strength Potion"},{"floor":40.0,"key":"AttackPotion"},{"floor":47.0,"key":"Swift Potion"},{"floor":48.0,"key":"Fruit Juice"}],"is_trial":false,"path_per_floor":["R","M","M","$","M","R","T","E","M","R","?","E","M","M","M","B",null,"R","M","M","M","$","R","T","?","R","?","M","R","M","?","M","B",null,"R","M","M","M","M","M","T","M","R","?","R","M","M","E","M","B",null,"E","$","R","B"],"character_chosen":"DOCTOR_CLASS","items_purchased":["ats:Sunburst","TentaclePot:ReiMu","ats:Sashimi Platter","ats:Soul Rend"],"campfire_rested":0,"item_purchase_floors":[4,22,44,53],"current_hp_per_floor":[79,77,77,77,71,71,71,48,48,48,74,74,74,74,74,53,79,79,62,66,63,62,62,62,62,62,62,79,79,60,60,59,58,79,79,68,66,46,79,79,79,59,59,39,49,57,58,35,58,53,94,29,29,29,0,0],"gold":88,"neow_bonus":"TEN_PERCENT_HP_BONUS","is_daily":false,"chose_seed":false,"campfire_upgraded":10,"win_rate":0.0,"timestamp":1611500432,"path_taken":["R","M","M","$","M","R","T","E","M","R","?","E","M","M","M","BOSS","R","M","M","M","$","R","T","?","R","?","M","R","M","?","M","BOSS","R","M","M","M","M","M","T","M","R","?","R","M","M","E","M","BOSS","E","$","R","BOSS"],"items_purchased_type":["Card","Relic","Card","Card"],"build_version":"2020-12-22","purchased_purges":2,"victory":false,"max_hp_per_floor":[79,79,79,79,79,79,79,79,79,79,79,79,79,79,79,79,79,79,79,79,79,79,79,79,79,79,79,79,79,79,79,79,79,79,79,79,79,79,79,79,79,79,79,79,89,89,89,89,89,94,94,94,94,94,94,94],"card_choices":[{"not_picked":["ats:Thorns","ats:Sword Rain"],"picked":"ats:Charging Defense","floor":2.0},{"not_picked":["ats:Poison Spread","ats:Assault Order"],"picked":"ats:Hammer On","floor":3.0},{"not_picked":["ats:Explosion Area Strengthen","ats:Flexible Camouflage"],"picked":"ats:True Silver Slash","floor":4.0},{"not_picked":["ats:Curse Doll","ats:Part Time Job"],"picked":"ats:Ignite","floor":5.0},{"not_picked":["ats:Blood Oath","ats:Leaping Hammer"],"picked":"ats:True Silver Slash","floor":8.0},{"not_picked":["ats:Composite Medical Shells","ats:Hammer On","ats:Consecutive Shot Auto"],"picked":"SKIP","floor":9.0},{"not_picked":["ats:Rapid Magazine","ats:Encircling Forest","ats:Ignite"],"picked":"SKIP","floor":12.0},{"not_picked":["ats:Ignite","ats:Poison Spread"],"picked":"ats:Apocalypse","floor":13.0},{"not_picked":["ats:Guardian Obelisk","ats:Assault Order","ats:Flexible Camouflage"],"picked":"SKIP","floor":14.0},{"not_picked":["ats:Apocalypse","ats:Shell Defense"],"picked":"ats:Rat Pack","floor":15.0},{"not_picked":["ats:Rat Pack","ats:Roar Of Ursus"],"picked":"ats:Calcification","floor":16.0},{"not_picked":["ats:Apocalypse+1","ats:Cat Scratch"],"picked":"ats:Revitalization","floor":19.0},{"not_picked":["ats:Apocalypse","ats:Serious Mode"],"picked":"ats:Part Time Job","floor":20.0},{"not_picked":["ats:Closed Bolt Burst Fire","ats:Neurotoxin","ats:Explosion Area Strengthen+1"],"picked":"SKIP","floor":21.0},{"not_picked":["ats:Collapsing Strike","ats:Explosion Area Strengthen"],"picked":"ats:Blood Oath+1","floor":22.0},{"not_picked":["ats:Rapid Magazine","ats:Powerful Strike","ats:Part Time Job"],"picked":"SKIP","floor":28.0},{"not_picked":["ats:Blood Oath+1","ats:Sword Rain"],"picked":"ats:Soul Absorption","floor":30.0},{"not_picked":["ats:Poison Spread","ats:Soul Absorption"],"picked":"ats:Automatic Cover","floor":32.0},{"not_picked":["ats:Fractured Body","ats:Dogmatic Field"],"picked":"ats:Disruption Kick","floor":33.0},{"not_picked":["ats:Cat Scratch+1","ats:Absolute Focus","ats:Closed Bolt Burst Fire"],"picked":"SKIP","floor":36.0},{"not_picked":["ats:Poison Spread+1","ats:Beaten Up"],"picked":"ats:Demon Strength+1","floor":37.0},{"not_picked":["ats:Thorns","ats:Shell Defense+1","ats:Chain Hook+1"],"picked":"SKIP","floor":38.0},{"not_picked":["ats:Cat Scratch","ats:Poison Spread"],"picked":"ats:Absolute Focus+1","floor":39.0},{"not_picked":["ats:Overload+1","ats:Explosion Area Strengthen+1"],"picked":"ats:Volcano","floor":40.0},{"not_picked":["ats:Poison Spread+1","ats:Chain Hook","ats:Leaping Hammer"],"picked":"SKIP","floor":42.0},{"not_picked":["ats:Closed Bolt Burst Fire","ats:Consecutive Shot Auto","ats:Absolute Focus+1"],"picked":"SKIP","floor":44.0},{"not_picked":["ats:Very Hot Blade+1","ats:Cat Scratch","ats:Demon Strength+1"],"picked":"SKIP","floor":46.0},{"not_picked":["ats:Part Time Job","ats:Explosion Area Strengthen+1","ats:Assault Order+1"],"picked":"SKIP","floor":47.0},{"not_picked":["ats:Assault Order+1","ats:Flexible Camouflage+1"],"picked":"ats:Echo Reverb","floor":48.0},{"not_picked":["ats:Closed Bolt Burst Fire+1","ats:Hammer On","ats:Shell Defense+1"],"picked":"SKIP","floor":49.0},{"not_picked":["ats:Assault Order","ats:Ignite+1","ats:Explosion Area Strengthen+1"],"picked":"SKIP","floor":52.0}],"player_experience":1460972,"relics_obtained":[{"floor":7.0,"key":"Lantern"},{"floor":8.0,"key":"ats:Originium"},{"floor":8.0,"key":"Matryoshka"},{"floor":12.0,"key":"ats:Originium"},{"floor":12.0,"key":"Centennial Puzzle"},{"floor":24.0,"key":"Whetstone"},{"floor":41.0,"key":"Letter Opener"},{"floor":41.0,"key":"Shuriken"},{"floor":48.0,"key":"ats:Originium"},{"floor":48.0,"key":"Guardian:PocketSentry"},{"floor":52.0,"key":"ats:Originium"},{"floor":52.0,"key":"Bottled Tornado"}],"event_choices":[{"damage_healed":26.0,"max_hp_gain":0.0,"max_hp_loss":0.0,"gold_gain":0.0,"event_name":"Big Fish","player_choice":"Banana","floor":11.0,"gold_loss":0.0,"damage_taken":0.0},{"damage_healed":0.0,"max_hp_gain":0.0,"max_hp_loss":0.0,"gold_gain":0.0,"event_name":"Vampires","player_choice":"Ignored","floor":25.0,"gold_loss":0.0,"damage_taken":0.0},{"damage_healed":0.0,"max_hp_gain":0.0,"max_hp_loss":0.0,"gold_gain":0.0,"event_name":"Addict","player_choice":"Stole Relic","floor":27.0,"gold_loss":0.0,"damage_taken":0.0,"relics_obtained":["Pantograph"],"cards_obtained":["Pride"]},{"damage_healed":0.0,"max_hp_gain":0.0,"max_hp_loss":0.0,"gold_gain":0.0,"event_name":"ZunEvent","player_choice":"交出神酒","floor":31.0,"relics_lost":["ZunR:ReiMu"],"gold_loss":0.0,"damage_taken":0.0,"cards_obtained":["ZunPunch:ReiMu"]}],"is_beta":false,"boss_relics":[{"not_picked":["Empty Cage","ats:Omniscience"],"picked":"Coffee Dripper"},{"not_picked":["SacredBark","Runic Pyramid"],"picked":"RedLine:ReiMu"}],"items_purged_floors":[22,44],"is_endless":false,"potions_floor_spawned":[2,5,8,13,14,16,19,28,32,37,39,40,47,48],"killed_by":"downfall:NeowBoss","ascension_level":0}}