{"host":"6rz02yiipefhcw4r","time":1611472679,"event":{"mods":["2.2 Compatiblity","BaseMod","Block Reminder","Colored Map","Curses Come First","DeckTracker","Googly Eyes","Minty Spire (QoL Compilation)","Quick Restart","Rare Cards Sparkle","StSLib"],"gold_per_floor":[218,116,166,2,2,33,51,63,63,63,75,95,95,128,128,202,202,220,232,232,232],"floor_reached":20,"language":"ENG","playtime":780,"items_purged":[],"score":368,"play_id":"edb0b204-639d-41fc-8a05-f5e9048d7b22","local_time":"20210124051759","is_ascension_mode":true,"campfire_choices":[{"data":"Uppercut","floor":10,"key":"SMITH"},{"floor":15,"key":"REST"}],"circlet_count":0,"master_deck":["AscendersBane","Strike_R","Strike_R","Strike_R","Strike_R","Strike_R","Defend_R","Defend_R","Defend_R","Defend_R","Bash","Metallicize","Shrug It Off","Uppercut+1","Clothesline","Iron Wave","Cleave","Combust","Spot Weakness","Limit Break","True Grit","Disarm"],"relics":["Burning Blood","Oddly Smooth Stone","Gremlin Horn","Nunchaku","Pen Nib","Vajra","Philosopher\u0027s Stone"],"acts_visited":["Exordium","TheCity"],"potions_floor_usage":[18,19],"damage_taken":[{"damage":4,"enemies":"Jaw Worm","floor":1,"turns":6},{"damage":45,"enemies":"Gremlin Nob","floor":6,"turns":6},{"damage":1,"enemies":"Cultist","floor":7,"turns":3},{"damage":6,"enemies":"2 Louse","floor":8,"turns":2},{"damage":3,"enemies":"Blue Slaver","floor":11,"turns":5},{"damage":0,"enemies":"3 Louse","floor":12,"turns":2},{"damage":28,"enemies":"Lagavulin","floor":14,"turns":9},{"damage":29,"enemies":"The Guardian","floor":16,"turns":12},{"damage":19,"enemies":"Shell Parasite","floor":18,"turns":4},{"damage":33,"enemies":"3 Byrds","floor":19,"turns":5},{"damage":0,"enemies":"3 Cultists","floor":20,"turns":2}],"seed_played":"2307643657204998739","potions_obtained":[{"floor":1,"key":"Weak Potion"},{"floor":8,"key":"Weak Potion"},{"floor":12,"key":"ElixirPotion"},{"floor":18,"key":"Weak Potion"},{"floor":19,"key":"Block Potion"}],"is_trial":false,"path_per_floor":["M","$","?","$","?","E","M","M","T","R","M","M","?","E","R","B",null,"M","M","M"],"character_chosen":"IRONCLAD","items_purchased":["Shrug It Off","Uppercut","Oddly Smooth Stone"],"campfire_rested":1,"item_purchase_floors":[2,2,4],"current_hp_per_floor":[70,70,70,70,70,31,36,36,36,36,39,45,45,23,45,22,62,49,22,22,22],"gold":232,"neow_bonus":"HUNDRED_GOLD","is_daily":false,"chose_seed":false,"campfire_upgraded":1,"win_rate":0.0,"timestamp":1611472679,"path_taken":["M","$","?","?","?","E","M","M","T","R","M","?","?","E","R","BOSS","M","M","M"],"items_purchased_type":["Card","Card","Relic"],"build_version":"2020-12-22","purchased_purges":0,"victory":false,"max_hp_per_floor":[75,75,75,75,75,75,75,75,75,75,75,75,75,75,75,75,75,75,75,75,75],"card_choices":[{"not_picked":["Intimidate","Sword Boomerang"],"picked":"Metallicize","floor":1},{"not_picked":["Sentinel","Entrench","Heavy Blade"],"picked":"SKIP","floor":6},{"not_picked":["Bloodletting","Sentinel"],"picked":"Clothesline","floor":7},{"not_picked":["Sentinel","Pommel Strike"],"picked":"Iron Wave","floor":8},{"not_picked":["Iron Wave","Double Tap"],"picked":"Cleave","floor":11},{"not_picked":["Anger","Shrug It Off"],"picked":"Combust","floor":12},{"not_picked":["Immolate","Pommel Strike"],"picked":"Spot Weakness","floor":14},{"not_picked":["Reaper","Exhume"],"picked":"Limit Break","floor":16},{"not_picked":["Infernal Blade","Iron Wave"],"picked":"True Grit","floor":18},{"not_picked":["Anger","Flex"],"picked":"Disarm","floor":19}],"player_experience":727894,"relics_obtained":[{"floor":6,"key":"Nunchaku"},{"floor":9,"key":"Pen Nib"},{"floor":14,"key":"Vajra"}],"event_choices":[{"damage_healed":0,"gold_gain":50,"player_choice":"Pray","damage_taken":0,"max_hp_gain":0,"max_hp_loss":0,"event_name":"Golden Shrine","floor":3,"gold_loss":0},{"damage_healed":0,"gold_gain":0,"player_choice":"Gave Potion","damage_taken":0,"relics_obtained":["Gremlin Horn"],"max_hp_gain":0,"max_hp_loss":0,"event_name":"WeMeetAgain","floor":5,"gold_loss":0},{"damage_healed":0,"gold_gain":0,"player_choice":"Searched \u00270\u0027 times","damage_taken":0,"max_hp_gain":0,"max_hp_loss":0,"event_name":"Dead Adventurer","floor":13,"gold_loss":0}],"is_beta":false,"boss_relics":[{"not_picked":["Runic Cube","Busted Crown"],"picked":"Philosopher\u0027s Stone"}],"items_purged_floors":[],"is_endless":false,"potions_floor_spawned":[1,8,12,18,19],"killed_by":"3 Cultists","ascension_level":20}}