{"host":"pi8b3ffzwvxqztac","time":1611520312,"event":{"mods":["BaseMod","Colored Map","Downfall","Minty Spire (QoL Compilation)","StSLib","The Jungle"],"gold_per_floor":[99,116,128,128,303,203,203,38,53,53,87,72,85,85,101,201,201,101,117,27,46,46,63,63,63,48,48,65,65,65,115,126,225,275,175,192,192,197,197,197,220,232,242,265,85,113,113,138,148,148,148,176,32,32,32,32],"floor_reached":57,"language":"ENG","playtime":4427,"items_purged":["Regret","Injury"],"score":1348,"play_id":"f04f6217-0292-4635-b7bc-4dd370dc64b4","local_time":"20210125093152","is_ascension_mode":true,"campfire_choices":[{"floor":1.0,"key":"RECALL"},{"data":"champ:Taunt","floor":6.0,"key":"SMITH"},{"data":"champ:FanOfKnives","floor":10.0,"key":"SMITH"},{"data":"champ:EnchantCrown","floor":18,"key":"SMITH"},{"floor":25,"key":"DIG"},{"data":"champ:HeavySlash","floor":27,"key":"SMITH"},{"data":"champ:AdrenalArmor","floor":29,"key":"SMITH"},{"data":"champ:EnchantShield","floor":35,"key":"SMITH"},{"data":"champ:PerfectedStrike","floor":40,"key":"SMITH"},{"floor":54,"key":"REST"}],"circlet_count":0,"master_deck":["champ:Strike+1","champ:Strike+1","champ:Strike+1","champ:Strike+1","champ:Defend+1","champ:Defend+1","champ:Defend+1","champ:Defend+1","champ:Execute+1","champ:Taunt+1","champ:DeathBlow+1","champ:AdrenalArmor+1","champ:FanOfKnives+1","champ:GladiatorStyle+1","champ:PerfectedStrike+1","champ:EnchantShield+1","champ:PerfectedStrike+1","champ:GutPunch+1","champ:PerfectedStrike+1","champ:BringItOn+1","champ:HeavySlash+1","champ:BerserkerStyle+1","champ:Shatter+1","champ:FocusedBerserking+1","champ:StanceDance+1","champ:FaceSlap+1","champ:GutPunch+1","expansioncontent:DashGenerateEvil+1","champ:EnchantCrown+1","champ:SwordSigil+1","champ:FanOfKnives+1"],"relics":["champ:ChampionCrown","CaptainsWheel","Gremlin Horn","Guardian:PocketSentry","FossilizedHelix","expansioncontent:StudyCardRelic","theJungle:ParSnip","Shovel","Mummified Hand","theJungle:PaperFaux","Strawberry","Tiny House","Bottled Lightning","Bag of Preparation","Centennial Puzzle","Blood Vial","Bronze Scales","Pocketwatch","Membership Card"],"acts_visited":["Exordium","Exordium","TheBeyond","TheEnding"],"potions_floor_usage":[16,16,16,33,33,33,46,50,52,56,56],"damage_taken":[{"damage":11.0,"enemies":"Cultist","floor":2.0,"turns":4.0},{"damage":10.0,"enemies":"Small Slimes","floor":3.0,"turns":2.0},{"damage":22.0,"enemies":"downfall:FleeingMerchant","floor":8.0,"turns":4.0},{"damage":20.0,"enemies":"Jaw Worm","floor":9.0,"turns":4.0},{"damage":39.0,"enemies":"Gremlin Nob","floor":11.0,"turns":5.0},{"damage":10.0,"enemies":"downfall:FleeingMerchant","floor":12.0,"turns":4.0},{"damage":0.0,"enemies":"2 Fungi Beasts","floor":13.0,"turns":2.0},{"damage":0.0,"enemies":"3 Louse","floor":15.0,"turns":3.0},{"damage":37,"enemies":"IC_STATUS_ARCHETYPE","floor":16,"turns":6},{"damage":10,"enemies":"theJungle:MUSHROOMGANG","floor":19,"turns":3},{"damage":30,"enemies":"theJungle:5_Spyders","floor":21,"turns":4},{"damage":42,"enemies":"theJungle:Lyon","floor":23,"turns":4},{"damage":14,"enemies":"downfall:FleeingMerchant","floor":26,"turns":4},{"damage":0,"enemies":"theJungle:JungleHuntersEncounter","floor":28,"turns":3},{"damage":10,"enemies":"theJungle:2_Snecko_Cultists","floor":32,"turns":3},{"damage":29,"enemies":"SI_MIRROR_ARCHETYPE","floor":33,"turns":6},{"damage":24,"enemies":"3 Darklings","floor":36,"turns":3},{"damage":0,"enemies":"downfall:FleeingMerchant","floor":38,"turns":2},{"damage":0,"enemies":"Orb Walker","floor":42,"turns":3},{"damage":21,"enemies":"Spire Growth","floor":43,"turns":3},{"damage":33,"enemies":"Reptomancer","floor":46,"turns":4},{"damage":29,"enemies":"Nemesis","floor":48,"turns":3},{"damage":24,"enemies":"Transient","floor":49,"turns":5},{"damage":101,"enemies":"WA_ARCHETYPE_DIVINITY","floor":50,"turns":10},{"damage":156,"enemies":"downfall:CharBossMerchant","floor":52,"turns":7},{"damage":208,"enemies":"downfall:NeowBoss","floor":55,"turns":18},{"damage":89,"enemies":"downfall:NeowBossFinal","floor":56,"turns":10}],"seed_played":"9171835436205324054","potions_obtained":[{"floor":9.0,"key":"DuplicationPotion"},{"floor":11.0,"key":"hexamod:SoulburnPotion"},{"floor":15,"key":"bronze:BurnAndBuffPotion"},{"floor":21,"key":"champ:CounterPotion"},{"floor":23,"key":"bronze:BurnAndBuffPotion"},{"floor":32,"key":"Weak Potion"},{"floor":34,"key":"PowerPotion"},{"floor":42,"key":"ColorlessPotion"},{"floor":43,"key":"FearPotion"},{"floor":46,"key":"BlessingOfTheForge"},{"floor":49,"key":"hexamod:SoulburnPotion"},{"floor":52,"key":"hexamod:SoulburnPotion"}],"is_trial":false,"path_per_floor":["R","M","M","?","?","R","T","$","M","R","E","$","M","?","M","B",null,"R","M","?","M","?","M","T","R","$","R","M","R","?","T","M","B",null,"R","M","?","$","?","R","T","M","M","?","$","E","?","E","M","B",null,"E","$","R","B","B",null],"character_chosen":"THE_CHAMP","items_purchased":["champ:GladiatorStyle","Bottled Lightning","expansioncontent:DashGenerateEvil","Membership Card"],"campfire_rested":1,"item_purchase_floors":[8,38,45,53],"current_hp_per_floor":[81,80,80,80,80,80,80,78,78,78,59,59,59,59,59,32,81,81,71,71,71,71,59,59,59,65,65,75,75,75,82,88,69,93,103,103,103,103,103,103,103,103,92,92,92,93,93,93,93,51,93,44,44,71,33,2],"gold":32,"neow_bonus":"ONE_RARE_RELIC","is_daily":false,"chose_seed":false,"campfire_upgraded":7,"win_rate":0.0,"timestamp":1611520312,"path_taken":["R","M","M","?","?","R","T","$","?","R","E","$","M","?","M","BOSS","R","M","?","M","?","M","T","R","$","R","M","R","?","?","M","BOSS","R","M","?","$","?","R","T","M","M","?","$","E","?","E","M","BOSS","E","$","R","BOSS","BOSS"],"items_purchased_type":["Card","Relic","Card","Relic"],"build_version":"2020-12-22","purchased_purges":2,"victory":true,"max_hp_per_floor":[81,81,81,81,81,81,81,81,81,81,81,81,81,81,81,81,81,81,81,81,81,81,81,81,81,81,81,81,81,81,88,88,88,93,103,103,103,103,103,103,103,103,103,103,103,103,93,93,93,93,93,93,93,93,93,93],"card_choices":[{"not_picked":["champ:PerfectedStrike","champ:CrownThrow"],"picked":"champ:DeathBlow","floor":2.0},{"not_picked":["champ:ArenaPreparation","champ:ShieldSlam"],"picked":"champ:AdrenalArmor","floor":3.0},{"not_picked":["champ:ViciousMockery","champ:GladiatorStyle"],"picked":"champ:FanOfKnives","floor":8.0},{"not_picked":["champ:ShieldSigil","champ:Circumvent"],"picked":"champ:PerfectedStrike","floor":9.0},{"not_picked":["champ:AdrenalArmor","champ:GladiatorForm"],"picked":"champ:EnchantShield","floor":11.0},{"not_picked":["champ:BladeFlurry","champ:RecklessLeap","champ:Parry"],"picked":"SKIP","floor":12.0},{"not_picked":["champ:BerserkersShout","champ:BladeFlurry"],"picked":"champ:PerfectedStrike","floor":13.0},{"not_picked":["champ:CalledShot","champ:FlashCut"],"picked":"champ:GutPunch","floor":15},{"not_picked":["champ:LastStand","champ:GladiatorForm"],"picked":"champ:EnchantCrown","floor":16},{"not_picked":["champ:FocusedBerserking","champ:PreciseThrust","champ:Haymaker"],"picked":"SKIP","floor":19},{"not_picked":["champ:IronFortress","champ:Lariat+1"],"picked":"champ:PerfectedStrike+1","floor":21},{"not_picked":["champ:FancyFootwork","champ:Backstep"],"picked":"champ:BringItOn","floor":23},{"not_picked":["champ:SkillfulDodge","champ:Haymaker"],"picked":"champ:HeavySlash","floor":26},{"not_picked":["champ:CalledShot+1","champ:ArenaPreparation+1"],"picked":"champ:BerserkerStyle+1","floor":28},{"not_picked":["champ:Parry","champ:PreemptiveStrike"],"picked":"champ:Shatter+1","floor":32},{"not_picked":["champ:Shatter+1","champ:AdrenalArmor"],"picked":"champ:FocusedBerserking+1","floor":34},{"not_picked":["champ:ShieldSigil","champ:EnGarde","champ:FlashCut"],"picked":"SKIP","floor":36},{"not_picked":["champ:RageSigil+1","champ:PreciseThrust+1"],"picked":"champ:StanceDance","floor":38},{"not_picked":["champ:CrownThrow+1","champ:Backstep+1"],"picked":"champ:FaceSlap+1","floor":42},{"not_picked":["champ:FancyFootwork","champ:FlashCut+1"],"picked":"champ:GutPunch+1","floor":43},{"not_picked":["champ:Haymaker","champ:TornadoPunch+1"],"picked":"champ:EnchantCrown","floor":46},{"not_picked":["champ:EnragedBash","champ:FlashCut","champ:AdrenalArmor"],"picked":"SKIP","floor":48},{"not_picked":["champ:ShieldWall","champ:DefensiveStyle"],"picked":"champ:SwordSigil+1","floor":49},{"not_picked":["champ:ArenaPreparation","champ:Shatter+1"],"picked":"champ:FanOfKnives+1","floor":52}],"player_experience":585228,"relics_obtained":[{"floor":7.0,"key":"Guardian:PocketSentry"},{"floor":11.0,"key":"FossilizedHelix"},{"floor":25,"key":"Mummified Hand"},{"floor":31,"key":"Strawberry"},{"floor":41,"key":"Bag of Preparation"},{"floor":44,"key":"Centennial Puzzle"},{"floor":46,"key":"Blood Vial"},{"floor":48,"key":"Bronze Scales"},{"floor":52,"key":"Pocketwatch"}],"event_choices":[{"damage_healed":0.0,"max_hp_gain":0.0,"max_hp_loss":0.0,"gold_gain":0.0,"event_name":"Big Fish","player_choice":"Box","floor":4.0,"gold_loss":0.0,"damage_taken":0.0,"relics_obtained":["Gremlin Horn"],"cards_obtained":["Regret"]},{"cards_removed":["champ:EnchantCrown"],"damage_healed":0,"gold_gain":0,"player_choice":"Removed Skill","damage_taken":0,"max_hp_gain":0,"max_hp_loss":0,"event_name":"Falling","floor":39,"gold_loss":0}],"is_beta":false,"boss_relics":[{"not_picked":["Astrolabe","Velvet Choker"],"picked":"expansioncontent:StudyCardRelic"},{"not_picked":["Snecko Eye","Runic Dome"],"picked":"Tiny House"}],"items_purged_floors":[8,38],"is_endless":false,"potions_floor_spawned":[9,11,15,21,23,32,42,43,46,49,52],"ascension_level":3}}