{"host":"ws1rigs6jhqnf67d","time":1611495539,"event":{"mods":["BaseMod","Friendly Minions","KinomotoSakuraMod(ƒæ÷Æ±æ”£)","Kiyohime£®«Âºß£©","Lobotomy","LobotomyExtend","Marisa£®ÏF”Í°°ƒß¿Ì…≥£©","Minty Spire (QoL Compilation)","Remilia£®¿Ÿ√◊¿Ú—«£©","StSLib","The Bug Knight","Youmu£®ªÍ∆«—˝√Œ£©","[IsaacMod]“‘»ˆº‚À˛"],"gold_per_floor":[11,11,21,33,52,87,87,116,116,116,132,149,162,191,191,294,294,304,317,16,16,16],"floor_reached":21,"language":"ZHS","playtime":748,"items_purged":[],"score":294,"play_id":"1aa23784-4f38-4579-8c54-a3f75b816ffc","local_time":"20210124213859","is_ascension_mode":true,"campfire_choices":[{"data":"Skewer","floor":7,"key":"SMITH"},{"floor":10,"key":"REST"},{"data":"After Image","floor":15,"key":"SMITH"}],"circlet_count":0,"master_deck":["Strike_G","Strike_G","Strike_G","Strike_G","Strike_G","Defend_G","Defend_G","Defend_G","Defend_G","Defend_G","Survivor","Neutralize+1","Poisoned Stab","Dash","Skewer+1","After Image+1","Dash","Glass Knife","CurseOfTheBell"],"relics":["Ring of the Snake","HushsDoor","Bird Faced Urn","TheBean","LetterFromLob","SharpPlug","HollowMod:LifeEnderRelic","Kunai","Diplopia","Calling Bell","Nunchaku","DeathBook","Gambling Chip","TwistedFunnel","Potion Belt"],"acts_visited":["Exordium","TheCity"],"potions_floor_usage":[6,14,16,18],"damage_taken":[{"damage":0,"enemies":"Small Slimes","floor":1,"turns":2},{"damage":0,"enemies":"Jaw Worm","floor":3,"turns":4},{"damage":0,"enemies":"2 Louse","floor":4,"turns":2},{"damage":12,"enemies":"Large Slime","floor":5,"turns":8},{"damage":5,"enemies":"Lagavulin","floor":6,"turns":4},{"damage":14,"enemies":"Gremlin Nob","floor":8,"turns":4},{"damage":1,"enemies":"Looter","floor":11,"turns":3},{"damage":0,"enemies":"2 Fungi Beasts","floor":12,"turns":2},{"damage":0,"enemies":"3 Louse","floor":13,"turns":2},{"damage":6,"enemies":"3 Sentries","floor":14,"turns":8},{"damage":15,"enemies":"The Guardian","floor":16,"turns":15},{"damage":0,"enemies":"2 Thieves","floor":18,"turns":4},{"damage":11,"enemies":"Spheric Guardian","floor":19,"turns":3},{"damage":55,"enemies":"Snake Plant","floor":21,"turns":2}],"seed_played":"-1229610050151824013","potions_obtained":[{"floor":3,"key":"SkillPotion"},{"floor":6,"key":"DistilledChaos"},{"floor":11,"key":"Swift Potion"},{"floor":13,"key":"DistilledChaos"},{"floor":16,"key":"Block Potion"},{"floor":18,"key":"SmokeBomb"},{"floor":19,"key":"CunningPotion"}],"is_trial":false,"path_per_floor":["M","?","M","M","M","E","R","E","T","R","M","M","M","E","R","B",null,"M","M","$","M"],"character_chosen":"THE_SILENT","items_purchased":["TwistedFunnel","Potion Belt"],"campfire_rested":1,"item_purchase_floors":[20,20],"current_hp_per_floor":[63,63,63,63,51,46,46,32,32,53,52,52,52,48,48,35,61,61,50,50,0,0],"gold":16,"neow_bonus":"ONE_RARE_RELIC","is_daily":false,"chose_seed":false,"campfire_upgraded":2,"win_rate":0.0,"timestamp":1611495539,"path_taken":["M","?","M","M","M","E","R","E","T","R","M","M","M","E","R","BOSS","M","M","$","M"],"items_purchased_type":["Relic","Relic"],"build_version":"2020-12-22","purchased_purges":0,"victory":false,"max_hp_per_floor":[70,70,70,70,70,70,70,70,70,70,70,70,70,70,70,70,70,70,70,70,70,70],"card_choices":[{"not_picked":[],"picked":"ChaosCard","floor":0},{"not_picked":["Flying Knee","Sucker Punch"],"picked":"Poisoned Stab","floor":1},{"not_picked":["Prepared","Bouncing Flask"],"picked":"Dash","floor":3},{"not_picked":["Finisher","Bane"],"picked":"Skewer","floor":4},{"not_picked":["Tactician","Slice"],"picked":"Bomb","floor":5},{"not_picked":["Finisher","Deflect","Backflip"],"picked":"SKIP","floor":6},{"not_picked":["Calculated Gamble","Heel Hook","Underhanded Strike"],"picked":"SKIP","floor":8},{"not_picked":["Heel Hook","Finisher"],"picked":"After Image","floor":11},{"not_picked":["Masterful Stab","Dagger Spray"],"picked":"Dash","floor":12},{"not_picked":["Underhanded Strike","Accuracy","Footwork"],"picked":"SKIP","floor":13},{"not_picked":["Underhanded Strike","PiercingWail","Eviscerate"],"picked":"SKIP","floor":14},{"not_picked":["Envenom","Doppelganger"],"picked":"Glass Knife","floor":16},{"not_picked":["Sucker Punch","Blade Dance","PiercingWail+1"],"picked":"SKIP","floor":18},{"not_picked":["Flying Knee","Prepared","Deflect"],"picked":"SKIP","floor":19}],"player_experience":835125,"relics_obtained":[{"floor":1,"key":"LetterFromLob"},{"floor":6,"key":"SharpPlug"},{"floor":8,"key":"HollowMod:LifeEnderRelic"},{"floor":9,"key":"Kunai"},{"floor":14,"key":"Diplopia"},{"floor":17,"key":"Nunchaku"},{"floor":17,"key":"DeathBook"},{"floor":17,"key":"Gambling Chip"}],"event_choices":[{"damage_healed":0,"gold_gain":0,"player_choice":"Grow","damage_taken":0,"max_hp_gain":0,"max_hp_loss":0,"event_name":"Living Wall","floor":2,"gold_loss":0,"cards_upgraded":["Neutralize"]}],"is_beta":false,"boss_relics":[{"not_picked":["Fusion Hammer","Philosopher\u0027s Stone"],"picked":"Calling Bell"},{"not_picked":[]}],"items_purged_floors":[],"is_endless":false,"potions_floor_spawned":[3,6,11,13,16,18,19],"killed_by":"Snake Plant","ascension_level":9}}