{"host":"yuhy0i501zzmn1iz","time":1611467753,"event":{"mods":["AchievementEnabler","AlwaysNeverKeys","BaseMod","Bestiary","Better Match","Better Third Choice","Curses Come First","Downfall","Minty Spire (QoL Compilation)","StSLib","slay the spire mod where everything is the same but ironclad has a cowboy hat"],"gold_per_floor":[109,123,139,155,175,206,206,242,242,242,255,274,304,304,304,400,400,410,325,12,22,22,22,54,54,81,81,81,107,131,131,131],"floor_reached":31,"language":"ENG","playtime":874,"items_purged":["Shame"],"score":371,"play_id":"762310b2-3316-4e62-8d56-24b11039fc99","local_time":"20210124005553","is_ascension_mode":true,"campfire_choices":[{"data":"Transmutation","floor":7,"key":"SMITH"},{"floor":10,"key":"REST"},{"data":"Limit Break","floor":15,"key":"SMITH"},{"floor":23,"key":"REST"},{"data":"True Grit","floor":25,"key":"SMITH"},{"data":"Demon Form","floor":28,"key":"SMITH"}],"circlet_count":0,"master_deck":["Strike_R","Strike_R","Strike_R+1","Strike_R","Strike_R","Defend_R+1","Defend_R","Defend_R","Defend_R","Bash","Transmutation+1","Whirlwind","Whirlwind","Spot Weakness","Flame Barrier+1","Immolate","Twin Strike","Wild Strike","True Grit+1","Limit Break+1","Demon Form+1","Cleave+1","Purity","Demon Form","Heavy Blade","Exhume"],"relics":["Burning Blood","Anchor","Sundial","Bronze Scales","Sozu","Vajra","DollysMirror","Mercury Hourglass","Centennial Puzzle","Blood Vial","Whetstone"],"acts_visited":["Exordium","TheCity"],"potions_floor_usage":[6,13,16,24],"damage_taken":[{"damage":7,"enemies":"2 Louse","floor":1,"turns":2},{"damage":14,"enemies":"Jaw Worm","floor":2,"turns":4},{"damage":0,"enemies":"Cultist","floor":3,"turns":3},{"damage":0,"enemies":"Lots of Slimes","floor":4,"turns":1},{"damage":21,"enemies":"2 Fungi Beasts","floor":5,"turns":3},{"damage":23,"enemies":"Lagavulin","floor":6,"turns":8},{"damage":11,"enemies":"Exordium Thugs","floor":8,"turns":4},{"damage":0,"enemies":"Exordium Wildlife","floor":11,"turns":2},{"damage":0,"enemies":"3 Louse","floor":12,"turns":1},{"damage":8,"enemies":"3 Sentries","floor":13,"turns":4},{"damage":30,"enemies":"The Guardian","floor":16,"turns":8},{"damage":20,"enemies":"Spheric Guardian","floor":18,"turns":4},{"damage":14,"enemies":"Shell Parasite","floor":21,"turns":4},{"damage":26,"enemies":"Slavers","floor":24,"turns":3},{"damage":39,"enemies":"Book of Stabbing","floor":29,"turns":5},{"damage":21,"enemies":"Snake Plant","floor":31,"turns":2}],"seed_played":"8271355568830033954","potions_obtained":[{"floor":1,"key":"hexamod:SoulburnPotion"},{"floor":2,"key":"PowerPotion"},{"floor":6,"key":"Fire Potion"},{"floor":11,"key":"Block Potion"},{"floor":13,"key":"hexamod:SoulburnPotion"},{"floor":16,"key":"Explosive Potion"}],"is_trial":false,"path_per_floor":["M","M","M","M","M","E","R","M","T","R","M","M","E","?","R","B",null,"M","?","$","M","$","R","E","R","T","?","R","E","T","M"],"character_chosen":"IRONCLAD","items_purchased":["Purity","DollysMirror"],"campfire_rested":2,"item_purchase_floors":[20,20],"current_hp_per_floor":[71,63,69,75,60,43,43,38,38,62,68,74,72,56,56,32,68,54,54,54,46,46,70,50,50,50,50,50,17,17,0,0],"gold":131,"neow_bonus":"RANDOM_COLORLESS_2","is_daily":false,"chose_seed":false,"campfire_upgraded":4,"win_rate":0.0,"timestamp":1611467753,"path_taken":["M","M","M","M","M","E","R","M","T","R","M","M","E","?","R","BOSS","M","?","$","M","$","R","E","R","T","?","R","E","?","M"],"items_purchased_type":["Card","Relic"],"build_version":"2020-12-22","purchased_purges":1,"victory":false,"max_hp_per_floor":[80,80,80,80,80,80,80,80,80,80,80,80,80,80,80,80,80,80,80,80,80,80,80,80,80,80,80,80,80,80,80,80],"card_choices":[{"not_picked":["Master of Strategy","Thinking Ahead"],"picked":"Transmutation","floor":0},{"not_picked":["Infernal Blade","Feel No Pain","Clash"],"picked":"SKIP","floor":1},{"not_picked":["Iron Wave","Perfected Strike"],"picked":"Whirlwind","floor":2},{"not_picked":["Anger","Havoc"],"picked":"Whirlwind","floor":3},{"not_picked":["Heavy Blade","Thunderclap"],"picked":"Spot Weakness","floor":4},{"not_picked":["Armaments","Sentinel"],"picked":"Flame Barrier","floor":5},{"not_picked":["Entrench","Flex"],"picked":"Immolate","floor":6},{"not_picked":["Combust","Perfected Strike"],"picked":"Twin Strike","floor":8},{"not_picked":["Armaments","Anger"],"picked":"Wild Strike","floor":11},{"not_picked":["Havoc","Warcry"],"picked":"True Grit","floor":12},{"not_picked":["Thunderclap","Headbutt"],"picked":"Limit Break","floor":13},{"not_picked":["Reaper","Juggernaut"],"picked":"Demon Form","floor":16},{"not_picked":["Rupture","Twin Strike"],"picked":"Cleave","floor":18},{"not_picked":["Infernal Blade","Anger"],"picked":"Heavy Blade","floor":21},{"not_picked":["Thunderclap","Infernal Blade+1","Searing Blow"],"picked":"SKIP","floor":24},{"not_picked":["Wild Strike","Headbutt"],"picked":"Exhume","floor":29}],"player_experience":340651,"relics_obtained":[{"floor":6,"key":"Anchor"},{"floor":9,"key":"Sundial"},{"floor":13,"key":"Bronze Scales"},{"floor":24,"key":"Mercury Hourglass"},{"floor":26,"key":"Centennial Puzzle"},{"floor":29,"key":"Blood Vial"},{"floor":30,"key":"Whetstone"}],"event_choices":[{"damage_healed":72,"gold_gain":0,"player_choice":"Upgrade","damage_taken":16,"max_hp_gain":0,"max_hp_loss":80,"event_name":"betterThird:BetterShining","floor":14,"gold_loss":0,"cards_upgraded":["Defend_R","Flame Barrier"]},{"damage_healed":0,"gold_gain":0,"player_choice":"Obtained Relic","damage_taken":0,"relics_obtained":["Vajra"],"max_hp_gain":0,"max_hp_loss":0,"event_name":"Addict","floor":19,"gold_loss":85}],"is_beta":false,"boss_relics":[{"not_picked":["Empty Cage","Fusion Hammer"],"picked":"Sozu"}],"items_purged_floors":[20],"is_endless":false,"potions_floor_spawned":[1,2,6,11,13,16,18,21],"killed_by":"Snake Plant","ascension_level":6}}