{"host":"3zb3nk4wvq0dtbuh","time":1611478575,"event":{"mods":["AchievementEnabler","BaseMod","Lobotomy","Minty Spire (QoL Compilation)","StSLib","The Blackbeard"],"gold_per_floor":[113,113,132,148,163,163,163,192,192,192,208,222,242,242,242,242,242],"floor_reached":16,"language":"ZHS","playtime":293,"items_purged":[],"score":104,"play_id":"d6d56a19-9831-4d29-a7be-a9412adfcdbe","local_time":"20210124165615","is_ascension_mode":false,"campfire_choices":[{"data":"Bash","floor":7.0,"key":"SMITH"},{"data":"Thunderclap","floor":10,"key":"SMITH"},{"data":"Defend_R","floor":15,"key":"SMITH"}],"circlet_count":0,"master_deck":["Strike_R","Strike_R","Strike_R+1","Strike_R","Strike_R","Defend_R","Defend_R","Defend_R+1","Defend_R+1","Bash+1","Thunderclap+1"],"relics":["Burning Blood"],"acts_visited":["Exordium"],"potions_floor_usage":[],"damage_taken":[{"damage":13.0,"enemies":"Jaw Worm","floor":1.0,"turns":4.0},{"damage":6.0,"enemies":"Cultist","floor":3.0,"turns":3.0},{"damage":17.0,"enemies":"Small Slimes","floor":4.0,"turns":4.0},{"damage":15.0,"enemies":"Looter","floor":5.0,"turns":3.0},{"damage":36.0,"enemies":"3 Sentries","floor":8.0,"turns":8.0},{"damage":0,"enemies":"Exordium Wildlife","floor":11,"turns":2},{"damage":15,"enemies":"Exordium Thugs","floor":12,"turns":4},{"damage":8,"enemies":"2 Fungi Beasts","floor":13,"turns":3},{"damage":13,"enemies":"The Guardian","floor":16,"turns":5}],"seed_played":"4646502306404038713","potions_obtained":[{"floor":1.0,"key":"SteroidPotion"},{"floor":2.0,"key":"Dexterity Potion"},{"floor":2.0,"key":"Weak Potion"},{"floor":2.0,"key":"EntropicBrew"},{"floor":4.0,"key":"DuplicationPotion"}],"is_trial":false,"path_per_floor":["M","?","M","M","M","?","R","E","T","R","M","M","M","?","R","B"],"character_chosen":"IRONCLAD","items_purchased":[],"campfire_rested":0,"item_purchase_floors":[],"current_hp_per_floor":[81,81,81,70,61,88,88,58,58,58,64,55,53,35,35,22,22],"gold":242,"neow_bonus":"TEN_PERCENT_HP_BONUS","is_daily":false,"chose_seed":true,"campfire_upgraded":3,"win_rate":0.0,"timestamp":1611478575,"path_taken":["M","?","?","M","M","?","R","E","T","R","M","?","M","?","R","BOSS"],"items_purchased_type":[],"build_version":"2020-12-22","purchased_purges":0,"victory":false,"max_hp_per_floor":[88,88,88,88,88,88,88,88,88,88,88,88,88,88,88,88,88],"card_choices":[{"not_picked":["Carnage","Blood for Blood"],"picked":"Dual Wield","floor":1.0},{"not_picked":["Anger","Cleave","Sword Boomerang"],"picked":"SKIP","floor":3.0},{"not_picked":["Rupture","Burning Pact"],"picked":"Thunderclap","floor":4.0},{"not_picked":["Headbutt","Pommel Strike","Sword Boomerang"],"picked":"SKIP","floor":5.0},{"not_picked":["Battle Trance","Demon Form","Cleave"],"picked":"SKIP","floor":8},{"not_picked":["Shockwave","Clash","Anger"],"picked":"SKIP","floor":11},{"not_picked":["Rupture","Wild Strike","Flex"],"picked":"SKIP","floor":12},{"not_picked":["Rupture","Havoc","Rampage"],"picked":"SKIP","floor":13}],"player_experience":11779,"relics_obtained":[],"event_choices":[{"damage_healed":0.0,"max_hp_gain":0.0,"max_hp_loss":0.0,"gold_gain":0.0,"event_name":"Lab","player_choice":"Got Potions","floor":2.0,"gold_loss":0.0,"damage_taken":0.0},{"cards_removed":["Dual Wield"],"damage_healed":27.0,"max_hp_gain":0.0,"max_hp_loss":0.0,"gold_gain":0.0,"event_name":"Bonfire Elementals","player_choice":"Offered Uncommon","floor":6.0,"gold_loss":0.0,"damage_taken":0.0},{"damage_healed":0,"gold_gain":0,"player_choice":"Entered Light","damage_taken":18,"max_hp_gain":0,"max_hp_loss":0,"event_name":"Shining Light","floor":14,"gold_loss":0,"cards_upgraded":["Strike_R","Defend_R"]}],"is_beta":false,"boss_relics":[],"items_purged_floors":[],"is_endless":false,"potions_floor_spawned":[1,4,12],"killed_by":"The Guardian","ascension_level":0}}