{"host":"2tgyrzvaa7l04o2e","time":1611501519,"event":{"mods":["BaseMod","Highlight Path","Minty Spire (QoL Compilation)","Permanent Neow","Relic Stats"],"gold_per_floor":[112,112,132,132,151,151,184,184,184,217,230,259,14,29,29,134,134,177,177,87,87,98,153,153,153,153,207,223,273,34,64,64,191,191,201,243,293,370,169,169,169,169,169,169,169,214,214,214,214,214,214,214,61,122,122],"floor_reached":56,"language":"ENG","playtime":2745,"items_purged":["Strike_P","Strike_P"],"score":1779,"play_id":"f22f6568-2898-496e-9297-42519a7e2e0e","local_time":"20210124161839","is_ascension_mode":true,"campfire_choices":[{"data":"Eruption","floor":8,"key":"SMITH"},{"data":"Scrawl","floor":15,"key":"SMITH"},{"floor":25,"key":"RECALL"},{"data":"Wish","floor":32,"key":"SMITH"},{"data":"1","floor":40,"key":"LIFT"},{"data":"2","floor":42,"key":"LIFT"},{"data":"3","floor":44,"key":"LIFT"},{"data":"Evaluate","floor":47,"key":"SMITH"},{"data":"Evaluate","floor":49,"key":"SMITH"},{"data":"FlurryOfBlows","floor":52,"key":"SMITH"}],"circlet_count":0,"master_deck":["Defend_P","Defend_P+1","Defend_P","Eruption+1","Vigilance","Consecrate","FlurryOfBlows+1","Tantrum+1","FearNoEvil+1","Evaluate+1","Scrawl+1","CutThroughFate","Evaluate+1","EmptyFist","Wish+1","MentalFortress+1","CutThroughFate+1","Perseverance+1","EmptyFist+1","Omniscience+1","Meditate+1","Protect+1","Ragnarok+1","InnerPeace+1","ThirdEye+1","FlurryOfBlows+1","TalkToTheHand+1","Wallop+1","Madness+1","Madness+1","Evaluate+1"],"relics":["PureWater","Kunai","Lantern","Bag of Preparation","Bird Faced Urn","PreservedInsect","Philosopher\u0027s Stone","MutagenicStrength","Anchor","Toxic Egg 2","Eternal Feather","Molten Egg 2","Strawberry","Runic Pyramid","Girya","Toolbox","Blue Candle"],"acts_visited":["Exordium","TheCity","TheBeyond","TheEnding"],"potions_floor_usage":[10,18,23,38,55,55,55],"damage_taken":[{"damage":0,"enemies":"2 Louse","floor":1,"turns":2},{"damage":0,"enemies":"Jaw Worm","floor":3,"turns":2},{"damage":0,"enemies":"Small Slimes","floor":5,"turns":1},{"damage":0,"enemies":"Gremlin Nob","floor":7,"turns":2},{"damage":0,"enemies":"3 Sentries","floor":10,"turns":4},{"damage":0,"enemies":"Red Slaver","floor":11,"turns":1},{"damage":0,"enemies":"Gremlin Nob","floor":12,"turns":2},{"damage":0,"enemies":"2 Fungi Beasts","floor":14,"turns":2},{"damage":13,"enemies":"The Guardian","floor":16,"turns":9},{"damage":0,"enemies":"2 Thieves","floor":18,"turns":2},{"damage":6,"enemies":"Chosen","floor":22,"turns":2},{"damage":0,"enemies":"Book of Stabbing","floor":23,"turns":1},{"damage":0,"enemies":"Gremlin Leader","floor":27,"turns":3},{"damage":0,"enemies":"Snake Plant","floor":28,"turns":2},{"damage":0,"enemies":"Book of Stabbing","floor":29,"turns":3},{"damage":0,"enemies":"Slavers","floor":31,"turns":1},{"damage":4,"enemies":"Champ","floor":33,"turns":9},{"damage":0,"enemies":"Orb Walker","floor":35,"turns":1},{"damage":3,"enemies":"3 Darklings","floor":36,"turns":2},{"damage":16,"enemies":"4 Shapes","floor":37,"turns":4},{"damage":15,"enemies":"2 Orb Walkers","floor":38,"turns":3},{"damage":2,"enemies":"Spire Growth","floor":46,"turns":4},{"damage":11,"enemies":"Awakened One","floor":50,"turns":7},{"damage":0,"enemies":"Shield and Spear","floor":54,"turns":3},{"damage":21,"enemies":"The Heart","floor":55,"turns":8}],"seed_played":"5114334647603155279","potions_obtained":[{"floor":1,"key":"Swift Potion"},{"floor":6,"key":"FairyPotion"},{"floor":6,"key":"DistilledChaos"},{"floor":7,"key":"Regen Potion"},{"floor":10,"key":"LiquidMemories"},{"floor":18,"key":"LiquidMemories"},{"floor":33,"key":"GamblersBrew"},{"floor":36,"key":"Dexterity Potion"},{"floor":38,"key":"StancePotion"}],"is_trial":false,"path_per_floor":["M","?","M","?","M","?","E","R","T","E","M","E","$","M","R","B",null,"M","?","?","$","M","E","?","R","T","E","M","E","$","E","R","B",null,"M","M","M","?","$","R","?","R","T","R","?","M","R","$","R","B",null,"R","$","E","B",null],"character_chosen":"WATCHER","items_purchased":["PreservedInsect","EmptyFist","Omniscience+1","Meditate+1","TalkToTheHand+1","Swift Strike+1","Wallop+1","Toolbox"],"campfire_rested":0,"item_purchase_floors":[13,13,30,30,39,39,39,53],"current_hp_per_floor":[65,65,65,52,52,52,52,52,52,52,52,52,52,52,52,39,59,64,64,64,64,59,59,53,53,53,55,57,59,59,66,72,68,71,72,69,53,38,38,53,53,68,68,72,63,63,72,72,72,61,69,72,72,72,51],"gold":122,"neow_bonus":"TRANSFORM_TWO_CARDS","is_daily":false,"chose_seed":false,"campfire_upgraded":6,"win_rate":0.0,"timestamp":1611501519,"path_taken":["M","?","M","?","M","?","E","R","T","E","?","E","?","M","R","BOSS","M","?","?","$","?","E","?","R","T","E","M","E","?","E","R","BOSS","M","M","?","?","$","R","?","R","T","R","?","M","R","$","R","BOSS","R","$","E","BOSS"],"items_purchased_type":["Relic","Card","Card","Card","Card","Card","Card","Relic"],"build_version":"2020-12-22","purchased_purges":2,"victory":true,"max_hp_per_floor":[65,65,65,65,65,65,65,65,65,65,65,65,65,65,65,65,65,65,65,65,65,65,65,65,65,65,65,65,65,65,72,72,72,72,72,72,72,72,72,72,72,72,72,72,72,72,72,72,72,72,72,72,72,72,72],"relic_stats":{"counters":[25,80],"Bird Faced Urn":[10],"Blue Candle":[0],"Eternal Feather":52,"PreservedInsect":238,"Bag of Preparation":[40],"Kunai":[61],"obtain_stats":[{"Girya":38,"Lantern":9,"Blue Candle":54,"Eternal Feather":27,"PreservedInsect":13,"Bag of Preparation":10,"Anchor":23,"Bird Faced Urn":12,"MutagenicStrength":19,"Strawberry":31,"Toolbox":53,"Philosopher\u0027s Stone":17,"Molten Egg 2":29,"Kunai":7,"PureWater":0,"Toxic Egg 2":26,"Runic Pyramid":34},{"Girya":21,"Lantern":4,"Blue Candle":24,"Eternal Feather":13,"PreservedInsect":7,"Bag of Preparation":5,"Anchor":12,"Bird Faced Urn":7,"MutagenicStrength":10,"Strawberry":16,"Toolbox":23,"Philosopher\u0027s Stone":9,"Molten Egg 2":15,"Kunai":4,"PureWater":0,"Toxic Egg 2":12,"Runic Pyramid":17},{"Girya":58,"Lantern":7,"Blue Candle":72,"Eternal Feather":33,"PreservedInsect":14,"Bag of Preparation":11,"Anchor":30,"Bird Faced Urn":14,"MutagenicStrength":27,"Strawberry":39,"Toolbox":69,"Philosopher\u0027s Stone":25,"Molten Egg 2":38,"Kunai":7,"PureWater":0,"Toxic Egg 2":30,"Runic Pyramid":48}]},"card_choices":[{"not_picked":["CrushJoints","BowlingBash"],"picked":"Tantrum","floor":1},{"not_picked":["JustLucky","PathToVictory"],"picked":"FearNoEvil","floor":3},{"not_picked":["FlyingSleeves","Swivel"],"picked":"Evaluate","floor":5},{"not_picked":["Sanctity","DeceiveReality","SashWhip"],"picked":"SKIP","floor":7},{"not_picked":["JustLucky","Collect"],"picked":"Scrawl","floor":10},{"not_picked":["EmptyBody","InnerPeace"],"picked":"CutThroughFate","floor":11},{"not_picked":["ThirdEye","EmptyBody"],"picked":"Evaluate","floor":12},{"not_picked":["Worship","FollowUp","DeceiveReality"],"picked":"SKIP","floor":14},{"not_picked":["MasterReality","Judgement"],"picked":"Wish","floor":16},{"not_picked":["FlurryOfBlows+1","Prostrate+1"],"picked":"MentalFortress","floor":18},{"not_picked":["Prostrate","ForeignInfluence","CrushJoints"],"picked":"SKIP","floor":22},{"not_picked":["Alpha","PathToVictory"],"picked":"CutThroughFate+1","floor":23},{"not_picked":["PathToVictory+1","MentalFortress"],"picked":"Perseverance+1","floor":27},{"not_picked":["JustLucky","Crescendo+1","SandsOfTime"],"picked":"SKIP","floor":28},{"not_picked":["Prostrate+1","FlyingSleeves+1"],"picked":"EmptyFist+1","floor":29},{"not_picked":["Vengeance+1","LikeWater+1"],"picked":"Protect+1","floor":31},{"not_picked":["Establishment","DevaForm"],"picked":"Ragnarok+1","floor":33},{"not_picked":["Nirvana","Weave+1","EmptyFist+1"],"picked":"SKIP","floor":35},{"not_picked":["JustLucky+1","CrushJoints+1"],"picked":"InnerPeace+1","floor":36},{"not_picked":["PathToVictory+1","Adaptation+1"],"picked":"ThirdEye+1","floor":37},{"not_picked":["SashWhip+1","Meditate+1"],"picked":"FlurryOfBlows+1","floor":38},{"not_picked":["FlurryOfBlows+1","Worship+1","CutThroughFate+1"],"picked":"SKIP","floor":46},{"not_picked":["CutThroughFate+1","Conclude+1"],"picked":"Evaluate+1","floor":54}],"player_experience":651635,"relics_obtained":[{"floor":7,"key":"Kunai"},{"floor":9,"key":"Lantern"},{"floor":10,"key":"Bag of Preparation"},{"floor":12,"key":"Bird Faced Urn"},{"floor":23,"key":"Anchor"},{"floor":26,"key":"Toxic Egg 2"},{"floor":27,"key":"Eternal Feather"},{"floor":29,"key":"Molten Egg 2"},{"floor":31,"key":"Strawberry"},{"floor":38,"key":"Girya"},{"floor":54,"key":"Blue Candle"}],"event_choices":[{"damage_healed":0,"gold_gain":0,"player_choice":"Grow","damage_taken":0,"max_hp_gain":0,"max_hp_loss":0,"event_name":"Living Wall","floor":2,"gold_loss":0,"cards_upgraded":["Tantrum"]},{"damage_healed":0,"gold_gain":0,"player_choice":"Entered Light","damage_taken":13,"max_hp_gain":0,"max_hp_loss":0,"event_name":"Shining Light","floor":4,"gold_loss":0,"cards_upgraded":["Defend_P","FearNoEvil"]},{"damage_healed":0,"gold_gain":0,"player_choice":"Got Potions","damage_taken":0,"max_hp_gain":0,"max_hp_loss":0,"event_name":"Lab","floor":6,"gold_loss":0},{"damage_healed":0,"gold_gain":0,"player_choice":"Inject Mutagens","damage_taken":0,"relics_obtained":["MutagenicStrength"],"max_hp_gain":0,"max_hp_loss":0,"event_name":"Drug Dealer","floor":19,"gold_loss":0},{"cards_removed":["Strike_P"],"damage_healed":0,"gold_gain":0,"player_choice":"Upgrade and Remove","damage_taken":0,"max_hp_gain":0,"max_hp_loss":0,"event_name":"Designer","floor":20,"gold_loss":90,"cards_upgraded":["MentalFortress"]},{"damage_healed":0,"gold_gain":0,"player_choice":"","damage_taken":6,"max_hp_gain":0,"max_hp_loss":0,"event_name":"Knowing Skull","floor":24,"potions_obtained":[],"gold_loss":0,"cards_obtained":[]},{"damage_healed":0,"gold_gain":0,"player_choice":"Fight","damage_taken":0,"max_hp_gain":0,"max_hp_loss":0,"event_name":"Mysterious Sphere","floor":38,"gold_loss":0},{"cards_removed":["Swift Strike"],"damage_healed":0,"gold_gain":0,"player_choice":"Removed Attack","damage_taken":0,"max_hp_gain":0,"max_hp_loss":0,"event_name":"Falling","floor":41,"gold_loss":0},{"damage_healed":0,"gold_gain":0,"player_choice":"Embrace Madness","damage_taken":9,"max_hp_gain":0,"max_hp_loss":0,"event_name":"Winding Halls","floor":45,"gold_loss":0,"cards_obtained":["Madness","Madness"]}],"is_beta":false,"boss_relics":[{"not_picked":["Velvet Choker","Calling Bell"],"picked":"Philosopher\u0027s Stone"},{"not_picked":["Empty Cage","Tiny House"],"picked":"Runic Pyramid"}],"items_purged_floors":[13,30],"is_endless":false,"potions_floor_spawned":[1,7,10,18,22,33,36,38],"ascension_level":7}}