{"host":"zxkjcgzis4pm3za5","time":1611499906,"event":{"mods":["AchievementEnabler","Act Like it!","BaseMod","Colored Map","Colored Powertips","Friendly Minions","GifTheSpireLib","Minty Spire (QoL Compilation)","Quick Restart","RNG Fix","Random Character Button","Relic Sorter","Relic Stats","StSLib"],"gold_per_floor":[10,21,38,38,53,53,53,53],"floor_reached":7,"language":"ENG","playtime":226,"items_purged":[],"score":80,"play_id":"c461bff3-7400-4288-a170-faf446e37138","local_time":"20210124202146","is_ascension_mode":true,"campfire_choices":[{"data":"Streamline","floor":6,"key":"SMITH"}],"circlet_count":0,"master_deck":["AscendersBane","Strike_B","Strike_B","Strike_B","Strike_B","Defend_B","Defend_B","Defend_B","Defend_B","Zap","Dualcast","Leap","Streamline+1","Gash","Sweeping Beam"],"relics":["Cracked Core","WingedGreaves","Ancient Tea Set"],"acts_visited":["Exordium"],"potions_floor_usage":[5],"damage_taken":[{"damage":0,"enemies":"2 Louse","floor":1,"turns":4},{"damage":1,"enemies":"Cultist","floor":2,"turns":4},{"damage":7,"enemies":"Small Slimes","floor":3,"turns":4},{"damage":5,"enemies":"3 Louse","floor":5,"turns":3},{"damage":35,"enemies":"Lagavulin","floor":7,"turns":6}],"seed_played":"-1614886615279604100","potions_obtained":[{"floor":2,"key":"Block Potion"}],"is_trial":false,"path_per_floor":["M","M","M","?","M","R","E"],"character_chosen":"DEFECT","items_purchased":[],"campfire_rested":0,"item_purchase_floors":[],"current_hp_per_floor":[64,63,56,30,25,25,0,0],"gold":53,"neow_bonus":"ONE_RARE_RELIC","is_daily":false,"chose_seed":false,"campfire_upgraded":1,"win_rate":0.0,"timestamp":1611499906,"path_taken":["M","M","M","?","M","R","E"],"items_purchased_type":[],"build_version":"2020-12-22","purchased_purges":0,"victory":false,"max_hp_per_floor":[71,71,71,71,71,71,71,71],"relic_stats":{"counters":[5,21],"obtain_stats":[{"WingedGreaves":0,"Cracked Core":0,"Ancient Tea Set":4},{"WingedGreaves":0,"Cracked Core":0,"Ancient Tea Set":3},{"WingedGreaves":0,"Cracked Core":0,"Ancient Tea Set":12}]},"card_choices":[{"not_picked":["Hologram","Capacitor"],"picked":"Leap","floor":1},{"not_picked":["Reinforced Body","Beam Cell"],"picked":"Streamline","floor":2},{"not_picked":["Rebound","Conserve Battery"],"picked":"Gash","floor":3},{"not_picked":["Streamline","Turbo"],"picked":"Sweeping Beam","floor":5}],"player_experience":266256,"relics_obtained":[],"event_choices":[{"damage_healed":0,"gold_gain":0,"player_choice":"Success","damage_taken":26,"relics_obtained":["Ancient Tea Set"],"max_hp_gain":0,"max_hp_loss":0,"event_name":"Scrap Ooze","floor":4,"gold_loss":0}],"is_beta":false,"boss_relics":[],"items_purged_floors":[],"is_endless":false,"potions_floor_spawned":[2],"killed_by":"Lagavulin","ascension_level":17}}