{"host":"nwd160me4iqdtr8u","time":1611461726,"event":{"mods":["AchievementEnabler","Act Like it!","BaseMod","Colored Map","DeckTracker","Minty Spire (QoL Compilation)","Quick Restart","Rare Cards Sparkle","StSLib","SuperFastMode","everything is the same but u backflip on backflip"],"gold_per_floor":[112,123,39,39,39,39,66,82,82,82,99,99,99,115,115,211,211,223,223,235,71,71,104,104,104,104],"floor_reached":25,"language":"KOR","playtime":1839,"items_purged":["Strike_P"],"score":263,"play_id":"d138b733-0339-4e91-a947-b62708e9b9e6","local_time":"20210124131526","is_ascension_mode":true,"campfire_choices":[{"data":"Vigilance","floor":6.0,"key":"SMITH"},{"floor":12.0,"key":"REST"},{"data":"MentalFortress","floor":15.0,"key":"SMITH"},{"data":"Scrawl","floor":24.0,"key":"SMITH"}],"circlet_count":0,"master_deck":["Strike_P","Defend_P","Defend_P","Defend_P","Defend_P","Eruption","Vigilance+1","Adaptation","FlyingSleeves","Deep Breath","Weave","EmptyFist","MentalFortress+1","Crescendo","Scrawl+1","Halt+1","Tantrum"],"relics":["PureWater","TungstenRod","Yang","Black Star","Pear","Prayer Wheel","Ancient Tea Set"],"acts_visited":["Exordium","TheCity"],"potions_floor_usage":[],"damage_taken":[{"damage":9.0,"enemies":"Cultist","floor":1.0,"turns":5.0},{"damage":0.0,"enemies":"2 Louse","floor":2.0,"turns":2.0},{"damage":30.0,"enemies":"3 Sentries","floor":7.0,"turns":10.0},{"damage":6.0,"enemies":"Jaw Worm","floor":8.0,"turns":3.0},{"damage":13.0,"enemies":"Exordium Thugs","floor":11.0,"turns":6.0},{"damage":0.0,"enemies":"Red Slaver","floor":14.0,"turns":4.0},{"damage":12.0,"enemies":"Slime Boss","floor":16.0,"turns":12.0},{"damage":15.0,"enemies":"Chosen","floor":18.0,"turns":6.0},{"damage":1.0,"enemies":"Shell Parasite","floor":20.0,"turns":5.0},{"damage":23.0,"enemies":"Slavers","floor":23.0,"turns":6.0},{"damage":44,"enemies":"Cultist and Chosen","floor":25,"turns":6}],"seed_played":"-5107250596794658387","potions_obtained":[{"floor":2.0,"key":"SpeedPotion"},{"floor":7.0,"key":"SneckoOil"},{"floor":8.0,"key":"Block Potion"},{"floor":11.0,"key":"EssenceOfSteel"}],"is_trial":false,"path_per_floor":["M","M","$","?","$","R","E","M","T","?","M","R","?","M","R","B",null,"M","?","M","$","$","E","R","M"],"character_chosen":"WATCHER","items_purchased":["Deep Breath","Tantrum","SkillPotion"],"campfire_rested":1,"item_purchase_floors":[3,21,21],"current_hp_per_floor":[63,63,63,63,63,63,33,27,27,27,14,35,29,29,29,17,72,57,67,66,66,66,43,43,0,0],"gold":104,"neow_bonus":"THREE_CARDS","is_daily":false,"chose_seed":false,"campfire_upgraded":3,"win_rate":0.0,"timestamp":1611461726,"path_taken":["M","M","$","?","?","R","E","M","T","?","M","R","?","M","R","BOSS","M","?","M","?","$","E","R","M"],"items_purchased_type":["Card","Card","Potion"],"build_version":"2020-12-22","purchased_purges":1,"victory":false,"max_hp_per_floor":[72,72,72,72,72,72,72,72,72,72,72,72,72,72,72,72,72,72,82,82,82,82,82,82,82,82],"card_choices":[{"not_picked":["ClearTheMind","FlurryOfBlows"],"picked":"Adaptation","floor":0.0},{"not_picked":["Nirvana","SignatureMove"],"picked":"CutThroughFate","floor":1.0},{"not_picked":["ClearTheMind","Protect"],"picked":"FlyingSleeves","floor":2.0},{"not_picked":["ClearTheMind","Wish"],"picked":"EmptyFist","floor":7.0},{"not_picked":["Swivel","JustLucky"],"picked":"MentalFortress","floor":8.0},{"not_picked":["FollowUp","SashWhip"],"picked":"Crescendo","floor":11.0},{"not_picked":["CarveReality","Study","Consecrate"],"picked":"SKIP","floor":14.0},{"not_picked":["ConjureBlade","Brilliance"],"picked":"Scrawl","floor":16.0},{"not_picked":["EmptyBody","WaveOfTheHand"],"picked":"Halt+1","floor":18.0},{"not_picked":["FlyingSleeves","CutThroughFate+1","CarveReality+1"],"picked":"SKIP","floor":20.0},{"not_picked":["Establishment","Evaluate","BowlingBash"],"picked":"SKIP","floor":23.0}],"player_experience":234178,"relics_obtained":[{"floor":7.0,"key":"TungstenRod"},{"floor":9.0,"key":"Yang"},{"floor":23.0,"key":"Prayer Wheel"},{"floor":23.0,"key":"Ancient Tea Set"}],"event_choices":[{"damage_healed":0.0,"max_hp_gain":0.0,"max_hp_loss":0.0,"gold_gain":0.0,"cards_transformed":["Strike_P"],"event_name":"Transmorgrifier","player_choice":"Transformed","floor":4.0,"gold_loss":0.0,"damage_taken":0.0,"cards_obtained":["Weave"]},{"damage_healed":0.0,"max_hp_gain":0.0,"max_hp_loss":0.0,"gold_gain":0.0,"event_name":"Dead Adventurer","player_choice":"Searched \u00270\u0027 times","floor":10.0,"gold_loss":0.0,"damage_taken":0.0},{"cards_removed":["Strike_P"],"damage_healed":0.0,"max_hp_gain":0.0,"max_hp_loss":0.0,"gold_gain":0.0,"event_name":"Golden Wing","player_choice":"Card Removal","floor":13.0,"gold_loss":0.0,"damage_taken":7.0},{"cards_removed":["CutThroughFate"],"damage_healed":0.0,"max_hp_gain":0.0,"max_hp_loss":0.0,"gold_gain":0.0,"event_name":"WeMeetAgain","player_choice":"Gave Card","floor":19.0,"gold_loss":0.0,"damage_taken":0.0,"relics_obtained":["Pear"]}],"is_beta":false,"boss_relics":[{"not_picked":["SacredBark","Ectoplasm"],"picked":"Black Star"}],"items_purged_floors":[21],"is_endless":false,"potions_floor_spawned":[2,7,8,11],"killed_by":"Cultist and Chosen","ascension_level":4}}