{"host":"a5lz0e76zb3fcwkm","time":1611471010,"event":{"mods":["AchievementEnabler","BaseMod","Colored Map","Colored Powertips","Minty Spire (QoL Compilation)","StSLib","SuperFastMode"],"gold_per_floor":[115,115,126,201,1,34,34,34,34,50,75,94,110,145,145,224,224,238,238,254,274,274,274],"floor_reached":22,"language":"KOR","playtime":456,"items_purged":[],"score":562,"play_id":"2fd0f851-ca7c-49cb-abf7-f31c3f57ea2b","local_time":"20210124155010","is_ascension_mode":true,"campfire_choices":[{"data":"Inflame","floor":7,"key":"SMITH"},{"data":"Inflame","floor":15,"key":"SMITH"}],"circlet_count":0,"master_deck":["AscendersBane","Strike_R","Strike_R","Strike_R","Strike_R","Defend_R","Defend_R","Defend_R","Defend_R","Bash","Inflame+1","Twin Strike","Sword Boomerang","Whirlwind","Inflame+1","Reaper","Shrug It Off+1","Fiend Fire"],"relics":["Burning Blood","NeowsBlessing","Potion Belt","Bird Faced Urn","Kunai","Bag of Marbles","White Beast Statue","Toxic Egg 2","SlaversCollar"],"acts_visited":["Exordium","TheCity"],"potions_floor_usage":[13,14,16,18,20,22,22],"damage_taken":[{"damage":0,"enemies":"2 Louse","floor":1,"turns":2},{"damage":0,"enemies":"Cultist","floor":3,"turns":1},{"damage":0,"enemies":"Lagavulin","floor":6,"turns":1},{"damage":2,"enemies":"Jaw Worm","floor":10,"turns":3},{"damage":45,"enemies":"3 Sentries","floor":11,"turns":9},{"damage":9,"enemies":"3 Louse","floor":12,"turns":2},{"damage":12,"enemies":"2 Fungi Beasts","floor":13,"turns":2},{"damage":8,"enemies":"Gremlin Nob","floor":14,"turns":3},{"damage":0,"enemies":"Slime Boss","floor":16,"turns":5},{"damage":35,"enemies":"Shell Parasite","floor":18,"turns":5},{"damage":7,"enemies":"Chosen","floor":20,"turns":3},{"damage":48,"enemies":"Snake Plant","floor":21,"turns":5},{"damage":13,"enemies":"Snecko","floor":22,"turns":2}],"seed_played":"-6590013738099967575","potions_obtained":[{"floor":6,"key":"CultistPotion"},{"floor":12,"key":"SneckoOil"},{"floor":13,"key":"ColorlessPotion"},{"floor":14,"key":"FearPotion"},{"floor":16,"key":"DistilledChaos"},{"floor":18,"key":"AttackPotion"},{"floor":20,"key":"FearPotion"},{"floor":21,"key":"AttackPotion"}],"is_trial":false,"path_per_floor":["M","?","M","?","$","E","R","?","T","M","E","M","M","E","R","B",null,"M","?","M","M","M"],"character_chosen":"IRONCLAD","items_purchased":["Potion Belt","Sword Boomerang"],"campfire_rested":0,"item_purchase_floors":[5,5],"current_hp_per_floor":[74,74,75,64,64,70,70,70,70,75,38,37,31,31,31,41,67,42,42,45,7,0,0],"gold":274,"neow_bonus":"THREE_ENEMY_KILL","is_daily":false,"chose_seed":false,"campfire_upgraded":2,"win_rate":0.0,"timestamp":1611471010,"path_taken":["M","?","?","?","$","E","R","?","T","?","E","M","M","E","R","BOSS","M","?","M","M","M"],"items_purchased_type":["Relic","Card"],"build_version":"2020-12-22","purchased_purges":0,"victory":false,"max_hp_per_floor":[75,75,75,75,75,75,75,75,75,75,75,75,75,75,75,75,75,75,75,75,75,75,75],"card_choices":[{"not_picked":["Heavy Blade","Cleave","Thunderclap"],"picked":"SKIP","floor":1},{"not_picked":["Perfected Strike","Thunderclap"],"picked":"Twin Strike","floor":3},{"not_picked":["Juggernaut","Bloodletting","Heavy Blade"],"picked":"SKIP","floor":6},{"not_picked":["Headbutt","Rampage","Entrench"],"picked":"SKIP","floor":10},{"not_picked":["Searing Blow","Burning Pact"],"picked":"Whirlwind","floor":11},{"not_picked":["Havoc","Combust","Armaments"],"picked":"SKIP","floor":12},{"not_picked":["Entrench","Bloodletting","True Grit"],"picked":"SKIP","floor":13},{"not_picked":["Wild Strike","Body Slam"],"picked":"Inflame","floor":14},{"not_picked":["Demon Form","Corruption"],"picked":"Reaper","floor":16},{"not_picked":["Inflame","Perfected Strike","Twin Strike+1"],"picked":"SKIP","floor":18},{"not_picked":["Armaments+1","Anger"],"picked":"Shrug It Off+1","floor":20},{"not_picked":["Wild Strike","Havoc+1"],"picked":"Fiend Fire","floor":21}],"player_experience":1795543,"relics_obtained":[{"floor":6,"key":"Bird Faced Urn"},{"floor":9,"key":"Bag of Marbles"},{"floor":11,"key":"White Beast Statue"},{"floor":14,"key":"Toxic Egg 2"}],"event_choices":[{"damage_healed":0,"gold_gain":0,"cards_transformed":["Strike_R"],"player_choice":"Transformed","damage_taken":0,"max_hp_gain":0,"max_hp_loss":0,"event_name":"Transmorgrifier","floor":2,"gold_loss":0,"cards_obtained":["Inflame"]},{"damage_healed":0,"gold_gain":75,"player_choice":"Gather Gold","damage_taken":11,"max_hp_gain":0,"max_hp_loss":0,"event_name":"World of Goop","floor":4,"gold_loss":0},{"damage_healed":0,"gold_gain":0,"player_choice":"Gave Potion","damage_taken":0,"relics_obtained":["Kunai"],"max_hp_gain":0,"max_hp_loss":0,"event_name":"WeMeetAgain","floor":8,"gold_loss":0},{"damage_healed":0,"gold_gain":0,"player_choice":"Ignored","damage_taken":0,"max_hp_gain":0,"max_hp_loss":0,"event_name":"The Mausoleum","floor":19,"gold_loss":0}],"is_beta":false,"boss_relics":[{"not_picked":["Runic Cube","Black Blood"],"picked":"SlaversCollar"}],"items_purged_floors":[],"is_endless":false,"potions_floor_spawned":[6,12,13,14,16,18,20,21],"killed_by":"Snecko","ascension_level":20}}