{"host":"l6vifo5ajdb3p20b","time":1611467368,"event":{"mods":["2.2 Compatiblity","BaseMod","Better Altar","Better Sensory Stone","Better Skull","Better Third Choice","BetterRewards","Block Reminder","Booster Modes","Card Forge","Clockwork Mod","Colored Map","Defuse TimeMaze Blight","Energized Spire","Evolution","Minty Spire (QoL Compilation)","Relic Stats","StSLib","The Necromancer"],"gold_per_floor":[112,123,133,144,163,181,181,181,181,146,146,178,178,23,23,151,151,166,149,164,164,184,184,219,237,264,302,6,6,25,38,38,163,163,181,32,51,0,16,16,59,59,59,74,74,74,98,121,121,121],"floor_reached":51,"language":"ENG","playtime":5826,"items_purged":["Clockwork:Shield","Clockwork:Shield"],"score":723,"play_id":"09b27fdf-5326-464c-8c60-894b65f49fd3","local_time":"20210124124928","is_ascension_mode":false,"campfire_choices":[{"floor":8,"key":"REST"},{"data":"Clockwork:LiteraryArmor","floor":11,"key":"SMITH"},{"data":"Clockwork:RitualDaggerMk0","floor":15,"key":"SMITH"},{"floor":23,"key":"REST"},{"data":"Clockwork:RampUp","floor":29,"key":"SMITH"},{"floor":32,"key":"REST"},{"data":"Clockwork:SystemHardening","floor":40,"key":"SMITH"},{"data":"Clockwork:Strangle","floor":42,"key":"SMITH"},{"data":"Clockwork:AdaptiveShield","floor":46,"key":"SMITH"},{"floor":49,"key":"REST"}],"circlet_count":0,"master_deck":["Clockwork:Roundhouse+1","Clockwork:Strike+1","Clockwork:Strike+1","Clockwork:Strike","Clockwork:Shield","Clockwork:Shield","Clockwork:Tinker+1","Clockwork:WarmUp","Clockwork:SystemHardening+1","Clockwork:CogBarrier","Clockwork:LiteraryArmor+1","Clockwork:SearchingStrike","Clockwork:ElasticNanites+1","Clockwork:RitualDaggerMk0+1","Clockwork:Strangle+1","Clockwork:SnapKeep","Clockwork:RampUp+1","Clockwork:CogBarrier","Clockwork:RevUp+1","Clockwork:ChargingBlade+1","Clockwork:Roundhouse+1","Clockwork:AdaptiveShield+1","Clockwork:Roundhouse+1","Parasite"],"relics":["Clockwork:MomentumEngine","Hammer of Thor","Seething Fire","Anvil of the Gods","EVO:Axolotl","NeowsBlessing","Clockwork:SomewhatSmoothStone","Toy Ornithopter","Nunchaku","Centennial Puzzle","Frozen Egg 2","Golden Idol","Busted Crown","Torii","Whetstone","Blue Candle","energizedSpire:DeadBattery","Strange Spoon","Red Mask","Clockwork:QuicksilverHourglass","Ancient Tea Set","Kunai"],"acts_visited":["Exordium","TheCity","TheBeyond"],"potions_floor_usage":[12,18,18,24,30,33],"damage_taken":[{"damage":5,"enemies":"Small Slimes","floor":1,"turns":3},{"damage":2,"enemies":"2 Louse","floor":2,"turns":4},{"damage":0,"enemies":"Cultist","floor":3,"turns":3},{"damage":11,"enemies":"Blue Slaver","floor":4,"turns":9},{"damage":8,"enemies":"Exordium Wildlife","floor":5,"turns":10},{"damage":5,"enemies":"3 Louse","floor":6,"turns":7},{"damage":1,"enemies":"Lagavulin","floor":12,"turns":14},{"damage":19,"enemies":"The Guardian","floor":16,"turns":17},{"damage":5,"enemies":"3 Byrds","floor":18,"turns":8},{"damage":10,"enemies":"2 Thieves","floor":19,"turns":4},{"damage":2,"enemies":"Centurion and Healer","floor":20,"turns":9},{"damage":14,"enemies":"Snake Plant","floor":22,"turns":5},{"damage":0,"enemies":"Gremlin Leader","floor":24,"turns":7},{"damage":20,"enemies":"Sentry and Sphere","floor":25,"turns":7},{"damage":22,"enemies":"Slavers","floor":27,"turns":10},{"damage":9,"enemies":"3 Cultists","floor":30,"turns":7},{"damage":15,"enemies":"Shelled Parasite and Fungi","floor":31,"turns":7},{"damage":24,"enemies":"Champ","floor":33,"turns":13},{"damage":16,"enemies":"3 Darklings","floor":35,"turns":5},{"damage":15,"enemies":"Orb Walker","floor":37,"turns":4},{"damage":0,"enemies":"Jaw Worm Horde","floor":39,"turns":5},{"damage":0,"enemies":"Nemesis","floor":41,"turns":7},{"damage":9,"enemies":"Spire Growth","floor":44,"turns":4},{"damage":0,"enemies":"Writhing Mass","floor":47,"turns":3},{"damage":0,"enemies":"Jaw Worm Horde","floor":48,"turns":5},{"damage":13,"enemies":"Awakened One","floor":50,"turns":12}],"seed_played":"6526486481095849762","potions_obtained":[{"floor":1,"key":"Fire Potion"},{"floor":4,"key":"SteroidPotion"},{"floor":5,"key":"EssenceOfSteel"},{"floor":6,"key":"SkillPotion"},{"floor":18,"key":"FairyPotion"},{"floor":19,"key":"CultistPotion"},{"floor":20,"key":"FairyPotion"},{"floor":21,"key":"FearPotion"},{"floor":22,"key":"PowerPotion"},{"floor":31,"key":"Energy Potion"},{"floor":33,"key":"SteroidPotion"}],"is_trial":false,"path_per_floor":["M","M","M","M","M","M","?","R","T","?","R","E","?","$","R","B",null,"M","M","M","?","M","R","E","M","T","E","$","R","M","M","R","B",null,"M","$","M","?","M","R","E","R","T","M","?","R","M","M","R","B",null],"character_chosen":"CLOCKWORK","items_purchased":["Clockwork:RitualDaggerMk0","Clockwork:Halt","Clockwork:RevUp+1","ColorlessPotion","Strange Spoon"],"campfire_rested":4,"item_purchase_floors":[14,28,28,28,36],"current_hp_per_floor":[80,78,78,67,59,54,15,40,40,61,61,65,44,44,44,25,85,80,70,68,68,54,79,84,64,64,42,42,42,38,23,48,29,85,69,69,54,54,54,54,54,54,54,45,45,45,45,45,69,56],"gold":121,"neow_bonus":"THREE_ENEMY_KILL","is_daily":false,"chose_seed":false,"campfire_upgraded":6,"win_rate":0.0,"timestamp":1611467368,"path_taken":["M","M","M","M","M","M","?","R","T","?","R","E","?","$","R","BOSS","M","M","M","?","M","R","E","M","T","E","$","R","?","M","R","BOSS","M","$","M","?","M","R","E","R","T","M","?","R","M","M","R","BOSS"],"items_purchased_type":["Card","Card","Card","Potion","Relic"],"build_version":"2020-12-22","purchased_purges":2,"victory":true,"max_hp_per_floor":[85,85,85,85,85,85,85,85,85,85,85,85,85,85,85,85,85,85,85,85,85,85,85,85,85,85,85,85,85,85,85,85,85,85,85,85,85,85,85,85,85,85,85,85,81,81,81,81,81,81],"relic_stats":{"Strange Spoon":[4],"Nunchaku":[31],"Centennial Puzzle":[45],"Busted Crown":34,"Torii":6,"counters":[26,189],"Golden Idol":148,"Blue Candle":[1],"Whetstone":["Clockwork:Strike","Clockwork:Strike"],"Kunai":[11],"obtain_stats":[{"NeowsBlessing":0,"Torii":24,"Golden Idol":13,"Clockwork:SomewhatSmoothStone":5,"Blue Candle":27,"Hammer of Thor":0,"EVO:Axolotl":0,"Seething Fire":0,"Whetstone":26,"Frozen Egg 2":12,"energizedSpire:DeadBattery":34,"Ancient Tea Set":41,"Clockwork:MomentumEngine":0,"Strange Spoon":36,"Nunchaku":7,"Centennial Puzzle":9,"Busted Crown":17,"Clockwork:QuicksilverHourglass":41,"Anvil of the Gods":0,"Red Mask":38,"Kunai":43,"Toy Ornithopter":7},{"NeowsBlessing":0,"Torii":13,"Golden Idol":7,"Clockwork:SomewhatSmoothStone":5,"Blue Candle":15,"Hammer of Thor":0,"EVO:Axolotl":0,"Seething Fire":0,"Whetstone":14,"Frozen Egg 2":7,"energizedSpire:DeadBattery":18,"Ancient Tea Set":22,"Clockwork:MomentumEngine":0,"Strange Spoon":19,"Nunchaku":6,"Centennial Puzzle":6,"Busted Crown":8,"Clockwork:QuicksilverHourglass":22,"Anvil of the Gods":0,"Red Mask":20,"Kunai":22,"Toy Ornithopter":6},{"NeowsBlessing":0,"Torii":100,"Golden Idol":50,"Clockwork:SomewhatSmoothStone":29,"Blue Candle":117,"Hammer of Thor":0,"EVO:Axolotl":0,"Seething Fire":0,"Whetstone":107,"Frozen Egg 2":50,"energizedSpire:DeadBattery":144,"Ancient Tea Set":165,"Clockwork:MomentumEngine":0,"Strange Spoon":149,"Nunchaku":36,"Centennial Puzzle":36,"Busted Crown":67,"Clockwork:QuicksilverHourglass":161,"Anvil of the Gods":0,"Red Mask":153,"Kunai":165,"Toy Ornithopter":36}],"Toy Ornithopter":20},"card_choices":[{"not_picked":["Clockwork:Friction","Clockwork:SnapKeep"],"picked":"Clockwork:SystemHardening","floor":1},{"not_picked":["Clockwork:AdaptiveShield","Clockwork:SpringShield"],"picked":"Clockwork:CogBarrier","floor":2},{"not_picked":["Clockwork:Friction","Clockwork:SnapKeep"],"picked":"Clockwork:SmithsMallet","floor":3},{"not_picked":["Clockwork:TiltAWhirl","Clockwork:PerfectedStrike"],"picked":"Clockwork:CraftSomewhatSmoothStone","floor":4},{"not_picked":["Clockwork:Friction","Clockwork:AdaptiveShield"],"picked":"Clockwork:LiteraryArmor","floor":5},{"not_picked":["Clockwork:TiltAWhirl","Clockwork:CraftCopperScales"],"picked":"Clockwork:SearchingStrike","floor":6},{"not_picked":["Clockwork:AdaptiveShield","Clockwork:CraftQuicksilverHourglass"],"picked":"Clockwork:ElasticNanites+1","floor":12},{"not_picked":["Clockwork:CraftMomentumEngine","Clockwork:Randomization"],"picked":"Clockwork:Strangle","floor":16},{"not_picked":["Clockwork:Friction+1"],"picked":"SKIP","floor":18},{"not_picked":[],"picked":"Clockwork:SnapKeep","floor":19},{"not_picked":["Clockwork:Efficiency"],"picked":"SKIP","floor":20},{"not_picked":["Clockwork:SnapKeep"],"picked":"SKIP","floor":22},{"not_picked":[],"picked":"Clockwork:RampUp","floor":24},{"not_picked":[],"picked":"Clockwork:CogBarrier","floor":25},{"not_picked":["Clockwork:PerfectedShield"],"picked":"SKIP","floor":27},{"not_picked":[],"picked":"Clockwork:ChargingBlade+1","floor":30},{"not_picked":[],"picked":"Clockwork:Roundhouse+1","floor":31},{"not_picked":[],"picked":"Clockwork:CraftQuicksilverHourglass","floor":33},{"not_picked":[],"picked":"Clockwork:AdaptiveShield","floor":35},{"not_picked":["Clockwork:ReserveSystems+1"],"picked":"SKIP","floor":37},{"not_picked":["Clockwork:Minimalism+1"],"picked":"SKIP","floor":39},{"not_picked":[],"picked":"Clockwork:Roundhouse+1","floor":41},{"not_picked":["Clockwork:EnthusiasticStrike"],"picked":"SKIP","floor":44},{"not_picked":["Clockwork:EnthusiasticStrike"],"picked":"SKIP","floor":47},{"not_picked":["Clockwork:PerfectedStrike+1"],"picked":"SKIP","floor":48}],"player_experience":1106629,"relics_obtained":[{"floor":9,"key":"Centennial Puzzle"},{"floor":12,"key":"Frozen Egg 2"},{"floor":24,"key":"Torii"},{"floor":26,"key":"Whetstone"},{"floor":27,"key":"Blue Candle"},{"floor":41,"key":"Ancient Tea Set"},{"floor":43,"key":"Kunai"}],"event_choices":[{"damage_healed":0,"gold_gain":1,"player_choice":"Relic Relic ","damage_taken":39,"max_hp_gain":0,"max_hp_loss":0,"event_name":"betterThird:BetterScrap","floor":7,"gold_loss":0,"cards_obtained":["Sever Soul"]},{"damage_healed":21,"gold_gain":0,"player_choice":"Healed","damage_taken":0,"max_hp_gain":0,"max_hp_loss":0,"event_name":"The Cleric","floor":10,"gold_loss":35},{"damage_healed":0,"gold_gain":0,"player_choice":"Take Damage","damage_taken":21,"relics_obtained":["Golden Idol"],"max_hp_gain":0,"max_hp_loss":0,"event_name":"Golden Idol","floor":13,"gold_loss":0},{"damage_healed":0,"gold_gain":0,"player_choice":"Got Potions","damage_taken":0,"max_hp_gain":0,"max_hp_loss":0,"event_name":"Lab","floor":21,"gold_loss":0},{"damage_healed":0,"gold_gain":0,"player_choice":"Paid","damage_taken":0,"relics_obtained":["Red Mask"],"max_hp_gain":0,"max_hp_loss":0,"event_name":"Tomb of Lord Red Mask","floor":38,"gold_loss":51},{"damage_healed":0,"gold_gain":0,"player_choice":"Max HP","damage_taken":0,"max_hp_gain":0,"max_hp_loss":4,"event_name":"Winding Halls","floor":45,"gold_loss":0}],"is_beta":false,"boss_relics":[{"not_picked":["Velvet Choker","SacredBark"],"picked":"Busted Crown"},{"not_picked":["energizedSpire:RedRose","energizedSpire:MagnifyingGlass"],"picked":"energizedSpire:DeadBattery"}],"items_purged_floors":[14,28],"is_endless":false,"potions_floor_spawned":[1,4,5,6,18,19,20,22,31,33,35,37,47,48],"ascension_level":0}}