{"host":"dv29tre2e7vje47n","time":1611500340,"event":{"mods":["AchievementEnabler","BaseMod","Colored Map","Colored Powertips","DeckTracker","Displayed Cursed Tome","Downfall","Friendly Minions","Googly Eyes","Highlight Path","Infinite Spire","Key Reminder","Minty Spire (QoL Compilation)","Quick Restart","Random Character Button","Rare Cards Sparkle","Relic Sorter","Relic Stats","Replay The Spire","Spire Arcade","Spire Birthday Party","StSLib","SuperFastMode","Unceasing Turn Reminder"],"gold_per_floor":[99,99,99,99,99,114,138,163,163,173,173,14,14,31,42,42,42,42],"floor_reached":16,"language":"ENG","playtime":824,"items_purged":[],"score":98,"play_id":"388ca9bf-6daa-4c2b-9317-3fee1464ae73","local_time":"20210124155900","is_ascension_mode":false,"campfire_choices":[{"data":"champ:Taunt","floor":1,"key":"SMITH"},{"data":"champ:EnGarde","floor":9,"key":"SMITH"},{"data":"champ:Execute","floor":13,"key":"SMITH"}],"circlet_count":0,"master_deck":["champ:Strike","champ:Strike","champ:Strike","champ:Strike","champ:Defend","champ:Defend","champ:Defend","champ:Defend","champ:Execute+1","champ:Taunt+1","champ:Haymaker","champ:ShieldSlam","champ:EnGarde+1","champ:AdrenalArmor","champ:VampiricStrike","champ:StanceDance"],"relics":["champ:ChampionCrown","downfall:HeartsMalice","Simple Rune","infinitespire:BottledMercury","ClockworkSouvenir"],"acts_visited":["Exordium"],"potions_floor_usage":[],"damage_taken":[{"damage":0,"enemies":"Cultist","floor":2,"turns":1},{"damage":0,"enemies":"Jaw Worm","floor":3,"turns":1},{"damage":0,"enemies":"Small Slimes","floor":4,"turns":1},{"damage":31,"enemies":"Exordium Thugs","floor":6,"turns":7},{"damage":61,"enemies":"Lagavulin","floor":8,"turns":8},{"damage":20,"enemies":"2 Fungi Beasts","floor":10,"turns":5},{"damage":25,"enemies":"downfall:FleeingMerchant","floor":12,"turns":4},{"damage":20,"enemies":"Large Slime","floor":14,"turns":6},{"damage":26,"enemies":"Exordium Thugs","floor":15,"turns":4},{"damage":158,"enemies":"DF_ARCHETYPE_STREAMLINE","floor":16,"turns":14}],"seed_played":"8058169217994988535","potions_obtained":[{"floor":6,"key":"hexamod:SoulburnPotion"},{"floor":14,"key":"Strength Potion"},{"floor":15,"key":"Regen Potion"}],"is_trial":false,"path_per_floor":["R","M","M","M","?","M","T","E","R","M","?","$","R","M","M","B"],"character_chosen":"THE_CHAMP","items_purchased":["ClockworkSouvenir"],"campfire_rested":0,"item_purchase_floors":[12],"current_hp_per_floor":[90,90,90,90,90,79,79,48,48,48,75,75,75,75,74,0,0,0],"gold":42,"neow_bonus":"THREE_ENEMY_KILL","is_daily":false,"chose_seed":false,"campfire_upgraded":3,"win_rate":0.0,"timestamp":1611500340,"path_taken":["R","M","?","M","?","?","T","E","R","M","?","$","R","M","M","BOSS"],"items_purchased_type":["Relic"],"build_version":"2020-12-22","purchased_purges":0,"victory":false,"max_hp_per_floor":[90,90,90,90,90,90,90,90,90,90,90,90,90,90,90,90,90,90],"relic_stats":{"counters":[10,48],"obtain_stats":[{"infinitespire:BottledMercury":8,"champ:ChampionCrown":0,"downfall:HeartsMalice":0,"Simple Rune":7,"ClockworkSouvenir":12},{"infinitespire:BottledMercury":5,"champ:ChampionCrown":0,"downfall:HeartsMalice":0,"Simple Rune":4,"ClockworkSouvenir":7},{"infinitespire:BottledMercury":15,"champ:ChampionCrown":0,"downfall:HeartsMalice":0,"Simple Rune":7,"ClockworkSouvenir":24}]},"card_choices":[{"not_picked":["champ:FlashCut","champ:IronFortress"],"picked":"champ:Haymaker","floor":2},{"not_picked":["champ:CalledShot","champ:DeathBlow"],"picked":"champ:ShieldSlam","floor":3},{"not_picked":["champ:RapidStrikes","champ:DefensiveShout"],"picked":"champ:ShieldWall","floor":4},{"not_picked":["champ:Circumvent","champ:FlashCut"],"picked":"champ:EnGarde","floor":6},{"not_picked":["champ:PerfectedStrike","champ:EnragedBash"],"picked":"champ:AdrenalArmor","floor":8},{"not_picked":["champ:Haymaker","champ:TornadoPunch","champ:EndlessRage"],"picked":"SKIP","floor":10},{"not_picked":["champ:FancyFootwork","champ:TornadoPunch"],"picked":"champ:VampiricStrike","floor":12},{"not_picked":["champ:AdrenalArmor","champ:BerserkersShout"],"picked":"champ:StanceDance","floor":14},{"not_picked":["champ:Parry","champ:ViciousMockery","champ:FalseCounter"],"picked":"SKIP","floor":15}],"player_experience":126625,"relics_obtained":[{"floor":7,"key":"Simple Rune"},{"floor":8,"key":"infinitespire:BottledMercury"}],"event_choices":[{"cards_removed":["champ:ShieldWall"],"damage_healed":0,"gold_gain":0,"player_choice":"Offered Uncommon","damage_taken":0,"max_hp_gain":0,"max_hp_loss":0,"event_name":"Bonfire Elementals","floor":5,"gold_loss":0}],"is_beta":false,"boss_relics":[],"items_purged_floors":[],"is_endless":false,"potions_floor_spawned":[6,14,15],"killed_by":"DF_ARCHETYPE_STREAMLINE","ascension_level":0}}