{"host":"vrsxkkch9ccrec7k","time":1611465312,"event":{"mods":["Act Like it!","BaseMod","Bestiary","Better Altar","Better Match","Better Note","Better Sensory Stone","Better Skull","Better Third Choice","Better Vampires","Downfall","Minty Spire (QoL Compilation)","Permanent Neow","Relic Stats","Spicy Shops","StSLib"],"gold_per_floor":[99,111,122,122,272,272,272,300,316,316,351,366,366,384,394,494,494,494,510,530,530,545,14,63,81,95,95,107,107,107,118,130,130,130],"floor_reached":33,"language":"ENG","playtime":2840,"items_purged":["downfall:Icky","champ:Strike"],"score":381,"play_id":"b0925cf9-3757-4125-ade9-328a1ec930a3","local_time":"20210124001512","is_ascension_mode":true,"campfire_choices":[{"data":"champ:Execute","floor":1.0,"key":"SMITH"},{"floor":13.0,"key":"REST"},{"data":"champ:SteelEdge","floor":18.0,"key":"SMITH"},{"floor":30,"key":"REST"}],"circlet_count":0,"master_deck":["champ:Strike","champ:Strike","champ:Strike","champ:Defend","champ:Defend","champ:Defend","champ:Defend","champ:Execute+1","champ:Taunt","champ:FlashCut","champ:Backstep","champ:CrownThrow","champ:TripleStrike","champ:Lariat","champ:ViciousMockery","champ:SteelEdge+1","champ:EndlessRage+1","champ:Duel","champ:RapidStrikes+1","champ:DeathBlow+1","champ:CheapShot","champ:Haymaker+1","The Bomb","Chrysalis","champ:ArenaPreparation"],"relics":["champ:ChampionCrown","Lantern","Happy Flower","Question Card","Regal Pillow","Snecko Eye","Enchiridion","Slimebound:StickyStick","hexamod:BolsterEngine","sneckomod:BlankCard"],"acts_visited":["Exordium","TheCity"],"potions_floor_usage":[22,33,33,33],"damage_taken":[{"damage":11.0,"enemies":"2 Louse","floor":2.0,"turns":3.0},{"damage":14.0,"enemies":"Jaw Worm","floor":3.0,"turns":3.0},{"damage":29.0,"enemies":"3 Sentries","floor":8.0,"turns":7.0},{"damage":0.0,"enemies":"Small Slimes","floor":9.0,"turns":3.0},{"damage":45.0,"enemies":"Lagavulin","floor":11.0,"turns":6.0},{"damage":15.0,"enemies":"Gremlin Gang","floor":12.0,"turns":3.0},{"damage":20.0,"enemies":"Red Slaver","floor":14.0,"turns":4.0},{"damage":10.0,"enemies":"Lots of Slimes","floor":15.0,"turns":3.0},{"damage":102.0,"enemies":"WA_ARCHETYPE_RETAIN","floor":16.0,"turns":16.0},{"damage":20,"enemies":"Spheric Guardian","floor":19,"turns":7},{"damage":18,"enemies":"Shell Parasite","floor":20,"turns":3},{"damage":39,"enemies":"3 Cultists","floor":22,"turns":6},{"damage":10,"enemies":"downfall:FleeingMerchant","floor":23,"turns":4},{"damage":10,"enemies":"Snecko","floor":25,"turns":3},{"damage":10,"enemies":"Centurion and Healer","floor":26,"turns":3},{"damage":25,"enemies":"Cultist and Chosen","floor":28,"turns":5},{"damage":7,"enemies":"Shelled Parasite and Fungi","floor":31,"turns":2},{"damage":50,"enemies":"Centurion and Healer","floor":32,"turns":3},{"damage":115,"enemies":"DF_ARCHETYPE_CLAW","floor":33,"turns":10}],"seed_played":"-3455546913216548244","potions_obtained":[{"floor":0.0,"key":"LiquidMemories"},{"floor":0.0,"key":"Fruit Juice"},{"floor":0.0,"key":"Strength Potion"},{"floor":9.0,"key":"Swift Potion"},{"floor":11.0,"key":"Explosive Potion"},{"floor":15.0,"key":"SpeedPotion"},{"floor":20,"key":"sneckomod:MuddlingPotion"},{"floor":25,"key":"SpeedPotion"},{"floor":26,"key":"Energy Potion"}],"is_trial":false,"path_per_floor":["R","M","M","?","?","?","T","E","M","T","E","M","R","M","M","B",null,"R","M","M","?","M","$","T","M","M","?","M","?","R","M","M","B"],"character_chosen":"THE_CHAMP","items_purchased":["Slimebound:StickyStick","hexamod:BolsterEngine","Dexterity Potion"],"campfire_rested":2,"item_purchase_floors":[23,23,23],"current_hp_per_floor":[81,80,76,76,76,64,64,55,55,55,35,30,73,73,73,11,74,74,64,56,40,30,30,30,30,30,30,30,30,73,73,73,0,0],"gold":130,"neow_bonus":"THREE_SMALL_POTIONS","is_daily":false,"chose_seed":false,"campfire_upgraded":2,"win_rate":0.0,"timestamp":1611465312,"path_taken":["R","M","M","?","?","?","T","E","M","?","E","M","R","M","M","BOSS","R","M","M","?","M","$","T","M","M","?","M","?","R","M","M","BOSS"],"items_purchased_type":["Relic","Relic","Potion"],"build_version":"2020-12-22","purchased_purges":2,"victory":false,"max_hp_per_floor":[90,90,90,90,90,90,90,90,90,90,95,95,95,95,95,95,95,95,95,95,95,95,95,95,95,95,95,95,95,95,95,95,95,95],"relic_stats":{"Regal Pillow":30,"Happy Flower":[29],"counters":[19,94],"Snecko Eye":[73,72,75,79],"Question Card":17,"obtain_stats":[{"Lantern":6,"Regal Pillow":11,"Happy Flower":7,"Slimebound:StickyStick":23,"sneckomod:BlankCard":24,"Snecko Eye":17,"Enchiridion":21,"champ:ChampionCrown":0,"hexamod:BolsterEngine":23,"Question Card":8},{"Lantern":2,"Regal Pillow":5,"Happy Flower":2,"Slimebound:StickyStick":13,"sneckomod:BlankCard":13,"Snecko Eye":9,"Enchiridion":11,"champ:ChampionCrown":0,"hexamod:BolsterEngine":13,"Question Card":3},{"Lantern":6,"Regal Pillow":22,"Happy Flower":6,"Slimebound:StickyStick":68,"sneckomod:BlankCard":68,"Snecko Eye":48,"Enchiridion":58,"champ:ChampionCrown":0,"hexamod:BolsterEngine":68,"Question Card":13}]},"card_choices":[{"not_picked":["champ:Circumvent","champ:FanOfKnives"],"picked":"champ:FlashCut","floor":2.0},{"not_picked":["champ:FanOfKnives","champ:BladeFlurry"],"picked":"champ:Backstep","floor":3.0},{"not_picked":["champ:BerserkerStyle","champ:FaceSlap"],"picked":"champ:CrownThrow","floor":8.0},{"not_picked":["champ:BladeFlurry","champ:RisingSlash","champ:Backstep"],"picked":"champ:TripleStrike","floor":9.0},{"not_picked":["champ:RisingSlash","champ:SkillfulDodge","champ:Endure","champ:BladeFlurry"],"picked":"SKIP","floor":11.0},{"not_picked":["champ:PreciseThrust","champ:DefensiveShout","champ:CrownThrow"],"picked":"champ:Lariat","floor":12.0},{"not_picked":["champ:CrownThrow","champ:Haymaker","champ:FlashCut","champ:PerfectedStrike"],"picked":"SKIP","floor":14.0},{"not_picked":["champ:Encircle","champ:PerfectedStrike","champ:SetATrap"],"picked":"champ:ViciousMockery","floor":15.0},{"not_picked":["champ:MurderStrike","champ:DancingMaster","champ:Devastate"],"picked":"champ:SteelEdge","floor":16.0},{"not_picked":["champ:BerserkersShout","champ:BladeFlurry","champ:GutPunch+1"],"picked":"champ:EndlessRage+1","floor":19},{"not_picked":["champ:FlashCut+1","champ:PreciseThrust","champ:Backstep"],"picked":"champ:Duel","floor":20},{"not_picked":["champ:GutPunch","champ:BladeFlurry","champ:PerfectedStrike","champ:FlashCut"],"picked":"SKIP","floor":22},{"not_picked":["champ:GutPunch","champ:BladeFlurry","champ:PerfectedStrike","champ:FlashCut"],"picked":"SKIP","floor":22},{"not_picked":["champ:AdrenalArmor","champ:SkillfulDodge","champ:Shatter"],"picked":"champ:RapidStrikes+1","floor":23},{"not_picked":["champ:BringItOn","champ:Backstep+1","champ:EnragedBash+1"],"picked":"champ:DeathBlow+1","floor":25},{"not_picked":["champ:TornadoPunch","champ:PerfectedStrike","champ:GutPunch+1"],"picked":"champ:CheapShot","floor":26},{"not_picked":["champ:ViciousMockery","champ:PerfectedStrike","champ:RecklessLeap"],"picked":"champ:Haymaker+1","floor":28},{"not_picked":["HandOfGreed","Master of Strategy","Trip"],"picked":"The Bomb","floor":29},{"not_picked":["Deep Breath","Jack Of All Trades","Blind"],"picked":"Chrysalis","floor":29},{"not_picked":["champ:StanceDance","champ:BringItOn","champ:GutPunch","champ:Circumvent"],"picked":"SKIP","floor":31},{"not_picked":["champ:PreemptiveStrike","champ:AdrenalArmor","champ:BringItOn"],"picked":"champ:ArenaPreparation","floor":32}],"player_experience":1708354,"relics_obtained":[{"floor":7.0,"key":"Happy Flower"},{"floor":8.0,"key":"Question Card"},{"floor":11.0,"key":"Regal Pillow"},{"floor":21,"key":"Enchiridion"},{"floor":24,"key":"sneckomod:BlankCard"}],"event_choices":[{"damage_healed":0.0,"max_hp_gain":0.0,"max_hp_loss":0.0,"gold_gain":0.0,"event_name":"betterThird:BetterScrap","player_choice":"Relic ","floor":6.0,"gold_loss":0.0,"damage_taken":12.0,"cards_obtained":["Flechettes"]},{"damage_healed":0,"gold_gain":2,"player_choice":"1","damage_taken":0,"max_hp_gain":0,"max_hp_loss":0,"event_name":"betterStone:BetterStone","floor":29,"gold_loss":0}],"is_beta":false,"boss_relics":[{"not_picked":["Black Star","Fusion Hammer"],"picked":"Snecko Eye"}],"items_purged_floors":[23,23],"is_endless":false,"potions_floor_spawned":[9,11,15,20,25,26,31],"killed_by":"DF_ARCHETYPE_CLAW","ascension_level":9}}