{"host":"lg2j834m1ujxvni0","time":1611455178,"event":{"mods":["AchievementEnabler","BaseMod","Beaked The Cultist","Better Vampires","BetterRewards","Colored Map","Colored Powertips","Conspire","Friendly Minions","Googly Eyes","Hermit","Highlight Path","Hubris","Infinite Spire","Marisa????????","Mimic Mod","Minty Spire (QoL Compilation)","Quick Restart","READ ME - Snecko Mod","Replay The Spire","Shade Mod","Shop Mod","StSLib","The Bladedancer","The Bug Knight","The Construct","The Cursed","The Death Knight","The Disciple","The Elementalist","The Hayseed","The Hierophant","The IronCluck","The Judge","The Jungle","The Necromancer","The Runesmith","The Servant 0.9.4","The Witch"],"gold_per_floor":[113,21,32,32,32,32,32,61,101,129,139,163,195,195,195,298,298,318,331,331,331,225,254,254,529,609,609,302,317,317,329,329,329,329],"floor_reached":33,"language":"ENG","playtime":2972,"items_purged":["Shade:Defend_Shade"],"score":304,"play_id":"43b47859-f6d5-453f-ba56-2957d1ae7bcf","local_time":"20210123212618","is_ascension_mode":false,"campfire_choices":[{"data":"Shade:Bonestorm","floor":6,"key":"SMITH"},{"floor":15,"key":"REST"},{"data":"infinitespire:NeuralNetwork","floor":24,"key":"SMITH"},{"data":"Shade:FreshBones","floor":27,"key":"SMITH"},{"data":"Shade:Bonestorm","floor":30,"key":"SMITH"},{"data":"Shade:Putrefaction","floor":32,"key":"SMITH"}],"circlet_count":0,"master_deck":["Shade:Strike_Shade","Shade:Strike_Shade","Shade:Strike_Shade","Shade:Strike_Shade","Shade:Defend_Shade","Shade:Defend_Shade","Shade:Defend_Shade","Shade:AnimateDead","Shade:CarefulCut","Shade:CallWraith","Shade:Bonestorm+1","Shade:Premonition","Shade:FleshLikeOak","Runesmith:HammerThrow","Armaments","Shade:GraveStillness","Shade:SkeletonArmy","Shade:SoulPierce","Shade:Brains+1","Shade:Carnophage","infinitespire:NeuralNetwork+1","Shade:FingerOfDeath","Shade:FreshBones+1","Shade:CallWraith+1","Shade:Bonestorm+1","Regret","Shade:Carnophage","Shade:Brains+1","Shade:Doomsay","Shade:Doomsay","The Bomb","Shade:Premonition","Shade:Putrefaction+1"],"relics":["m_RuneBlood","NeowsBlessing","conspire:DecoderRing","infinitespire:Cubic Diamond","Sundial","Lantern","hubris:SlimyHat","Odd Mushroom","Blue Doll","Replay:Grab Bag","ChewingGum","Sozu","conspire:SpecialSausage","StoneCalendar","Replay:Fungal Core","hubris:Towel","DeathKnight:SindragosasSkull","infinitespire:CheckeredPen"],"acts_visited":["Exordium","Exordium"],"potions_floor_usage":[31,33],"damage_taken":[{"damage":0,"enemies":"Small Slimes","floor":1,"turns":1},{"damage":0,"enemies":"Cultist","floor":3,"turns":1},{"damage":0,"enemies":"3 Sentries","floor":8,"turns":1},{"damage":5,"enemies":"conspire:RoseBush","floor":9,"turns":4},{"damage":16,"enemies":"HollowMod:MossKnight","floor":10,"turns":7},{"damage":0,"enemies":"conspire:RoseBush","floor":11,"turns":1},{"damage":5,"enemies":"The Mushroom Lair","floor":12,"turns":2},{"damage":15,"enemies":"Lagavulin","floor":13,"turns":6},{"damage":21,"enemies":"Slime Boss","floor":16,"turns":10},{"damage":6,"enemies":"theJungle:GiantWrat","floor":18,"turns":6},{"damage":5,"enemies":"theJungle:5_Spyders","floor":19,"turns":5},{"damage":12,"enemies":"theJungle:2_Phrogs","floor":23,"turns":5},{"damage":27,"enemies":"theJungle:2_Flameangoes","floor":29,"turns":4},{"damage":1,"enemies":"Snake Plant","floor":31,"turns":5},{"damage":30,"enemies":"theJungle:TotemBoss","floor":33,"turns":3}],"seed_played":"1865015929172233813","potions_obtained":[{"floor":3,"key":"SkillPotion"},{"floor":8,"key":"EssenceOfSteel"},{"floor":16,"key":"SteroidPotion"}],"is_trial":false,"path_per_floor":["M","?","M","$","?","R","$","E","MIM","E","M","?","E","?","R_BF","B",null,"M","M","AVR","?","$","E","R","?","T","R","$","M","R","M","R","B"],"character_chosen":"SHADE","items_purchased":["Shade:FingerOfDeath","Shade:FreshBones","Shade:CallWraith+1","Shade:Carnophage","Shade:Brains+1","Shade:Doomsay","The Bomb"],"campfire_rested":1,"item_purchase_floors":[22,22,22,28,28,28,28],"current_hp_per_floor":[65,65,65,65,65,65,65,65,63,50,53,51,39,39,58,40,65,62,60,60,60,60,51,51,51,51,51,51,27,27,29,29,0,0],"gold":329,"neow_bonus":"THREE_ENEMY_KILL","is_daily":false,"chose_seed":false,"campfire_upgraded":5,"win_rate":0.0,"timestamp":1611455178,"path_taken":["M","?","M","?","?","R","?","E","MIM","E","?","?","E","?","R_BF","BOSS","M","M","AVR","?","$","E","R","?","T","R","$","?","R","M","R","BOSS"],"items_purchased_type":["Card","Card","Card","Card","Card","Card","Card"],"build_version":"2020-12-22","purchased_purges":1,"victory":false,"max_hp_per_floor":[65,65,65,65,65,65,65,65,65,65,65,65,65,65,65,65,65,65,65,65,65,65,65,65,65,65,65,65,65,65,65,65,65,65],"card_choices":[{"not_picked":["Shade:CallOfTheGrave","Shade:SkeletonHug"],"picked":"Shade:CallWraith","floor":1},{"not_picked":["Shade:Carnophage","Shade:Frenzy"],"picked":"Shade:Bonestorm","floor":3},{"not_picked":["Shade:SpectralStrikes","Shade:SkeletonHug"],"picked":"Shade:Premonition","floor":8},{"not_picked":["Shade:BoneShards","Perfected Strike"],"picked":"Shade:FleshLikeOak","floor":9},{"not_picked":["Shade:ScuttlingHand","Shade:AblativeArmor"],"picked":"Runesmith:HammerThrow","floor":10},{"not_picked":["Shade:FeralStrike","Runesmith:ShiftingStrike"],"picked":"Armaments","floor":11},{"not_picked":["Runesmith:DoubleUp","Shade:ExtraLimbs"],"picked":"Shade:GraveStillness","floor":12},{"not_picked":["Perfected Strike","Shade:Excise"],"picked":"Shade:SkeletonArmy","floor":13},{"not_picked":["Shade:LastGasp","Shade:UnbarTheGrave"],"picked":"Shade:SoulPierce","floor":16},{"not_picked":["Shade:FleshToFlesh","Shade:SkeletonHug"],"picked":"Shade:Brains+1","floor":18},{"not_picked":["Shade:CallOfTheGrave","Shade:Bonestorm"],"picked":"Shade:Carnophage","floor":19},{"not_picked":["Shade:OfferingToTheBeyond","Shade:CoffinDance"],"picked":"Shade:Bonestorm","floor":23},{"not_picked":["Shade:ClawBack+1","Shade:RitualOffering"],"picked":"Shade:Premonition","floor":29},{"not_picked":["Shade:DangerousRitual","Shade:Bonestorm+1"],"picked":"Shade:Putrefaction","floor":31}],"player_experience":145049,"relics_obtained":[{"floor":8,"key":"Sundial"},{"floor":9,"key":"Lantern"},{"floor":10,"key":"hubris:SlimyHat"},{"floor":12,"key":"Odd Mushroom"},{"floor":13,"key":"Blue Doll"},{"floor":23,"key":"DeathKnight:SindragosasSkull"},{"floor":26,"key":"infinitespire:CheckeredPen"}],"event_choices":[{"damage_healed":0,"gold_gain":0,"player_choice":"Paid Gold","damage_taken":0,"relics_obtained":["conspire:DecoderRing"],"max_hp_gain":0,"max_hp_loss":0,"event_name":"WeMeetAgain","floor":2,"gold_loss":92},{"damage_healed":0,"gold_gain":0,"player_choice":"Fought Mushrooms","damage_taken":0,"max_hp_gain":0,"max_hp_loss":0,"event_name":"Mushrooms","floor":12,"gold_loss":0},{"damage_healed":0,"gold_gain":0,"player_choice":"Leave","damage_taken":0,"max_hp_gain":0,"max_hp_loss":0,"event_name":"conspire:Investor","floor":14,"gold_loss":0},{"damage_healed":0,"gold_gain":275,"player_choice":"Desecrate","damage_taken":0,"max_hp_gain":0,"max_hp_loss":0,"event_name":"Golden Shrine","floor":25,"gold_loss":0,"cards_obtained":["Regret"]}],"is_beta":false,"boss_relics":[{"not_picked":["Replay:Drink Me","hubris:TerracottaHorce"],"picked":"Replay:Grab Bag"},{"not_picked":["Runic Dome","hubris:VirtuousBlindfold"],"picked":"ChewingGum"},{"not_picked":["Busted Crown","Coffee Dripper"],"picked":"Sozu"},{"not_picked":["conspire:RunicOctahedron","hubris:HollowSoul"],"picked":"conspire:SpecialSausage"}],"items_purged_floors":[28],"is_endless":false,"potions_floor_spawned":[3,8,16,18,31],"killed_by":"theJungle:TotemBoss","ascension_level":0}}