{"host":"7tqog9fnhs0gxmti","time":1611462069,"event":{"mods":["AchievementEnabler","Act Like it!","Astrologer","BaseMod","Beaked The Cultist","CapriCore","Colored Map","Colored Powertips","Hermit","Highlight Path","Marisa????????","Minty Spire (QoL Compilation)","Quick Restart","Random Character Button","Rare Cards Sparkle","Robot Space Explorer","Somnambulant","StSLib","The Bug Knight","The Construct","The Cursed","The Disciple","The Gatherer","The Hayseed","The Marked","Wandering Minibosses","everything is the same but u backflip on backflip"],"gold_per_floor":[113,133,133,133,133,133,133,158,158,193,206,224,224,55,55,158,158,176,176,193,193,193],"floor_reached":21,"language":"ENG","playtime":1047,"items_purged":["Strike_Br"],"score":212,"play_id":"44bbc8b0-9a3a-48f5-a9d9-da5b6a2fad53","local_time":"20210124122109","is_ascension_mode":false,"campfire_choices":[{"data":"ExoVibe","floor":6.0,"key":"SMITH"},{"data":"BeatsPerMinute","floor":13.0,"key":"SMITH"},{"data":"LockedScales","floor":15.0,"key":"SMITH"}],"circlet_count":0,"master_deck":["Vivace+1","Allegro","Strike_Br","Strike_Br+1","Strike_Br","Defend_Br+1","Defend_Br","Defend_Br","Defend_Br","SecondHand","PatternShift","ExoVibe+3","Parity","ReapSow","BlueShift+1","BeatsPerMinute+1","LockedWarPaint","LockedScales+1","BiteCommand","LockedLightning","Parity+1","LockedLightning"],"relics":["Chronometer","NeowsBlessing","Toxic Egg 2","Blood Vial","HornCleat","Blue Candle","Coffee Dripper"],"acts_visited":["Exordium","TheCity"],"potions_floor_usage":[20],"damage_taken":[{"damage":0.0,"enemies":"Small Slimes","floor":1.0,"turns":1.0},{"damage":0.0,"enemies":"2 Louse","floor":2.0,"turns":2.0},{"damage":0.0,"enemies":"Gremlin Nob","floor":8.0,"turns":1.0},{"damage":8.0,"enemies":"3 Sentries","floor":10.0,"turns":15.0},{"damage":0.0,"enemies":"Cultist","floor":11.0,"turns":4.0},{"damage":4.0,"enemies":"3 Louse","floor":12.0,"turns":4.0},{"damage":24.0,"enemies":"The Guardian","floor":16.0,"turns":17.0},{"damage":19,"enemies":"Shell Parasite","floor":18,"turns":6},{"damage":7,"enemies":"Chosen","floor":20,"turns":5},{"damage":0,"enemies":"3 Cultists","floor":21,"turns":1}],"seed_played":"2888889508207059230","potions_obtained":[{"floor":12.0,"key":"EssenceOfSteel"},{"floor":18,"key":"Regen Potion"}],"is_trial":false,"path_per_floor":["M","M","?","?","?","R","$","E","T","E","M","M","R","$","R","B",null,"M","?","M","M"],"character_chosen":"CHRONO_CLASS","items_purchased":["LockedScales","BiteCommand"],"campfire_rested":0,"item_purchase_floors":[14,14],"current_hp_per_floor":[65,65,65,52,52,52,52,52,52,46,48,46,46,46,46,24,65,46,46,55,57,57],"gold":193,"neow_bonus":"THREE_ENEMY_KILL","is_daily":false,"chose_seed":false,"campfire_upgraded":3,"win_rate":0.0,"timestamp":1611462069,"path_taken":["M","M","?","?","?","R","$","E","T","E","M","?","R","$","R","BOSS","M","?","?","M"],"items_purchased_type":["Card","Card"],"build_version":"2020-12-22","purchased_purges":1,"victory":false,"max_hp_per_floor":[65,65,65,65,65,65,65,65,65,65,65,65,65,65,65,65,65,65,65,65,65,65],"card_choices":[{"not_picked":["Tempo","LockedScales"],"picked":"ExoVibe","floor":1.0},{"not_picked":["LockedWarPaint","LockedMedicine"],"picked":"Parity","floor":2.0},{"not_picked":["Analog+1","BiteCommand"],"picked":"ReapSow","floor":8.0},{"not_picked":["Goo","HandsUpB+1"],"picked":"BlueShift+1","floor":10.0},{"not_picked":["Facsimile+1","HandsUpB+1"],"picked":"BeatsPerMinute","floor":11.0},{"not_picked":["ExoVibe+1","Echonomics+1"],"picked":"LockedWarPaint","floor":12.0},{"not_picked":["Pendulum+1","RageCommand"],"picked":"LockedLightning","floor":16.0},{"not_picked":["LockedAnchor","TiringSlam"],"picked":"Parity+1","floor":18},{"not_picked":["AlternateTimeline+1","ReapSow","HandsUpB+1"],"picked":"SKIP","floor":20}],"player_experience":855339,"relics_obtained":[{"floor":8.0,"key":"Blood Vial"},{"floor":9.0,"key":"HornCleat"},{"floor":10.0,"key":"Blue Candle"}],"event_choices":[{"damage_healed":0.0,"max_hp_gain":0.0,"max_hp_loss":0.0,"gold_gain":0.0,"event_name":"Big Fish","player_choice":"Box","floor":3.0,"gold_loss":0.0,"damage_taken":0.0,"relics_obtained":["Toxic Egg 2"],"cards_obtained":["Regret"]},{"damage_healed":0.0,"max_hp_gain":0.0,"max_hp_loss":0.0,"gold_gain":0.0,"event_name":"Shining Light","player_choice":"Entered Light","floor":4.0,"gold_loss":0.0,"damage_taken":13.0,"cards_upgraded":["Strike_Br","Defend_Br"]},{"cards_removed":["Regret"],"damage_healed":0.0,"max_hp_gain":0.0,"max_hp_loss":0.0,"gold_gain":0.0,"event_name":"Purifier","player_choice":"Purged","floor":5.0,"gold_loss":0.0,"damage_taken":0.0},{"damage_healed":0,"gold_gain":0,"player_choice":"Copied","damage_taken":0,"max_hp_gain":0,"max_hp_loss":0,"event_name":"Duplicator","floor":19,"gold_loss":0,"cards_obtained":["LockedLightning"]}],"is_beta":false,"boss_relics":[{"not_picked":["Velvet Choker","SlaversCollar"],"picked":"Coffee Dripper"}],"items_purged_floors":[14],"is_endless":false,"potions_floor_spawned":[12,18],"killed_by":"3 Cultists","ascension_level":0}}