{"host":"f0gpob8hq9vgebej","time":1611457880,"event":{"mods":["AchievementEnabler","BaseMod","Minty Spire (QoL Compilation)","Quick Restart","SuperFastMode"],"gold_per_floor":[13,27,27,44,57,57,88,88,136,170,170,190,203,230,230,328,328,339,207,224,224,224,259,259,279,279,279,293,170,197,212,212,317,317,330,343,343,390,249,275,275,308,320,252,9,27,46,59,59,59],"floor_reached":51,"language":"KOR","playtime":1606,"items_purged":["Strike_G","Writhe","Dagger Spray","Strike_G+1","Defend_G"],"score":1303,"play_id":"95c0651e-7e4e-4d9f-8756-478e2b97bd69","local_time":"20210124121120","is_ascension_mode":true,"campfire_choices":[{"data":"Apotheosis","floor":6,"key":"SMITH"},{"floor":8,"key":"REST"},{"floor":15,"key":"REST"},{"floor":27,"key":"REST"},{"floor":32,"key":"REST"},{"floor":41,"key":"REST"},{"floor":49,"key":"REST"}],"circlet_count":0,"master_deck":["AscendersBane","Defend_G","Defend_G","Defend_G","Survivor","Neutralize+1","Apotheosis+1","Reflex+1","Escape Plan","Bouncing Flask","Phantasmal Killer","Prepared","Accuracy","Acrobatics","Blade Dance","Escape Plan","Calculated Gamble","Tactician","Wraith Form v2","Blade Dance+1","Blade Dance+1","Finesse","Acrobatics+1","Accuracy","Prepared","Bandage Up","Trip","Footwork+1","Blade Dance+1"],"relics":["Ring of the Snake","InkBottle","Whetstone","Smiling Mask","Meat on the Bone","Empty Cage","Pantograph","Boot","CaptainsWheel","Akabeko","HoveringKite","Torii","The Courier","MawBank","Lizard Tail"],"acts_visited":["Exordium","TheCity","TheBeyond"],"potions_floor_usage":[14,16,23,47],"damage_taken":[{"damage":1,"enemies":"Small Slimes","floor":1,"turns":4},{"damage":0,"enemies":"Jaw Worm","floor":2,"turns":5},{"damage":0,"enemies":"Cultist","floor":4,"turns":4},{"damage":6,"enemies":"Blue Slaver","floor":5,"turns":6},{"damage":14,"enemies":"3 Sentries","floor":7,"turns":8},{"damage":22,"enemies":"Lagavulin","floor":10,"turns":8},{"damage":0,"enemies":"2 Fungi Beasts","floor":12,"turns":2},{"damage":0,"enemies":"Large Slime","floor":13,"turns":4},{"damage":13,"enemies":"Gremlin Nob","floor":14,"turns":4},{"damage":8,"enemies":"Hexaghost","floor":16,"turns":8},{"damage":10,"enemies":"Shell Parasite","floor":18,"turns":5},{"damage":0,"enemies":"Spheric Guardian","floor":20,"turns":3},{"damage":32,"enemies":"Gremlin Leader","floor":23,"turns":6},{"damage":13,"enemies":"Snecko","floor":25,"turns":6},{"damage":10,"enemies":"Centurion and Healer","floor":28,"turns":4},{"damage":0,"enemies":"Book of Stabbing","floor":30,"turns":2},{"damage":0,"enemies":"Chosen and Byrds","floor":31,"turns":3},{"damage":6,"enemies":"Champ","floor":33,"turns":7},{"damage":1,"enemies":"3 Shapes","floor":35,"turns":3},{"damage":1,"enemies":"Orb Walker","floor":36,"turns":3},{"damage":54,"enemies":"2 Orb Walkers","floor":38,"turns":5},{"damage":0,"enemies":"Giant Head","floor":40,"turns":2},{"damage":27,"enemies":"Reptomancer","floor":42,"turns":5},{"damage":0,"enemies":"Sphere and 2 Shapes","floor":46,"turns":2},{"damage":9,"enemies":"Transient","floor":47,"turns":5},{"damage":1,"enemies":"Writhing Mass","floor":48,"turns":2},{"damage":1,"enemies":"Donu and Deca","floor":50,"turns":3}],"seed_played":"3571032280220905768","potions_obtained":[{"floor":7,"key":"SteroidPotion"},{"floor":10,"key":"PowerPotion"},{"floor":18,"key":"PowerPotion"},{"floor":25,"key":"Energy Potion"},{"floor":31,"key":"Weak Potion"},{"floor":36,"key":"SteroidPotion"},{"floor":40,"key":"FairyPotion"},{"floor":47,"key":"Weak Potion"}],"is_trial":false,"path_per_floor":["M","M","?","M","M","R","E","R","T","E","?","M","M","E","R","B",null,"M","$","M","?","?","E","?","M","T","R","M","$","E","M","R","B",null,"M","M","?","?","$","E","R","E","T","$","$","M","M","M","R","B",null],"character_chosen":"THE_SILENT","items_purchased":["Accuracy","Tactician","Finesse","Accuracy","Prepared","Bandage Up","Trip"],"campfire_rested":6,"item_purchase_floors":[19,29,39,44,45,45,45],"current_hp_per_floor":[62,62,62,62,56,56,42,63,63,41,41,41,41,28,49,41,63,53,53,53,53,53,33,33,32,32,53,43,43,43,43,64,64,69,68,67,67,25,25,37,58,43,43,43,43,49,46,51,70,70],"gold":59,"neow_bonus":"RANDOM_COLORLESS_2","is_daily":false,"chose_seed":false,"campfire_upgraded":1,"win_rate":0.0,"timestamp":1611457880,"path_taken":["M","M","?","M","M","R","E","R","T","E","?","M","M","E","R","BOSS","M","$","?","?","?","E","?","?","T","R","M","$","E","M","R","BOSS","M","M","?","?","$","E","R","E","T","?","$","M","?","M","R","BOSS"],"items_purchased_type":["Card","Card","Card","Card","Card","Card","Card"],"build_version":"2020-12-22","purchased_purges":5,"victory":true,"max_hp_per_floor":[70,70,70,70,70,70,70,70,70,70,70,70,70,70,70,70,70,70,70,70,70,70,70,70,70,70,70,70,70,70,70,70,70,70,70,70,70,70,70,70,70,70,70,70,70,70,70,70,70,70],"card_choices":[{"not_picked":["HandOfGreed","Violence"],"picked":"Apotheosis","floor":0},{"not_picked":["Dagger Throw","Outmaneuver"],"picked":"Dagger Spray","floor":1},{"not_picked":["Predator","Dagger Throw","Quick Slash"],"picked":"SKIP","floor":2},{"not_picked":["Leg Sweep","Underhanded Strike","Slice"],"picked":"SKIP","floor":4},{"not_picked":["Choke","Expertise"],"picked":"Poisoned Stab","floor":5},{"not_picked":["Doppelganger","Dagger Throw","Riddle With Holes"],"picked":"SKIP","floor":7},{"not_picked":["Flying Knee","Infinite Blades"],"picked":"Reflex","floor":10},{"not_picked":["Backstab","Underhanded Strike","Terror"],"picked":"SKIP","floor":12},{"not_picked":["Noxious Fumes","Dagger Spray"],"picked":"Escape Plan","floor":13},{"not_picked":["Prepared","Catalyst"],"picked":"Bouncing Flask","floor":14},{"not_picked":["A Thousand Cuts","Envenom"],"picked":"Phantasmal Killer","floor":16},{"not_picked":["Noxious Fumes","Calculated Gamble"],"picked":"Prepared","floor":18},{"not_picked":["Bouncing Flask","Quick Slash"],"picked":"Acrobatics","floor":20},{"not_picked":["Setup","PiercingWail"],"picked":"Escape Plan","floor":23},{"not_picked":["Flechettes+1","Backstab","Escape Plan"],"picked":"SKIP","floor":25},{"not_picked":["Catalyst+1","Leg Sweep"],"picked":"Calculated Gamble","floor":28},{"not_picked":["Dagger Spray+1","Masterful Stab","Bane"],"picked":"SKIP","floor":30},{"not_picked":["Cloak And Dagger","Setup","Caltrops+1"],"picked":"SKIP","floor":31},{"not_picked":["Doppelganger","Storm of Steel"],"picked":"Wraith Form v2","floor":33},{"not_picked":["Cloak And Dagger+1","Flying Knee"],"picked":"Blade Dance+1","floor":35},{"not_picked":["Slice+1","All Out Attack"],"picked":"Blade Dance+1","floor":36},{"not_picked":["Leg Sweep","Bouncing Flask","Dagger Spray+1"],"picked":"SKIP","floor":40},{"not_picked":["Setup","Doppelganger"],"picked":"Acrobatics+1","floor":42},{"not_picked":["Prepared","Deflect+1","Bane+1"],"picked":"SKIP","floor":46},{"not_picked":["Outmaneuver","Poisoned Stab+1"],"picked":"Footwork+1","floor":47},{"not_picked":["Acrobatics+1","Flying Knee+1"],"picked":"Blade Dance+1","floor":48}],"player_experience":241487,"relics_obtained":[{"floor":7,"key":"InkBottle"},{"floor":9,"key":"Whetstone"},{"floor":10,"key":"Smiling Mask"},{"floor":14,"key":"Meat on the Bone"},{"floor":23,"key":"Boot"},{"floor":26,"key":"CaptainsWheel"},{"floor":30,"key":"Akabeko"},{"floor":38,"key":"Torii"},{"floor":40,"key":"The Courier"},{"floor":42,"key":"MawBank"},{"floor":43,"key":"Lizard Tail"}],"event_choices":[{"cards_removed":["Strike_G"],"damage_healed":0,"gold_gain":0,"player_choice":"Forget","damage_taken":0,"max_hp_gain":0,"max_hp_loss":0,"event_name":"Living Wall","floor":3,"gold_loss":0},{"damage_healed":0,"gold_gain":0,"player_choice":"Forge","damage_taken":0,"max_hp_gain":0,"max_hp_loss":0,"event_name":"Accursed Blacksmith","floor":11,"gold_loss":0,"cards_upgraded":["Reflex"]},{"damage_healed":0,"gold_gain":0,"player_choice":"Opened","damage_taken":0,"relics_obtained":["Pantograph"],"max_hp_gain":0,"max_hp_loss":0,"event_name":"The Mausoleum","floor":21,"gold_loss":0,"cards_obtained":["Writhe"]},{"damage_healed":0,"gold_gain":0,"player_choice":"Read","damage_taken":0,"max_hp_gain":0,"max_hp_loss":0,"event_name":"The Library","floor":22,"gold_loss":0,"cards_obtained":["Blade Dance"]},{"cards_removed":["Strike_G"],"damage_healed":0,"gold_gain":0,"player_choice":"Offered Basic","damage_taken":0,"max_hp_gain":0,"max_hp_loss":0,"event_name":"Bonfire Elementals","floor":24,"gold_loss":0},{"cards_removed":["Poisoned Stab"],"damage_healed":0,"gold_gain":0,"player_choice":"Removed Attack","damage_taken":0,"max_hp_gain":0,"max_hp_loss":0,"event_name":"Falling","floor":37,"gold_loss":0},{"damage_healed":0,"gold_gain":0,"player_choice":"Fight","damage_taken":0,"max_hp_gain":0,"max_hp_loss":0,"event_name":"Mysterious Sphere","floor":38,"gold_loss":0}],"is_beta":false,"boss_relics":[{"not_picked":["Black Star","Velvet Choker"],"picked":"Empty Cage"},{"not_picked":["Astrolabe","Tiny House"],"picked":"HoveringKite"}],"items_purged_floors":[19,29,39,44,45],"is_endless":false,"potions_floor_spawned":[7,10,13,18,25,31,36,40,42,47,48],"ascension_level":11}}