{"host":"8rqsnaeml9gxb0kp","time":1611449089,"event":{"mods":["AchievementEnabler","BaseMod","Dark Map","Minty Spire (QoL Compilation)","StSLib"],"gold_per_floor":[119,130,145,156,176,203,215,215,242,207,236,246,272,43,43,148,148,166,182,182,202,280,280,293,319,319,409,428,457,476,496,496,600,600,613,613,62,77,77,103,117,144,144,156,0,53,53,73,73,73],"floor_reached":51,"language":"ENG","playtime":3123,"items_purged":["Strike_R"],"score":1037,"play_id":"61794596-0e82-4bd3-8eef-4ecc22c1c3f5","local_time":"20210123164449","is_ascension_mode":true,"campfire_choices":[{"floor":8.0,"key":"REST"},{"data":"Bludgeon","floor":15.0,"key":"SMITH"},{"floor":23.0,"key":"REST"},{"floor":32.0,"key":"REST"},{"data":"Flame Barrier","floor":47.0,"key":"SMITH"},{"floor":49.0,"key":"REST"}],"circlet_count":0,"master_deck":["Strike_R","Defend_R","Defend_R","Defend_R+1","Defend_R","Bash","Disarm","Heavy Blade","Heavy Blade","Bludgeon+1","Heavy Blade","Clothesline","Shockwave","Impervious","Metallicize","Double Tap+1","Rampage+1","Warcry+1","Flex+1","Thunderclap+1","Bludgeon+1","Headbutt+1","Shrug It Off+1","Dropkick","Juggernaut","Impervious","Uppercut+1","Dramatic Entrance","Clothesline+1","Shrug It Off","Pommel Strike+1","Flame Barrier+1","Sword Boomerang+1"],"relics":["Snecko Eye","Darkstone Periapt","Bag of Marbles","Ornamental Fan","Centennial Puzzle","PreservedInsect","Astrolabe","White Beast Statue","War Paint","Lizard Tail","Oddly Smooth Stone","Cursed Key","Frozen Egg 2","Torii","Bag of Preparation","FossilizedHelix","Red Mask","Gambling Chip"],"acts_visited":["Exordium","TheCity","TheBeyond"],"potions_floor_usage":[50,50,50],"damage_taken":[{"damage":0.0,"enemies":"Cultist","floor":1.0,"turns":2.0},{"damage":1.0,"enemies":"2 Louse","floor":2.0,"turns":3.0},{"damage":10.0,"enemies":"Small Slimes","floor":3.0,"turns":3.0},{"damage":4.0,"enemies":"Exordium Thugs","floor":4.0,"turns":3.0},{"damage":0.0,"enemies":"Exordium Wildlife","floor":5.0,"turns":2.0},{"damage":33.0,"enemies":"Lagavulin","floor":6.0,"turns":4.0},{"damage":12.0,"enemies":"3 Louse","floor":7.0,"turns":3.0},{"damage":8.0,"enemies":"3 Sentries","floor":11.0,"turns":4.0},{"damage":0.0,"enemies":"Exordium Thugs","floor":12.0,"turns":2.0},{"damage":4.0,"enemies":"Gremlin Nob","floor":13.0,"turns":3.0},{"damage":7.0,"enemies":"The Guardian","floor":16.0,"turns":7.0},{"damage":25.0,"enemies":"Shell Parasite","floor":18.0,"turns":3.0},{"damage":11.0,"enemies":"2 Thieves","floor":19.0,"turns":3.0},{"damage":0.0,"enemies":"Centurion and Healer","floor":21.0,"turns":2.0},{"damage":13.0,"enemies":"Snake Plant","floor":24.0,"turns":2.0},{"damage":20.0,"enemies":"Slavers","floor":25.0,"turns":3.0},{"damage":0.0,"enemies":"Snecko","floor":28.0,"turns":1.0},{"damage":1.0,"enemies":"Book of Stabbing","floor":29.0,"turns":3.0},{"damage":0.0,"enemies":"Shelled Parasite and Fungi","floor":30.0,"turns":3.0},{"damage":0.0,"enemies":"3 Cultists","floor":31.0,"turns":3.0},{"damage":18.0,"enemies":"Champ","floor":33.0,"turns":5.0},{"damage":0.0,"enemies":"Orb Walker","floor":35.0,"turns":2.0},{"damage":1.0,"enemies":"3 Shapes","floor":38.0,"turns":3.0},{"damage":24.0,"enemies":"Reptomancer","floor":40.0,"turns":5.0},{"damage":0.0,"enemies":"Maw","floor":41.0,"turns":3.0},{"damage":1.0,"enemies":"Giant Head","floor":42.0,"turns":5.0},{"damage":0.0,"enemies":"Spire Growth","floor":44.0,"turns":3.0},{"damage":0.0,"enemies":"2 Orb Walkers","floor":46.0,"turns":3.0},{"damage":0.0,"enemies":"4 Shapes","floor":48.0,"turns":3.0},{"damage":38,"enemies":"Donu and Deca","floor":50,"turns":6}],"seed_played":"4745317518291794198","potions_obtained":[{"floor":1.0,"key":"SteroidPotion"},{"floor":2.0,"key":"BlessingOfTheForge"},{"floor":7.0,"key":"EntropicBrew"},{"floor":11.0,"key":"HeartOfIron"},{"floor":12.0,"key":"Weak Potion"},{"floor":24.0,"key":"SkillPotion"},{"floor":25.0,"key":"Dexterity Potion"},{"floor":28.0,"key":"Fruit Juice"},{"floor":29.0,"key":"SteroidPotion"},{"floor":30.0,"key":"AttackPotion"},{"floor":31.0,"key":"Block Potion"},{"floor":33.0,"key":"ColorlessPotion"},{"floor":35.0,"key":"EssenceOfSteel"},{"floor":38.0,"key":"LiquidBronze"},{"floor":40.0,"key":"Explosive Potion"},{"floor":42.0,"key":"SteroidPotion"}],"is_trial":false,"path_per_floor":["M","M","M","M","M","E","M","R","T","?","E","M","E","$","R","B",null,"M","M","?","M","T","R","M","E","T","?","M","E","M","M","R","B",null,"M","?","$","M","$","E","M","E","T","M","?","?","R","M","R","B",null],"character_chosen":"IRONCLAD","items_purchased":["PreservedInsect","Frozen Egg 2","Torii"],"campfire_rested":4,"item_purchase_floors":[14,37,37],"current_hp_per_floor":[72,71,61,57,57,24,12,36,36,56,48,48,44,44,44,37,69,44,33,33,33,33,57,44,24,24,12,17,16,16,16,41,23,70,70,70,70,69,69,45,45,44,44,44,44,44,44,44,69,31],"gold":73,"neow_bonus":"BOSS_RELIC","is_daily":false,"chose_seed":false,"campfire_upgraded":2,"win_rate":0.0,"timestamp":1611449089,"path_taken":["M","M","M","M","?","E","M","R","T","?","E","M","E","$","R","BOSS","M","M","?","?","?","R","M","E","T","?","M","E","?","M","R","BOSS","M","?","$","M","$","E","M","E","T","M","?","?","R","M","R","BOSS"],"items_purchased_type":["Relic","Relic","Relic"],"build_version":"2020-12-22","purchased_purges":1,"victory":true,"max_hp_per_floor":[80,80,80,80,80,80,80,80,80,80,80,80,80,80,80,80,80,80,80,80,80,80,80,80,80,80,80,85,85,85,85,85,85,85,85,85,85,85,85,85,85,85,85,85,85,85,85,85,85,85],"card_choices":[{"not_picked":["Warcry","Burning Pact"],"picked":"Disarm","floor":1.0},{"not_picked":["Battle Trance","Cleave"],"picked":"Heavy Blade","floor":2.0},{"not_picked":["Armaments","Wild Strike"],"picked":"Heavy Blade","floor":3.0},{"not_picked":["Power Through","Combust"],"picked":"Bludgeon","floor":4.0},{"not_picked":["Warcry","True Grit"],"picked":"Heavy Blade","floor":5.0},{"not_picked":["Spot Weakness","Anger"],"picked":"Clothesline","floor":6.0},{"not_picked":["Reckless Charge","Iron Wave"],"picked":"Shockwave","floor":7.0},{"not_picked":["Warcry","Iron Wave","Thunderclap"],"picked":"SKIP","floor":11.0},{"not_picked":["Warcry","Iron Wave","Thunderclap"],"picked":"SKIP","floor":11.0},{"not_picked":["Shrug It Off","Iron Wave"],"picked":"Impervious","floor":12.0},{"not_picked":["Headbutt","Rage"],"picked":"Metallicize","floor":13.0},{"not_picked":["Offering","Brutality"],"picked":"Double Tap","floor":16.0},{"not_picked":["Battle Trance","Second Wind+1"],"picked":"Thunderclap+1","floor":18.0},{"not_picked":["Seeing Red","Clash","Anger"],"picked":"SKIP","floor":19.0},{"not_picked":["Dark Embrace","Cleave"],"picked":"Headbutt+1","floor":21.0},{"not_picked":["Pommel Strike","Sever Soul","Twin Strike"],"picked":"SKIP","floor":24.0},{"not_picked":["Rampage","Sever Soul"],"picked":"Shrug It Off+1","floor":25.0},{"not_picked":["Blood for Blood","Sever Soul"],"picked":"Dropkick","floor":28.0},{"not_picked":["Pommel Strike","Fire Breathing","Sword Boomerang+1"],"picked":"SKIP","floor":29.0},{"not_picked":["Cleave","Rampage"],"picked":"Juggernaut","floor":30.0},{"not_picked":["Body Slam","Hemokinesis","Bloodletting"],"picked":"SKIP","floor":31.0},{"not_picked":["Exhume","Corruption"],"picked":"Impervious","floor":33.0},{"not_picked":["Searing Blow","Fire Breathing+1"],"picked":"Uppercut+1","floor":35.0},{"not_picked":["Panacea","Purity"],"picked":"Dramatic Entrance","floor":36.0},{"not_picked":["Warcry+1","Perfected Strike"],"picked":"Clothesline+1","floor":38.0},{"not_picked":["Anger+1","Sword Boomerang+1"],"picked":"Shrug It Off","floor":40.0},{"not_picked":["Wild Strike","Perfected Strike+1"],"picked":"Pommel Strike+1","floor":41.0},{"not_picked":["Feed","Sword Boomerang"],"picked":"Flame Barrier","floor":42.0},{"not_picked":["Iron Wave+1","Clash","Evolve+1"],"picked":"SKIP","floor":44.0},{"not_picked":["Iron Wave+1","Infernal Blade"],"picked":"Sword Boomerang+1","floor":48.0}],"player_experience":121532,"relics_obtained":[{"floor":6.0,"key":"Darkstone Periapt"},{"floor":9.0,"key":"Bag of Marbles"},{"floor":11.0,"key":"Ornamental Fan"},{"floor":13.0,"key":"Centennial Puzzle"},{"floor":22.0,"key":"White Beast Statue"},{"floor":25.0,"key":"War Paint"},{"floor":26.0,"key":"Lizard Tail"},{"floor":29.0,"key":"Oddly Smooth Stone"},{"floor":40.0,"key":"Bag of Preparation"},{"floor":42.0,"key":"FossilizedHelix"},{"floor":46.0,"key":"Gambling Chip"}],"event_choices":[{"damage_healed":20.0,"max_hp_gain":0.0,"max_hp_loss":0.0,"gold_gain":0.0,"event_name":"The Cleric","player_choice":"Healed","floor":10.0,"gold_loss":35.0,"damage_taken":0.0},{"damage_healed":0.0,"max_hp_gain":0.0,"max_hp_loss":0.0,"gold_gain":0.0,"event_name":"Duplicator","player_choice":"Copied","floor":20.0,"gold_loss":0.0,"damage_taken":0.0,"cards_obtained":["Bludgeon"]},{"damage_healed":0.0,"max_hp_gain":0.0,"max_hp_loss":0.0,"gold_gain":90.0,"event_name":"Knowing Skull","player_choice":"GOLD ","floor":27.0,"potions_obtained":[],"gold_loss":0.0,"damage_taken":12.0,"cards_obtained":[]},{"damage_healed":0.0,"max_hp_gain":0.0,"max_hp_loss":0.0,"gold_gain":0.0,"event_name":"SensoryStone","player_choice":"Memory 1","floor":36.0,"gold_loss":0.0,"damage_taken":0.0},{"damage_healed":0.0,"max_hp_gain":0.0,"max_hp_loss":0.0,"gold_gain":0.0,"event_name":"Tomb of Lord Red Mask","player_choice":"Paid","floor":45.0,"gold_loss":156.0,"damage_taken":0.0,"relics_obtained":["Red Mask"]},{"damage_healed":0.0,"max_hp_gain":0.0,"max_hp_loss":0.0,"gold_gain":0.0,"event_name":"Mysterious Sphere","player_choice":"Fight","floor":46.0,"gold_loss":0.0,"damage_taken":0.0}],"is_beta":false,"boss_relics":[{"not_picked":["Sozu","SacredBark"],"picked":"Astrolabe"},{"not_picked":["Runic Pyramid","Runic Dome"],"picked":"Cursed Key"}],"items_purged_floors":[14],"is_endless":false,"potions_floor_spawned":[1,2,7,11,12,24,25,28,29,30,31,33,35,38,40,41,42,44,46,48],"ascension_level":8}}