{"host":"g6ro9orofrb8aq2e","time":1611472032,"event":{"mods":["BaseMod","Minty Spire (QoL Compilation)","SuperFastMode","noobMod"],"gold_per_floor":[113,130,130,305,380,409,436,476,512,524,556,568,599,611,623,731,743,767,779,791,803,827,867,879,891,929,1041,261,261,360,370,370,474,474,490,490,504,176,195,226,226,257,257,270,270,270,270,302,302,302],"floor_reached":51,"language":"ZHS","playtime":1428,"items_purged":["Writhe","Writhe"],"score":1400,"play_id":"66307c22-c0c6-4212-a52b-80ad7bd12454","local_time":"20210123230712","is_ascension_mode":true,"campfire_choices":[{"data":"Searing Blow","floor":12,"key":"SMITH"},{"data":"Searing Blow+1","floor":15,"key":"SMITH"},{"data":"Searing Blow+2","floor":25,"key":"SMITH"},{"data":"Searing Blow+3","floor":29,"key":"SMITH"},{"data":"Searing Blow+4","floor":32,"key":"SMITH"},{"data":"Searing Blow+5","floor":41,"key":"SMITH"},{"data":"Searing Blow+6","floor":45,"key":"SMITH"},{"data":"Searing Blow+7","floor":47,"key":"SMITH"},{"data":"Searing Blow+8","floor":49,"key":"SMITH"}],"circlet_count":0,"master_deck":["AscendersBane","Strike_R","Strike_R","Strike_R","Strike_R+1","Strike_R","Defend_R","Defend_R","Defend_R","Defend_R","Bash+1","Demon Form","Armaments","Infernal Blade","Brutality","Searing Blow+9","Warcry","Headbutt","Headbutt","Heavy Blade+1","Offering+1","Battle Trance+1","Searing Blow+5","Enlightenment+1","Pummel","Twin Strike+1","Pommel Strike+1","Deep Breath+1","Sword Boomerang+1"],"relics":["Burning Blood","ice","MawBank","Happy Flower","Red Skull","Spirit Poop","Bag of Marbles","Philosopher\u0027s Stone","Bird Faced Urn","MutagenicStrength","Paper Frog","Nilry\u0027s Codex","Whetstone","Unceasing Top","Pear","Champion Belt","Toxic Egg 2","HandDrill","Sozu","Toolbox","Sundial","FossilizedHelix","Blood Vial","Letter Opener"],"acts_visited":["Exordium","TheCity","TheBeyond"],"potions_floor_usage":[6,50,50],"damage_taken":[{"damage":26,"enemies":"Small Slimes","floor":1,"turns":4},{"damage":11,"enemies":"Cultist","floor":2,"turns":4},{"damage":56,"enemies":"Gremlin Nob","floor":6,"turns":5},{"damage":7,"enemies":"Jaw Worm","floor":7,"turns":3},{"damage":32,"enemies":"3 Sentries","floor":8,"turns":7},{"damage":25,"enemies":"3 Louse","floor":11,"turns":3},{"damage":17,"enemies":"Exordium Wildlife","floor":13,"turns":4},{"damage":48,"enemies":"The Guardian","floor":16,"turns":6},{"damage":13,"enemies":"3 Byrds","floor":18,"turns":3},{"damage":3,"enemies":"Shell Parasite","floor":22,"turns":3},{"damage":21,"enemies":"Gremlin Leader","floor":23,"turns":3},{"damage":30,"enemies":"Colosseum Slavers","floor":27,"turns":2},{"damage":0,"enemies":"Colosseum Nobs","floor":27,"turns":2},{"damage":2,"enemies":"3 Cultists","floor":31,"turns":3},{"damage":6,"enemies":"Automaton","floor":33,"turns":3},{"damage":9,"enemies":"Orb Walker","floor":35,"turns":2},{"damage":4,"enemies":"3 Shapes","floor":37,"turns":2},{"damage":6,"enemies":"Jaw Worm Horde","floor":39,"turns":1},{"damage":2,"enemies":"Reptomancer","floor":40,"turns":2},{"damage":1,"enemies":"Nemesis","floor":42,"turns":2},{"damage":3,"enemies":"Transient","floor":44,"turns":5},{"damage":7,"enemies":"Reptomancer","floor":48,"turns":2},{"damage":0,"enemies":"Awakened One","floor":50,"turns":3}],"seed_played":"-7516793893672192685","potions_obtained":[{"floor":1,"key":"CultistPotion"},{"floor":16,"key":"Swift Potion"},{"floor":22,"key":"DistilledChaos"},{"floor":23,"key":"SmokeBomb"}],"is_trial":false,"path_per_floor":["M","M","?","?","?","E","M","E","T","?","M","R","M","?","R","B",null,"M","?","?","?","M","E","?","R","T","?","$","R","?","M","R","B",null,"M","?","M","$","M","E","R","E","T","M","R","?","R","E","R","B",null],"character_chosen":"IRONCLAD","items_purchased":["Champion Belt","Toxic Egg 2","HandDrill","Toolbox","Enlightenment+1"],"campfire_rested":0,"item_purchase_floors":[28,28,28,38,38],"current_hp_per_floor":[52,47,73,73,62,12,79,53,53,53,34,34,23,16,16,66,94,87,87,87,87,90,79,63,63,63,57,57,57,57,65,65,69,116,113,113,115,115,119,125,125,134,134,140,140,140,140,139,139,143],"gold":302,"neow_bonus":"THREE_RARE_CARDS","is_daily":false,"chose_seed":false,"campfire_upgraded":9,"win_rate":0.0,"timestamp":1611472032,"path_taken":["M","M","?","?","?","E","M","E","T","?","M","R","?","?","R","BOSS","M","?","?","?","M","E","?","R","T","?","$","R","?","M","R","BOSS","M","?","M","$","M","E","R","E","T","?","R","?","R","E","R","BOSS"],"items_purchased_type":["Relic","Relic","Relic","Relic","Card"],"build_version":"2020-12-22","purchased_purges":2,"victory":true,"max_hp_per_floor":[80,80,80,80,80,80,81,87,87,87,90,90,93,93,93,103,103,109,109,109,109,113,116,116,116,116,128,128,128,128,130,130,132,132,133,133,134,134,134,136,136,136,136,140,140,140,140,142,142,143],"card_choices":[{"not_picked":["Bludgeon","Impervious"],"picked":"Demon Form","floor":0},{"not_picked":["True Grit","Sword Boomerang","Feel No Pain"],"picked":"SKIP","floor":1},{"not_picked":["Thunderclap","Hemokinesis"],"picked":"Armaments","floor":2},{"not_picked":["Thunderclap","Twin Strike"],"picked":"Infernal Blade","floor":6},{"not_picked":["Shockwave","Headbutt"],"picked":"Brutality","floor":7},{"not_picked":["Cleave","Sword Boomerang"],"picked":"Searing Blow","floor":8},{"not_picked":["Anger","Fire Breathing"],"picked":"Warcry","floor":11},{"not_picked":["Whirlwind","Clash"],"picked":"Headbutt","floor":13},{"not_picked":["Anger","Body Slam"],"picked":"Headbutt","floor":18},{"not_picked":["Shockwave","Warcry","Headbutt"],"picked":"SKIP","floor":22},{"not_picked":["Rupture","Second Wind","Combust+1"],"picked":"SKIP","floor":23},{"not_picked":["Ghostly Armor","Body Slam"],"picked":"Heavy Blade+1","floor":27},{"not_picked":["Iron Wave","Body Slam","Sword Boomerang"],"picked":"SKIP","floor":31},{"not_picked":["Demon Form","Impervious+1"],"picked":"Offering+1","floor":33},{"not_picked":["Burning Pact+1","Iron Wave+1"],"picked":"Battle Trance+1","floor":35},{"not_picked":["Rage+1","Wild Strike","Infernal Blade+1"],"picked":"SKIP","floor":37},{"not_picked":["Perfected Strike+1","True Grit+1"],"picked":"Pummel","floor":39},{"not_picked":["Sword Boomerang+1","Bloodletting+1"],"picked":"Twin Strike+1","floor":40},{"not_picked":["Reaper","Shrug It Off+1"],"picked":"Pommel Strike+1","floor":42},{"not_picked":["Armaments+1","True Grit+1","Clothesline"],"picked":"SKIP","floor":44},{"not_picked":["Chrysalis+1","Trip+1"],"picked":"Deep Breath+1","floor":46},{"not_picked":["Pommel Strike+1","Shockwave+1"],"picked":"Sword Boomerang+1","floor":48}],"player_experience":355515,"relics_obtained":[{"floor":6,"key":"MawBank"},{"floor":8,"key":"Happy Flower"},{"floor":9,"key":"Red Skull"},{"floor":23,"key":"Paper Frog"},{"floor":24,"key":"Nilry\u0027s Codex"},{"floor":26,"key":"Whetstone"},{"floor":27,"key":"Unceasing Top"},{"floor":27,"key":"Pear"},{"floor":40,"key":"Sundial"},{"floor":42,"key":"FossilizedHelix"},{"floor":43,"key":"Blood Vial"},{"floor":48,"key":"Letter Opener"}],"event_choices":[{"damage_healed":26,"gold_gain":0,"player_choice":"Banana","damage_taken":0,"max_hp_gain":0,"max_hp_loss":0,"event_name":"Big Fish","floor":3,"gold_loss":0},{"damage_healed":0,"gold_gain":175,"player_choice":"AGREE","damage_taken":0,"max_hp_gain":0,"max_hp_loss":0,"event_name":"Liars Game","floor":4,"gold_loss":0,"cards_obtained":["Doubt"]},{"damage_healed":0,"gold_gain":75,"player_choice":"Gather Gold","damage_taken":11,"max_hp_gain":0,"max_hp_loss":0,"event_name":"World of Goop","floor":5,"gold_loss":0},{"cards_removed":["Doubt"],"damage_healed":0,"gold_gain":0,"player_choice":"Offered Curse","damage_taken":0,"relics_obtained":["Spirit Poop"],"max_hp_gain":0,"max_hp_loss":0,"event_name":"Bonfire Elementals","floor":10,"gold_loss":0},{"damage_healed":0,"gold_gain":0,"player_choice":"Success","damage_taken":7,"relics_obtained":["Bag of Marbles"],"max_hp_gain":0,"max_hp_loss":0,"event_name":"Scrap Ooze","floor":14,"gold_loss":0},{"damage_healed":0,"gold_gain":0,"player_choice":"Ignored","damage_taken":0,"max_hp_gain":0,"max_hp_loss":0,"event_name":"Ghosts","floor":19,"gold_loss":0},{"damage_healed":0,"gold_gain":0,"player_choice":"Opened","damage_taken":0,"relics_obtained":["Bird Faced Urn"],"max_hp_gain":0,"max_hp_loss":0,"event_name":"The Mausoleum","floor":20,"gold_loss":0,"cards_obtained":["Writhe"]},{"damage_healed":0,"gold_gain":0,"player_choice":"Inject Mutagens","damage_taken":0,"relics_obtained":["MutagenicStrength"],"max_hp_gain":0,"max_hp_loss":0,"event_name":"Drug Dealer","floor":21,"gold_loss":0},{"damage_healed":0,"gold_gain":0,"player_choice":"Obtained Book","damage_taken":16,"max_hp_gain":0,"max_hp_loss":0,"event_name":"Cursed Tome","floor":24,"gold_loss":0},{"damage_healed":0,"gold_gain":0,"player_choice":"Fight","damage_taken":0,"max_hp_gain":0,"max_hp_loss":0,"event_name":"Colosseum","floor":27,"gold_loss":0},{"damage_healed":0,"gold_gain":0,"player_choice":"Fought Nobs","damage_taken":0,"max_hp_gain":0,"max_hp_loss":0,"event_name":"Colosseum","floor":27,"gold_loss":0},{"damage_healed":0,"gold_gain":99,"player_choice":"Stole From Cult","damage_taken":0,"max_hp_gain":0,"max_hp_loss":0,"event_name":"Nest","floor":30,"gold_loss":0},{"damage_healed":0,"gold_gain":0,"player_choice":"Copied","damage_taken":0,"max_hp_gain":0,"max_hp_loss":0,"event_name":"Duplicator","floor":36,"gold_loss":0,"cards_obtained":["Searing Blow"]},{"damage_healed":0,"gold_gain":0,"player_choice":"Memory 1","damage_taken":0,"max_hp_gain":0,"max_hp_loss":0,"event_name":"SensoryStone","floor":46,"gold_loss":0}],"is_beta":false,"boss_relics":[{"not_picked":["Mark of Pain","Ectoplasm"],"picked":"Philosopher\u0027s Stone"},{"not_picked":["Pandora\u0027s Box","Runic Dome"],"picked":"Sozu"}],"items_purged_floors":[28,38],"is_endless":false,"potions_floor_spawned":[1,16,22,23,27,27,35,42],"ascension_level":10}}