{"host":"5s7sm4h73jkd9266","time":1611428260,"event":{"mods":["AchievementEnabler","Bartender","BaseMod","Better Vampires","BetterRewards","Colored Map","Colored Powertips","Conspire","Downfall","Energized Spire","Hermit","Hubris","Magitek Elite","Minty Spire (QoL Compilation)","Potion Indicator Mod","Rare Cards Sparkle","Shop Mod","StSLib","The Blue Laboratory","The Necromancer","The Witch","Virulent Crown","everything is the same but u backflip on backflip","slay the spire mod where everything is the same but ironclad has a cowboy hat","vexMod"],"gold_per_floor":[113,29,29,29,54,94,94,113,185,205,225,239,17,40,40,166,166,187,201,240,14,27,27,45,60,60,60,60],"floor_reached":27,"language":"ENG","playtime":2952,"items_purged":[],"score":369,"play_id":"13a5c80b-aa25-418f-95e3-0b33d7c805fb","local_time":"20210123135740","is_ascension_mode":false,"campfire_choices":[{"floor":7.0,"key":"RECALL"},{"floor":15.0,"key":"REST"},{"floor":23.0,"key":"REST"}],"circlet_count":0,"master_deck":["Strike_B","Strike_B","Strike_B","Strike_B","Defend_B","Defend_B","Defend_B","Defend_B","Zap","Dualcast","Dark Shackles","Metamorphosis","Chill","conspire:Banana","Injury","Defragment","Capacitor","Conserve Battery","Conserve Battery","Fusion","Sweeping Beam","Go for the Eyes","Metamorphosis","Cold Snap","Gash","Echo Form","Static Discharge","Streamline+1","Streamline+1","Metamorphosis","Scrape","Conserve Battery+1","Echo Form","Beam Cell"],"relics":["Cracked Core","Gremlin Horn","Toy Ornithopter","Golden Idol","Du-Vu Doll","vexMod:BigBerry","Smiling Mask","HornCleat"],"acts_visited":["Exordium","TheCity"],"potions_floor_usage":[27],"damage_taken":[{"damage":0.0,"enemies":"Cultist","floor":1.0,"turns":2.0},{"damage":0.0,"enemies":"conspire:RoseBush","floor":5.0,"turns":3.0},{"damage":26.0,"enemies":"3 Sentries","floor":6.0,"turns":4.0},{"damage":0.0,"enemies":"Small Slimes","floor":8.0,"turns":4.0},{"damage":6.0,"enemies":"Exordium Wildlife","floor":10.0,"turns":4.0},{"damage":3.0,"enemies":"Lots of Slimes","floor":11.0,"turns":4.0},{"damage":0.0,"enemies":"Gremlin Gang","floor":12.0,"turns":6.0},{"damage":12.0,"enemies":"2 Fungi Beasts","floor":14.0,"turns":4.0},{"damage":22.0,"enemies":"Hexaghost","floor":16.0,"turns":11.0},{"damage":23.0,"enemies":"Chosen","floor":18.0,"turns":5.0},{"damage":14.0,"enemies":"Spheric Guardian","floor":19.0,"turns":4.0},{"damage":26.0,"enemies":"conspire:MimicChest","floor":20.0,"turns":6.0},{"damage":43.0,"enemies":"3 Cultists","floor":22.0,"turns":6.0},{"damage":26.0,"enemies":"Chosen and Byrds","floor":24.0,"turns":9.0},{"damage":32.0,"enemies":"Sentry and Sphere","floor":25.0,"turns":6.0},{"damage":12,"enemies":"3 Cultists","floor":27,"turns":3}],"seed_played":"-9217957671216316686","potions_obtained":[{"floor":1.0,"key":"Dexterity Potion"},{"floor":5.0,"key":"blueLaboratory:NullPotion"},{"floor":6.0,"key":"blueLaboratory:RelayPotion"},{"floor":10.0,"key":"blueLaboratory:CoolantVial"},{"floor":16.0,"key":"Fruit Juice"},{"floor":19.0,"key":"blueLaboratory:BottleOfRum"},{"floor":20.0,"key":"blueLaboratory:SavagePotion"},{"floor":24.0,"key":"blueLaboratory:RelayPotion"},{"floor":25.0,"key":"ColorlessPotion"}],"is_trial":false,"path_per_floor":["M","$","?","?","M","E","R","M","T","M","M","M","$","M","R","B",null,"M","M","?","$","M","R","M","M","T","M"],"character_chosen":"DEFECT","items_purchased":["Dark Shackles","Gremlin Horn","Metamorphosis","Toy Ornithopter","conspire:Banana","Metamorphosis","Cold Snap","Metamorphosis","Scrape"],"campfire_rested":2,"item_purchase_floors":[0,0,0,0,2,13,13,21,21],"current_hp_per_floor":[59,59,59,59,60,45,45,46,46,41,44,45,45,34,58,42,113,101,87,61,61,23,58,32,7,7,0,0],"gold":60,"neow_bonus":"","is_daily":false,"chose_seed":false,"campfire_upgraded":0,"win_rate":0.0,"timestamp":1611428260,"path_taken":["M","?","?","?","?","E","R","M","T","M","M","M","$","M","R","BOSS","M","?","?","$","M","R","?","M","T","?"],"items_purchased_type":["Card","Relic","Card","Relic","Card","Card","Card","Card","Card"],"build_version":"2020-12-22","purchased_purges":0,"victory":false,"max_hp_per_floor":[75,75,75,75,76,77,77,78,78,79,80,81,81,82,82,83,113,119,119,119,119,119,119,119,121,121,121,121],"card_choices":[{"not_picked":["Stack","Coolheaded"],"picked":"Beam Cell","floor":1.0},{"not_picked":["Storm","Turbo"],"picked":"Capacitor","floor":5.0},{"not_picked":["Steam","Blizzard"],"picked":"Conserve Battery","floor":6.0},{"not_picked":["Hologram","Rebound"],"picked":"Conserve Battery","floor":8.0},{"not_picked":["Turbo","Auto Shields"],"picked":"Fusion","floor":10.0},{"not_picked":["Coolheaded","Rebound"],"picked":"Sweeping Beam","floor":11.0},{"not_picked":["Recycle","Force Field"],"picked":"Go for the Eyes","floor":12.0},{"not_picked":["Hello World","Lockon"],"picked":"Gash","floor":14.0},{"not_picked":["Fission","Rainbow"],"picked":"Echo Form","floor":16.0},{"not_picked":["Leap","Coolheaded+1"],"picked":"Static Discharge","floor":18.0},{"not_picked":["Reinforced Body+1","Blizzard"],"picked":"Streamline+1","floor":19.0},{"not_picked":["Steam Power","hubris:PowerSurge"],"picked":"Streamline+1","floor":20.0},{"not_picked":["Streamline","Steam"],"picked":"Conserve Battery+1","floor":22.0},{"not_picked":["Sweeping Beam","Stack"],"picked":"Echo Form","floor":24.0},{"not_picked":["Scrape+1","Reprogram"],"picked":"Beam Cell","floor":25.0}],"player_experience":5490988,"relics_obtained":[{"floor":6.0,"key":"Du-Vu Doll"},{"floor":20.0,"key":"Smiling Mask"},{"floor":26.0,"key":"HornCleat"}],"event_choices":[{"damage_healed":0.0,"max_hp_gain":0.0,"max_hp_loss":0.0,"gold_gain":0.0,"event_name":"Golden Idol","player_choice":"Take Wound","floor":3.0,"gold_loss":0.0,"damage_taken":0.0,"relics_obtained":["Golden Idol"],"cards_obtained":["Injury"]},{"damage_healed":0.0,"max_hp_gain":0.0,"max_hp_loss":0.0,"gold_gain":0.0,"cards_transformed":["Beam Cell"],"event_name":"Living Wall","player_choice":"Change","floor":4.0,"gold_loss":0.0,"damage_taken":0.0,"cards_obtained":["Defragment"]}],"is_beta":false,"boss_relics":[{"not_picked":["SacredBark","hubris:Backtick"],"picked":"vexMod:BigBerry"}],"items_purged_floors":[],"is_endless":false,"potions_floor_spawned":[1,5,6,10,16,19,20,24,25],"killed_by":"3 Cultists","ascension_level":0}}