{"host":"aas8f8jvicx6tcxp","time":1611488896,"event":{"mods":["BaseMod","Better Third Choice","BetterRewards","Downfall","Hermit","Minty Spire (QoL Compilation)","Robot Space Explorer","StSLib","The Bladedancer","The Cursed"],"gold_per_floor":[117,135,149,41,41,41,71,71,71,85,96,96,116,129,129,129,129],"floor_reached":16,"language":"ENG","playtime":1059,"items_purged":[],"score":104,"play_id":"be39f595-559f-4666-8a7f-8e59ed1fc97c","local_time":"20210124054816","is_ascension_mode":false,"campfire_choices":[{"data":"1","floor":6,"key":"LIFT"},{"data":"Eruption","floor":12,"key":"SMITH"},{"data":"2","floor":15,"key":"LIFT"}],"circlet_count":0,"master_deck":["Strike_P","Strike_P","Strike_P","Strike_P","Defend_P","Defend_P","Defend_P","Defend_P","Eruption+1","Vigilance","FollowUp","DeceiveReality","SignatureMove","Adaptation","FollowUp","ConjureBlade","ForeignInfluence","Prostrate"],"relics":["PureWater","Girya","Shuriken","Pantograph"],"acts_visited":["Exordium"],"potions_floor_usage":[14,16,16],"damage_taken":[{"damage":0,"enemies":"Small Slimes","floor":1,"turns":2},{"damage":3,"enemies":"Jaw Worm","floor":2,"turns":4},{"damage":7,"enemies":"Cultist","floor":3,"turns":3},{"damage":6,"enemies":"Gremlin Nob","floor":7,"turns":5},{"damage":8,"enemies":"Red Slaver","floor":10,"turns":2},{"damage":0,"enemies":"Exordium Wildlife","floor":11,"turns":3},{"damage":0,"enemies":"2 Fungi Beasts","floor":13,"turns":1},{"damage":6,"enemies":"Large Slime","floor":14,"turns":3},{"damage":62,"enemies":"Hexaghost","floor":16,"turns":12}],"seed_played":"4618763176757144288","potions_obtained":[{"floor":3,"key":"Dexterity Potion"},{"floor":10,"key":"LiquidMemories"},{"floor":13,"key":"sneckomod:MuddlingPotion"},{"floor":14,"key":"bronze:BurnAndBuffPotion"}],"is_trial":false,"path_per_floor":["M","M","M","$","?","R","E","T","T","M","M","R","M","M","R","B"],"character_chosen":"WATCHER","items_purchased":["DeceiveReality","SignatureMove"],"campfire_rested":0,"item_purchase_floors":[4,4],"current_hp_per_floor":[65,62,55,55,55,55,49,49,49,41,41,41,41,35,35,0,0],"gold":129,"neow_bonus":"ONE_RARE_RELIC","is_daily":false,"chose_seed":false,"campfire_upgraded":1,"win_rate":0.0,"timestamp":1611488896,"path_taken":["M","M","M","$","?","R","E","?","T","M","M","R","?","M","R","BOSS"],"items_purchased_type":["Card","Card"],"build_version":"2020-12-22","purchased_purges":0,"victory":false,"max_hp_per_floor":[65,65,65,65,65,65,65,65,65,65,65,65,65,65,65,65,65],"card_choices":[{"not_picked":["Consecrate","Pray"],"picked":"FollowUp","floor":1},{"not_picked":["CutThroughFate","EmptyFist","PathToVictory"],"picked":"SKIP","floor":2},{"not_picked":["SandsOfTime","ThirdEye","FlurryOfBlows"],"picked":"SKIP","floor":3},{"not_picked":["SandsOfTime","Blasphemy"],"picked":"Adaptation","floor":7},{"not_picked":["PathToVictory","EmptyFist"],"picked":"FollowUp","floor":10},{"not_picked":["FlurryOfBlows","EmptyFist"],"picked":"ConjureBlade","floor":11},{"not_picked":["Halt","FlyingSleeves"],"picked":"ForeignInfluence","floor":13},{"not_picked":["LikeWater","JustLucky"],"picked":"Prostrate","floor":14}],"player_experience":340193,"relics_obtained":[{"floor":7,"key":"Shuriken"},{"floor":9,"key":"Pantograph"}],"event_choices":[{"damage_healed":0,"gold_gain":0,"player_choice":"Ignored","damage_taken":41,"max_hp_gain":0,"max_hp_loss":0,"event_name":"betterThird:BetterSerpent","floor":5,"gold_loss":0}],"is_beta":false,"boss_relics":[],"items_purged_floors":[],"is_endless":false,"potions_floor_spawned":[3,10,13,14],"killed_by":"Hexaghost","ascension_level":0}}