{"host":"j4g6ia6asvpyu2b0","time":1611491992,"event":{"mods":["BaseMod","Colored Map","Minty Spire (QoL Compilation)","Permanent Neow","Quick Restart","Relic Stats","StSLib","Unceasing Turn Reminder"],"gold_per_floor":[117,117,130,35,49,49,76,91,91,104,104,145,166,199,199,199,199],"floor_reached":16,"language":"ENG","playtime":465,"items_purged":[],"score":232,"play_id":"004799e3-2c3b-48d9-89ed-1b6d8231ae27","local_time":"20210124053952","is_ascension_mode":true,"campfire_choices":[{"data":"Discovery","floor":6,"key":"SMITH"},{"data":"Spot Weakness","floor":15,"key":"SMITH"}],"circlet_count":0,"master_deck":["AscendersBane","Strike_R","Strike_R","Strike_R","Strike_R","Strike_R","Defend_R","Defend_R","Defend_R","Defend_R","Bash","Reaper","Clothesline","Sword Boomerang","Discovery+1","Thunderclap","Havoc","Clothesline","Seeing Red","Brutality","Uppercut","Spot Weakness+1"],"relics":["Burning Blood","Letter Opener","Golden Idol","Self Forming Clay","InkBottle"],"acts_visited":["Exordium"],"potions_floor_usage":[10,12,13],"damage_taken":[{"damage":7,"enemies":"Cultist","floor":1,"turns":4},{"damage":4,"enemies":"Jaw Worm","floor":3,"turns":3},{"damage":17,"enemies":"Small Slimes","floor":5,"turns":4},{"damage":40,"enemies":"3 Sentries","floor":7,"turns":7},{"damage":12,"enemies":"Blue Slaver","floor":8,"turns":3},{"damage":5,"enemies":"Gremlin Gang","floor":10,"turns":2},{"damage":16,"enemies":"Lagavulin","floor":12,"turns":6},{"damage":13,"enemies":"Exordium Wildlife","floor":13,"turns":6},{"damage":35,"enemies":"3 Sentries","floor":14,"turns":8},{"damage":28,"enemies":"Slime Boss","floor":16,"turns":3}],"seed_played":"8994090616055153940","potions_obtained":[{"floor":3,"key":"Ancient Potion"},{"floor":7,"key":"DuplicationPotion"},{"floor":10,"key":"Strength Potion"},{"floor":12,"key":"SpeedPotion"}],"is_trial":false,"path_per_floor":["M","?","M","$","M","R","E","M","T","M","?","E","M","E","R","B"],"character_chosen":"IRONCLAD","items_purchased":["Discovery"],"campfire_rested":0,"item_purchase_floors":[4],"current_hp_per_floor":[67,67,69,69,64,64,42,40,40,75,49,45,43,28,28,0,0],"gold":199,"neow_bonus":"ONE_RANDOM_RARE_CARD","is_daily":false,"chose_seed":false,"campfire_upgraded":2,"win_rate":0.0,"timestamp":1611491992,"path_taken":["M","?","M","$","M","R","E","M","T","M","?","E","M","E","R","BOSS"],"items_purchased_type":["Card"],"build_version":"2020-12-22","purchased_purges":0,"victory":false,"max_hp_per_floor":[75,75,75,75,75,75,75,75,75,75,75,75,75,75,75,75,75],"relic_stats":{"counters":[10,46],"Golden Idol":19,"Self Forming Clay":[45],"Letter Opener":[20],"obtain_stats":[{"Golden Idol":11,"Self Forming Clay":12,"Letter Opener":7,"Burning Blood":0,"InkBottle":14},{"Golden Idol":6,"Self Forming Clay":7,"Letter Opener":4,"Burning Blood":0,"InkBottle":9},{"Golden Idol":23,"Self Forming Clay":29,"Letter Opener":18,"Burning Blood":0,"InkBottle":43}],"Burning Blood":53,"InkBottle":[0]},"card_choices":[{"not_picked":["Warcry","Headbutt"],"picked":"Clothesline","floor":1},{"not_picked":["Brutality","Havoc"],"picked":"Sword Boomerang","floor":3},{"not_picked":["Second Wind","True Grit"],"picked":"Thunderclap","floor":5},{"not_picked":["Heavy Blade","Dark Embrace"],"picked":"Havoc","floor":7},{"not_picked":["Heavy Blade","Rupture"],"picked":"Clothesline","floor":8},{"not_picked":["Thunderclap","True Grit"],"picked":"Seeing Red","floor":10},{"not_picked":["Twin Strike","Wild Strike"],"picked":"Brutality","floor":12},{"not_picked":["Armaments","Dark Embrace"],"picked":"Uppercut","floor":13},{"not_picked":["Blood for Blood","Intimidate"],"picked":"Spot Weakness","floor":14}],"player_experience":976220,"relics_obtained":[{"floor":7,"key":"Letter Opener"},{"floor":12,"key":"Self Forming Clay"},{"floor":14,"key":"InkBottle"}],"event_choices":[{"damage_healed":0,"gold_gain":0,"player_choice":"Leave","damage_taken":0,"max_hp_gain":0,"max_hp_loss":0,"event_name":"The Cleric","floor":2,"gold_loss":0},{"damage_healed":0,"gold_gain":0,"player_choice":"Take Damage","damage_taken":26,"relics_obtained":["Golden Idol"],"max_hp_gain":0,"max_hp_loss":0,"event_name":"Golden Idol","floor":11,"gold_loss":0}],"is_beta":false,"boss_relics":[],"items_purged_floors":[],"is_endless":false,"potions_floor_spawned":[3,7,10,12],"killed_by":"Slime Boss","ascension_level":18}}