{"host":"sv5wu69vx5k0n1ve","time":1611476731,"event":{"mods":["Act Like it!","BaseMod","Colored Powertips","Minty Spire (QoL Compilation)","Relic Stats","Replay The Spire","StSLib"],"gold_per_floor":[112,112,112,127,127,154,154,181,181,194,210,59,73,84,84,84,84,184,184,196,196,207,207,218,251,251,77,77,91,91,102,137,137,137],"floor_reached":33,"language":"ZHS","playtime":2768,"items_purged":["Strike_G","Strike_G"],"score":338,"play_id":"20a10bf4-6b11-4a86-8fbe-237f7d056d51","local_time":"20210124162531","is_ascension_mode":true,"campfire_choices":[{"data":"Blade Dance","floor":7.0,"key":"SMITH"},{"data":"Strike_G","floor":17.0,"key":"PURGE"},{"data":"Cloak And Dagger","floor":26.0,"key":"SMITH"}],"circlet_count":0,"master_deck":["Strike_G","Strike_G","Defend_G+1","Defend_G+1","Defend_G","Defend_G","Survivor","Neutralize","Blade Dance+1","ReplayTheSpireMod:Uncanny Aura","Backflip","ReplayTheSpireMod:Scrap Shanks","Cloak And Dagger","Cloak And Dagger+1","Hidden Blade","Accuracy","Dagger Throw","Replay:Bag of Tricks","Backflip","Blur","Blade Dance","Reflex+1","Prepared"],"relics":["Ring of the Snake","NeowsBlessing","Replay:Kaleidoscope","Replay:Wax Seal","Kunai","Philosopher\u0027s Stone","Simple Rune","Replay:Multitool","War Paint"],"acts_visited":["TheCity"],"potions_floor_usage":[],"damage_taken":[{"damage":0.0,"enemies":"Jaw Worm","floor":1.0,"turns":1.0},{"damage":0.0,"enemies":"Cultist","floor":4.0,"turns":1.0},{"damage":0.0,"enemies":"Lagavulin","floor":6.0,"turns":1.0},{"damage":41.0,"enemies":"Gremlin Nob","floor":8.0,"turns":5.0},{"damage":0.0,"enemies":"2 Louse","floor":10.0,"turns":4.0},{"damage":0.0,"enemies":"Red Slaver","floor":11.0,"turns":5.0},{"damage":0.0,"enemies":"2 Fungi Beasts","floor":13.0,"turns":3.0},{"damage":2.0,"enemies":"Exordium Wildlife","floor":14.0,"turns":4.0},{"damage":16.0,"enemies":"The Guardian","floor":18.0,"turns":12.0},{"damage":0.0,"enemies":"3 Byrds","floor":20.0,"turns":4.0},{"damage":0.0,"enemies":"Chosen","floor":22.0,"turns":4.0},{"damage":6.0,"enemies":"3 Cultists","floor":24.0,"turns":6.0},{"damage":29.0,"enemies":"Slavers","floor":25.0,"turns":7.0},{"damage":0.0,"enemies":"Sentry and Sphere","floor":29.0,"turns":5.0},{"damage":1.0,"enemies":"Snecko","floor":31.0,"turns":4.0},{"damage":8.0,"enemies":"Gremlin Leader","floor":32.0,"turns":7.0},{"damage":0,"enemies":"Chosen and Byrds","floor":33,"turns":1}],"seed_played":"-5412597343655958628","potions_obtained":[{"floor":10.0,"key":"AttackPotion"},{"floor":13.0,"key":"SteroidPotion"},{"floor":14.0,"key":"ColorlessPotion"},{"floor":31.0,"key":"Elixir"},{"floor":32.0,"key":"Toxic Potion"}],"is_trial":false,"path_per_floor":["M","?","$","M","?","E","R","E","T","M","M","$","M","M","PTL","PTL","R","B",null,"M","?","M","?","M","E","R","$","T","M","?","M","E","M"],"character_chosen":"THE_SILENT","items_purchased":["Accuracy","Reflex"],"campfire_rested":0,"item_purchase_floors":[12,27],"current_hp_per_floor":[70,70,70,70,70,70,70,29,29,29,29,29,29,27,27,27,27,11,70,70,70,70,70,64,35,35,35,35,35,35,34,26,26,26],"gold":137,"neow_bonus":"THREE_ENEMY_KILL","is_daily":false,"chose_seed":false,"campfire_upgraded":2,"win_rate":0.0,"timestamp":1611476731,"path_taken":["M","?","$","?","?","E","R","E","T","?","M","$","M","M","PTL","PTL","R","BOSS","M","?","M","?","M","E","R","?","T","M","?","M","E","M"],"items_purchased_type":["Card","Card"],"build_version":"2020-12-22","purchased_purges":2,"victory":false,"max_hp_per_floor":[70,70,70,70,70,70,70,70,70,70,70,70,70,70,70,70,70,70,70,70,70,70,70,70,70,70,70,70,70,70,70,70,70,70],"relic_stats":{"counters":[17,74],"Kunai":[54],"War Paint":["Defend_G","Reflex"],"obtain_stats":[{"NeowsBlessing":0,"Philosopher\u0027s Stone":19,"Simple Rune":25,"Replay:Multitool":28,"Replay:Kaleidoscope":6,"Kunai":9,"Replay:Wax Seal":8,"War Paint":32,"Ring of the Snake":0},{"NeowsBlessing":0,"Philosopher\u0027s Stone":9,"Simple Rune":13,"Replay:Multitool":13,"Replay:Kaleidoscope":3,"Kunai":4,"Replay:Wax Seal":4,"War Paint":16,"Ring of the Snake":0},{"NeowsBlessing":0,"Philosopher\u0027s Stone":36,"Simple Rune":57,"Replay:Multitool":57,"Replay:Kaleidoscope":3,"Kunai":8,"Replay:Wax Seal":8,"War Paint":73,"Ring of the Snake":0}],"Ring of the Snake":[34]},"card_choices":[{"not_picked":["Prepared","Dagger Throw"],"picked":"Blade Dance","floor":1.0},{"not_picked":["Dodge and Roll","Deadly Poison"],"picked":"Backflip","floor":4.0},{"not_picked":["Quick Slash","Bane"],"picked":"ReplayTheSpireMod:Scrap Shanks","floor":6.0},{"not_picked":["Die Die Die","Poisoned Stab"],"picked":"Cloak And Dagger","floor":8.0},{"not_picked":["Deadly Poison","Choke"],"picked":"Cloak And Dagger","floor":10.0},{"not_picked":["Cloak And Dagger","Slice"],"picked":"Hidden Blade","floor":11.0},{"not_picked":["Deflect","Dash"],"picked":"Dagger Throw","floor":13.0},{"not_picked":["Cloak And Dagger","Caltrops","Distraction"],"picked":"SKIP","floor":14.0},{"not_picked":["ReplayTheSpireMod:From All Sides","ReplayTheSpireMod:Necrosis"],"picked":"Replay:Bag of Tricks","floor":18.0},{"not_picked":["Bouncing Flask","Eviscerate","Riddle With Holes"],"picked":"SKIP","floor":20.0},{"not_picked":["PiercingWail","Slice+1"],"picked":"Blur","floor":22.0},{"not_picked":["Slice","ReplayTheSpireMod:Exploit Weakness","Cloak And Dagger"],"picked":"SKIP","floor":24.0},{"not_picked":["Poison Darts","Flying Knee"],"picked":"Blade Dance","floor":25.0},{"not_picked":["Dagger Spray+1","Deflect+1","Replay:Poison Smokescreen+1"],"picked":"SKIP","floor":29.0},{"not_picked":["ReplayTheSpireMod:Tripwire","Crippling Poison"],"picked":"Prepared","floor":31.0},{"not_picked":["ReplayTheSpireMod:Necrosis","Outmaneuver","Dodge and Roll"],"picked":"SKIP","floor":32.0}],"player_experience":155431,"relics_obtained":[{"floor":6.0,"key":"Replay:Kaleidoscope"},{"floor":8.0,"key":"Replay:Wax Seal"},{"floor":9.0,"key":"Kunai"},{"floor":25.0,"key":"Simple Rune"},{"floor":28.0,"key":"Replay:Multitool"},{"floor":32.0,"key":"War Paint"}],"event_choices":[{"damage_healed":0.0,"max_hp_gain":0.0,"max_hp_loss":0.0,"gold_gain":0.0,"event_name":"Match and Keep!","player_choice":"1 cards matched","floor":2.0,"gold_loss":0.0,"damage_taken":0.0,"cards_obtained":["ReplayTheSpireMod:Uncanny Aura"]},{"cards_removed":["Defend_G"],"damage_healed":0.0,"max_hp_gain":0.0,"max_hp_loss":0.0,"gold_gain":0.0,"event_name":"Purifier","player_choice":"Purged","floor":5.0,"gold_loss":0.0,"damage_taken":0.0},{"damage_healed":0.0,"max_hp_gain":0.0,"max_hp_loss":0.0,"gold_gain":0.0,"event_name":"The Library","player_choice":"Read","floor":21.0,"gold_loss":0.0,"damage_taken":0.0,"cards_obtained":["Backflip"]},{"damage_healed":0.0,"max_hp_gain":0.0,"max_hp_loss":0.0,"gold_gain":0.0,"event_name":"Ghosts","player_choice":"Ignored","floor":30.0,"gold_loss":0.0,"damage_taken":0.0}],"is_beta":false,"boss_relics":[{"not_picked":["Runic Pyramid","Runic Dome"],"picked":"Philosopher\u0027s Stone"}],"items_purged_floors":[12,27],"is_endless":false,"potions_floor_spawned":[10,13,14,31,32],"killed_by":"Chosen and Byrds","ascension_level":1}}