{"host":"6q94iy5iz6612v89","time":1611458494,"event":{"mods":["AchievementEnabler","BaseMod","Colored Map","DeckTracker","Keyboard Shortcuts","Minty Spire (QoL Compilation)","Permanent Neow","StSLib","SuperFastMode"],"gold_per_floor":[109,184,83,8,8,37,56,69,119,138,172,172,202,102,102,179,179,196,196,209,209,46,72,72,72,72],"floor_reached":25,"language":"KOR","playtime":516,"items_purged":["Strike_B","Strike_B"],"score":524,"play_id":"07b4ce03-377b-4eac-b797-86242cdee45a","local_time":"20210124122134","is_ascension_mode":true,"campfire_choices":[{"data":"Dualcast","floor":12,"key":"SMITH"},{"data":"Redo","floor":15,"key":"SMITH"},{"data":"Defragment","floor":24,"key":"SMITH"}],"circlet_count":0,"master_deck":["AscendersBane","Strike_B","Defend_B","Defend_B","Defend_B","Defend_B","Zap","Dualcast+1","Cold Snap","Ball Lightning","Doom and Gloom","Reinforced Body","Self Repair","Multi-Cast","Redo+1","Turbo","Defragment+1","Coolheaded"],"relics":["Cracked Core","NeowsBlessing","Pen Nib","Toy Ornithopter","PreservedInsect","Kunai","SacredBark","Blood Vial"],"acts_visited":["Exordium","TheCity"],"potions_floor_usage":[13,16,23],"damage_taken":[{"damage":0,"enemies":"2 Louse","floor":1,"turns":1},{"damage":0,"enemies":"3 Sentries","floor":6,"turns":1},{"damage":0,"enemies":"Jaw Worm","floor":7,"turns":1},{"damage":0,"enemies":"Cultist","floor":8,"turns":2},{"damage":0,"enemies":"Exordium Wildlife","floor":10,"turns":3},{"damage":6,"enemies":"Gremlin Nob","floor":11,"turns":3},{"damage":13,"enemies":"3 Sentries","floor":13,"turns":3},{"damage":18,"enemies":"The Guardian","floor":16,"turns":9},{"damage":3,"enemies":"Chosen","floor":18,"turns":5},{"damage":23,"enemies":"2 Thieves","floor":20,"turns":4},{"damage":19,"enemies":"Book of Stabbing","floor":23,"turns":3},{"damage":47,"enemies":"Slavers","floor":25,"turns":3}],"seed_played":"-8664452111986640269","potions_obtained":[{"floor":10,"key":"ColorlessPotion"},{"floor":11,"key":"Fire Potion"},{"floor":20,"key":"DistilledChaos"}],"is_trial":false,"path_per_floor":["M","?","$","?","?","E","M","M","T","M","E","R","E","$","R","B",null,"M","?","M","?","$","E","R","E"],"character_chosen":"DEFECT","items_purchased":["Ball Lightning","Defragment","Coolheaded","FocusPotion"],"campfire_rested":0,"item_purchase_floors":[3,22,22,22],"current_hp_per_floor":[64,53,53,53,58,58,58,58,58,58,52,52,51,51,51,45,68,72,72,49,49,49,42,42,0,0],"gold":72,"neow_bonus":"THREE_ENEMY_KILL","is_daily":false,"chose_seed":false,"campfire_upgraded":3,"win_rate":0.0,"timestamp":1611458494,"path_taken":["M","?","$","?","?","E","M","?","T","M","E","R","E","?","R","BOSS","M","?","M","?","$","E","R","E"],"items_purchased_type":["Card","Card","Card","Potion"],"build_version":"2020-12-22","purchased_purges":2,"victory":false,"max_hp_per_floor":[71,71,71,71,76,76,76,76,76,76,76,76,76,76,76,76,76,76,76,76,76,76,76,76,76,76],"card_choices":[{"not_picked":["Barrage","Steam"],"picked":"Cold Snap","floor":1},{"not_picked":["Go for the Eyes","Steam"],"picked":"Doom and Gloom","floor":6},{"not_picked":["Aggregate","Redo"],"picked":"Reinforced Body","floor":7},{"not_picked":["Hologram","FTL","Chaos"],"picked":"SKIP","floor":8},{"not_picked":["Turbo","Cold Snap"],"picked":"Self Repair","floor":10},{"not_picked":["Leap","Beam Cell"],"picked":"Multi-Cast","floor":11},{"not_picked":["Redo","Gash","Stack"],"picked":"SKIP","floor":13},{"not_picked":["Gash","Stack"],"picked":"Redo","floor":13},{"not_picked":["Gash","Steam","Streamline"],"picked":"SKIP","floor":18},{"not_picked":["Gash","Reinforced Body","Rebound"],"picked":"SKIP","floor":20},{"not_picked":["Hologram","Amplify","Genetic Algorithm"],"picked":"SKIP","floor":23}],"player_experience":1439818,"relics_obtained":[{"floor":6,"key":"Pen Nib"},{"floor":9,"key":"Toy Ornithopter"},{"floor":11,"key":"PreservedInsect"},{"floor":13,"key":"Kunai"},{"floor":23,"key":"Blood Vial"}],"event_choices":[{"damage_healed":0,"gold_gain":75,"player_choice":"Gather Gold","damage_taken":11,"max_hp_gain":0,"max_hp_loss":0,"event_name":"World of Goop","floor":2,"gold_loss":0},{"cards_removed":["Strike_B"],"damage_healed":0,"gold_gain":0,"player_choice":"Card Removal","damage_taken":0,"max_hp_gain":0,"max_hp_loss":0,"event_name":"The Cleric","floor":4,"gold_loss":75},{"damage_healed":0,"gold_gain":0,"player_choice":"Donut","damage_taken":0,"max_hp_gain":5,"max_hp_loss":0,"event_name":"Big Fish","floor":5,"gold_loss":0},{"damage_healed":0,"gold_gain":0,"player_choice":"Ignored","damage_taken":0,"max_hp_gain":0,"max_hp_loss":0,"event_name":"Vampires","floor":19,"gold_loss":0},{"damage_healed":0,"gold_gain":0,"player_choice":"Read","damage_taken":0,"max_hp_gain":0,"max_hp_loss":0,"event_name":"The Library","floor":21,"gold_loss":0,"cards_obtained":["Turbo"]}],"is_beta":false,"boss_relics":[{"not_picked":["FrozenCore","Busted Crown"],"picked":"SacredBark"}],"items_purged_floors":[3,14],"is_endless":false,"potions_floor_spawned":[10,11,20],"killed_by":"Slavers","ascension_level":20}}