{"host":"btkahjvw3wdsn6lk","time":1611490016,"event":{"mods":["ATMod(°¢èªMod)","Act Like it!","BaseMod","Dota2Spire","Gensokyo","Highlight Path","Minty Spire (QoL Compilation)","RumiaBox-Â¶Ã×æ«µÄÉñÃØºÐ×Ó","Spicy Shops","StSLib","Yakumo Yukari mod","¡¾ÒÅÎï¿¨ÅÆ¡¿REMEMod"],"gold_per_floor":[139,154,169,169,169,183,39,39,65,65,79,79,79],"floor_reached":12,"language":"ZHS","playtime":1918,"items_purged":[],"score":77,"play_id":"74a2865f-9401-4730-aefd-3f10e81c5215","local_time":"20210124200656","is_ascension_mode":true,"campfire_choices":[{"data":"AT_KingSlayer","floor":8.0,"key":"SMITH"},{"floor":10.0,"key":"RECALL"}],"circlet_count":0,"master_deck":["AT_purpleEX","AT_purpleEX","AT_purpleEX","AT_purpleEX","Defend_purpleEX","Defend_purpleEX","Defend_purpleEX","Defend_purpleEX","Observe_purple_1","Observe_purple_2","REME_BodyOfCthun","AT_KingSlayer+1","RuleDissolution_purple","Injury","Gensokyo:TarnishedGold","Gensokyo:Shovel","Gensokyo:RustyChest","LoveAcrossDimensions_purple"],"relics":["Boundary_crack","Memoryfragments_purpleEX","AT_ATBox","REME_ComplimentaryCards","AT_RedTearstoneRing","Gensokyo:CelestialsFlawlessClothing","Happy Flower"],"acts_visited":["Exordium"],"potions_floor_usage":[12],"damage_taken":[{"damage":2.0,"enemies":"Gensokyo:2_Kodama","floor":1.0,"turns":6.0},{"damage":1.0,"enemies":"Gensokyo:3_Fairies","floor":2.0,"turns":7.0},{"damage":2.0,"enemies":"Gensokyo:Python","floor":3.0,"turns":5.0},{"damage":43.0,"enemies":"Gensokyo:VengefulSpirit","floor":6.0,"turns":8.0},{"damage":8.0,"enemies":"Gensokyo:2_Rabbits","floor":11.0,"turns":5.0},{"damage":113,"enemies":"Gensokyo:Cirno","floor":12,"turns":14}],"seed_played":"-6615667092497071839","potions_obtained":[{"floor":2.0,"key":"Fruit Juice"},{"floor":3.0,"key":"Dota2Spire:HealingSalve"}],"is_trial":false,"path_per_floor":["M","M","M","?","?","M","COS","R","T","R","M","E"],"character_chosen":"Youkari","items_purchased":[],"campfire_rested":0,"item_purchase_floors":[],"current_hp_per_floor":[77,82,82,82,62,24,24,24,24,24,17,0,0],"gold":79,"neow_bonus":"TEN_PERCENT_HP_BONUS","is_daily":false,"chose_seed":false,"campfire_upgraded":1,"win_rate":0.0,"timestamp":1611490016,"path_taken":["M","M","M","?","?","?","COS","R","T","R","?","E"],"items_purchased_type":[],"build_version":"2020-12-22","purchased_purges":0,"victory":false,"max_hp_per_floor":[77,82,82,82,82,82,82,82,82,82,82,82,82],"card_choices":[{"not_picked":["WatchEChange_purple","Mirror_FourBoundary_purple","Line_surface_state_purple"],"picked":"SKIP","floor":1.0},{"not_picked":["Boundary_of_Extermination_purpleEX","SfantasyHide_purple"],"picked":"RuleDissolution_purple","floor":2.0},{"not_picked":["Line_surface_state_purple","Realm_recovery_purpleEX","PositiveMatter_Antimatter_Universe_purple"],"picked":"SKIP","floor":3.0},{"not_picked":["Mirror_FormAndEmptin_purple","RuleDissolution_purple","ExistenceContinue_purple"],"picked":"SKIP","floor":6.0},{"not_picked":["Anti_communist_purple","Erosivefilter_purple"],"picked":"LoveAcrossDimensions_purple","floor":11.0}],"player_experience":398459,"relics_obtained":[],"event_choices":[],"is_beta":false,"boss_relics":[],"items_purged_floors":[],"is_endless":false,"potions_floor_spawned":[2,3],"killed_by":"Gensokyo:Cirno","ascension_level":2}}