{"host":"0fm1w3v00gid44jl","time":1611517763,"event":{"mods":["AchievementEnabler","BaseMod","Colored Map","Colored Powertips","Displayed Cursed Tome","Downfall","Googly Eyes","Highlight Path","Minty Spire (QoL Compilation)","Permanent Neow","Relic Stats","StSLib","SuperFastMode","slay the spire mod where everything is the same but ironclad has a cowboy hat"],"gold_per_floor":[99,114,128,128,142,142,168,168,179,179,179,194,229,229,245,245,245,245],"floor_reached":16,"language":"ENG","playtime":373,"items_purged":[],"score":107,"play_id":"8c44c5fd-47ec-4726-a0ca-d6063d918602","local_time":"20210124134923","is_ascension_mode":true,"campfire_choices":[{"data":"bronze:Goto","floor":1,"key":"SMITH"},{"data":"bronze:Boost","floor":6,"key":"SMITH"},{"data":"bronze:ChosenStrike","floor":8,"key":"SMITH"},{"data":"bronze:BitShift","floor":10,"key":"SMITH"}],"circlet_count":0,"master_deck":["bronze:Strike","bronze:Strike","bronze:Strike","bronze:Strike","bronze:Defend","bronze:Defend","bronze:Defend","bronze:Defend","bronze:Replicate","bronze:Goto+1","bronze:Boost+1","bronze:DelayedSlice","bronze:ChosenStrike+1","bronze:BitShift+1","bronze:Terminator","bronze:ForLoop"],"relics":["bronze:BronzeCore","Tiny Chest","downfall:ShatteredFragment","Toy Ornithopter","bronze:SilverBullet","Sundial"],"acts_visited":["Exordium"],"potions_floor_usage":[13],"damage_taken":[{"damage":1,"enemies":"Jaw Worm","floor":2,"turns":4},{"damage":0,"enemies":"2 Louse","floor":3,"turns":3},{"damage":0,"enemies":"Cultist","floor":5,"turns":3},{"damage":3,"enemies":"Large Slime","floor":9,"turns":2},{"damage":2,"enemies":"Exordium Wildlife","floor":12,"turns":3},{"damage":8,"enemies":"Gremlin Nob","floor":13,"turns":3},{"damage":0,"enemies":"Blue Slaver","floor":15,"turns":1},{"damage":54,"enemies":"DF_ARCHETYPE_STREAMLINE","floor":16,"turns":6}],"seed_played":"-7917650892138804182","potions_obtained":[{"floor":2,"key":"EssenceOfSteel"},{"floor":5,"key":"LiquidMemories"},{"floor":12,"key":"Fruit Juice"}],"is_trial":false,"path_per_floor":["R","M","M","?","M","R","T","R","M","R","?","M","E","?","M","B"],"character_chosen":"THE_AUTOMATON","items_purchased":[],"campfire_rested":0,"item_purchase_floors":[],"current_hp_per_floor":[70,69,69,48,48,48,48,48,45,45,45,43,45,42,42,0,0,0],"gold":245,"neow_bonus":"RANDOM_COMMON_RELIC","is_daily":false,"chose_seed":false,"campfire_upgraded":4,"win_rate":0.0,"timestamp":1611517763,"path_taken":["R","M","M","?","M","R","T","R","M","R","?","M","E","?","M","BOSS"],"items_purchased_type":[],"build_version":"2020-12-22","purchased_purges":0,"victory":false,"max_hp_per_floor":[70,70,70,70,70,70,70,70,70,70,70,70,75,75,75,75,75,75],"relic_stats":{"counters":[8,25],"Sundial":[0],"Tiny Chest":0,"obtain_stats":[{"bronze:BronzeCore":0,"downfall:ShatteredFragment":4,"Sundial":14,"Tiny Chest":0,"bronze:SilverBullet":13,"Toy Ornithopter":7},{"bronze:BronzeCore":0,"downfall:ShatteredFragment":2,"Sundial":6,"Tiny Chest":0,"bronze:SilverBullet":6,"Toy Ornithopter":3},{"bronze:BronzeCore":0,"downfall:ShatteredFragment":7,"Sundial":18,"Tiny Chest":0,"bronze:SilverBullet":18,"Toy Ornithopter":10}],"Toy Ornithopter":5},"card_choices":[{"not_picked":["bronze:InfiniteBeams","bronze:FineTuning"],"picked":"bronze:Boost","floor":2},{"not_picked":["bronze:Terminator","bronze:InfiniteBeams"],"picked":"bronze:DelayedSlice","floor":3},{"not_picked":["bronze:Overload","bronze:BuggyMess"],"picked":"bronze:ChosenStrike","floor":5},{"not_picked":["bronze:Separator","bronze:CutThrough"],"picked":"bronze:BitShift","floor":9},{"not_picked":["bronze:BugBarrage","bronze:WhirlingStrike"],"picked":"bronze:Terminator","floor":12},{"not_picked":["bronze:OilSpill","bronze:InfiniteBeams"],"picked":"bronze:ForLoop","floor":13},{"not_picked":["bronze:HardenedForm","bronze:Separator","bronze:BuggyMess"],"picked":"SKIP","floor":15}],"player_experience":1494350,"relics_obtained":[{"floor":7,"key":"Toy Ornithopter"},{"floor":13,"key":"bronze:SilverBullet"}],"event_choices":[{"damage_healed":0,"gold_gain":0,"player_choice":"Success","damage_taken":3,"relics_obtained":["Sundial"],"max_hp_gain":0,"max_hp_loss":0,"event_name":"Scrap Ooze","floor":14,"gold_loss":0}],"is_beta":false,"boss_relics":[],"items_purged_floors":[],"is_endless":false,"potions_floor_spawned":[2,5,12],"killed_by":"DF_ARCHETYPE_STREAMLINE","ascension_level":1}}