{"host":"lzzv50t0ea3gz1kk","time":1611481248,"event":{"mods":["ATMod(°¢èªMod)","Act Like it!","Aspiration","BaseMod","Colored Powertips","Conspire","Downfall","Gensokyo","Hallownest","Hermit","Marisa£¨ìFÓê¡¡Ä§ÀíÉ³£©","Minty Spire (QoL Compilation)","Robot Space Explorer","SIMod","StSLib","The Saiyan","vexMod"],"gold_per_floor":[99,116,126,126,126,38,87,106,122,136,36,70,89,122,140,239,239,39,54,64,64,64,64,91,91,121,133,133,133,133,147,161,258,258,258,273,285,300,316,334,334,94,111,111,146,146,146,146,165,165,165,165],"floor_reached":50,"language":"ZHS","playtime":2675,"items_purged":["vexMod:UltimateCard"],"score":608,"play_id":"073517b4-eaf0-4338-a3dc-625b4dab8783","local_time":"20210124174048","is_ascension_mode":false,"campfire_choices":[{"data":"champ:Taunt","floor":1.0,"key":"SMITH"},{"floor":11.0,"key":"RECALL"},{"data":"champ:DancingMaster","floor":18.0,"key":"SMITH"},{"data":"champ:ShieldThrow","floor":25.0,"key":"SMITH"},{"data":"champ:EnGarde","floor":28.0,"key":"SMITH"},{"data":"champ:ShieldWall","floor":30.0,"key":"SMITH"},{"data":"champ:UltimateStance","floor":35.0,"key":"SMITH"},{"floor":44.0,"key":"REST"}],"circlet_count":0,"master_deck":["champ:Strike","champ:Strike","champ:Strike","champ:Defend","champ:Execute","champ:Taunt+1","champ:RageSigil","champ:BerserkersShout","champ:ShieldWall+1","champ:ShieldThrow+1","champ:ShieldSigil","champ:DancingMaster+1","champ:EnGarde+1","champ:ShieldSlam","champ:CalledShot","champ:SwordSigil+1","champ:UltimateStance+1","champ:Backstep+1","champ:TornadoPunch+1","champ:EnGarde+1","champ:RageSigil+1","champ:Circumvent+1"],"relics":["champ:ChampionCrown","AT_ATBox","downfall:HeartBlessingBlue","Toy Ornithopter","AT_RedTearstoneRing","AT_TrinityForce","downfall:HeartBlessingRed","downfall:HeartBlessingGreen","Boot","aspiration:FetidBarrel","Cursed Key","Mummified Hand","Regal Pillow","The Courier"],"acts_visited":["Exordium","TheCity","TheBeyond"],"potions_floor_usage":[50,50,50],"damage_taken":[{"damage":30.0,"enemies":"Jaw Worm","floor":2.0,"turns":5.0},{"damage":6.0,"enemies":"Cultist","floor":3.0,"turns":4.0},{"damage":20.0,"enemies":"downfall:FleeingMerchant","floor":6.0,"turns":4.0},{"damage":28.0,"enemies":"Small Slimes","floor":8.0,"turns":4.0},{"damage":37.0,"enemies":"3 Louse","floor":9.0,"turns":4.0},{"damage":48.0,"enemies":"2 Fungi Beasts","floor":10.0,"turns":5.0},{"damage":10.0,"enemies":"Lagavulin","floor":12.0,"turns":7.0},{"damage":25.0,"enemies":"Gremlin Gang","floor":13.0,"turns":5.0},{"damage":25.0,"enemies":"3 Sentries","floor":14.0,"turns":8.0},{"damage":2.0,"enemies":"2 Fungi Beasts","floor":15.0,"turns":4.0},{"damage":24.0,"enemies":"DF_ARCHETYPE_STREAMLINE","floor":16.0,"turns":11.0},{"damage":10.0,"enemies":"Spheric Guardian","floor":19.0,"turns":3.0},{"damage":13.0,"enemies":"Shell Parasite","floor":20.0,"turns":4.0},{"damage":0.0,"enemies":"Book of Stabbing","floor":26.0,"turns":5.0},{"damage":25.0,"enemies":"Sentry and Sphere","floor":27.0,"turns":4.0},{"damage":14.0,"enemies":"Cultist and Chosen","floor":31.0,"turns":6.0},{"damage":4.0,"enemies":"Shelled Parasite and Fungi","floor":32.0,"turns":4.0},{"damage":52.0,"enemies":"IC_MUSHROOM_ARCHETYPE","floor":33.0,"turns":10.0},{"damage":41.0,"enemies":"3 Darklings","floor":36.0,"turns":4.0},{"damage":18.0,"enemies":"Orb Walker","floor":37.0,"turns":2.0},{"damage":56.0,"enemies":"Maw","floor":38.0,"turns":8.0},{"damage":2.0,"enemies":"Jaw Worm Horde","floor":39.0,"turns":3.0},{"damage":17.0,"enemies":"Writhing Mass","floor":40.0,"turns":4.0},{"damage":45.0,"enemies":"downfall:FleeingMerchant","floor":42.0,"turns":4.0},{"damage":40.0,"enemies":"Sphere and 2 Shapes","floor":43.0,"turns":3.0},{"damage":59,"enemies":"Nemesis","floor":45,"turns":7},{"damage":10,"enemies":"Jaw Worm Horde","floor":49,"turns":3},{"damage":126,"enemies":"SI_POISON_ARCHETYPE","floor":50,"turns":5}],"seed_played":"-1382073484063707396","potions_obtained":[{"floor":2.0,"key":"Fire Potion"},{"floor":3.0,"key":"FearPotion"},{"floor":8.0,"key":"BlessingOfTheForge"},{"floor":13.0,"key":"GamblersBrew"},{"floor":16.0,"key":"Guardian:BlockOnCardUsePotion"},{"floor":20.0,"key":"Fruit Juice"},{"floor":27.0,"key":"Energy Potion"},{"floor":39.0,"key":"Explosive Potion"},{"floor":40.0,"key":"BlessingOfTheForge"}],"is_trial":false,"path_per_floor":["R","M","M","?","?","$","T","M","M","M","R","E","M","E","M","B",null,"R","M","M","?","?","?","T","R","E","M","R","?","R","M","M","B",null,"R","M","M","M","M","M","T","$","M","R","E","?","?","?","M","B"],"character_chosen":"THE_CHAMP","items_purchased":["champ:ShieldWall","Regal Pillow"],"campfire_rested":1,"item_purchase_floors":[6,42],"current_hp_per_floor":[90,85,79,79,79,79,79,76,69,61,71,71,71,56,54,40,100,100,100,105,105,105,105,105,105,105,95,95,95,95,91,87,35,105,105,99,91,85,83,71,71,71,71,105,76,76,76,86,86,0,0,0],"gold":165,"neow_bonus":"REMOVE_CARD","is_daily":false,"chose_seed":false,"campfire_upgraded":6,"win_rate":0.0,"timestamp":1611481248,"path_taken":["R","M","M","?","?","$","T","M","M","?","R","E","?","E","M","BOSS","R","M","M","?","?","?","T","R","E","M","R","?","R","M","M","BOSS","R","M","M","M","M","M","T","$","?","R","E","?","?","?","M","BOSS"],"items_purchased_type":["Card","Relic"],"build_version":"2020-12-22","purchased_purges":1,"victory":false,"max_hp_per_floor":[90,90,90,90,90,90,90,90,90,90,100,100,100,100,100,100,100,100,100,105,105,105,105,105,105,105,105,105,105,105,105,105,105,105,105,105,105,105,105,105,105,105,105,105,105,105,105,105,105,105,105,105],"card_choices":[{"not_picked":["champ:FlashCut","champ:FocusedDefense"],"picked":"champ:RageSigil","floor":2.0},{"not_picked":["champ:BladeFlurry","champ:Parry","champ:Circumvent"],"picked":"SKIP","floor":3.0},{"not_picked":["champ:DancingMaster","champ:Lariat"],"picked":"champ:BerserkersShout","floor":6.0},{"not_picked":["champ:AdrenalArmor","champ:CrownThrow","champ:TornadoPunch"],"picked":"SKIP","floor":8.0},{"not_picked":["champ:ShieldSigil","champ:BerserkersShout","champ:Shatter"],"picked":"SKIP","floor":9.0},{"not_picked":["champ:EnGarde","champ:StanceDance"],"picked":"champ:ShieldThrow","floor":10.0},{"not_picked":["champ:Shatter","champ:MurderStrike","champ:Circumvent"],"picked":"SKIP","floor":12.0},{"not_picked":["champ:AdrenalArmor","champ:Haymaker","champ:Shatter"],"picked":"SKIP","floor":13.0},{"not_picked":["champ:BladeFlurry","champ:AdrenalArmor","champ:HeartStrike"],"picked":"SKIP","floor":14.0},{"not_picked":["champ:CrookedStrike","champ:EnragedBash"],"picked":"champ:ShieldSigil","floor":15.0},{"not_picked":["champ:Improvising","champ:VampiricStrike"],"picked":"champ:DancingMaster","floor":16.0},{"not_picked":["champ:ShieldWall","champ:ArenaPreparation"],"picked":"champ:EnGarde","floor":19.0},{"not_picked":["champ:BladeFlurry","champ:PreciseThrust"],"picked":"champ:ShieldSlam","floor":20.0},{"not_picked":["champ:IronFortress+1","champ:StanceDance","champ:Haymaker+1"],"picked":"SKIP","floor":26.0},{"not_picked":["champ:BerserkersShout","champ:HeartStrike","champ:StanceDance"],"picked":"SKIP","floor":27.0},{"not_picked":["champ:PreciseThrust+1","champ:RapidStrikes"],"picked":"champ:CalledShot","floor":31.0},{"not_picked":["champ:CrookedStrike+1","champ:DancingMaster"],"picked":"champ:SwordSigil+1","floor":32.0},{"not_picked":["champ:CheapShot","champ:StrikeOfGenius"],"picked":"champ:UltimateStance","floor":33.0},{"not_picked":["champ:FancyFootwork","champ:HeartStrike+1","champ:ShieldSigil"],"picked":"SKIP","floor":36.0},{"not_picked":["champ:CrownThrow+1","champ:TornadoPunch"],"picked":"champ:Backstep+1","floor":37.0},{"not_picked":["champ:GladiatorStyle","champ:EndlessRage+1"],"picked":"champ:TornadoPunch+1","floor":38.0},{"not_picked":["champ:FocusedBerserking+1","champ:BerserkersShout"],"picked":"champ:EnGarde+1","floor":39.0},{"not_picked":["champ:DefensiveShout","champ:RisingSlash"],"picked":"champ:RageSigil+1","floor":40.0},{"not_picked":["champ:CrownThrow","champ:Parry","champ:SkillfulDodge"],"picked":"SKIP","floor":42.0},{"not_picked":["champ:PreciseThrust","champ:Backstep","champ:ShieldThrow"],"picked":"SKIP","floor":43.0},{"not_picked":["champ:PreciseThrust","champ:RecklessLeap"],"picked":"champ:Circumvent+1","floor":45},{"not_picked":["champ:FlashCut","champ:PerfectedStrike+1","champ:AdrenalArmor"],"picked":"SKIP","floor":49}],"player_experience":399601,"relics_obtained":[{"floor":12.0,"key":"Toy Ornithopter"},{"floor":14.0,"key":"AT_RedTearstoneRing"},{"floor":24.0,"key":"Boot"},{"floor":26.0,"key":"aspiration:FetidBarrel"},{"floor":41.0,"key":"Mummified Hand"},{"floor":45,"key":"The Courier"}],"event_choices":[{"cards_removed":["champ:Strike"],"damage_healed":0.0,"max_hp_gain":0.0,"max_hp_loss":0.0,"gold_gain":0.0,"event_name":"Bonfire Elementals","player_choice":"Offered Basic","floor":5.0,"gold_loss":0.0,"damage_taken":0.0},{"damage_healed":0,"gold_gain":0,"player_choice":"Leave","damage_taken":0,"max_hp_gain":0,"max_hp_loss":0,"event_name":"conspire:Investor","floor":46,"gold_loss":0},{"cards_removed":["champ:Defend"],"damage_healed":0,"gold_gain":0,"player_choice":"Removed Skill","damage_taken":0,"max_hp_gain":0,"max_hp_loss":0,"event_name":"Falling","floor":47,"gold_loss":0}],"is_beta":false,"boss_relics":[{"not_picked":["aspiration:SilentSkillbook","Busted Crown"],"picked":"AT_TrinityForce"},{"not_picked":["Sozu","Black Star"],"picked":"Cursed Key"}],"items_purged_floors":[42],"is_endless":false,"potions_floor_spawned":[2,3,8,13,16,20,27,39,40,43],"killed_by":"SI_POISON_ARCHETYPE","ascension_level":0}}