{"host":"m4py67fg3gq1tfno","time":1611487109,"event":{"mods":["100% Spire Juice","ATMod(阿瑾Mod)","Act Like it!","Arknights The Spire","BaseMod","Decade(王小明)","Dota2Spire","Gensokyo","GifTheSpireLib","GungeonMod","Hallownest","Highlight Path","Hunter 猎人","KinomotoSakuraMod(木之本樱)","LagranYue(拉格朗・月)","Luminous","Marisa（F雨　魔理沙）","Marked Mod","Minty Spire (QoL Compilation)","Nova Terra(诺娃・泰拉)","Red Circlet Mod","Reimu（博丽灵梦）","Remilia（蕾米莉亚）","Replay The Spire","SIMod","SOS（斯巴达之子）","StSLib","The Administrix","The Bug Knight","The Cursed","The Gatherer","The Hierophant","The Invoker Mod","The Mystic","The Poker Player","The Servant 0.9.4","Waifu the Spire","WarShipGirlsR/战舰少女R mod","Youmu（魂魄妖梦）","Yuyuko","【遗物卡牌】REMEMod"],"gold_per_floor":[113,131,143,143,158,184,198,218,218,231,256,268,283,21,21,152,152,168,186,126,195,230,272,272,19,19,19,19,41,70,88,88,236,236,261,261,308,47,66,66,113,153,153,187,187,199,199,210,210,218],"floor_reached":51,"language":"ZHS","playtime":10667,"items_purged":["rmod:strick"],"score":597,"play_id":"9a102436-c878-4669-a413-8935d5ad74c3","local_time":"20210124191829","is_ascension_mode":false,"campfire_choices":[{"floor":15.0,"key":"REST"},{"data":"Chrysalis","floor":28,"key":"SMITH"},{"data":"rmod:wife","floor":32,"key":"SMITH"},{"floor":40,"key":"REST"},{"floor":49,"key":"DIG"}],"circlet_count":0,"master_deck":["rmod:defend","rmod:defend","rmod:basicallowance","rmod:maingunfire","rmod:diamondstrike","rmod:supportaircraftcarrier","rmod:acesubmarine","rmod:expedition","rmod:guardianhero","rmod:intelligenceanalysis","rmod:saltedfish","rmod:gendarmerie","ReplayTheSpireMod:Brewmster","rmod:diamondstrike","rmod:desperatesituation","rmod:bulid","rmod:spoils+1","rmod:wife+1","rmod:openingtorpedo+1","Bite","Bite","Bite","Bite","Bite","rmod:chargemoney","Chrysalis+1","rmod:victimresponsibility","rmod:lonelyqueen+1","rmod:seals","rmod:sl+1","rmod:ridicule","rmod:firesupport+1","rmod:circuitoustactics+1"],"relics":["rmod:firstchargereward","AT_ATBox","REME_ComplimentaryCards","LagranYue:RandomDrawCardRelic","Potion Belt","DemoMod:Antibody","Kunai","Vajra","REME_DuelDisc","Dota2Spire:Satanic","Dota2Spire:MaskOfMadness","LagranYue:SoulBurningRelic","Bronze Scales","AT_ImmortalShieldbow","DemoMod:BlueGuonStone","Dota2Spire:Butterfly","Replay:WaspNest","Durian"],"acts_visited":["Exordium","TheCity","TheBeyond"],"potions_floor_usage":[23,23,23,23,23,29,29,30,31,31,33,33,33,33,33,33,33,33,35,39,39,39,39,41,41,42,42,42,42,42,42,42,42,44,44,44,46,46,46,46,50,50,50,50,50,50,50,50,50,50,50,50],"damage_taken":[{"damage":0.0,"enemies":"2 Louse","floor":1.0,"turns":2.0},{"damage":2.0,"enemies":"Cultist","floor":2.0,"turns":4.0},{"damage":0.0,"enemies":"Small Slimes","floor":3.0,"turns":2.0},{"damage":3.0,"enemies":"3 Louse","floor":5.0,"turns":3.0},{"damage":5.0,"enemies":"Replay:BlueRogue","floor":6.0,"turns":5.0},{"damage":7.0,"enemies":"Lots of Slimes","floor":7.0,"turns":6.0},{"damage":0.0,"enemies":"Large Slime","floor":8.0,"turns":6.0},{"damage":0.0,"enemies":"3 Louse","floor":10.0,"turns":3.0},{"damage":20.0,"enemies":"3 Sentries","floor":11.0,"turns":6.0},{"damage":6.0,"enemies":"2 Fungi Beasts","floor":12.0,"turns":4.0},{"damage":2.0,"enemies":"Red Slaver","floor":13.0,"turns":4.0},{"damage":52.0,"enemies":"Fading Forest","floor":16.0,"turns":13.0},{"damage":0.0,"enemies":"Chosen","floor":18.0,"turns":4.0},{"damage":6.0,"enemies":"Spheric Guardian","floor":19.0,"turns":6.0},{"damage":1.0,"enemies":"Cultist and Chosen","floor":21.0,"turns":9.0},{"damage":0.0,"enemies":"Snake Plant","floor":22.0,"turns":5.0},{"damage":26,"enemies":"REME_1_Revenger","floor":23,"turns":7},{"damage":34,"enemies":"Snecko","floor":29,"turns":6},{"damage":21,"enemies":"Centurion and Healer","floor":30,"turns":9},{"damage":0,"enemies":"Snake Plant","floor":31,"turns":4},{"damage":9,"enemies":"Automaton","floor":33,"turns":11},{"damage":22,"enemies":"3 Shapes","floor":35,"turns":3},{"damage":15,"enemies":"3 Darklings","floor":39,"turns":6},{"damage":0,"enemies":"Nemesis","floor":41,"turns":7},{"damage":2,"enemies":"4 Shapes","floor":42,"turns":12},{"damage":5,"enemies":"Giant Head","floor":44,"turns":7},{"damage":0,"enemies":"Spire Growth","floor":46,"turns":5},{"damage":3,"enemies":"4 Shapes","floor":48,"turns":4},{"damage":9,"enemies":"Replay:Hell Engine","floor":50,"turns":9}],"seed_played":"-4186695651330817258","potions_obtained":[{"floor":3.0,"key":"FearPotion"},{"floor":6.0,"key":"Ancient Potion"},{"floor":12.0,"key":"Milkshake"},{"floor":13.0,"key":"GamblersBrew"},{"floor":16.0,"key":"Fire Potion"},{"floor":21.0,"key":"Languid Potion"},{"floor":23,"key":"Fire Potion"},{"floor":44,"key":"GrandPatriotsElixir:ReiMu"}],"is_trial":false,"path_per_floor":["M","M","M","?","M","E","M","M","T","M","E","M","M","$","R","B",null,"M","M","?","M","M","E","?","$","T","?","R","M","M","M","R","B",null,"M","?","?","$","M","R","E","M","T","E","?","M","?","M","R","B",null],"character_chosen":"PRAEFECT","items_purchased":["ReplayTheSpireMod:Brewmster","rmod:chargemoney","Chrysalis","AT_ImmortalShieldbow"],"campfire_rested":2,"item_purchase_floors":[14,25,25,38],"current_hp_per_floor":[82,80,80,80,77,72,65,65,65,65,45,39,37,37,82,32,82,82,76,76,82,82,56,56,56,56,56,56,40,57,57,57,57,57,36,36,22,22,20,36,44,56,56,56,56,57,57,57,62,59],"gold":218,"neow_bonus":"TEN_PERCENT_HP_BONUS","is_daily":false,"chose_seed":false,"campfire_upgraded":2,"win_rate":0.0,"timestamp":1611487109,"path_taken":["M","M","M","?","M","E","M","M","T","M","E","M","?","$","R","BOSS","M","M","?","M","M","E","?","$","T","?","R","?","M","M","R","BOSS","M","?","?","$","M","R","E","M","T","E","?","M","?","M","R","BOSS"],"items_purchased_type":["Card","Card","Card","Relic"],"build_version":"2020-12-22","purchased_purges":1,"victory":true,"max_hp_per_floor":[82,82,82,82,82,82,82,82,82,82,82,82,82,82,82,82,82,82,82,82,82,82,82,57,57,57,57,57,57,57,57,57,57,57,57,57,57,57,57,57,57,57,57,57,57,57,57,57,62,62],"card_choices":[{"not_picked":["rmod:firesupport","rmod:tearstotiara","rmod:fletcherpendant"],"picked":"SKIP","floor":1.0},{"not_picked":["rmod:fuelsupply","rmod:unsinkable"],"picked":"rmod:diamondstrike","floor":2.0},{"not_picked":["rmod:ring","rmod:firesupport"],"picked":"rmod:supportaircraftcarrier","floor":3.0},{"not_picked":["rmod:tearstotiara","rmod:ammunitionsupply"],"picked":"rmod:acesubmarine","floor":5.0},{"not_picked":["rmod:steelsupply","rmod:diamondstrike"],"picked":"rmod:expedition","floor":6.0},{"not_picked":["rmod:aluminumsupply","rmod:garrisonisland"],"picked":"rmod:guardianhero","floor":7.0},{"not_picked":["rmod:fletcherpendant","rmod:selfconfidence"],"picked":"rmod:intelligenceanalysis","floor":8.0},{"not_picked":["rmod:capitalist","rmod:aluminumsupply","rmod:aviationdawn"],"picked":"SKIP","floor":10.0},{"not_picked":["rmod:fuelsupply","rmod:goodfighter"],"picked":"rmod:saltedfish","floor":11.0},{"not_picked":["rmod:garrisonisland","rmod:fletcherpendant"],"picked":"rmod:gendarmerie","floor":12.0},{"not_picked":["rmod:tearstotiara","rmod:firesupport","rmod:aviationdawn"],"picked":"SKIP","floor":13.0},{"not_picked":["rmod:supriseattacks","rmod:stealaluminum"],"picked":"rmod:desperatesituation","floor":16.0},{"not_picked":["rmod:ring","rmod:luckystar"],"picked":"rmod:bulid","floor":18.0},{"not_picked":["rmod:unsinkable","rmod:wife"],"picked":"rmod:spoils+1","floor":19.0},{"not_picked":["rmod:salvage+1","rmod:ammunitionsupply"],"picked":"rmod:wife","floor":21.0},{"not_picked":["rmod:unsinkable","rmod:supportescort","rmod:victimresponsibility+1"],"picked":"SKIP","floor":22.0},{"not_picked":["rmod:firesupport","rmod:unsinkable"],"picked":"rmod:openingtorpedo+1","floor":23},{"not_picked":["rmod:gendarmerie","rmod:fuelsupply","rmod:victimresponsibility+1"],"picked":"SKIP","floor":29},{"not_picked":["rmod:spoils","rmod:garrisonisland"],"picked":"rmod:lonelyqueen+1","floor":30},{"not_picked":["rmod:wolves+1","rmod:slowdown","rmod:heivgo"],"picked":"SKIP","floor":31},{"not_picked":["rmod:saltedfish","rmod:abidefaith"],"picked":"rmod:seals","floor":33},{"not_picked":["rmod:aluminumsupply","rmod:diamondstrike+1"],"picked":"rmod:sl+1","floor":35},{"not_picked":["rmod:punchline+1","rmod:gendarmerie","rmod:supportescort"],"picked":"SKIP","floor":39},{"not_picked":["rmod:steelsupply+1","rmod:luckystar"],"picked":"rmod:ridicule","floor":41},{"not_picked":["rmod:unsinkable+1","rmod:diamondstrike+1","rmod:smokecover"],"picked":"SKIP","floor":42},{"not_picked":["rmod:goodsister+1","rmod:fletcherpendant+1","rmod:steelsupply+1"],"picked":"SKIP","floor":44},{"not_picked":["rmod:slowdown+1","rmod:tearstotiara+1"],"picked":"rmod:firesupport+1","floor":46},{"not_picked":["rmod:sl","rmod:aggressivemary"],"picked":"rmod:circuitoustactics+1","floor":48}],"player_experience":69572,"relics_obtained":[{"floor":6.0,"key":"DemoMod:Antibody"},{"floor":9.0,"key":"Kunai"},{"floor":11.0,"key":"Vajra"},{"floor":23,"key":"Dota2Spire:Satanic"},{"floor":26,"key":"Dota2Spire:MaskOfMadness"},{"floor":37,"key":"Bronze Scales"},{"floor":41,"key":"DemoMod:BlueGuonStone"},{"floor":43,"key":"Dota2Spire:Butterfly"},{"floor":44,"key":"Replay:WaspNest"},{"floor":49,"key":"Durian"}],"event_choices":[{"damage_healed":0.0,"max_hp_gain":0.0,"max_hp_loss":0.0,"gold_gain":0.0,"event_name":"WeMeetAgain","player_choice":"Gave Potion","floor":4.0,"gold_loss":0.0,"damage_taken":0.0,"relics_obtained":["Potion Belt"]},{"damage_healed":0,"gold_gain":0,"player_choice":"Became a vampire","damage_taken":0,"max_hp_gain":0,"max_hp_loss":25,"event_name":"Vampires","floor":24,"gold_loss":0,"cards_obtained":["Bite","Bite","Bite","Bite","Bite"]},{"damage_healed":0,"gold_gain":0,"cards_transformed":["rmod:defend"],"player_choice":"Transformed","damage_taken":0,"max_hp_gain":0,"max_hp_loss":0,"event_name":"Transmorgrifier","floor":27,"gold_loss":0,"cards_obtained":["rmod:victimresponsibility"]},{"cards_removed":["rmod:defend"],"damage_healed":0,"gold_gain":0,"player_choice":"Removed Skill","damage_taken":0,"max_hp_gain":0,"max_hp_loss":0,"event_name":"Falling","floor":36,"gold_loss":0},{"damage_healed":0,"gold_gain":0,"player_choice":"Ignored","damage_taken":0,"max_hp_gain":0,"max_hp_loss":0,"event_name":"SecretPortal","floor":47,"gold_loss":0}],"is_beta":false,"boss_relics":[{"not_picked":["ReplayTheSpireMod:DimensionalGlitch","Busted Crown"],"picked":"REME_DuelDisc"},{"not_picked":["Runic Pyramid","Black Star"],"picked":"LagranYue:SoulBurningRelic"}],"items_purged_floors":[14],"is_endless":false,"potions_floor_spawned":[3,6,12,13,16,21,22,23,33,35,44,48],"ascension_level":0}}