{"host":"gtv41eena9h15rk5","time":1611477160,"event":{"mods":["BaseMod","Colored Powertips","Downfall","Marisa£®ÏF”Í°°ƒß¿Ì…≥£©","Minty Spire (QoL Compilation)","Replay The Spire","Shop Mod","StSLib","The Bug Knight","The Construct","The Cursed","The Runesmith","The Servant 0.9.4","[IsaacMod]“‘»ˆº‚À˛"],"gold_per_floor":[113,38,38,38,54,54,54,81,149,49,61,91,111,124,124,222,222,242,13,30,47,138,138,170,183,237,254,254,282,282,282,282],"floor_reached":31,"language":"ZHS","playtime":1325,"items_purged":["Strike_R","Looming Evil","Strike_R"],"score":450,"play_id":"e0f880a4-9067-4128-9d2e-8c7418503003","local_time":"20210124163240","is_ascension_mode":true,"campfire_choices":[{"data":"Hemokinesis","floor":7,"key":"SMITH"},{"floor":15,"key":"RECALL"},{"data":"Barricade","floor":23,"key":"SMITH"},{"floor":28,"key":"REST"}],"circlet_count":0,"master_deck":["Strike_R","Strike_R","Strike_R","Defend_R","Defend_R","Defend_R","Defend_R","Bash","Hemokinesis+1","Cleave","Cleave","Barricade+1","Warcry","Entrench","Ghostly Armor","Demon Form","Rupture","Entrench+1","Flex","ReplayTheSpireMod:Stacked+1","Body Slam+1","Sword Boomerang"],"relics":["Burning Blood","HushsDoor","MoneyPower","Ring of Searing","ReplayTheSpireMod:Ring of Addiction","White Beast Statue","Chameleon Ring","DeadEye","PunchingBag","Divine Protection","PokeGo","Honey Jar","GuppysHairball","MerchantsRug","Blood Vial","Ice Cream","Dream Catcher","BookOfRevelations"],"acts_visited":["Exordium","TheCity"],"potions_floor_usage":[8,8,11,13,14,16,16,21,24,27,27,29],"damage_taken":[{"damage":1,"enemies":"Cultist","floor":1,"turns":3},{"damage":25,"enemies":"2 Louse","floor":5,"turns":4},{"damage":38,"enemies":"Lagavulin","floor":8,"turns":5},{"damage":0,"enemies":"Jaw Worm","floor":11,"turns":3},{"damage":0,"enemies":"3 Sentries","floor":12,"turns":2},{"damage":2,"enemies":"Lots of Slimes","floor":13,"turns":3},{"damage":25,"enemies":"Exordium Thugs","floor":14,"turns":3},{"damage":0,"enemies":"Slime Boss","floor":16,"turns":3},{"damage":12,"enemies":"Spheric Guardian","floor":18,"turns":3},{"damage":19,"enemies":"3 Byrds","floor":20,"turns":6},{"damage":0,"enemies":"3 Cultists","floor":21,"turns":3},{"damage":38,"enemies":"Book of Stabbing","floor":24,"turns":6},{"damage":0,"enemies":"Snake Plant","floor":25,"turns":6},{"damage":8,"enemies":"Centurion and Healer","floor":27,"turns":5},{"damage":26,"enemies":"Slavers","floor":29,"turns":4},{"damage":0,"enemies":"Snecko","floor":31,"turns":1}],"seed_played":"530005591243879992","potions_obtained":[{"floor":1,"key":"champ:CounterPotion"},{"floor":4,"key":"Toxic Potion"},{"floor":4,"key":"FearPotion"},{"floor":4,"key":"BloodPotion"},{"floor":8,"key":"Venom Potion"},{"floor":11,"key":"Dexterity Potion"},{"floor":12,"key":"SkillPotion"},{"floor":13,"key":"LiquidMemories"},{"floor":14,"key":"Languid Potion"},{"floor":16,"key":"Explosive Potion"},{"floor":18,"key":"SteroidPotion"},{"floor":20,"key":"Cursed Concoction"},{"floor":21,"key":"Venom Potion"},{"floor":24,"key":"Strength Potion"},{"floor":25,"key":"Toxic Potion"},{"floor":27,"key":"LiquidMemories"},{"floor":29,"key":"Guardian:BlockOnCardUsePotion"}],"is_trial":false,"path_per_floor":["M","$","$","?","M","T","R","E","T","$","M","E","M","M","R","B",null,"M","$","M","M","?","R","E","M","T","M","R","E","?","M"],"character_chosen":"IRONCLAD","items_purchased":["GuppysHairball","MerchantsRug"],"campfire_rested":1,"item_purchase_floors":[17,19],"current_hp_per_floor":[88,88,88,88,69,69,69,54,54,54,60,66,70,51,51,57,71,65,65,52,58,40,40,10,18,18,18,40,22,22,24,24],"gold":282,"neow_bonus":"TEN_PERCENT_HP_BONUS","is_daily":false,"chose_seed":false,"campfire_upgraded":2,"win_rate":0.0,"timestamp":1611477160,"path_taken":["M","?","$","?","M","?","R","E","T","$","M","E","M","?","R","BOSS","M","$","M","M","?","R","E","M","T","?","R","E","?","M"],"items_purchased_type":["Relic","Relic"],"build_version":"2020-12-22","purchased_purges":3,"victory":false,"max_hp_per_floor":[88,88,88,88,88,88,88,86,86,86,86,86,86,86,86,86,76,76,76,74,74,74,74,74,74,74,74,74,74,74,74,74],"card_choices":[{"not_picked":[],"picked":"Bomb","floor":0},{"not_picked":["Armaments","Pommel Strike"],"picked":"Hemokinesis","floor":1},{"not_picked":["Replay:Undeath\u0027s Touch","Immolate"],"picked":"Cleave","floor":5},{"not_picked":["Havoc","Flex","Wild Strike"],"picked":"SKIP","floor":8},{"not_picked":["Thunderclap","Sword Boomerang","Life Link"],"picked":"SKIP","floor":11},{"not_picked":["Sever Soul","Eclipse","Abandon"],"picked":"SKIP","floor":12},{"not_picked":["Body Slam","Sword Boomerang"],"picked":"Cleave","floor":13},{"not_picked":["Fire Breathing","Twin Strike"],"picked":"Bomb","floor":14},{"not_picked":["Fiend Fire","Feed"],"picked":"Barricade","floor":16},{"not_picked":["Pommel Strike","Sever Soul","Wild Strike"],"picked":"Warcry","floor":18},{"not_picked":["Replay:Undeath\u0027s Touch","Clash+1","Pommel Strike"],"picked":"Entrench","floor":20},{"not_picked":["Clothesline","Wild Strike","Thunderclap"],"picked":"Ghostly Armor","floor":21},{"not_picked":["Run Through","Heavy Blade","Anger"],"picked":"Demon Form","floor":22},{"not_picked":["Life Link","ReplayTheSpireMod:Strike From Hell","Flex+1"],"picked":"Rupture","floor":22},{"not_picked":["Perfected Strike","Defy Death","Anger"],"picked":"Entrench+1","floor":24},{"not_picked":["Twin Strike","Wild Strike","Clash"],"picked":"Flex","floor":25},{"not_picked":["Thunderclap","Ghostly Armor","Sever Soul+1"],"picked":"ReplayTheSpireMod:Stacked+1","floor":27},{"not_picked":["Combust","Flex","Shrug It Off"],"picked":"Body Slam+1","floor":28},{"not_picked":["Dual Wield","Flex","Clothesline"],"picked":"Sword Boomerang","floor":29}],"player_experience":217298,"relics_obtained":[{"floor":4,"key":"Ring of Searing"},{"floor":4,"key":"ReplayTheSpireMod:Ring of Addiction"},{"floor":4,"key":"White Beast Statue"},{"floor":4,"key":"Chameleon Ring"},{"floor":6,"key":"DeadEye"},{"floor":8,"key":"PunchingBag"},{"floor":9,"key":"Divine Protection"},{"floor":12,"key":"PokeGo"},{"floor":22,"key":"Blood Vial"},{"floor":24,"key":"Ice Cream"},{"floor":26,"key":"Dream Catcher"},{"floor":29,"key":"BookOfRevelations"}],"event_choices":[{"damage_healed":0,"gold_gain":0,"player_choice":"Ignored","damage_taken":0,"max_hp_gain":0,"max_hp_loss":0,"event_name":"Ghosts","floor":30,"gold_loss":0}],"is_beta":false,"boss_relics":[{"not_picked":["Fusion Hammer","SacredBark"],"picked":"Honey Jar"},{"not_picked":[]}],"items_purged_floors":[2,10,19],"is_endless":false,"potions_floor_spawned":[1,5,8,11,12,13,14,16,18,20,21,24,25,27,29],"killed_by":"Snecko","ascension_level":5}}