{"host":"uflv0e3ja7hvnij7","time":1611465609,"event":{"mods":["BaseMod","Better Altar","Better Match","Better Note","Better Sensory Stone","Better Skull","Better Third Choice","Conspire","Hubris","Marisa????????","Minty Spire (QoL Compilation)","Permanent Neow","StSLib"],"gold_per_floor":[114,114,114,132,207,207,42,42,42,69,95,125,125,143,143,243,243,257,108,18,18,35,35,35,35,35,60,70,70,88,106,106,202,202,215,90,106,116,135,135,147,147,228,246,246,259,259,109,109,109],"floor_reached":51,"language":"ENG","playtime":2340,"items_purged":["Strike_R","Defend_R","Strike_R","Defend_R+1"],"score":1030,"play_id":"ec85f160-1ad3-4895-a447-91387e0b5508","local_time":"20210124002009","is_ascension_mode":true,"campfire_choices":[{"data":"Bash","floor":6,"key":"SMITH"},{"data":"Panacea","floor":8,"key":"SMITH"},{"data":"Dropkick","floor":13,"key":"SMITH"},{"data":"Battle Trance","floor":15,"key":"SMITH"},{"data":"Berserk","floor":23,"key":"SMITH"},{"floor":25,"key":"REST"},{"data":"Rampage+1","floor":29,"key":"SMITH"},{"data":"Rampage+2","floor":32,"key":"SMITH"},{"data":"Rampage+3","floor":40,"key":"SMITH"},{"data":"Rampage+4","floor":42,"key":"SMITH"},{"data":"Rampage+5","floor":49,"key":"SMITH"}],"circlet_count":0,"master_deck":["Strike_R","Defend_R+1","Bash+1","Dropkick+1","Rampage+6","Panacea+1","Battle Trance+1","Berserk+1","Headbutt+1","Shrug It Off+1","Pommel Strike","Brutality","Shrug It Off+1"],"relics":["Burning Blood","hubris:GlazedTorus","hubris:Reverence","Art of War","Self Forming Clay","conspire:SpecialSausage","War Paint","Red Skull","conspire:BottledYoYo","conspire:InfiniteJournal","SlaversCollar","Darkstone Periapt","Pocketwatch"],"acts_visited":["Exordium","TheCity","TheBeyond"],"potions_floor_usage":[27,27,27,39,39,50,50,50],"damage_taken":[{"damage":1,"enemies":"Cultist","floor":1,"turns":3},{"damage":0,"enemies":"2 Louse","floor":4,"turns":3},{"damage":35,"enemies":"3 Sentries","floor":10,"turns":8},{"damage":5,"enemies":"Lagavulin","floor":12,"turns":5},{"damage":9,"enemies":"conspire:RoseBush","floor":14,"turns":2},{"damage":0,"enemies":"Slime Boss","floor":16,"turns":4},{"damage":0,"enemies":"Chosen","floor":18,"turns":3},{"damage":3,"enemies":"Spheric Guardian","floor":22,"turns":3},{"damage":30,"enemies":"Book of Stabbing","floor":27,"turns":4},{"damage":5,"enemies":"Centurion and Healer","floor":28,"turns":3},{"damage":1,"enemies":"Shelled Parasite and Fungi","floor":30,"turns":3},{"damage":2,"enemies":"Cultist and Chosen","floor":31,"turns":4},{"damage":25,"enemies":"Automaton","floor":33,"turns":5},{"damage":14,"enemies":"3 Shapes","floor":35,"turns":4},{"damage":0,"enemies":"Orb Walker","floor":37,"turns":2},{"damage":11,"enemies":"Spire Growth","floor":38,"turns":3},{"damage":18,"enemies":"Transient","floor":39,"turns":5},{"damage":2,"enemies":"Sphere and 2 Shapes","floor":41,"turns":3},{"damage":27,"enemies":"Writhing Mass","floor":44,"turns":3},{"damage":1,"enemies":"Spire Growth","floor":46,"turns":2},{"damage":18,"enemies":"Time Eater","floor":50,"turns":5}],"seed_played":"3326818215897793333","potions_obtained":[{"floor":12,"key":"BlessingOfTheForge"},{"floor":14,"key":"ElixirPotion"},{"floor":22,"key":"ColorlessPotion"},{"floor":28,"key":"conspire:TimeTravelPotion"},{"floor":31,"key":"Ancient Potion"},{"floor":33,"key":"EssenceOfSteel"},{"floor":35,"key":"DuplicationPotion"},{"floor":39,"key":"Explosive Potion"},{"floor":44,"key":"PowerPotion"}],"is_trial":false,"path_per_floor":["M","?","?","M","?","R","$","R","T","E","T","E","R","M","R","B",null,"M","$","?","?","M","R","?","R","T","E","M","R","M","M","R","B",null,"M","$","M","M","M","R","M","R","T","M","?","M","T","$","R","B",null],"character_chosen":"IRONCLAD","items_purchased":["Panacea","Shrug It Off"],"campfire_rested":1,"item_purchase_floors":[7,19],"current_hp_per_floor":[77,77,77,80,69,69,69,69,69,40,40,41,41,38,38,44,71,77,77,77,42,45,45,45,69,69,45,46,46,51,55,55,36,69,61,61,67,62,65,65,69,69,69,48,48,53,53,53,53,41],"gold":109,"neow_bonus":"TRANSFORM_CARD","is_daily":false,"chose_seed":false,"campfire_upgraded":10,"win_rate":0.0,"timestamp":1611465609,"path_taken":["M","?","?","?","?","R","$","R","T","E","?","E","R","M","R","BOSS","M","$","?","?","M","R","?","R","T","E","?","R","M","M","R","BOSS","M","$","M","M","M","R","M","R","T","M","?","M","?","?","R","BOSS"],"items_purchased_type":["Card","Card"],"build_version":"2020-12-22","purchased_purges":4,"victory":true,"max_hp_per_floor":[80,80,80,80,80,80,80,80,80,80,80,80,80,80,80,80,80,80,80,80,80,80,80,80,80,80,80,80,80,80,80,80,80,80,80,80,80,80,80,80,80,80,80,80,80,80,80,80,80,80],"card_choices":[{"not_picked":["Body Slam","Thunderclap"],"picked":"Rampage","floor":1},{"not_picked":["Warcry","True Grit","Heavy Blade"],"picked":"SKIP","floor":4},{"not_picked":["Sword Boomerang","Twin Strike","Pummel"],"picked":"SKIP","floor":10},{"not_picked":["Intimidate","Entrench","Corruption"],"picked":"SKIP","floor":12},{"not_picked":["Heavy Blade","Wild Strike"],"picked":"Battle Trance","floor":14},{"not_picked":["Impervious","Barricade"],"picked":"Berserk","floor":16},{"not_picked":["Clothesline","Body Slam"],"picked":"Headbutt+1","floor":18},{"not_picked":["Wild Strike","Second Wind","Rage"],"picked":"SKIP","floor":22},{"not_picked":["Wild Strike","Immolate","Spot Weakness"],"picked":"SKIP","floor":27},{"not_picked":["True Grit","Sword Boomerang"],"picked":"Pommel Strike","floor":28},{"not_picked":["Cleave+1","True Grit","Thunderclap+1"],"picked":"SKIP","floor":30},{"not_picked":["Perfected Strike","Armaments+1","Heavy Blade"],"picked":"SKIP","floor":31},{"not_picked":["Limit Break","Bludgeon"],"picked":"Brutality","floor":33},{"not_picked":["Thunderclap","Evolve"],"picked":"Shrug It Off+1","floor":35},{"not_picked":["Rage","Headbutt+1","Sword Boomerang"],"picked":"SKIP","floor":37},{"not_picked":["Combust+1","Burning Pact+1","Whirlwind+1"],"picked":"SKIP","floor":38},{"not_picked":["Spot Weakness+1","Cleave+1","Clothesline"],"picked":"SKIP","floor":39},{"not_picked":["Sever Soul","Intimidate","Battle Trance+1"],"picked":"SKIP","floor":41},{"not_picked":["Anger","Perfected Strike","Twin Strike"],"picked":"SKIP","floor":44},{"not_picked":["Body Slam+1","Clash+1"],"picked":"Shrug It Off+1","floor":46}],"player_experience":582966,"relics_obtained":[{"floor":9,"key":"hubris:GlazedTorus"},{"floor":10,"key":"hubris:Reverence"},{"floor":11,"key":"Art of War"},{"floor":12,"key":"Self Forming Clay"},{"floor":26,"key":"conspire:BottledYoYo"},{"floor":27,"key":"conspire:InfiniteJournal"},{"floor":43,"key":"Darkstone Periapt"},{"floor":47,"key":"Pocketwatch"}],"event_choices":[{"cards_removed":["Strike_R"],"damage_healed":0,"gold_gain":0,"player_choice":"Purged","damage_taken":0,"max_hp_gain":0,"max_hp_loss":0,"event_name":"Purifier","floor":3,"gold_loss":0},{"damage_healed":0,"gold_gain":75,"player_choice":"Gold","damage_taken":11,"max_hp_gain":0,"max_hp_loss":0,"event_name":"betterThird:BetterGoop","floor":5,"gold_loss":0},{"cards_removed":["Defend_R"],"damage_healed":0,"gold_gain":0,"player_choice":"Upgrade and Remove","damage_taken":0,"max_hp_gain":0,"max_hp_loss":0,"event_name":"Designer","floor":20,"gold_loss":90,"cards_upgraded":["Shrug It Off"]},{"damage_healed":0,"gold_gain":0,"player_choice":"RE RE ","damage_taken":39,"relics_obtained":["War Paint","Red Skull"],"max_hp_gain":0,"max_hp_loss":0,"event_name":"betterSkull:BetterSkull","floor":21,"gold_loss":0,"cards_upgraded":[]},{"cards_removed":["Berserk"],"damage_healed":0,"gold_gain":0,"player_choice":"Give","damage_taken":0,"max_hp_gain":0,"max_hp_loss":0,"event_name":"betterNote:BetterNote","floor":24,"gold_loss":0,"cards_obtained":["None"]},{"cards_removed":["Shrug It Off"],"damage_healed":0,"gold_gain":0,"player_choice":"Removed Skill","damage_taken":0,"max_hp_gain":0,"max_hp_loss":0,"event_name":"Falling","floor":45,"gold_loss":0}],"is_beta":false,"boss_relics":[{"not_picked":["conspire:SlowCooker","SacredBark"],"picked":"conspire:SpecialSausage"},{"not_picked":["hubris:Backtick","Black Star"],"picked":"SlaversCollar"}],"items_purged_floors":[7,19,36,48],"is_endless":false,"potions_floor_spawned":[12,14,22,28,31,33,35,39,44],"ascension_level":8}}