{"host":"70zhvo5nwrhp1mbg","time":1611526061,"event":{"mods":["BaseMod","Colored Map","Colored Powertips","Filter the Spire","Highlight Path","Minty Spire (QoL Compilation)","Rare Cards Sparkle","StSLib"],"gold_per_floor":[18,33,33,33,33,64,77,115,115,128,128,128,128],"floor_reached":12,"language":"ENG","playtime":1342,"items_purged":[],"score":119,"play_id":"44625316-bb14-4f2a-aad1-c8eaeb630eb3","local_time":"20210124170741","is_ascension_mode":true,"campfire_choices":[],"circlet_count":0,"master_deck":["Strike_R","Strike_R","Strike_R+1","Strike_R","Strike_R+1","Defend_R","Defend_R","Defend_R","Defend_R","Bash","Inflame","Cleave","Injury","Sever Soul","Cleave","Battle Trance","Blood for Blood","Pain"],"relics":["Burning Blood","Torii","Golden Idol","Eternal Feather","HornCleat","Pear","WarpedTongs"],"acts_visited":["Exordium"],"potions_floor_usage":[6,10],"damage_taken":[{"damage":1,"enemies":"Small Slimes","floor":1,"turns":4},{"damage":0,"enemies":"2 Louse","floor":2,"turns":2},{"damage":40,"enemies":"Lagavulin","floor":6,"turns":6},{"damage":7,"enemies":"Jaw Worm","floor":7,"turns":3},{"damage":21,"enemies":"3 Sentries","floor":8,"turns":6},{"damage":8,"enemies":"3 Louse","floor":10,"turns":3},{"damage":24,"enemies":"Lagavulin","floor":12,"turns":3}],"seed_played":"-1022814857727475992","potions_obtained":[{"floor":1,"key":"FearPotion"},{"floor":6,"key":"ElixirPotion"},{"floor":7,"key":"Weak Potion"}],"is_trial":false,"path_per_floor":["M","M","?","?","?","E","M","E","T","M","?","E"],"character_chosen":"IRONCLAD","items_purchased":[],"campfire_rested":0,"item_purchase_floors":[],"current_hp_per_floor":[77,80,80,80,64,30,29,14,24,22,22,0,0],"gold":128,"neow_bonus":"ONE_RARE_RELIC","is_daily":false,"chose_seed":false,"campfire_upgraded":0,"win_rate":0.0,"timestamp":1611526061,"path_taken":["M","M","?","?","?","E","M","E","T","M","?","E"],"items_purchased_type":[],"build_version":"2020-12-22","purchased_purges":0,"victory":false,"max_hp_per_floor":[80,80,80,80,80,80,80,80,90,90,90,90,90],"card_choices":[{"not_picked":["Disarm","Clash"],"picked":"Inflame","floor":1},{"not_picked":["Shrug It Off","Pommel Strike"],"picked":"Cleave","floor":2},{"not_picked":["Second Wind","Combust"],"picked":"Sever Soul","floor":6},{"not_picked":["Heavy Blade","Pummel"],"picked":"Cleave","floor":7},{"not_picked":["Inflame","Rupture"],"picked":"Battle Trance","floor":8},{"not_picked":["Cleave","Sword Boomerang"],"picked":"Blood for Blood","floor":10}],"player_experience":469481,"relics_obtained":[{"floor":6,"key":"Eternal Feather"},{"floor":8,"key":"HornCleat"},{"floor":9,"key":"Pear"}],"event_choices":[{"damage_healed":0,"gold_gain":0,"player_choice":"Take Wound","damage_taken":0,"relics_obtained":["Golden Idol"],"max_hp_gain":0,"max_hp_loss":0,"event_name":"Golden Idol","floor":3,"gold_loss":0,"cards_obtained":["Injury"]},{"damage_healed":0,"gold_gain":0,"player_choice":"Ignored","damage_taken":0,"max_hp_gain":0,"max_hp_loss":0,"event_name":"Golden Wing","floor":4,"gold_loss":0},{"damage_healed":0,"gold_gain":0,"player_choice":"Entered Light","damage_taken":16,"max_hp_gain":0,"max_hp_loss":0,"event_name":"Shining Light","floor":5,"gold_loss":0,"cards_upgraded":["Strike_R","Strike_R"]},{"damage_healed":0,"gold_gain":0,"player_choice":"Rummage","damage_taken":0,"relics_obtained":["WarpedTongs"],"max_hp_gain":0,"max_hp_loss":0,"event_name":"Accursed Blacksmith","floor":11,"gold_loss":0,"cards_obtained":["Pain"]}],"is_beta":false,"boss_relics":[],"items_purged_floors":[],"is_endless":false,"potions_floor_spawned":[1,6,7],"killed_by":"Lagavulin","ascension_level":7}}