{"host":"6rz02yiipefhcw4r","time":1611473317,"event":{"mods":["2.2 Compatiblity","BaseMod","Block Reminder","Colored Map","Curses Come First","DeckTracker","Googly Eyes","Minty Spire (QoL Compilation)","Quick Restart","Rare Cards Sparkle","StSLib"],"gold_per_floor":[116,126,126,140,152,152,182,182,208,225,242,269,282,357,357,357,357],"floor_reached":16,"language":"ENG","playtime":637,"items_purged":[],"score":228,"play_id":"d79d605d-aec8-4322-baac-77ca901b4580","local_time":"20210124052837","is_ascension_mode":true,"campfire_choices":[{"data":"Whirlwind","floor":6,"key":"SMITH"},{"data":"Armaments","floor":8,"key":"SMITH"},{"data":"Disarm","floor":15,"key":"SMITH"}],"circlet_count":0,"master_deck":["AscendersBane","Strike_R","Strike_R","Strike_R","Strike_R","Defend_R","Defend_R","Defend_R","Defend_R","Bash","Shrug It Off","Whirlwind+1","Disarm+1","True Grit","Thunderclap","Armaments+1","Pommel Strike","Fiend Fire","Power Through"],"relics":["Burning Blood","Happy Flower","Blood Vial","Bag of Marbles"],"acts_visited":["Exordium"],"potions_floor_usage":[7,12],"damage_taken":[{"damage":3,"enemies":"2 Louse","floor":1,"turns":4},{"damage":1,"enemies":"Cultist","floor":2,"turns":3},{"damage":0,"enemies":"Small Slimes","floor":4,"turns":5},{"damage":3,"enemies":"Blue Slaver","floor":5,"turns":9},{"damage":23,"enemies":"Lagavulin","floor":7,"turns":10},{"damage":0,"enemies":"2 Fungi Beasts","floor":10,"turns":2},{"damage":0,"enemies":"Looter","floor":11,"turns":3},{"damage":10,"enemies":"3 Sentries","floor":12,"turns":3},{"damage":0,"enemies":"3 Louse","floor":13,"turns":1},{"damage":57,"enemies":"Hexaghost","floor":16,"turns":15}],"seed_played":"-4230455439095176346","potions_obtained":[{"floor":1,"key":"HeartOfIron"},{"floor":4,"key":"Fire Potion"},{"floor":11,"key":"Energy Potion"}],"is_trial":false,"path_per_floor":["M","M","?","M","M","R","E","R","T","M","M","E","M","?","R","B"],"character_chosen":"IRONCLAD","items_purchased":[],"campfire_rested":0,"item_purchase_floors":[],"current_hp_per_floor":[71,75,75,75,75,75,58,58,58,66,74,71,75,64,64,9,9],"gold":357,"neow_bonus":"THREE_CARDS","is_daily":false,"chose_seed":false,"campfire_upgraded":3,"win_rate":0.0,"timestamp":1611473317,"path_taken":["M","M","?","M","?","R","E","R","T","M","M","E","M","?","R","BOSS"],"items_purchased_type":[],"build_version":"2020-12-22","purchased_purges":0,"victory":false,"max_hp_per_floor":[75,75,75,75,75,75,75,75,75,75,75,75,75,75,75,75,75],"card_choices":[{"not_picked":["True Grit","Fire Breathing"],"picked":"Shrug It Off","floor":0},{"not_picked":["Heavy Blade","Perfected Strike"],"picked":"Whirlwind","floor":1},{"not_picked":["Anger","Pommel Strike"],"picked":"Disarm","floor":2},{"not_picked":["Havoc","Blood for Blood"],"picked":"True Grit","floor":4},{"not_picked":["Heavy Blade","Hemokinesis"],"picked":"Thunderclap","floor":5},{"not_picked":["Dark Embrace","Perfected Strike"],"picked":"Armaments","floor":7},{"not_picked":["Iron Wave","Wild Strike"],"picked":"Pommel Strike","floor":10},{"not_picked":["Thunderclap","Pommel Strike"],"picked":"Fiend Fire","floor":11},{"not_picked":["Body Slam","Sever Soul","Dropkick"],"picked":"SKIP","floor":12},{"not_picked":["Flex","Armaments"],"picked":"Power Through","floor":13}],"player_experience":727894,"relics_obtained":[{"floor":7,"key":"Happy Flower"},{"floor":9,"key":"Blood Vial"},{"floor":12,"key":"Bag of Marbles"}],"event_choices":[{"cards_removed":["Strike_R"],"damage_healed":0,"gold_gain":0,"player_choice":"Card Removal","damage_taken":0,"max_hp_gain":0,"max_hp_loss":0,"event_name":"Wheel of Change","floor":3,"gold_loss":0},{"damage_healed":0,"gold_gain":75,"player_choice":"Gather Gold","damage_taken":11,"max_hp_gain":0,"max_hp_loss":0,"event_name":"World of Goop","floor":14,"gold_loss":0}],"is_beta":false,"boss_relics":[],"items_purged_floors":[],"is_endless":false,"potions_floor_spawned":[1,4,11],"killed_by":"Hexaghost","ascension_level":20}}