{"host":"ux8r2oyej5019q8x","time":1611514001,"event":{"mods":["AchievementEnabler","BaseMod","Colored Map","Colored Powertips","GifTheSpireLib","HexUI Lib","Highlight Path","Minty Spire (QoL Compilation)","Rare Cards Sparkle","Relic Stats","StSLib","everything is the same but u backflip on backflip"],"gold_per_floor":[112,131,147,70,70,70,102,118,143,159,334,345,365,378,378,482,482,500,512,512,14,26,26,59,70,70,95,110,110,124,149,149,251,251,269,287,33,44,64,81,81,81],"floor_reached":41,"language":"ENG","playtime":5647,"items_purged":["Doubt"],"score":592,"play_id":"a7195559-de70-4657-ae3c-8b60de292a61","local_time":"20210124194641","is_ascension_mode":true,"campfire_choices":[{"data":"Exhume","floor":6,"key":"SMITH"},{"floor":15,"key":"REST"},{"floor":23,"key":"RECALL"},{"floor":29,"key":"REST"},{"floor":32,"key":"REST"}],"circlet_count":0,"master_deck":["Strike_R","Strike_R","Strike_R","Defend_R","Defend_R","Defend_R","Bash","Shockwave+1","Juggernaut+1","Offering+1","True Grit+1","Intimidate","Shrug It Off","Exhume+1","Feel No Pain","Impervious","Whirlwind","Body Slam","Pommel Strike","Fiend Fire","Second Wind","Feel No Pain","Dual Wield","Metallicize","Wild Strike+1","Corruption","Exhume","Battle Trance+1","Warcry","Panache","Infernal Blade","Warcry+1"],"relics":["Astrolabe","Oddly Smooth Stone","Pen Nib","Fusion Hammer","Ancient Tea Set","Ornamental Fan","Lantern","Red Skull","Bird Faced Urn","Toy Ornithopter","Eternal Feather","Runic Pyramid"],"acts_visited":["Exordium","TheCity","TheBeyond"],"potions_floor_usage":[16,16,25,25,28,33,38],"damage_taken":[{"damage":6,"enemies":"2 Louse","floor":1,"turns":3},{"damage":2,"enemies":"Cultist","floor":2,"turns":4},{"damage":1,"enemies":"Small Slimes","floor":3,"turns":3},{"damage":41,"enemies":"Gremlin Nob","floor":7,"turns":5},{"damage":1,"enemies":"Exordium Wildlife","floor":8,"turns":3},{"damage":7,"enemies":"Gremlin Gang","floor":10,"turns":5},{"damage":0,"enemies":"2 Fungi Beasts","floor":12,"turns":5},{"damage":6,"enemies":"Looter","floor":13,"turns":3},{"damage":4,"enemies":"Exordium Wildlife","floor":14,"turns":5},{"damage":4,"enemies":"The Guardian","floor":16,"turns":10},{"damage":0,"enemies":"3 Byrds","floor":18,"turns":3},{"damage":0,"enemies":"Spheric Guardian","floor":19,"turns":3},{"damage":2,"enemies":"3 Cultists","floor":22,"turns":4},{"damage":38,"enemies":"Book of Stabbing","floor":24,"turns":6},{"damage":23,"enemies":"Shelled Parasite and Fungi","floor":25,"turns":4},{"damage":6,"enemies":"Cultist and Chosen","floor":28,"turns":4},{"damage":24,"enemies":"Snake Plant","floor":30,"turns":4},{"damage":12,"enemies":"Slavers","floor":31,"turns":2},{"damage":47,"enemies":"Automaton","floor":33,"turns":7},{"damage":6,"enemies":"3 Shapes","floor":35,"turns":5},{"damage":17,"enemies":"Orb Walker","floor":36,"turns":4},{"damage":8,"enemies":"Sphere and 2 Shapes","floor":38,"turns":3},{"damage":52,"enemies":"Transient","floor":39,"turns":5},{"damage":32,"enemies":"4 Shapes","floor":40,"turns":4},{"damage":32,"enemies":"Writhing Mass","floor":41,"turns":1}],"seed_played":"2302137747450802893","potions_obtained":[{"floor":7,"key":"PowerPotion"},{"floor":12,"key":"Weak Potion"},{"floor":13,"key":"EssenceOfSteel"},{"floor":16,"key":"Swift Potion"},{"floor":18,"key":"Ancient Potion"},{"floor":19,"key":"SteroidPotion"},{"floor":28,"key":"ElixirPotion"},{"floor":35,"key":"DuplicationPotion"},{"floor":36,"key":"Fruit Juice"}],"is_trial":false,"path_per_floor":["M","M","M","$","?","R","E","M","T","M","?","M","M","M","R","B",null,"M","M","?","$","M","R","E","M","T","T","M","R","M","E","R","B",null,"M","M","$","M","M","M","M"],"character_chosen":"IRONCLAD","items_purchased":["Exhume","Ornamental Fan","Lantern","Feel No Pain","Dual Wield","Panache"],"campfire_rested":3,"item_purchase_floors":[4,21,21,21,21,37],"current_hp_per_floor":[74,72,71,71,71,71,30,29,29,22,22,22,16,12,36,32,80,80,80,80,80,78,78,40,17,17,17,24,48,30,26,65,33,80,80,64,64,80,36,14,0,0],"gold":81,"neow_bonus":"BOSS_RELIC","is_daily":false,"chose_seed":false,"campfire_upgraded":1,"win_rate":0.0,"timestamp":1611514001,"path_taken":["M","M","M","$","?","R","E","M","T","?","?","M","M","M","R","BOSS","M","M","?","$","M","R","E","M","T","?","M","R","M","E","R","BOSS","M","M","$","M","M","M","M"],"items_purchased_type":["Card","Relic","Relic","Card","Card","Card"],"build_version":"2020-12-22","purchased_purges":1,"victory":false,"max_hp_per_floor":[80,80,80,80,80,80,80,80,80,80,80,80,80,80,80,80,80,80,80,80,80,80,80,80,80,80,80,80,80,80,80,80,80,80,80,80,80,85,85,85,85,85],"relic_stats":{"counters":[25,105],"Ornamental Fan":[20],"Astrolabe":["Shockwave","Juggernaut","Offering"],"Bird Faced Urn":[77],"Eternal Feather":15,"Pen Nib":[9],"obtain_stats":[{"Lantern":21,"Astrolabe":0,"Oddly Smooth Stone":7,"Eternal Feather":31,"Pen Nib":9,"Ancient Tea Set":20,"Burning Blood":0,"Ornamental Fan":21,"Bird Faced Urn":26,"Fusion Hammer":17,"Red Skull":24,"Toy Ornithopter":27,"Runic Pyramid":34},{"Lantern":12,"Astrolabe":0,"Oddly Smooth Stone":4,"Eternal Feather":18,"Pen Nib":5,"Ancient Tea Set":12,"Burning Blood":0,"Ornamental Fan":12,"Bird Faced Urn":15,"Fusion Hammer":10,"Red Skull":14,"Toy Ornithopter":15,"Runic Pyramid":19},{"Lantern":52,"Astrolabe":0,"Oddly Smooth Stone":15,"Eternal Feather":76,"Pen Nib":18,"Ancient Tea Set":52,"Burning Blood":0,"Ornamental Fan":52,"Bird Faced Urn":66,"Fusion Hammer":46,"Red Skull":62,"Toy Ornithopter":66,"Runic Pyramid":83}],"Toy Ornithopter":15},"card_choices":[{"not_picked":["Havoc","Perfected Strike"],"picked":"True Grit","floor":1},{"not_picked":["Clothesline","Iron Wave"],"picked":"Intimidate","floor":2},{"not_picked":["Wild Strike","Havoc"],"picked":"Shrug It Off","floor":3},{"not_picked":["Headbutt","Metallicize"],"picked":"Feel No Pain","floor":7},{"not_picked":["Sword Boomerang","Twin Strike"],"picked":"Impervious","floor":8},{"not_picked":["Perfected Strike","Armaments"],"picked":"Whirlwind","floor":10},{"not_picked":["Flex","Carnage"],"picked":"Body Slam","floor":12},{"not_picked":["Heavy Blade","Sever Soul","Shrug It Off"],"picked":"SKIP","floor":13},{"not_picked":["Clothesline","Rampage"],"picked":"Pommel Strike","floor":14},{"not_picked":["Berserk","Brutality"],"picked":"Fiend Fire","floor":16},{"not_picked":["Headbutt","Twin Strike"],"picked":"Second Wind","floor":18},{"not_picked":["Body Slam","Whirlwind","Clothesline"],"picked":"SKIP","floor":19},{"not_picked":["Clash","Warcry"],"picked":"Metallicize","floor":22},{"not_picked":["Flame Barrier","Heavy Blade","Dual Wield"],"picked":"SKIP","floor":24},{"not_picked":["Spot Weakness","Flame Barrier+1"],"picked":"Wild Strike+1","floor":25},{"not_picked":["Iron Wave+1","Combust","Whirlwind"],"picked":"SKIP","floor":28},{"not_picked":["Sever Soul","Flex","Dropkick"],"picked":"SKIP","floor":30},{"not_picked":["Reckless Charge+1","Clash"],"picked":"Corruption","floor":31},{"not_picked":["Immolate","Feed"],"picked":"Exhume","floor":33},{"not_picked":["Pummel+1","Twin Strike"],"picked":"Battle Trance+1","floor":35},{"not_picked":["Sword Boomerang","Flex"],"picked":"Warcry","floor":36},{"not_picked":["Clothesline+1","Wild Strike"],"picked":"Infernal Blade","floor":38},{"not_picked":["Clothesline","Thunderclap"],"picked":"Warcry+1","floor":39},{"not_picked":["Anger","Ghostly Armor","Searing Blow+1"],"picked":"SKIP","floor":40}],"player_experience":208858,"relics_obtained":[{"floor":7,"key":"Oddly Smooth Stone"},{"floor":9,"key":"Pen Nib"},{"floor":24,"key":"Red Skull"},{"floor":26,"key":"Bird Faced Urn"},{"floor":27,"key":"Toy Ornithopter"},{"floor":31,"key":"Eternal Feather"}],"event_choices":[{"damage_healed":0,"gold_gain":0,"player_choice":"Forge","damage_taken":0,"max_hp_gain":0,"max_hp_loss":0,"event_name":"Accursed Blacksmith","floor":5,"gold_loss":0,"cards_upgraded":["True Grit"]},{"damage_healed":0,"gold_gain":175,"player_choice":"AGREE","damage_taken":0,"max_hp_gain":0,"max_hp_loss":0,"event_name":"Liars Game","floor":11,"gold_loss":0,"cards_obtained":["Doubt"]},{"damage_healed":0,"gold_gain":0,"player_choice":"Opened","damage_taken":0,"relics_obtained":["Ancient Tea Set"],"max_hp_gain":0,"max_hp_loss":0,"event_name":"The Mausoleum","floor":20,"gold_loss":0}],"is_beta":false,"boss_relics":[{"not_picked":["Coffee Dripper","Runic Dome"],"picked":"Fusion Hammer"},{"not_picked":["SacredBark","Mark of Pain"],"picked":"Runic Pyramid"}],"items_purged_floors":[37],"is_endless":false,"potions_floor_spawned":[7,12,13,14,16,18,19,22,28,35,36],"killed_by":"Writhing Mass","ascension_level":4}}