{"host":"rjbqai8ni6dsiu37","time":1611521119,"event":{"mods":["100% Spire Juice","BaseMod","CapriCore","GungeonMod","Lobotomy","Marisa£¨Ùöéë¡¡Øª×âÞÞ£©","Minty Spire (QoL Compilation)","Shop Mod","StSLib","Td1madao Mod","The Cursed","The Poker Player","WarShipGirlsR/??á´Ò³R mod"],"gold_per_floor":[114,114,114,126,142,142,158,158,158,158,43,43,72,120,120,224,224,236,261,291,291,291],"floor_reached":21,"language":"KOR","playtime":729,"items_purged":[],"score":286,"play_id":"2178645d-3233-4de1-9dd4-9a6db2cd51fd","local_time":"20210125054519","is_ascension_mode":true,"campfire_choices":[{"data":"rmod:aviationdawn","floor":6,"key":"SMITH"},{"data":"rmod:aviationdawn","floor":8,"key":"SMITH"},{"data":"rmod:basicallowance","floor":10,"key":"SMITH"},{"data":"rmod:maingunfire","floor":12,"key":"SMITH"},{"data":"rmod:supportescort","floor":15,"key":"SMITH"}],"circlet_count":0,"master_deck":["AscendersBane","rmod:basicallowance+1","rmod:maingunfire+1","rmod:aviationdawn+1","rmod:intelligenceanalysis","rmod:aviationdawn+1","rmod:supportescort+1","rmod:desperatesituation","rmod:generalist","rmod:aluminumsupply","rmod:supportescort","rmod:garrisonisland","rmod:spoils","rmod:windflower","rmod:royalracing","rmod:supportaircraftcarrier","rmod:fuelsupply","rmod:openingtorpedo","rmod:wife"],"relics":["rmod:firstchargereward","Lantern","Darkstone Periapt","DemoMod:GnawedKey","DemoMod:BlueGuonStone","Juzu Bracelet","Pandora\u0027s Box","DemoMod:GlassGuonStoneRelic"],"acts_visited":["Exordium","TheCity"],"potions_floor_usage":[7,16,19,20],"damage_taken":[{"damage":0.0,"enemies":"Small Slimes","floor":1.0,"turns":4.0},{"damage":0,"enemies":"Cultist","floor":4,"turns":3},{"damage":1,"enemies":"Jaw Worm","floor":5,"turns":2},{"damage":0,"enemies":"Looter","floor":7,"turns":1},{"damage":24,"enemies":"3 Sentries","floor":13,"turns":6},{"damage":6,"enemies":"Hexaghost","floor":16,"turns":10},{"damage":1,"enemies":"Shell Parasite","floor":18,"turns":8},{"damage":19,"enemies":"2 Thieves","floor":19,"turns":6},{"damage":22,"enemies":"Snake Plant","floor":20,"turns":7},{"damage":0,"enemies":"3 Cultists","floor":21,"turns":1}],"seed_played":"8779625164956561017","potions_obtained":[{"floor":1.0,"key":"DuplicationPotion"},{"floor":13,"key":"DemoMod:LeadSkinPotion"},{"floor":16,"key":"ColorlessPotion"},{"floor":19,"key":"Swift Potion"}],"is_trial":false,"path_per_floor":["M","?","?","M","M","R","M","R","T","R","$","R","E","T","R","B",null,"M","M","M","M"],"character_chosen":"PRAEFECT","items_purchased":["DemoMod:GnawedKey"],"campfire_rested":0,"item_purchase_floors":[11],"current_hp_per_floor":[68,73,65,65,64,64,64,64,64,64,64,64,40,40,40,34,69,68,49,27,27,27],"gold":291,"neow_bonus":"RANDOM_COMMON_RELIC","is_daily":false,"chose_seed":false,"campfire_upgraded":5,"win_rate":0.0,"timestamp":1611521119,"path_taken":["M","?","?","M","M","R","?","R","T","R","$","R","E","?","R","BOSS","M","M","M","M"],"items_purchased_type":["Relic"],"build_version":"2020-12-22","purchased_purges":0,"victory":false,"max_hp_per_floor":[75,80,80,80,80,80,80,80,80,80,80,80,80,80,80,80,80,80,80,80,80,80],"card_choices":[{"not_picked":["rmod:circuitoustactics","rmod:selfconfidence"],"picked":"rmod:aviationdawn","floor":1.0},{"not_picked":["rmod:capitalist","rmod:fletcherpendant"],"picked":"rmod:intelligenceanalysis","floor":4},{"not_picked":["rmod:supportescort","rmod:chargemoney"],"picked":"rmod:aviationdawn","floor":5},{"not_picked":["rmod:diaomin","rmod:expedition"],"picked":"rmod:supportescort","floor":7},{"not_picked":["rmod:supportescort","rmod:goodsister","rmod:bulid"],"picked":"SKIP","floor":13},{"not_picked":["rmod:seals","rmod:windflower"],"picked":"rmod:desperatesituation","floor":16},{"not_picked":["rmod:bulid","rmod:fuelsupply","rmod:tearstotiara"],"picked":"SKIP","floor":18},{"not_picked":["rmod:bulid","rmod:tearstotiara"],"picked":"rmod:fuelsupply","floor":18},{"not_picked":["rmod:tearstotiara","rmod:goodsister"],"picked":"rmod:openingtorpedo","floor":19},{"not_picked":["rmod:fletcherpendant","rmod:tearstotiara"],"picked":"rmod:wife","floor":20}],"player_experience":224217,"relics_obtained":[{"floor":9,"key":"Darkstone Periapt"},{"floor":13,"key":"DemoMod:BlueGuonStone"},{"floor":14,"key":"Juzu Bracelet"}],"event_choices":[{"damage_healed":0.0,"max_hp_gain":5.0,"max_hp_loss":0.0,"gold_gain":0.0,"event_name":"Big Fish","player_choice":"Donut","floor":2.0,"gold_loss":0.0,"damage_taken":0.0},{"damage_healed":0,"gold_gain":0,"player_choice":"Damaged","damage_taken":8,"max_hp_gain":0,"max_hp_loss":0,"event_name":"Wheel of Change","floor":3,"gold_loss":0}],"is_beta":false,"boss_relics":[{"not_picked":["Calling Bell","Runic Dome"],"picked":"Pandora\u0027s Box"}],"items_purged_floors":[],"is_endless":false,"potions_floor_spawned":[1,13,16,19],"killed_by":"3 Cultists","ascension_level":12}}