{"host":"me6mz5vfpl3z3a3z","time":1611514701,"event":{"mods":["ATMod(°¢èªMod)","Act Like it!","Aspiration","BaseMod","CapriCore","Downfall","Energized Spire","Friendly Minions","Gensokyo","Hallownest","Koishi","Luminous","Marisa£¨ìFÓê¡¡Ä§ÀíÉ³£©","Minty Spire (QoL Compilation)","MostiFishMod","Reimu£¨²©ÀöÁéÃÎ£©","Relic Filter Mod","RumiaBox-Â¶Ã×æ«µÄÉñÃØºÐ×Ó","Spicy Shops","StSLib","The Alterego","The Blackbeard","The Bug Knight","The Cursed","The Gatherer","The Marked","The Runesmith","The Showman","Yakumo Yukari mod","Yuyuko","[IsaacMod]ÒÔÈö¼âËþ","¡¾¹¦ÄÜMod¡¿»ìãçÖ®»·ÐÞ¸´²¹¶¡"],"gold_per_floor":[117,42,60,60,60,70,70,70,141,141,175,188,188,216,216,312,312,330,805,955,955,965,965,997,1007,1084,1112,1130,19,19,19,19,121,121,128,48,66,66,116,144,163,163,239,239,265,276,299,95,95,95,95,95,32,64,64],"floor_reached":56,"language":"ZHS","playtime":2804,"items_purged":["Defend_R","Strike_R"],"score":1838,"play_id":"027a2342-8414-41e4-be1a-d48e3b27f42b","local_time":"20210125025821","is_ascension_mode":true,"campfire_choices":[{"data":"AT_LightSaberMaster","floor":10,"key":"SMITH"},{"data":"MostiFishMod:HellRitual","floor":13,"key":"SMITH"},{"floor":15,"key":"RECALL"},{"data":"Limit Break","floor":23,"key":"SMITH"},{"data":"Heavy Blade","floor":32,"key":"SMITH"},{"data":"MostiFishMod:RacingGame","floor":42,"key":"SMITH"},{"data":"AT_ShrugMaster","floor":44,"key":"SMITH"},{"data":"Hallownest:skillGreenpathMap","floor":49,"key":"SMITH"},{"data":"MostiFishMod:FlyOverUtopia","floor":52,"key":"SMITH"}],"circlet_count":0,"master_deck":["Strike_R","Strike_R","Strike_R","Strike_R","Defend_R+1","Defend_R+1","Defend_R","Bash","AT_LightSaberMaster+1","Iron Wave","Hallownest:skillGreenpathMap+1","Inflame","AT_IchimonjiDouble","MostiFishMod:HellRitual+1","Shrug It Off","Limit Break+1","Heavy Blade+1","Pain","Warcry+1","MostiFishMod:RacingGame+1","Hallownest:attackMasterDashSlash","MostiFishMod:FlyOverUtopia+1","AT_ShrugMaster+1","Warcry+1","AT_ShrugMaster+1","Metallicize+1","Corruption"],"relics":["Burning Blood","HushsDoor","DaveBox","D6","The Courier","aspiration:Nostalgia","PureWater","SynthV:TestCard","Blue Candle","Boot","Hallownest:DreamNailRelic","Bottled Tornado","LastBattle","SlaversCollar","AT_TimeSand","YumHeart","White Beast Statue","DianPoetry","Membership Card","AT_BellDemon","AT_ChloranthyRing","Orrery","GnawedLeaf","Toy Ornithopter","Mummified Hand","AT_TimeSand","AT_PhaseBoots","TuHaoJin","DeadEye","Pantograph","Anchor","Ancient Tea Set","Gremlin Horn","aspiration:RandomNobGenerator","Meat on the Bone","aspiration:FrozenJewel","Pocketwatch","Dead Branch","Mercury Hourglass","aspiration:HummingbirdHeart","InkBottle","Orichalcum","War Paint","AT_SilverBalance"],"acts_visited":["Hallownest:Greenpath","Hallownest:CityofTears","Hallownest:KingdomsEdge","TheEnding"],"potions_floor_usage":[22,25,25,33,33,37,39,41,55,55,55,55,55],"damage_taken":[{"damage":19,"enemies":"2_ Uuma","floor":1,"turns":8},{"damage":0,"enemies":"Hallownest:2_Baldur","floor":3,"turns":4},{"damage":3,"enemies":"Hallownest:2_Tiktiks_and_1_Crawlid","floor":6,"turns":4},{"damage":0,"enemies":"Hallownest:eliteVengeflyKing","floor":11,"turns":5},{"damage":2,"enemies":"Hallownest:monsterMossCharger","floor":12,"turns":3},{"damage":1,"enemies":"Hallownest:eliteMossKnight","floor":14,"turns":5},{"damage":24,"enemies":"Hallownest:BossHornet","floor":16,"turns":6},{"damage":0,"enemies":"Hallownest:3_Youths","floor":18,"turns":6},{"damage":11,"enemies":"Hallownest:Guard_and_Sentry","floor":22,"turns":4},{"damage":18,"enemies":"Hallownest:Nosk","floor":24,"turns":6},{"damage":25,"enemies":"Hallownest:2_Husk_Sentries","floor":25,"turns":4},{"damage":44,"enemies":"Hallownest:eliteWatcherKnight","floor":27,"turns":8},{"damage":8,"enemies":"Hallownest:Warrior_and_Youth","floor":28,"turns":4},{"damage":29,"enemies":"Hallownest:BossGrimm","floor":33,"turns":3},{"damage":36,"enemies":"Hallownest:3_Siblings","floor":35,"turns":3},{"damage":71,"enemies":"Hallownest:Shield_Heavy","floor":37,"turns":3},{"damage":1,"enemies":"Hallownest:2_Primals","floor":39,"turns":2},{"damage":3,"enemies":"Hallownest:eliteHiveKnight","floor":40,"turns":3},{"damage":7,"enemies":"Hallownest:Xero_Hu_Marmu","floor":41,"turns":1},{"damage":4,"enemies":"Hallownest:StalkingDevout","floor":45,"turns":2},{"damage":3,"enemies":"Hallownest:Shield_Sturdy","floor":46,"turns":3},{"damage":5,"enemies":"Hallownest:eliteCollector","floor":47,"turns":3},{"damage":12,"enemies":"Hallownest:Radiance","floor":50,"turns":3},{"damage":7,"enemies":"Shield and Spear","floor":54,"turns":2},{"damage":31,"enemies":"The Heart","floor":55,"turns":4}],"seed_played":"110744547388974759","potions_obtained":[{"floor":1,"key":"BloodPotion"},{"floor":3,"key":"MagicPotion:ReiMu"},{"floor":12,"key":"ZuzhouPotion:ReiMu"},{"floor":18,"key":"DistilledChaos"},{"floor":24,"key":"champ:CounterPotion"},{"floor":27,"key":"SkillPotion"},{"floor":28,"key":"ColorlessPotion"},{"floor":33,"key":"Swift Potion"},{"floor":35,"key":"Fire Potion"},{"floor":37,"key":"Slimebound:ThreeZeroPotion"},{"floor":39,"key":"champ:CounterPotion"},{"floor":41,"key":"BlessingOfTheForge"},{"floor":54,"key":"EntropicBrew"}],"is_trial":false,"path_per_floor":["M","?","M","T","?","M","?","$","T","R","E","M","R","E","R","B",null,"M","?","?","?","M","R","E","M","T","E","M","$","?","$","R","B",null,"M","?","M","?","?","E","M","R","T","R","E","M","E","$","R","B",null,"R","$","E","B",null],"character_chosen":"IRONCLAD","items_purchased":["Membership Card","AT_BellDemon","AT_ChloranthyRing","Orrery","GnawedLeaf","Toy Ornithopter","Mummified Hand","AT_TimeSand","AT_SpeedBoots","TuHaoJin","DeadEye","Pantograph","Anchor","Ancient Tea Set","Orichalcum","Corruption","War Paint"],"campfire_rested":0,"item_purchase_floors":[29,29,29,29,29,29,29,29,29,29,29,29,29,29,48,48,53],"current_hp_per_floor":[59,59,65,65,50,53,53,53,53,53,59,63,63,68,68,50,73,79,79,79,79,74,74,62,59,59,46,44,44,44,44,44,56,74,44,44,21,21,43,46,50,50,50,50,52,55,56,56,56,69,74,74,74,73,61],"gold":64,"neow_bonus":"NOSTALGIA","is_daily":false,"chose_seed":false,"campfire_upgraded":8,"win_rate":0.0,"timestamp":1611514701,"path_taken":["M","?","M","?","?","M","?","$","T","R","E","M","R","E","R","BOSS","M","?","?","?","M","R","E","M","T","E","?","$","?","$","R","BOSS","M","?","M","?","?","E","M","R","T","R","E","M","E","$","R","BOSS","R","$","E","BOSS"],"items_purchased_type":["Relic","Relic","Relic","Relic","Relic","Relic","Relic","Relic","Relic","Relic","Relic","Relic","Relic","Relic","Relic","Card","Relic"],"build_version":"2020-12-22","purchased_purges":2,"victory":true,"max_hp_per_floor":[80,80,80,80,80,80,80,80,80,80,80,80,80,80,80,80,80,80,80,80,80,80,80,80,80,80,80,80,80,80,80,80,80,80,80,80,80,75,75,75,75,75,75,75,75,75,75,75,75,75,75,75,75,75,75],"card_choices":[{"not_picked":["Thunderclap","AT_GerminateFire"],"picked":"Iron Wave","floor":1},{"not_picked":["Uppercut","Heavy Blade","Havoc","Cleave"],"picked":"Inflame","floor":3},{"not_picked":["MostiFishMod:BrandingRite","Clash","Body Slam","Dropkick"],"picked":"AT_IchimonjiDouble","floor":6},{"not_picked":["AT_GerminateFire","AT_DiedThrough","Sword Boomerang","Flex"],"picked":"MostiFishMod:HellRitual","floor":11},{"not_picked":["Havoc","Seeing Red","Ghostly Armor","Cleave"],"picked":"Shrug It Off","floor":12},{"not_picked":["Spot Weakness","Iron Wave","AT_BodySlamDance","Body Slam","Twin Strike"],"picked":"SKIP","floor":14},{"not_picked":["MostiFishMod:HellRitual","Barricade","Double Tap","Bludgeon"],"picked":"Limit Break","floor":16},{"not_picked":["Armaments","Sword Boomerang","Clothesline+1","Perfected Strike"],"picked":"Heavy Blade","floor":18},{"not_picked":["Heavy Blade","True Grit","Dual Wield","Infernal Blade","Clothesline+1"],"picked":"SKIP","floor":22},{"not_picked":["AT_Dispersion","Headbutt","True Grit","Havoc","AT_IchimonjiDouble"],"picked":"SKIP","floor":24},{"not_picked":["Evolve","Pommel Strike","Bloodletting+1","MostiFishMod:BrandingRite"],"picked":"Warcry+1","floor":25},{"not_picked":["Warcry","True Grit","Body Slam","Flex","Perfected Strike+1"],"picked":"SKIP","floor":27},{"not_picked":["Iron Wave+1","Ghostly Armor+1","True Grit","Heavy Blade+1","Entrench"],"picked":"SKIP","floor":28},{"not_picked":["MostiFishMod:FlyOverUtopia","Immolate","MostiFishMod:KnuckleDown","MostiFishMod:TemporaryOutbreak"],"picked":"MostiFishMod:RacingGame","floor":33},{"not_picked":["Headbutt","Cleave+1","Wild Strike","Pummel","Havoc"],"picked":"SKIP","floor":35},{"not_picked":["Havoc","Rampage+1","Anger","Pummel+1"],"picked":"MostiFishMod:FlyOverUtopia","floor":37},{"not_picked":["Carnage+1","Twin Strike+1","Heavy Blade","Sword Boomerang"],"picked":"AT_ShrugMaster+1","floor":39},{"not_picked":["Heavy Blade","Perfected Strike+1","Twin Strike","Disarm"],"picked":"Warcry+1","floor":40},{"not_picked":["Metallicize","Havoc+1","Heavy Blade+1","Perfected Strike"],"picked":"AT_ShrugMaster","floor":41},{"not_picked":["Intimidate","Flame Barrier","Brutality","Perfected Strike+1","Cleave+1"],"picked":"SKIP","floor":45},{"not_picked":["Heavy Blade+1","Twin Strike","Clash+1","Sentinel+1","Rage"],"picked":"SKIP","floor":46},{"not_picked":["True Grit","Warcry","Carnage+1","Feel No Pain+1"],"picked":"Metallicize+1","floor":47},{"not_picked":["Battle Trance+1","Impervious","Perfected Strike","Intimidate+1","Sever Soul+1"],"picked":"SKIP","floor":54}],"player_experience":451985,"relics_obtained":[{"floor":1,"key":"SynthV:TestCard"},{"floor":4,"key":"Blue Candle"},{"floor":11,"key":"Bottled Tornado"},{"floor":14,"key":"LastBattle"},{"floor":24,"key":"YumHeart"},{"floor":26,"key":"White Beast Statue"},{"floor":27,"key":"DianPoetry"},{"floor":33,"key":"Gremlin Horn"},{"floor":35,"key":"Meat on the Bone"},{"floor":37,"key":"aspiration:FrozenJewel"},{"floor":39,"key":"Pocketwatch"},{"floor":40,"key":"Dead Branch"},{"floor":43,"key":"Mercury Hourglass"},{"floor":45,"key":"aspiration:HummingbirdHeart"},{"floor":47,"key":"InkBottle"},{"floor":54,"key":"AT_SilverBalance"}],"event_choices":[],"is_beta":false,"boss_relics":[{"not_picked":["RhineCircuit","Philosopher\u0027s Stone"],"picked":"SlaversCollar"},{"not_picked":[]},{"not_picked":["Mark of Pain","SoulBox"],"picked":"aspiration:RandomNobGenerator"},{"not_picked":[]}],"items_purged_floors":[48,48],"is_endless":false,"potions_floor_spawned":[1,3,12,18,24,27,28,33,35,37,39,40,41,45,46,47,54],"ascension_level":6}}