{"host":"qy1e0kd24tpj3i2m","time":1611505310,"event":{"mods":["Act Like it!","Alarm Clock","BaseMod","Better Skull","Better Vampires","Colored Map","Colored Powertips","Custom Start","Faster Ascension Climbing","Friendly Minions","GifTheSpireLib","Gremlin Skip","Highlight Path","Minty Spire (QoL Compilation)","Permanent Neow","Poor People Problems","Quick Restart","Red Circlet Mod","Relic Sorter","Reorder Act Four","SacredBarkPlus","Shop Mod","StSLib","SuperFastMode","Transform Curses","没有小屋子和绿帽子啦"],"gold_per_floor":[117,37,37,56,56,56,81,95,165,165,165,165,165,185,185,259,259,269,25,37,64,74,74,74,74,74,87,104,104,123,48,48,119,119,129,129,205,0,16,16,16,31,100,126,126,126],"floor_reached":45,"language":"ZHS","playtime":3020,"items_purged":["Strike_R","Defend_R"],"score":882,"play_id":"62709290-a36f-4fe2-8602-295a4528e157","local_time":"20210125012150","is_ascension_mode":true,"campfire_choices":[{"data":"Feel No Pain","floor":6.0,"key":"SMITH"},{"data":"Dark Embrace","floor":11.0,"key":"SMITH"},{"data":"Flame Barrier","floor":13.0,"key":"SMITH"},{"data":"Wild Strike","floor":15.0,"key":"SMITH"},{"data":"Metallicize","floor":23.0,"key":"SMITH"},{"floor":25.0,"key":"REST"},{"floor":29.0,"key":"REST"},{"data":"Impervious","floor":32.0,"key":"SMITH"},{"data":"Impervious","floor":40.0,"key":"SMITH"}],"circlet_count":0,"master_deck":["AscendersBane","Strike_R","Strike_R","Strike_R","Defend_R","Defend_R","Wild Strike+1","Feel No Pain+1","Feel No Pain+1","Dark Embrace+1","Flame Barrier+1","Wild Strike+1","Impervious+1","Reckless Charge+1","Evolve","Evolve","Metallicize+1","Shrug It Off","Impervious+1","Flex+1"],"relics":["Burning Blood","Bronze Scales","Velvet Choker","Happy Flower","Vajra","Champion Belt","Busted Crown","Matryoshka","MerchantsRug","Omamori","Frozen Egg 2","Lantern"],"acts_visited":["Exordium","TheCity","TheBeyond"],"potions_floor_usage":[],"damage_taken":[{"damage":2.0,"enemies":"Cultist","floor":1.0,"turns":4.0},{"damage":2.0,"enemies":"2 Louse","floor":4.0,"turns":3.0},{"damage":19.0,"enemies":"3 Sentries","floor":7.0,"turns":8.0},{"damage":9.0,"enemies":"Jaw Worm","floor":8.0,"turns":4.0},{"damage":13.0,"enemies":"Blue Slaver","floor":14.0,"turns":4.0},{"damage":39.0,"enemies":"The Guardian","floor":16.0,"turns":13.0},{"damage":6.0,"enemies":"Spheric Guardian","floor":18.0,"turns":4.0},{"damage":1.0,"enemies":"3 Byrds","floor":20.0,"turns":2.0},{"damage":33.0,"enemies":"Snake Plant","floor":22.0,"turns":4.0},{"damage":9.0,"enemies":"Cultist and Chosen","floor":27.0,"turns":7.0},{"damage":21.0,"enemies":"Shelled Parasite and Fungi","floor":28.0,"turns":6.0},{"damage":0.0,"enemies":"Chosen and Byrds","floor":30.0,"turns":6.0},{"damage":9.0,"enemies":"Automaton","floor":33.0,"turns":8.0},{"damage":45.0,"enemies":"3 Darklings","floor":35.0,"turns":7.0},{"damage":0.0,"enemies":"Orb Walker","floor":39.0,"turns":4.0},{"damage":0.0,"enemies":"Spire Growth","floor":42.0,"turns":6.0},{"damage":22.0,"enemies":"Nemesis","floor":44.0,"turns":9.0},{"damage":43,"enemies":"2 Orb Walkers","floor":45,"turns":3}],"seed_played":"7221929598316769247","potions_obtained":[{"floor":1.0,"key":"LiquidBronze"},{"floor":8.0,"key":"CultistPotion"},{"floor":14.0,"key":"SkillPotion"},{"floor":20.0,"key":"PowerPotion"},{"floor":22.0,"key":"Ancient Potion"},{"floor":27.0,"key":"Swift Potion"},{"floor":39.0,"key":"EssenceOfSteel"},{"floor":44.0,"key":"GamblersBrew"}],"is_trial":false,"path_per_floor":["M","$","?","M","?","R","E","M","T","?","R","?","R","M","R","B",null,"M","$","M","T","M","R","?","R","T","M","M","R","M","$","R","B",null,"M","?","T","$","M","R","?","M","T","E","?"],"character_chosen":"IRONCLAD","items_purchased":["Feel No Pain","Evolve","Happy Flower","MerchantsRug"],"campfire_rested":2,"item_purchase_floors":[2,19,19,38],"current_hp_per_floor":[72,72,72,75,75,75,62,59,59,52,52,52,52,45,45,12,59,59,59,64,64,37,37,16,38,38,35,20,42,48,48,48,45,68,29,29,29,29,35,35,35,41,41,25,0,0],"gold":126,"neow_bonus":"RANDOM_COMMON_RELIC","is_daily":false,"chose_seed":false,"campfire_upgraded":7,"win_rate":0.0,"timestamp":1611505310,"path_taken":["M","?","?","?","?","R","E","M","T","?","R","?","R","M","R","BOSS","M","$","M","?","M","R","?","R","T","M","M","R","M","?","R","BOSS","M","?","?","$","M","R","?","M","T","E","?"],"items_purchased_type":["Card","Card","Relic","Relic"],"build_version":"2020-12-22","purchased_purges":2,"victory":false,"max_hp_per_floor":[75,75,75,75,75,75,75,75,75,75,75,75,75,75,75,75,75,75,75,75,75,75,75,75,75,75,75,75,75,75,75,75,75,75,75,71,71,71,71,71,71,71,71,71,71,71],"card_choices":[{"not_picked":["Sword Boomerang","Clash"],"picked":"Wild Strike","floor":1.0},{"not_picked":["Pommel Strike","Clash"],"picked":"Feel No Pain","floor":4.0},{"not_picked":["Combust","Heavy Blade"],"picked":"Dark Embrace","floor":7.0},{"not_picked":["Twin Strike","Limit Break"],"picked":"Flame Barrier","floor":8.0},{"not_picked":["Armaments","Perfected Strike"],"picked":"Wild Strike","floor":14.0},{"not_picked":["Bludgeon","Feed"],"picked":"Impervious","floor":16.0},{"not_picked":["Cleave","Havoc"],"picked":"Reckless Charge+1","floor":18.0},{"not_picked":["Searing Blow+1","Sever Soul"],"picked":"Evolve","floor":20.0},{"not_picked":["Havoc","Pommel Strike"],"picked":"Metallicize","floor":22.0},{"not_picked":["Anger","Clothesline","Corruption"],"picked":"SKIP","floor":27.0},{"not_picked":["Headbutt","Clothesline"],"picked":"Shrug It Off","floor":28.0},{"not_picked":["Warcry","Second Wind","Dropkick"],"picked":"SKIP","floor":30.0},{"not_picked":["Brutality","Limit Break"],"picked":"Impervious","floor":33.0},{"not_picked":[],"picked":"Flex+1","floor":35.0},{"not_picked":["Armaments"],"picked":"SKIP","floor":39.0},{"not_picked":["Warcry"],"picked":"SKIP","floor":42.0},{"not_picked":["Hemokinesis+1"],"picked":"SKIP","floor":44.0}],"player_experience":927256,"relics_obtained":[{"floor":7.0,"key":"Potion Belt"},{"floor":21.0,"key":"Vajra"},{"floor":24.0,"key":"Enchiridion"},{"floor":26.0,"key":"Champion Belt"},{"floor":37.0,"key":"Matryoshka"},{"floor":43.0,"key":"Omamori"},{"floor":43.0,"key":"Frozen Egg 2"},{"floor":44.0,"key":"Lantern"}],"event_choices":[{"cards_removed":["Bash"],"damage_healed":0.0,"max_hp_gain":0.0,"max_hp_loss":0.0,"gold_gain":0.0,"event_name":"Purifier","player_choice":"Purged","floor":3.0,"gold_loss":0.0,"damage_taken":0.0},{"damage_healed":0.0,"max_hp_gain":0.0,"max_hp_loss":0.0,"gold_gain":0.0,"event_name":"Living Wall","player_choice":"Grow","floor":5.0,"gold_loss":0.0,"damage_taken":0.0,"cards_upgraded":["Wild Strike"]},{"cards_removed":["Defend_R"],"damage_healed":0.0,"max_hp_gain":0.0,"max_hp_loss":0.0,"gold_gain":0.0,"event_name":"Golden Wing","player_choice":"Card Removal","floor":10.0,"gold_loss":0.0,"damage_taken":7.0},{"damage_healed":0.0,"max_hp_gain":0.0,"max_hp_loss":0.0,"gold_gain":0.0,"event_name":"Accursed Blacksmith","player_choice":"Forge","floor":12.0,"gold_loss":0.0,"damage_taken":0.0,"cards_upgraded":["Feel No Pain"]},{"damage_healed":0.0,"max_hp_gain":0.0,"max_hp_loss":0.0,"gold_gain":0.0,"event_name":"Cursed Tome","player_choice":"Obtained Book","floor":24.0,"gold_loss":0.0,"damage_taken":21.0},{"damage_healed":0.0,"max_hp_gain":0.0,"max_hp_loss":4.0,"gold_gain":0.0,"event_name":"Winding Halls","player_choice":"Max HP","floor":36.0,"gold_loss":0.0,"damage_taken":0.0},{"cards_removed":["Strike_R"],"damage_healed":0.0,"max_hp_gain":0.0,"max_hp_loss":0.0,"gold_gain":0.0,"event_name":"Falling","player_choice":"Removed Attack","floor":41.0,"gold_loss":0.0,"damage_taken":0.0},{"damage_healed":0,"gold_gain":0,"player_choice":"Fight","damage_taken":0,"max_hp_gain":0,"max_hp_loss":0,"event_name":"Mysterious Sphere","floor":45,"gold_loss":0}],"is_beta":false,"boss_relics":[{"not_picked":["SlaversCollar","Runic Pyramid"],"picked":"Velvet Choker"},{"not_picked":["Fusion Hammer","Runic Cube"],"picked":"Busted Crown"}],"items_purged_floors":[31,38],"is_endless":false,"potions_floor_spawned":[1,8,14,20,22,27,39,44],"killed_by":"2 Orb Walkers","ascension_level":20}}