{"host":"yt8tirjpas3zupuf","time":1611526787,"event":{"mods":["Act Like it!","Arknights The Spire","BaseMod","Colored Powertips","Gensokyo","Lobotomy","LobotomyExtend","Minty Spire (QoL Compilation)","Replay The Spire","StSLib","The Bug Knight","UnlockEverythingMod","noobMod"],"gold_per_floor":[113,113,128,147,147,147,422,392,443,474,474,474,501,511,511,612,612,629,643,660,679,695,721,721,721,745,756,756,783,783,783,783,879,879,889,889,700,718,730,762,762,762,762],"floor_reached":42,"language":"ZHS","playtime":4569,"items_purged":[],"score":526,"play_id":"5f044283-f29d-4b2a-885b-0a4a92ad31bf","local_time":"20210125061947","is_ascension_mode":false,"campfire_choices":[{"floor":6.0,"key":"REST"},{"floor":15.0,"key":"REST"},{"floor":24.0,"key":"RECALL"},{"data":"ats:Roar Of Ursus","floor":30.0,"key":"SMITH"},{"data":"ats:Serious Mode","floor":32.0,"key":"SMITH"},{"data":"ats:Apocalypse","floor":41,"key":"SMITH"}],"circlet_count":0,"master_deck":["HereticApostle","WhiteNight","ats:Apocalypse+1","DreamingCurrent","ats:Shell Defense+1","DespairKnight","ats:Apocalypse+1"],"relics":["ats:Sanity","ice","CogitoBucket","LetterFromLob","Gaze_r","ats:Originium","War Paint","Centennial Puzzle","ChangeAnything","RedMistMask","Astrolabe","BackwardClock","Juzu Bracelet","Enchiridion","ats:Spiritual Recovery","Potion Belt","Kintsugi","TreeSap","Orichalcum","Nunchaku"],"acts_visited":["Exordium","TheCity","TheBeyond"],"potions_floor_usage":[],"damage_taken":[{"damage":6.0,"enemies":"Jaw Worm","floor":1.0,"turns":4.0},{"damage":0.0,"enemies":"Small Slimes","floor":3.0,"turns":2.0},{"damage":0.0,"enemies":"Cultist","floor":4.0,"turns":2.0},{"damage":75.0,"enemies":"Cultist","floor":5.0,"turns":5.0},{"damage":6.0,"enemies":"Looter","floor":8.0,"turns":4.0},{"damage":4.0,"enemies":"Gremlin Nob","floor":10.0,"turns":3.0},{"damage":15.0,"enemies":"HollowMod:MossKnight","floor":13.0,"turns":6.0},{"damage":36.0,"enemies":"Red Slaver","floor":14.0,"turns":4.0},{"damage":25.0,"enemies":"The Guardian","floor":16.0,"turns":6.0},{"damage":10.0,"enemies":"Shell Parasite","floor":18.0,"turns":3.0},{"damage":54.0,"enemies":"3 Byrds","floor":19.0,"turns":2.0},{"damage":29.0,"enemies":"Centurion and Healer","floor":20.0,"turns":3.0},{"damage":135.0,"enemies":"Snake Plant","floor":21.0,"turns":8.0},{"damage":0.0,"enemies":"Shelled Parasite and Fungi","floor":22.0,"turns":2.0},{"damage":41.0,"enemies":"HollowMod:Nosk","floor":23.0,"turns":5.0},{"damage":21.0,"enemies":"Sentry and Sphere","floor":27.0,"turns":5.0},{"damage":22.0,"enemies":"Slavers","floor":29.0,"turns":3.0},{"damage":94.0,"enemies":"Collector","floor":33.0,"turns":8.0},{"damage":155.0,"enemies":"Orb Walker","floor":35.0,"turns":17.0},{"damage":5,"enemies":"3 Shapes","floor":38,"turns":2},{"damage":18,"enemies":"Jaw Worm Horde","floor":39,"turns":2},{"damage":193,"enemies":"R_Hoarder","floor":40,"turns":23},{"damage":34,"enemies":"3 Darklings","floor":42,"turns":1}],"seed_played":"184360118739084344","potions_obtained":[{"floor":10.0,"key":"Weak Potion"},{"floor":16.0,"key":"ColorlessPotion"},{"floor":19.0,"key":"FearPotion"},{"floor":21.0,"key":"Elixir"},{"floor":29.0,"key":"AttackPotion"},{"floor":33.0,"key":"Ancient Potion"}],"is_trial":false,"path_per_floor":["M","?","M","M","?","R","?","M","T","E","?","?","E","M","R","B",null,"M","M","M","M","M","E","R","?","T","M","?","E","R","?","R","B",null,"M","?","$","M","M","E","R","M"],"character_chosen":"DOCTOR_CLASS","items_purchased":["ats:Healing Strengthening","Orichalcum"],"campfire_rested":2,"item_purchase_floors":[37,37],"current_hp_per_floor":[66,52,52,52,5,26,26,39,39,39,57,57,57,39,60,41,72,66,33,26,32,45,70,70,54,54,91,91,93,93,93,93,69,102,116,170,170,165,150,14,14,0,0],"gold":762,"neow_bonus":"","is_daily":false,"chose_seed":false,"campfire_upgraded":3,"win_rate":0.0,"timestamp":1611526787,"path_taken":["M","?","M","M","?","R","?","?","T","E","?","?","E","?","R","BOSS","M","M","M","M","M","E","R","?","T","M","?","E","R","?","R","BOSS","M","?","$","M","M","E","R","M"],"items_purchased_type":["Card","Relic"],"build_version":"2020-12-22","purchased_purges":0,"victory":false,"max_hp_per_floor":[72,72,72,72,72,72,72,72,72,72,72,72,72,72,72,72,72,72,72,72,85,84,86,86,86,86,91,91,95,95,95,95,102,102,170,170,170,170,170,170,170,172,172],"card_choices":[{"not_picked":["SingingMachine","SpiderBud"],"picked":"Scorched","floor":1.0},{"not_picked":["ats:Song Of Battle","ats:Healing Strengthening"],"picked":"ats:Explosion Area Strengthen","floor":1.0},{"not_picked":["Murderer","LittlePrince","SpiderBud"],"picked":"Singing Bowl","floor":3.0},{"not_picked":["Murderer","LittleHelper"],"picked":"CENSORED","floor":3.0},{"not_picked":["ats:Flexible Camouflage","ats:Beaten Up"],"picked":"ats:Revitalization","floor":3.0},{"not_picked":["MeatLantern","DespairKnight","ShyLook"],"picked":"Singing Bowl","floor":4.0},{"not_picked":["Wellcheers","ShyLook"],"picked":"BeautyBeast","floor":4.0},{"not_picked":["ats:Cat Scratch","ats:Directed Diagnosis"],"picked":"ats:Mental Burst","floor":4.0},{"not_picked":["OSAHOGD","ShyLook","PunishingBird"],"picked":"Singing Bowl","floor":8.0},{"not_picked":["MeatLantern","FairyFestival"],"picked":"BlueStar","floor":8.0},{"not_picked":["ats:Ignite","ats:Explosion Area Strengthen"],"picked":"ats:Closed Bolt Burst Fire","floor":8.0},{"not_picked":["WallGazer","CrumblingArmor"],"picked":"FieryBird","floor":10.0},{"not_picked":["ats:Demon Strength","ats:Very Hot Blade"],"picked":"ats:Automatic Cover","floor":10.0},{"not_picked":["MHz","CrumblingArmor","VoidDream"],"picked":"Singing Bowl","floor":13.0},{"not_picked":["Wellcheers","Laetitia"],"picked":"HeroicMonk","floor":13.0},{"not_picked":["ats:Very Hot Blade","ats:Collapsing Strike"],"picked":"ats:Serious Mode","floor":13.0},{"not_picked":["OldLady","FairyFestival"],"picked":"BlackSwan","floor":14.0},{"not_picked":["ats:Very Hot Blade","ats:Guardian Obelisk"],"picked":"ats:Powerful Strike","floor":14.0},{"not_picked":["Porccubus","SpiderBud"],"picked":"GalaxyChild","floor":16.0},{"not_picked":["ats:Roar Of Ursus","ats:Wolf Pack"],"picked":"ats:Shadow Assault","floor":16.0},{"not_picked":["BigBird","OldLady"],"picked":"DreamingCurrent","floor":18.0},{"not_picked":["ats:Blood Oath","ats:Flexible Camouflage+1"],"picked":"ats:Healing Drone","floor":18.0},{"not_picked":["ShyLook","CrumblingArmor","CherryBlossoms"],"picked":"Singing Bowl","floor":19.0},{"not_picked":["RedShoes","OSAHOGD"],"picked":"FairyFestival","floor":19.0},{"not_picked":["ats:Spore Proliferation","ats:Burning Ground+1"],"picked":"ats:Overload","floor":19.0},{"not_picked":["Wellcheers","LongBird"],"picked":"MeltingLove","floor":20.0},{"not_picked":["ats:Defend Order","ats:Demon Strength"],"picked":"ats:Poison Spread","floor":20.0},{"not_picked":["Alriune","LongBird"],"picked":"Funeral","floor":21.0},{"not_picked":["ats:Closed Bolt Burst Fire+1","ats:Calcification"],"picked":"ats:Guard Mode+1","floor":21.0},{"not_picked":["OldLady","Bloodbath","VoidDream"],"picked":"Singing Bowl","floor":22.0},{"not_picked":["Rudolta","CherryBlossoms"],"picked":"SingingMachine","floor":22.0},{"not_picked":["ats:Healing Drone","ats:Spore Proliferation"],"picked":"ats:Revitalization+1","floor":22.0},{"not_picked":["VoidDream","BigBird","CherryBlossoms"],"picked":"Singing Bowl","floor":23.0},{"not_picked":["SpiderBud","QueenOfHatred"],"picked":"VoidDream","floor":23.0},{"not_picked":["ats:Ignite","ats:Absolute Focus"],"picked":"ats:Assault Order","floor":23.0},{"not_picked":["MeatLantern","OSAHOGD"],"picked":"Scarecrow","floor":27.0},{"not_picked":["ats:Collapsing Strike","ats:Consecutive Shot Auto"],"picked":"ats:True Silver Slash","floor":27.0},{"not_picked":["ShyLook","SnowQueen"],"picked":"GreedKing","floor":29.0},{"not_picked":["ats:Chain Hook+1","ats:Consecutive Shot Auto"],"picked":"ats:Roar Of Ursus","floor":29.0},{"not_picked":["WhitesApple","CherryBlossoms","Freischutz"],"picked":"Singing Bowl","floor":33.0},{"not_picked":["CENSORED","Rudolta"],"picked":"SnowQueen","floor":33.0},{"not_picked":["ats:Shadow Assault","ats:Disruption Kick"],"picked":"ats:Nebulous Foxfire","floor":33.0},{"not_picked":["Variant","SingingMachine"],"picked":"DespairKnight","floor":35.0},{"not_picked":["ats:Red Shift+1","ats:Guard Mode"],"picked":"ats:Poison Spread+1","floor":35.0},{"not_picked":["CENSORED","BodiesMountain"],"picked":"WhiteNight","floor":38},{"not_picked":["ats:Absolute Focus+1","ats:Shell Defense"],"picked":"ats:Apocalypse","floor":38},{"not_picked":["BigBird","Yin","OSAHOGD"],"picked":"Singing Bowl","floor":39},{"not_picked":["Freischutz","LittlePrince"],"picked":"DreamingCurrent","floor":39},{"not_picked":["ats:Demon Strength+1","ats:Blood Oath"],"picked":"ats:Shell Defense+1","floor":39},{"not_picked":["QueenBee","Porccubus"],"picked":"DespairKnight","floor":40},{"not_picked":["ats:Hammer On+1","ats:Demon Strength"],"picked":"ats:Apocalypse+1","floor":40}],"player_experience":78725,"relics_obtained":[{"floor":1.0,"key":"LetterFromLob"},{"floor":10.0,"key":"ats:Originium"},{"floor":10.0,"key":"War Paint"},{"floor":13.0,"key":"ats:Originium"},{"floor":13.0,"key":"Centennial Puzzle"},{"floor":16.0,"key":"RedMistMask"},{"floor":23.0,"key":"ats:Originium"},{"floor":23.0,"key":"Juzu Bracelet"},{"floor":25.0,"key":"Enchiridion"},{"floor":26.0,"key":"ats:Spiritual Recovery"},{"floor":29.0,"key":"ats:Originium"},{"floor":29.0,"key":"Potion Belt"},{"floor":40,"key":"Nunchaku"}],"event_choices":[{"damage_healed":0.0,"max_hp_gain":0.0,"max_hp_loss":0.0,"gold_gain":0.0,"event_name":"Shining Light","player_choice":"Entered Light","floor":2.0,"gold_loss":0.0,"damage_taken":14.0,"cards_upgraded":["ats:Strike S","ats:Defend"]},{"damage_healed":0.0,"max_hp_gain":0.0,"max_hp_loss":0.0,"gold_gain":275.0,"event_name":"Golden Shrine","player_choice":"Desecrate","floor":7.0,"gold_loss":0.0,"damage_taken":0.0,"cards_obtained":["Regret"]},{"damage_healed":18.0,"max_hp_gain":0.0,"max_hp_loss":0.0,"gold_gain":0.0,"event_name":"Mushrooms","player_choice":"Healed and dodged fight","floor":11.0,"gold_loss":0.0,"damage_taken":0.0,"cards_obtained":["Parasite"]},{"damage_healed":0.0,"max_hp_gain":0.0,"max_hp_loss":0.0,"gold_gain":0.0,"cards_transformed":["ats:Defend"],"event_name":"Transmorgrifier","player_choice":"Transformed","floor":12.0,"gold_loss":0.0,"damage_taken":0.0,"cards_obtained":["ats:Support Order"]},{"damage_healed":0.0,"max_hp_gain":0.0,"max_hp_loss":0.0,"gold_gain":0.0,"event_name":"Cursed Tome","player_choice":"Obtained Book","floor":25.0,"gold_loss":0.0,"damage_taken":16.0},{"damage_healed":0.0,"max_hp_gain":0.0,"max_hp_loss":0.0,"gold_gain":0.0,"event_name":"Vampires","player_choice":"Ignored","floor":28.0,"gold_loss":0.0,"damage_taken":0.0}],"is_beta":false,"boss_relics":[{"not_picked":["ats:Omniscience","SacredBark"],"picked":"Astrolabe"},{"not_picked":["Painkiller Herb","ChewingGum"],"picked":"Kintsugi"}],"items_purged_floors":[],"is_endless":false,"potions_floor_spawned":[5,10,16,19,21,29,33,38,40],"killed_by":"3 Darklings","ascension_level":0}}