{"host":"shb6fs4xkmgx64v4","time":1611451717,"event":{"mods":["AchievementEnabler","BaseMod","Colored Map","Downfall","Minty Spire (QoL Compilation)","StSLib"],"gold_per_floor":[0,19,30,30,49,49,49,49,61,78,88,102,130,40,50,50,50,50],"floor_reached":16,"language":"ENG","playtime":974,"items_purged":["Guardian:Strike_Guardian"],"score":106,"play_id":"941d554d-34e5-45de-ac7e-4b4c183a9d82","local_time":"20210123202837","is_ascension_mode":false,"campfire_choices":[{"data":"Guardian:TwinSlam","floor":1,"key":"SMITH"},{"floor":8,"key":"RECALL"}],"circlet_count":0,"master_deck":["Guardian:Strike_Guardian","Guardian:Defend_Guardian","Guardian:Defend_Guardian","Guardian:CurlUp","Guardian:TwinSlam+1","Guardian:ShieldCharger","Guardian:FloatingOrbs","Guardian:ShieldCharger","Guardian:PrismaticBarrier","Guardian:AncientConstruct","Guardian:ChargeCore"],"relics":["Guardian:ModeShifter","Bottled Lightning","HornCleat"],"acts_visited":["Exordium"],"potions_floor_usage":[16,16],"damage_taken":[{"damage":0,"enemies":"Cultist","floor":2,"turns":4},{"damage":2,"enemies":"2 Louse","floor":3,"turns":2},{"damage":0,"enemies":"Jaw Worm","floor":5,"turns":4},{"damage":13,"enemies":"Exordium Wildlife","floor":9,"turns":5},{"damage":1,"enemies":"3 Louse","floor":10,"turns":4},{"damage":14,"enemies":"Large Slime","floor":11,"turns":8},{"damage":10,"enemies":"Lots of Slimes","floor":12,"turns":5},{"damage":16,"enemies":"Gremlin Nob","floor":13,"turns":7},{"damage":0,"enemies":"downfall:FleeingMerchant","floor":14,"turns":4},{"damage":0,"enemies":"3 Louse","floor":15,"turns":5},{"damage":28,"enemies":"IC_STATUS_ARCHETYPE","floor":16,"turns":8}],"seed_played":"-8932699591145982897","potions_obtained":[{"floor":3,"key":"Energy Potion"},{"floor":10,"key":"Dexterity Potion"},{"floor":11,"key":"Swift Potion"}],"is_trial":false,"path_per_floor":["R","M","M","?","M","?","T","R","M","M","M","M","E","$","M","B"],"character_chosen":"GUARDIAN","items_purchased":[],"campfire_rested":0,"item_purchase_floors":[],"current_hp_per_floor":[80,80,78,78,78,78,78,78,65,64,50,40,24,24,24,0,0,0],"gold":50,"neow_bonus":"REMOVE_TWO","is_daily":false,"chose_seed":false,"campfire_upgraded":1,"win_rate":0.0,"timestamp":1611451717,"path_taken":["R","M","M","?","M","?","T","R","M","M","M","M","E","$","M","BOSS"],"items_purchased_type":[],"build_version":"2020-12-22","purchased_purges":1,"victory":false,"max_hp_per_floor":[80,80,80,80,80,80,80,80,80,80,80,80,80,80,80,80,80,80],"card_choices":[{"not_picked":["Guardian:Recover","Guardian:Repulse","Guardian:TemporalShield"],"picked":"SKIP","floor":2},{"not_picked":["Guardian:TemporalShield","Guardian:Planning"],"picked":"Guardian:Gem_Yellow","floor":3},{"not_picked":["Guardian:Clone","Guardian:Preprogram"],"picked":"Guardian:ShieldCharger","floor":5},{"not_picked":["Guardian:VentSteam","Guardian:PrimingBeam"],"picked":"Guardian:FloatingOrbs","floor":9},{"not_picked":["Guardian:Incinerate","Guardian:Gem_Fragmented"],"picked":"Guardian:ShieldCharger","floor":10},{"not_picked":["Guardian:Recover","Guardian:Gem_Fragmented"],"picked":"Guardian:PrismaticBarrier","floor":11},{"not_picked":["Guardian:RollAttack","Guardian:Reroute"],"picked":"Guardian:AncientConstruct","floor":12},{"not_picked":["Guardian:Reroute","Guardian:DonusPower"],"picked":"Guardian:ChargeCore","floor":13},{"not_picked":["Guardian:CrystalBeam","Guardian:GatlingBeam","Guardian:TimeCapacitor"],"picked":"SKIP","floor":14},{"not_picked":["Guardian:Incinerate","Guardian:Suspension","Guardian:RollAttack"],"picked":"SKIP","floor":15}],"player_experience":259409,"relics_obtained":[{"floor":7,"key":"Bottled Lightning"},{"floor":13,"key":"HornCleat"}],"event_choices":[{"cards_removed":["Guardian:Defend_Guardian"],"damage_healed":0,"gold_gain":0,"player_choice":"Card Removal","damage_taken":0,"max_hp_gain":0,"max_hp_loss":0,"event_name":"The Cleric","floor":6,"gold_loss":0}],"is_beta":false,"boss_relics":[],"items_purged_floors":[14],"is_endless":false,"potions_floor_spawned":[3,10,11,13],"killed_by":"IC_STATUS_ARCHETYPE","ascension_level":0}}