{"host":"7eytxr1oawi6r5nr","time":1611514024,"event":{"mods":["BaseMod","Better Third Choice","Curses Come First","Dark Map","Hermit","Hubris","Jorbs\u0027s Wanderer Trilogy","Minty Spire (QoL Compilation)","Permanent Neow","Quick Restart","Rare Cards Sparkle","Replay The Spire","Robot Space Explorer","StSLib","The Cursed","The Disciple","The Forsaken","The Marked","The Mystic","The Runesmith","Wide Potions"],"gold_per_floor":[115,129,207,132,148,176,176,186,267,280,300,300,332,352,352,352,352],"floor_reached":16,"language":"ENG","playtime":1228,"items_purged":["RobotSpaceExplorer:Strike"],"score":139,"play_id":"7d0dcd7d-e57a-4be5-99a0-6c2cec7177cf","local_time":"20210124184704","is_ascension_mode":false,"campfire_choices":[{"data":"RobotSpaceExplorer:TurboDodge","floor":7,"key":"SMITH"},{"data":"RobotSpaceExplorer:PlasmaMissile","floor":12,"key":"SMITH"}],"circlet_count":0,"master_deck":["RobotSpaceExplorer:Strike","RobotSpaceExplorer:Defend","RobotSpaceExplorer:Defend","RobotSpaceExplorer:Defend","RobotSpaceExplorer:Defend","RobotSpaceExplorer:Scan","RobotSpaceExplorer:MiniLasers","RobotSpaceExplorer:Discharger","RobotSpaceExplorer:ShovelStrike","RobotSpaceExplorer:PlasmaMissile+1","RobotSpaceExplorer:TurboDodge+1","RobotSpaceExplorer:Asteroid","RobotSpaceExplorer:GlueSpray","RobotSpaceExplorer:Arsenal","RobotSpaceExplorer:SlimeMissile","RobotSpaceExplorer:Counterblock","RobotSpaceExplorer:ScrapShield"],"relics":["RobotSpaceExplorer:RoboCore","Garlic","Replay:Accelerometer","Pet Ghost"],"acts_visited":["Exordium"],"potions_floor_usage":[6,8],"damage_taken":[{"damage":1,"enemies":"2 Louse","floor":1,"turns":3},{"damage":0,"enemies":"Small Slimes","floor":2,"turns":3},{"damage":0,"enemies":"Jaw Worm","floor":5,"turns":3},{"damage":30,"enemies":"Gremlin Nob","floor":6,"turns":5},{"damage":4,"enemies":"Exordium Thugs","floor":8,"turns":5},{"damage":0,"enemies":"Large Slime","floor":10,"turns":8},{"damage":0,"enemies":"Looter","floor":11,"turns":3},{"damage":0,"enemies":"Lagavulin","floor":13,"turns":5},{"damage":0,"enemies":"2 Fungi Beasts","floor":14,"turns":3},{"damage":0,"enemies":"Hexaghost","floor":16,"turns":5}],"seed_played":"-6350645681276073243","potions_obtained":[{"floor":2,"key":"RobotSpaceExplorer:RecyclePotion"},{"floor":6,"key":"EssenceOfSteel"},{"floor":8,"key":"SpeedPotion"}],"is_trial":false,"path_per_floor":["M","M","?","$","M","E","R","M","T","M","M","R","E","M","R","B"],"character_chosen":"RobotSpaceExplorer","items_purchased":[],"campfire_rested":0,"item_purchase_floors":[],"current_hp_per_floor":[74,74,74,74,74,44,44,40,40,40,40,40,40,40,40,40,40],"gold":352,"neow_bonus":"RANDOM_EVENT","is_daily":false,"chose_seed":false,"campfire_upgraded":2,"win_rate":0.0,"timestamp":1611514024,"path_taken":["M","M","?","$","M","E","R","M","T","M","M","R","E","M","R","BOSS"],"items_purchased_type":[],"build_version":"2020-12-22","purchased_purges":1,"victory":false,"max_hp_per_floor":[75,75,75,75,75,75,75,75,75,75,75,75,75,75,75,75,75],"card_choices":[{"not_picked":["RobotSpaceExplorer:DoubleFind","RobotSpaceExplorer:Ammunition"],"picked":"RobotSpaceExplorer:ShovelStrike","floor":1},{"not_picked":["RobotSpaceExplorer:Counterblock","RobotSpaceExplorer:Probe"],"picked":"RobotSpaceExplorer:PlasmaMissile","floor":2},{"not_picked":["RobotSpaceExplorer:FrostMissile","RobotSpaceExplorer:JunkDive"],"picked":"RobotSpaceExplorer:TurboDodge","floor":5},{"not_picked":["RobotSpaceExplorer:PowerCollector","RobotSpaceExplorer:Ammunition"],"picked":"RobotSpaceExplorer:Asteroid","floor":6},{"not_picked":["RobotSpaceExplorer:Counterblock","RobotSpaceExplorer:DoubleFind"],"picked":"RobotSpaceExplorer:GlueSpray","floor":8},{"not_picked":["RobotSpaceExplorer:MetalStrike","RobotSpaceExplorer:ImprovisedAttack","RobotSpaceExplorer:DualCore"],"picked":"SKIP","floor":10},{"not_picked":["RobotSpaceExplorer:Blitz","RobotSpaceExplorer:Ammunition"],"picked":"RobotSpaceExplorer:Arsenal","floor":11},{"not_picked":["RobotSpaceExplorer:Ammunition","RobotSpaceExplorer:FranticSearch"],"picked":"RobotSpaceExplorer:SlimeMissile","floor":13},{"not_picked":["RobotSpaceExplorer:Probe","RobotSpaceExplorer:FrostMissile"],"picked":"RobotSpaceExplorer:Counterblock","floor":14}],"player_experience":176284,"relics_obtained":[{"floor":6,"key":"Garlic"},{"floor":9,"key":"Replay:Accelerometer"},{"floor":13,"key":"Pet Ghost"}],"event_choices":[{"damage_healed":0,"gold_gain":0,"cards_transformed":["RobotSpaceExplorer:Strike"],"player_choice":"Change","damage_taken":0,"max_hp_gain":0,"max_hp_loss":0,"event_name":"Living Wall","floor":0,"gold_loss":0,"cards_obtained":["RobotSpaceExplorer:Discharger"]},{"damage_healed":0,"gold_gain":78,"player_choice":"Gained Gold","damage_taken":0,"max_hp_gain":0,"max_hp_loss":0,"event_name":"Golden Wing","floor":3,"gold_loss":0}],"is_beta":false,"boss_relics":[],"items_purged_floors":[4],"is_endless":false,"potions_floor_spawned":[2,6,8,14],"killed_by":"Hexaghost","ascension_level":0}}