{"host":"pft5kheyb7v7gger","time":1611456884,"event":{"mods":["Act Like it!","BaseMod","LagranYue(¿≠∏Ò¿ °§‘¬)","Lobotomy","LobotomyExtend","Minty Spire (QoL Compilation)","Reimu£®≤©¿ˆ¡È√Œ£©","Replay The Spire","StSLib","The Gatherer","TheHeartMod","°æ“≈ŒÔø®≈∆°øREMEMod"],"gold_per_floor":[117,117,133,133,143,143,178,178,205,205,237,255,255,255,255,353,353,364,377,377,30,30,30,63,63,145,174,193,193,209,224,224,328,328,347,347,347,3,3,3,18,237,260,286,297,308,17,31,31,31],"floor_reached":51,"language":"ZHS","playtime":2819,"items_purged":["Hallucinations"],"score":900,"play_id":"b2b28e7a-f7cd-49a1-9fba-59203d2445e9","local_time":"20210124105444","is_ascension_mode":false,"metric_token":789,"campfire_choices":[{"floor":6.0,"key":"REST"},{"data":"Gatherer:Centralize","floor":8.0,"key":"SMITH"},{"floor":13.0,"key":"REST"},{"floor":15.0,"key":"RECALL"},{"floor":23.0,"key":"REST"},{"floor":25,"key":"REST"},{"floor":29,"key":"REST"},{"data":"REME_FirmDetermination","floor":32,"key":"SMITH"},{"data":"1","floor":40,"key":"LIFT"},{"floor":49,"key":"REST"}],"circlet_count":0,"master_deck":["Gatherer:Strike_Gatherer","Gatherer:Strike_Gatherer","Gatherer:Strike_Gatherer","Gatherer:Strike_Gatherer","Gatherer:Strike_Gatherer","Gatherer:Defend_Gatherer","Gatherer:Defend_Gatherer","Gatherer:Defend_Gatherer","Gatherer:Defend_Gatherer+1","Gatherer:Defend_Gatherer","Gatherer:Centralize+1","Gatherer:FlowerWhip+3","OctopathSalyBorderN:ReiMu","Gatherer:ScherryThrow","Gatherer:OddSpoils+1","Gatherer:FlowerWhip+2","Impatience+1","BearPaw","Gatherer:Examine","Gatherer:Uplift+1","Gatherer:Frenzy","Gatherer:Convert","Gatherer:Nutrients","Gatherer:CursedBlade","Violence","Gatherer:FragileHammer+1","Gatherer:FlowerShield+2","Panache","Gatherer:FlowerShield+1","Gatherer:Convert","Gatherer:BigPouch","REME_FirmDetermination+1","Gatherer:BlackTea","REME_FirmDetermination","Apotheosis+1","Gatherer:Nutrients","Gatherer:Herbalism","Secret Weapon","Gatherer:Bulldoze","Gatherer:OddSpoils+1","Gatherer:ScherryThrow+1","Gatherer:ScrollOfPurity","Gatherer:FlowerShield+1","Midas Touch"],"relics":["Gatherer:AlchemyBag","REME_ComplimentaryCards","LagranYue:RandomDrawCardRelic","LetterFromLob","Replay:Rubber Ducky","Omamori","Girya","REME_LowDesire","Nunchaku","Gremlin Food","Necronomicon","Incense Burner","Eternal Feather","Dream Catcher","REME_DemonsWealth","Vajra","Replay:Mystery Machine"],"acts_visited":["Exordium","TheCity","TheBeyond"],"potions_floor_usage":[24,30,41,50,51,51],"damage_taken":[{"damage":4.0,"enemies":"Small Slimes","floor":1.0,"turns":3.0},{"damage":6.0,"enemies":"Cultist","floor":3.0,"turns":3.0},{"damage":6.0,"enemies":"Jaw Worm","floor":5.0,"turns":2.0},{"damage":24.0,"enemies":"Lagavulin","floor":7.0,"turns":4.0},{"damage":3.0,"enemies":"Gremlin Nob","floor":11.0,"turns":4.0},{"damage":1.0,"enemies":"3 Louse","floor":12.0,"turns":3.0},{"damage":41.0,"enemies":"Hexaghost","floor":16.0,"turns":9.0},{"damage":28.0,"enemies":"2 Thieves","floor":18.0,"turns":4.0},{"damage":12.0,"enemies":"Shell Parasite","floor":19.0,"turns":2.0},{"damage":19,"enemies":"Book of Stabbing","floor":24,"turns":3},{"damage":0,"enemies":"Slavers","floor":27,"turns":1},{"damage":0,"enemies":"Snake Plant","floor":28,"turns":4},{"damage":10,"enemies":"Chosen and Byrds","floor":30,"turns":3},{"damage":1,"enemies":"Shelled Parasite and Fungi","floor":31,"turns":2},{"damage":0,"enemies":"Champ","floor":33,"turns":7},{"damage":9,"enemies":"3 Shapes","floor":35,"turns":1},{"damage":17,"enemies":"3 Darklings","floor":41,"turns":3},{"damage":14,"enemies":"Transient","floor":42,"turns":5},{"damage":26,"enemies":"Giant Head","floor":44,"turns":7},{"damage":0,"enemies":"Spire Growth","floor":45,"turns":4},{"damage":0,"enemies":"Jaw Worm Horde","floor":46,"turns":2},{"damage":22,"enemies":"Maw","floor":48,"turns":6},{"damage":0,"enemies":"Awakened One","floor":50,"turns":9},{"damage":17,"enemies":"Malkuth","floor":51,"turns":8},{"damage":35,"enemies":"Netzach","floor":51,"turns":7},{"damage":71,"enemies":"Chesed","floor":51,"turns":7}],"seed_played":"1379054152848509103","potions_obtained":[{"floor":7.0,"key":"Block Potion"},{"floor":16.0,"key":"AttackPotion"},{"floor":27,"key":"Elixir"},{"floor":28,"key":"Dexterity Potion"},{"floor":30,"key":"Fruit Juice"},{"floor":31,"key":"SkillPotion"},{"floor":44,"key":"PowerPotion"}],"is_trial":false,"path_per_floor":["M","?","M","?","M","R","E","R","T","M","E","M","R","?","R","B",null,"M","M","?","$","?","R","E","R","T","E","M","R","M","M","R","B",null,"M","?","?","$","?","R","M","M","T","E","M","M","$","M","R","B",null],"character_chosen":"THE_GATHERER","items_purchased":["Gatherer:FlowerShield+1","Incense Burner","Apotheosis","Gatherer:Nutrients","Gatherer:Herbalism","DistilledChaos","Gatherer:ScrollOfPurity"],"campfire_rested":6,"item_purchase_floors":[21,21,38,38,38,47,47],"current_hp_per_floor":[61,61,55,55,49,74,50,50,50,50,47,46,71,71,71,30,86,58,46,30,30,30,55,36,76,76,76,76,86,81,80,91,91,91,82,82,82,82,82,91,74,60,60,34,34,34,34,12,63,63],"gold":31,"neow_bonus":"TWENTY_PERCENT_HP_BONUS","is_daily":false,"chose_seed":false,"campfire_upgraded":2,"win_rate":0.0,"timestamp":1611456884,"path_taken":["M","?","?","?","?","R","E","R","T","M","E","M","R","?","R","BOSS","M","M","?","$","?","R","E","R","T","E","M","R","M","M","R","BOSS","M","?","?","$","?","R","?","M","T","E","M","M","?","M","R","BOSS"],"items_purchased_type":["Card","Relic","Card","Card","Card","Potion","Card"],"build_version":"2020-12-22","purchased_purges":1,"victory":true,"max_hp_per_floor":[86,86,86,86,86,86,86,86,86,86,86,86,86,86,86,86,86,86,86,86,86,86,86,86,86,86,86,86,86,91,91,91,91,91,91,91,91,91,91,91,91,91,91,91,91,91,91,91,91,91],"card_choices":[{"not_picked":["Gatherer:SaveValuables","Gatherer:EnergyBasket"],"picked":"Gatherer:ScherryThrow","floor":1.0},{"not_picked":["Gatherer:SaveValuables","Gatherer:Convert"],"picked":"Gatherer:Examine","floor":3.0},{"not_picked":["Gatherer:SmartManeuver","Gatherer:CollectorsShot"],"picked":"Gatherer:Uplift","floor":5.0},{"not_picked":["Gatherer:SmartManeuver","Gatherer:Duality"],"picked":"Gatherer:Frenzy","floor":7.0},{"not_picked":["Gatherer:WoolGloves","Gatherer:CollectorsShot"],"picked":"Gatherer:Convert","floor":11.0},{"not_picked":["Gatherer:GatherMaterial","Gatherer:UpgradeBag"],"picked":"Gatherer:Nutrients","floor":12.0},{"not_picked":["Gatherer:Overflowing","Gatherer:MindSearch"],"picked":"Gatherer:CursedBlade","floor":16.0},{"not_picked":["Gatherer:DrugPower+1","Gatherer:ScherryThrow","Gatherer:WoolGloves"],"picked":"Violence","floor":18.0},{"not_picked":["Gatherer:RecoveryHerb","Gatherer:WoolGloves","The Bomb"],"picked":"Gatherer:FragileHammer+1","floor":19.0},{"not_picked":["Gatherer:ScentOfRosmari","Gatherer:AcidicSpray","Gatherer:CollectorsShot"],"picked":"Panache","floor":24},{"not_picked":["Gatherer:QuickSynthesis+1","Gatherer:TacticalStrike","Enlightenment"],"picked":"Gatherer:FlowerShield","floor":27},{"not_picked":["Gatherer:SaveValuables","Gatherer:Uplift","Finesse+1"],"picked":"Gatherer:Convert","floor":28},{"not_picked":["Gatherer:SmartManeuver","Gatherer:Pollute","Dramatic Entrance"],"picked":"Gatherer:BigPouch","floor":29},{"not_picked":["Gatherer:UpgradeBag","Gatherer:AromaProtection","Gatherer:BambuSword","Impatience"],"picked":"SKIP","floor":30},{"not_picked":["Gatherer:CursedBlade","Gatherer:RecipeChange","Gatherer:Convert+1"],"picked":"REME_FirmDetermination","floor":31},{"not_picked":["Gatherer:Bulldoze","Gatherer:BomberForm","Transmutation"],"picked":"Gatherer:BlackTea","floor":33},{"not_picked":["Gatherer:AromaProtection","Gatherer:AcidicSpray+1","Gatherer:DrugPower","Impatience+1","Normality"],"picked":"SKIP","floor":35},{"not_picked":["Flash of Steel","REME_TwoStrings"],"picked":"REME_FirmDetermination","floor":36},{"not_picked":["Gatherer:GatherMaterial","Gatherer:TreeGrowth","Gatherer:Herbalism","Doubt"],"picked":"Secret Weapon","floor":41},{"not_picked":["Gatherer:GatherMaterial","Gatherer:UpgradeBag","Gatherer:Uplift+1","Replay:Sssssssssstrike"],"picked":"Hallucinations","floor":42},{"not_picked":["Gatherer:Uplift+1","Gatherer:SaveValuables","Deep Breath+1","Clumsy"],"picked":"Gatherer:Bulldoze","floor":44},{"not_picked":["Gatherer:SealedBomb","Gatherer:Liquidism+1","Good Instincts","Looming Evil"],"picked":"Gatherer:OddSpoils+1","floor":45},{"not_picked":["Gatherer:ScrollOfWall+1","Gatherer:CarefulStrike","Enlightenment","Amnesia"],"picked":"Gatherer:ScherryThrow+1","floor":46},{"not_picked":["Gatherer:AromaProtection","Gatherer:Duplicator+1","Survey Options+1","Clumsy"],"picked":"Gatherer:FlowerShield+1","floor":48},{"not_picked":["Gatherer:BambuSword+1","Gatherer:EchoOfNature+1","Gatherer:BigPouch","Languid"],"picked":"Midas Touch","floor":49}],"player_experience":268716,"relics_obtained":[{"floor":1.0,"key":"LetterFromLob"},{"floor":7.0,"key":"Replay:Rubber Ducky"},{"floor":9.0,"key":"Omamori"},{"floor":11.0,"key":"Girya"},{"floor":17.0,"key":"Nunchaku"},{"floor":17.0,"key":"Gremlin Food"},{"floor":20.0,"key":"Necronomicon"},{"floor":24,"key":"Eternal Feather"},{"floor":27,"key":"Dream Catcher"},{"floor":43,"key":"Vajra"},{"floor":44,"key":"Replay:Mystery Machine"}],"event_choices":[{"damage_healed":0.0,"max_hp_gain":0.0,"max_hp_loss":0.0,"gold_gain":0.0,"event_name":"Match and Keep!","player_choice":"4 cards matched","floor":2.0,"gold_loss":0.0,"damage_taken":0.0,"cards_obtained":["Gatherer:OddSpoils","Gatherer:FlowerWhip","Gatherer:GrowBook","Impatience"]},{"damage_healed":0.0,"max_hp_gain":0.0,"max_hp_loss":0.0,"gold_gain":0.0,"event_name":"Upgrade Shrine","player_choice":"Upgraded","floor":4.0,"gold_loss":0.0,"damage_taken":0.0,"cards_upgraded":["Gatherer:OddSpoils"]},{"damage_healed":0.0,"max_hp_gain":0.0,"max_hp_loss":0.0,"gold_gain":0.0,"event_name":"Cursed Tome","player_choice":"Obtained Book","floor":20.0,"gold_loss":0.0,"damage_taken":16.0},{"damage_healed":0.0,"max_hp_gain":0.0,"max_hp_loss":0.0,"gold_gain":0.0,"event_name":"Ghosts","player_choice":"Ignored","floor":22.0,"gold_loss":0.0,"damage_taken":0.0},{"damage_healed":0,"gold_gain":0,"player_choice":"Memory 1","damage_taken":0,"max_hp_gain":0,"max_hp_loss":0,"event_name":"SensoryStone","floor":36,"gold_loss":0},{"damage_healed":0,"gold_gain":0,"player_choice":"Forge","damage_taken":0,"max_hp_gain":0,"max_hp_loss":0,"event_name":"Accursed Blacksmith","floor":39,"gold_loss":0,"cards_upgraded":["Apotheosis"]}],"is_beta":false,"boss_relics":[{"not_picked":["Kintsugi","SacredBark"],"picked":"REME_LowDesire"},{"not_picked":["Gatherer:ExplorersPath","Runic Dome"],"picked":"REME_DemonsWealth"}],"items_purged_floors":[47],"is_endless":false,"potions_floor_spawned":[7,16,27,28,30,31,44,48],"ascension_level":0}}