{"host":"06h77atpgiec8kbk","time":1611491050,"event":{"mods":["Act Like it!","Alarm Clock","Arknights The Spire","Aspiration","Bard","BaseMod","CapriCore","Colored Powertips","Conspire","Downfall","Energized Spire","Hermit","Marisa£®ÏF”Í°°ƒß¿Ì…≥£©","Minty Spire (QoL Compilation)","Quick Restart","Reimu£®≤©¿ˆ¡È√Œ£©","Relic Stats","Replay The Spire","StSLib","The Construct","The Cursed","The Gatherer","The Hierophant","The Immortal","The Marked","The Runesmith","[GremlinLeader]The Maniac","°æ“≈ŒÔø®≈∆°øREMEMod"],"gold_per_floor":[99,116,129,147,147,158,158,192,207,7,17,17,17,117,127,127,127,127],"floor_reached":16,"language":"ZHS","playtime":930,"items_purged":[],"score":127,"play_id":"3aedb5db-5903-4d1d-bab7-557cb4007a9c","local_time":"20210124202410","is_ascension_mode":false,"campfire_choices":[{"floor":1.0,"key":"RECALL"},{"floor":10.0,"key":"REST"}],"circlet_count":0,"master_deck":["champ:Strike","champ:Strike","champ:Strike","champ:Strike","champ:Defend","champ:Defend","champ:Defend","champ:Defend","champ:Execute","champ:Taunt","champ:PreciseThrust","champ:FocusedBerserking","champ:ShieldSlam","champ:FanOfKnives","champ:TripleStrike","Wish","champ:FanOfKnives"],"relics":["champ:ChampionCrown","REME_ComplimentaryCards","champ:LiftRelic","downfall:HeartBlessingRed","downfall:HeartBlessingBlue","Ring of Fury","WristBlade"],"acts_visited":["Exordium"],"potions_floor_usage":[16],"damage_taken":[{"damage":10.0,"enemies":"Cultist","floor":2.0,"turns":3.0},{"damage":0.0,"enemies":"2 Louse","floor":3.0,"turns":3.0},{"damage":19.0,"enemies":"Jaw Worm","floor":4.0,"turns":4.0},{"damage":23.0,"enemies":"Large Slime","floor":6.0,"turns":6.0},{"damage":51.0,"enemies":"3 Sentries","floor":8.0,"turns":7.0},{"damage":14.0,"enemies":"2 Fungi Beasts","floor":9.0,"turns":3.0},{"damage":20.0,"enemies":"downfall:FleeingMerchant","floor":11.0,"turns":4.0},{"damage":34.0,"enemies":"downfall:FleeingMerchant","floor":14.0,"turns":3.0},{"damage":0.0,"enemies":"Red Slaver","floor":15.0,"turns":2.0},{"damage":72,"enemies":"DF_ARCHETYPE_STREAMLINE","floor":16,"turns":6}],"seed_played":"7796640418505195454","potions_obtained":[{"floor":3.0,"key":"GamblersBrew"},{"floor":4.0,"key":"champ:CounterPotion"},{"floor":9.0,"key":"Explosive Potion"},{"floor":15.0,"key":"SmokeBomb"}],"is_trial":false,"path_per_floor":["R","M","M","M","?","M","T","E","M","R","$","?","?","?","M","B"],"character_chosen":"THE_CHAMP","items_purchased":[],"campfire_rested":1,"item_purchase_floors":[],"current_hp_per_floor":[99,99,99,90,90,82,82,41,37,79,79,79,79,60,60,13,13,13],"gold":127,"neow_bonus":"TEN_PERCENT_HP_BONUS","is_daily":false,"chose_seed":false,"campfire_upgraded":0,"win_rate":0.0,"timestamp":1611491050,"path_taken":["R","M","?","M","?","M","T","E","M","R","$","?","?","?","M","BOSS"],"items_purchased_type":[],"build_version":"2020-12-22","purchased_purges":0,"victory":false,"max_hp_per_floor":[99,99,99,99,99,99,99,99,99,109,109,109,109,109,109,109,109,109],"relic_stats":{"counters":[10,41],"obtain_stats":[{"downfall:HeartBlessingRed":10,"WristBlade":14,"downfall:HeartBlessingBlue":10,"champ:LiftRelic":5,"champ:ChampionCrown":0,"Ring of Fury":13,"REME_ComplimentaryCards":0},{"downfall:HeartBlessingRed":6,"WristBlade":8,"downfall:HeartBlessingBlue":6,"champ:LiftRelic":3,"champ:ChampionCrown":0,"Ring of Fury":7,"REME_ComplimentaryCards":0},{"downfall:HeartBlessingRed":26,"WristBlade":33,"downfall:HeartBlessingBlue":26,"champ:LiftRelic":10,"champ:ChampionCrown":0,"Ring of Fury":30,"REME_ComplimentaryCards":0}]},"card_choices":[{"not_picked":["champ:BerserkersShout","champ:PerfectedStrike"],"picked":"champ:PreciseThrust","floor":2.0},{"not_picked":["champ:SkillfulDodge","champ:RapidStrikes"],"picked":"champ:FocusedBerserking","floor":3.0},{"not_picked":["champ:Lariat","champ:CrownThrow","champ:PreemptiveStrike"],"picked":"SKIP","floor":4.0},{"not_picked":["champ:GladiatorStyle","champ:Haymaker"],"picked":"champ:ShieldSlam","floor":6.0},{"not_picked":["champ:SetATrap","champ:Duel"],"picked":"champ:FanOfKnives","floor":8.0},{"not_picked":["champ:BladeFlurry","champ:TornadoPunch"],"picked":"champ:TripleStrike","floor":9.0},{"not_picked":["champ:GladiatorStyle","champ:Endure"],"picked":"champ:FanOfKnives","floor":11.0},{"not_picked":["champ:Lariat","champ:FocusedBerserking","champ:BladeFlurry"],"picked":"SKIP","floor":15.0}],"player_experience":834199,"relics_obtained":[{"floor":13.0,"key":"Ring of Fury"},{"floor":14.0,"key":"WristBlade"}],"event_choices":[{"damage_healed":0.0,"max_hp_gain":0.0,"max_hp_loss":0.0,"gold_gain":0.0,"event_name":"conspire:LoneGhost","player_choice":"Disagree","floor":12.0,"gold_loss":0.0,"damage_taken":0.0}],"is_beta":false,"boss_relics":[],"items_purged_floors":[],"is_endless":false,"potions_floor_spawned":[3,4,9,15],"killed_by":"DF_ARCHETYPE_STREAMLINE","ascension_level":0}}