{"host":"5ezk7t18wcb10u1o","time":1611452318,"event":{"mods":["BaseMod","Bestiary","Colored Powertips","Minty Spire (QoL Compilation)","Relic Sorter"],"gold_per_floor":[114,39,339,171,171,171,204,204,204,219,219,258,24,37,37,37,37],"floor_reached":16,"language":"ENG","playtime":481,"items_purged":["Injury"],"score":212,"play_id":"bf8180b0-7347-4cff-a7d4-b00601bf6708","local_time":"20210124013838","is_ascension_mode":true,"campfire_choices":[{"data":"Go for the Eyes","floor":6.0,"key":"SMITH"},{"floor":11.0,"key":"REST"},{"floor":15,"key":"REST"}],"circlet_count":0,"master_deck":["AscendersBane","Strike_B","Strike_B","Strike_B","Defend_B","Defend_B","Defend_B","Zap","Dualcast+1","Go for the Eyes+1","Fusion","Loop","Conserve Battery+1","Redo+1","Steam+1","Undo+1"],"relics":["Cracked Core","Old Coin","Lee\u0027s Waffle","Golden Idol","Oddly Smooth Stone","Toxic Egg 2","Blue Candle","Membership Card"],"acts_visited":["Exordium"],"potions_floor_usage":[12],"damage_taken":[{"damage":2.0,"enemies":"2 Louse","floor":1.0,"turns":2.0},{"damage":47.0,"enemies":"Lagavulin","floor":7.0,"turns":7.0},{"damage":9.0,"enemies":"Jaw Worm","floor":10.0,"turns":3.0},{"damage":40,"enemies":"Gremlin Nob","floor":12,"turns":5},{"damage":3,"enemies":"Small Slimes","floor":14,"turns":4},{"damage":26,"enemies":"Hexaghost","floor":16,"turns":9}],"seed_played":"-1960730253612200058","potions_obtained":[{"floor":10.0,"key":"BlessingOfTheForge"}],"is_trial":false,"path_per_floor":["M","?","?","$","?","R","E","?","T","M","R","E","$","M","R","B"],"character_chosen":"DEFECT","items_purchased":["Lee\u0027s Waffle","Membership Card","Steam+1"],"campfire_rested":2,"item_purchase_floors":[4,13,13],"current_hp_per_floor":[62,62,44,78,78,78,31,31,31,22,45,5,5,2,25,0,0],"gold":37,"neow_bonus":"UPGRADE_CARD","is_daily":false,"chose_seed":false,"campfire_upgraded":1,"win_rate":0.0,"timestamp":1611452318,"path_taken":["M","?","?","?","?","R","E","?","T","M","R","E","$","?","R","BOSS"],"items_purchased_type":["Relic","Relic","Card"],"build_version":"2020-12-22","purchased_purges":1,"victory":false,"max_hp_per_floor":[71,71,71,78,78,78,78,78,78,78,78,78,78,78,78,78,78],"card_choices":[{"not_picked":["Chill","Blizzard"],"picked":"Go for the Eyes","floor":1.0},{"not_picked":["Amplify","Stack"],"picked":"Fusion","floor":7.0},{"not_picked":["Barrage","Rip and Tear"],"picked":"Conserve Battery+1","floor":10.0},{"not_picked":["Creative AI","BootSequence+1"],"picked":"Redo+1","floor":12},{"not_picked":["Steam Power+1","Streamline"],"picked":"Undo+1","floor":14}],"player_experience":1164304,"relics_obtained":[{"floor":7.0,"key":"Oddly Smooth Stone"},{"floor":9.0,"key":"Toxic Egg 2"},{"floor":12,"key":"Blue Candle"}],"event_choices":[{"cards_removed":["Defend_B"],"damage_healed":0.0,"max_hp_gain":0.0,"max_hp_loss":0.0,"gold_gain":0.0,"event_name":"The Cleric","player_choice":"Card Removal","floor":2.0,"gold_loss":75.0,"damage_taken":0.0},{"damage_healed":0.0,"max_hp_gain":0.0,"max_hp_loss":0.0,"gold_gain":0.0,"event_name":"Scrap Ooze","player_choice":"Success","floor":3.0,"gold_loss":0.0,"damage_taken":18.0,"relics_obtained":["Old Coin"]},{"damage_healed":0.0,"max_hp_gain":0.0,"max_hp_loss":0.0,"gold_gain":0.0,"event_name":"Golden Idol","player_choice":"Take Wound","floor":5.0,"gold_loss":0.0,"damage_taken":0.0,"relics_obtained":["Golden Idol"],"cards_obtained":["Injury"]},{"damage_healed":0.0,"max_hp_gain":0.0,"max_hp_loss":0.0,"gold_gain":0.0,"cards_transformed":["Strike_B"],"event_name":"Transmorgrifier","player_choice":"Transformed","floor":8.0,"gold_loss":0.0,"damage_taken":0.0,"cards_obtained":["Loop"]}],"is_beta":false,"boss_relics":[],"items_purged_floors":[13],"is_endless":false,"potions_floor_spawned":[10],"killed_by":"Hexaghost","ascension_level":20}}