{"host":"fdq5pmhluajjrf8d","time":1611509321,"event":{"mods":["BaseMod","Minty Spire (QoL Compilation)"],"gold_per_floor":[115,130,143,218,218,218,233,245,300,300,329,342,342,175,175,246,246,265,265,265],"floor_reached":19,"language":"ENG","playtime":864,"items_purged":[],"score":338,"play_id":"d2540458-c063-4858-85ef-091274d248cd","local_time":"20210124122841","is_ascension_mode":true,"campfire_choices":[{"data":"Static Discharge","floor":6,"key":"SMITH"},{"floor":13,"key":"REST"},{"floor":15,"key":"REST"}],"circlet_count":0,"master_deck":["AscendersBane","Strike_B","Strike_B","Strike_B","Strike_B","Defend_B","Defend_B","Defend_B","Defend_B","Zap","Dualcast","Capacitor","Static Discharge+1","Hello World","White Noise","Echo Form","Seek","Barrage"],"relics":["Cracked Core","Lantern","Question Card","DataDisk","Nuclear Battery"],"acts_visited":["Exordium","TheCity"],"potions_floor_usage":[12,19],"damage_taken":[{"damage":3,"enemies":"2 Louse","floor":1,"turns":3},{"damage":9,"enemies":"Jaw Worm","floor":2,"turns":4},{"damage":1,"enemies":"Cultist","floor":3,"turns":3},{"damage":23,"enemies":"3 Louse","floor":7,"turns":1},{"damage":9,"enemies":"Large Slime","floor":8,"turns":6},{"damage":20,"enemies":"3 Sentries","floor":11,"turns":6},{"damage":3,"enemies":"2 Fungi Beasts","floor":12,"turns":3},{"damage":29,"enemies":"Hexaghost","floor":16,"turns":4},{"damage":14,"enemies":"Spheric Guardian","floor":18,"turns":5},{"damage":68,"enemies":"Masked Bandits","floor":19,"turns":3}],"seed_played":"-8256560398390511652","potions_obtained":[{"floor":1,"key":"SteroidPotion"},{"floor":2,"key":"Ancient Potion"},{"floor":11,"key":"DuplicationPotion"},{"floor":16,"key":"SneckoOil"}],"is_trial":false,"path_per_floor":["M","M","M","?","?","R","M","M","T","?","E","M","R","$","R","B",null,"M","?"],"character_chosen":"DEFECT","items_purchased":["DataDisk"],"campfire_rested":2,"item_purchase_floors":[14],"current_hp_per_floor":[57,48,47,36,64,64,41,32,32,32,12,9,34,34,59,30,71,57,0,0],"gold":265,"neow_bonus":"TWENTY_PERCENT_HP_BONUS","is_daily":false,"chose_seed":false,"campfire_upgraded":1,"win_rate":0.0,"timestamp":1611509321,"path_taken":["M","M","M","?","?","R","M","M","T","?","E","?","R","?","R","BOSS","M","?"],"items_purchased_type":["Relic"],"build_version":"2020-12-22","purchased_purges":0,"victory":false,"max_hp_per_floor":[85,85,85,85,85,85,85,85,85,85,85,85,85,85,85,85,85,85,85,85],"card_choices":[{"not_picked":["Turbo","Skim"],"picked":"Capacitor","floor":1},{"not_picked":["Streamline","Steam"],"picked":"Static Discharge","floor":2},{"not_picked":["Rebound","Turbo","Leap"],"picked":"SKIP","floor":3},{"not_picked":["Skim","Gash"],"picked":"Hello World","floor":7},{"not_picked":["Beam Cell","Gash"],"picked":"White Noise","floor":8},{"not_picked":["Tempest","Hologram"],"picked":"Echo Form","floor":11},{"not_picked":["Hello World","Streamline","Static Discharge","Skim"],"picked":"SKIP","floor":12},{"not_picked":["Hyperbeam","Buffer","Meteor Strike"],"picked":"Seek","floor":16},{"not_picked":["Stack","Capacitor","FTL"],"picked":"Barrage","floor":18}],"player_experience":1930456,"relics_obtained":[{"floor":9,"key":"Lantern"},{"floor":11,"key":"Question Card"}],"event_choices":[{"damage_healed":0,"gold_gain":75,"player_choice":"Gather Gold","damage_taken":11,"max_hp_gain":0,"max_hp_loss":0,"event_name":"World of Goop","floor":4,"gold_loss":0},{"damage_healed":28,"gold_gain":0,"player_choice":"Banana","damage_taken":0,"max_hp_gain":0,"max_hp_loss":0,"event_name":"Big Fish","floor":5,"gold_loss":0},{"damage_healed":0,"gold_gain":0,"player_choice":"Ignored","damage_taken":0,"max_hp_gain":0,"max_hp_loss":0,"event_name":"Golden Wing","floor":10,"gold_loss":0},{"damage_healed":0,"gold_gain":0,"player_choice":"Fought Bandits","damage_taken":0,"max_hp_gain":0,"max_hp_loss":0,"event_name":"Masked Bandits","floor":19,"gold_loss":0}],"is_beta":false,"boss_relics":[{"not_picked":["FrozenCore","SlaversCollar"],"picked":"Nuclear Battery"}],"items_purged_floors":[],"is_endless":false,"potions_floor_spawned":[1,2,8,11,16],"killed_by":"Masked Bandits","ascension_level":20}}