{"host":"mo324zvkdr1xwprd","time":1611491433,"event":{"mods":["BaseMod","Better Note","BetterRewards","Hermit","Highlight Path","Hubris","Minty Spire (QoL Compilation)","Quick Restart","Rare Cards Sparkle","Shop Mod","StSLib","The Cursed","The Hierophant"],"gold_per_floor":[109,120,136,154,164,197,214,214,214,248,6,25,39,74,74,174,174,199,199,139,139,139],"floor_reached":21,"language":"ENG","playtime":2136,"items_purged":[],"score":223,"play_id":"d927771b-7780-408b-b9c8-c5e760b4340b","local_time":"20210124123033","is_ascension_mode":true,"campfire_choices":[{"floor":8,"key":"REST"},{"floor":15,"key":"RECALL"}],"circlet_count":0,"master_deck":["TheCursedMod:Strike_TheCursed","TheCursedMod:Strike_TheCursed","TheCursedMod:Strike_TheCursed","TheCursedMod:Strike_TheCursed","TheCursedMod:Defend_TheCursed","TheCursedMod:Defend_TheCursed","TheCursedMod:Defend_TheCursed","TheCursedMod:Defend_TheCursed","TheCursedMod:CursedWand","TheCursedMod:CleanUpWorkshop","TheCursedMod:Dregs","TheCursedMod:CircleOfCorruption","TheCursedMod:SpitefulPray","TheCursedMod:CircleOfFlame","TheCursedMod:SurpriseAttack","TheCursedMod:CursedAmulet","TheCursedMod:VoidForm","TheCursedMod:WearCloak","TheCursedMod:BlessingInDisguise","Bandage Up","TheCursedMod:WearCloak","TheCursedMod:HellfireBreathing","TheCursedMod:SpitefulStrike","TheCursedMod:DemonicPact","hubris:Greed","TheCursedMod:TroublousMinions","TheCursedMod:SpreadPlague+1","hubris:NaturalOne"],"relics":["TheCursedMod:BlackMagic101","MealTicket","Sundial","hubris:OldNail","Orichalcum","Fusion Hammer","hubris:Icosahedron"],"acts_visited":["Exordium","TheCity"],"potions_floor_usage":[6,10,14,14,18,20],"damage_taken":[{"damage":0,"enemies":"Cultist","floor":1,"turns":4},{"damage":0,"enemies":"Jaw Worm","floor":2,"turns":4},{"damage":0,"enemies":"2 Louse","floor":3,"turns":2},{"damage":3,"enemies":"Blue Slaver","floor":4,"turns":4},{"damage":3,"enemies":"Large Slime","floor":5,"turns":5},{"damage":27,"enemies":"Gremlin Nob","floor":6,"turns":5},{"damage":0,"enemies":"2 Fungi Beasts","floor":7,"turns":4},{"damage":10,"enemies":"3 Sentries","floor":10,"turns":10},{"damage":3,"enemies":"Blue Slaver","floor":12,"turns":5},{"damage":9,"enemies":"3 Louse","floor":13,"turns":3},{"damage":25,"enemies":"Gremlin Nob","floor":14,"turns":5},{"damage":53,"enemies":"Slime Boss","floor":16,"turns":11},{"damage":19,"enemies":"Spheric Guardian","floor":18,"turns":5},{"damage":38,"enemies":"2 Thieves","floor":20,"turns":4},{"damage":0,"enemies":"Snake Plant","floor":21,"turns":3}],"seed_played":"6475677733331010844","potions_obtained":[{"floor":2,"key":"Explosive Potion"},{"floor":3,"key":"Fire Potion"},{"floor":5,"key":"Energy Potion"},{"floor":12,"key":"SpeedPotion"},{"floor":13,"key":"LiquidMemories"},{"floor":18,"key":"Energy Potion"}],"is_trial":false,"path_per_floor":["M","M","M","M","M","E","M","R","T","E","$","M","M","E","R","B",null,"M","?","M","M"],"character_chosen":"THE_CURSED","items_purchased":["hubris:OldNail","Bandage Up"],"campfire_rested":1,"item_purchase_floors":[11,11],"current_hp_per_floor":[82,82,82,79,76,49,49,73,73,63,78,79,73,52,52,3,82,67,67,33,37,37],"gold":139,"neow_bonus":"TEN_PERCENT_HP_BONUS","is_daily":false,"chose_seed":false,"campfire_upgraded":0,"win_rate":0.0,"timestamp":1611491433,"path_taken":["M","M","M","M","M","E","M","R","T","E","$","M","M","E","R","BOSS","M","?","M","M"],"items_purchased_type":["Relic","Card"],"build_version":"2020-12-22","purchased_purges":0,"victory":false,"max_hp_per_floor":[82,82,82,82,82,82,82,82,82,82,82,82,82,82,82,82,82,82,82,82,82,82],"card_choices":[{"not_picked":["TheCursedMod:CircleOfAmplification","TheCursedMod:CircleOfWindfury"],"picked":"TheCursedMod:CircleOfCorruption","floor":1},{"not_picked":["TheCursedMod:CursedStaff","TheCursedMod:CursedShiv"],"picked":"TheCursedMod:SpitefulPray","floor":2},{"not_picked":["TheCursedMod:Evocation","TheCursedMod:WearCloak"],"picked":"TheCursedMod:CircleOfFlame","floor":3},{"not_picked":["TheCursedMod:Torture","TheCursedMod:CircleOfFlame"],"picked":"TheCursedMod:SurpriseAttack","floor":4},{"not_picked":["TheCursedMod:AshesToAshes","TheCursedMod:LuckyCharm"],"picked":"TheCursedMod:CursedAmulet","floor":5},{"not_picked":["TheCursedMod:Torture","TheCursedMod:Evocation"],"picked":"TheCursedMod:VoidForm","floor":6},{"not_picked":["TheCursedMod:CursedAmulet","TheCursedMod:TroublousMinions"],"picked":"TheCursedMod:WearCloak","floor":7},{"not_picked":["TheCursedMod:Obscuration","TheCursedMod:RapidMovement"],"picked":"TheCursedMod:BlessingInDisguise","floor":10},{"not_picked":["TheCursedMod:Mangle","TheCursedMod:FleshFromBone"],"picked":"TheCursedMod:WearCloak","floor":12},{"not_picked":["TheCursedMod:CursedMace","TheCursedMod:SurpriseAttack"],"picked":"TheCursedMod:HellfireBreathing","floor":13},{"not_picked":["TheCursedMod:TacticalStrike","TheCursedMod:CircleOfFocus"],"picked":"TheCursedMod:SpitefulStrike","floor":14},{"not_picked":["TheCursedMod:ForbiddenAlchemy","TheCursedMod:Neurasthenia"],"picked":"TheCursedMod:DemonicPact","floor":16},{"not_picked":["TheCursedMod:Stigma","TheCursedMod:CursedMace"],"picked":"TheCursedMod:TroublousMinions","floor":18},{"not_picked":["TheCursedMod:Torture","TheCursedMod:SurpriseAttack+1"],"picked":"TheCursedMod:SpreadPlague+1","floor":20}],"player_experience":368531,"relics_obtained":[{"floor":6,"key":"MealTicket"},{"floor":10,"key":"Sundial"},{"floor":14,"key":"Orichalcum"}],"event_choices":[],"is_beta":false,"boss_relics":[{"not_picked":["Sozu","Cursed Key"],"picked":"Fusion Hammer"}],"items_purged_floors":[],"is_endless":false,"potions_floor_spawned":[2,3,5,12,13,18],"killed_by":"Snake Plant","ascension_level":2}}