{"host":"363c1o4m0ew2jbar","time":1611470610,"event":{"mods":["AchievementEnabler","BaseMod","Better Note","Downfall","Hubris","Minty Spire (QoL Compilation)","StSLib"],"gold_per_floor":[109,126,126,76,91,126,126,140,166,166,195,195,44,44,44,148,148,161,76,87,87,97,97,97,122,122,122,122,22,55,68,68,163,163,181,181,201,280,295,321,321,352,352,372,372,382,417,434,434,434,434],"floor_reached":50,"language":"ENG","playtime":2485,"items_purged":["Strike_G","Bite"],"score":834,"play_id":"7fc7c0e6-dd01-459b-b089-4360c6972b71","local_time":"20210123204330","is_ascension_mode":true,"campfire_choices":[{"data":"Venomology","floor":7.0,"key":"SMITH"},{"floor":15.0,"key":"REST"},{"data":"A Thousand Cuts","floor":23.0,"key":"SMITH"},{"data":"RitualDagger","floor":32,"key":"SMITH"},{"floor":41,"key":"REST"},{"floor":49,"key":"REST"}],"circlet_count":0,"master_deck":["Defend_G","Defend_G","Survivor","Neutralize+1","Prepared+1","Eviscerate+1","Backflip","Flying Knee+1","Venomology+1","Infinite Blades","A Thousand Cuts+1","CurseOfTheBell","Dodge and Roll+1","Cloak And Dagger+1","Bite","Bite","Bite","Bite","All Out Attack+1","RitualDagger+1","Die Die Die","Sadistic Nature","hubris:EnhanceAbility","Acrobatics+1","Cloak And Dagger+1","Doppelganger+1","Choke+1"],"relics":["Astrolabe","Whetstone","Bag of Marbles","Calling Bell","Art of War","HornCleat","FossilizedHelix","Toxic Egg 2","MutagenicStrength","Happy Flower","Kunai","Mercury Hourglass","WristBlade","Ninja Scroll","Bottled Lightning","Gremlin Horn","Meat on the Bone","Mango"],"acts_visited":["TheBeyond"],"potions_floor_usage":[33,33,37,40,42,44,44,47,47,47,47,47,47,50,50,50,50],"damage_taken":[{"damage":0.0,"enemies":"2 Louse","floor":1.0,"turns":3.0},{"damage":0.0,"enemies":"Jaw Worm","floor":2.0,"turns":3.0},{"damage":0.0,"enemies":"Small Slimes","floor":5.0,"turns":2.0},{"damage":15.0,"enemies":"3 Sentries","floor":6.0,"turns":10.0},{"damage":3.0,"enemies":"Looter","floor":8.0,"turns":3.0},{"damage":10.0,"enemies":"Gremlin Nob","floor":11.0,"turns":3.0},{"damage":18.0,"enemies":"Slime Boss","floor":16.0,"turns":9.0},{"damage":6.0,"enemies":"Chosen","floor":18.0,"turns":5.0},{"damage":0.0,"enemies":"Spheric Guardian","floor":20.0,"turns":4.0},{"damage":5.0,"enemies":"Snecko","floor":22.0,"turns":6.0},{"damage":8.0,"enemies":"Slavers","floor":25.0,"turns":5.0},{"damage":12.0,"enemies":"Book of Stabbing","floor":30.0,"turns":6.0},{"damage":8,"enemies":"Snake Plant","floor":31,"turns":4},{"damage":16,"enemies":"Collector","floor":33,"turns":7},{"damage":0,"enemies":"Orb Walker","floor":35,"turns":2},{"damage":11,"enemies":"3 Darklings","floor":37,"turns":4},{"damage":0,"enemies":"Jaw Worm Horde","floor":39,"turns":2},{"damage":21,"enemies":"Nemesis","floor":40,"turns":5},{"damage":0,"enemies":"Reptomancer","floor":42,"turns":5},{"damage":5,"enemies":"Transient","floor":44,"turns":5},{"damage":11,"enemies":"Maw","floor":46,"turns":6},{"damage":21,"enemies":"Giant Head","floor":47,"turns":8},{"damage":0,"enemies":"Sphere and 2 Shapes","floor":48,"turns":3},{"damage":78,"enemies":"Time Eater","floor":50,"turns":5}],"seed_played":"-5609691617574696702","potions_obtained":[{"floor":2.0,"key":"Weak Potion"},{"floor":5.0,"key":"ColorlessPotion"},{"floor":8.0,"key":"Fruit Juice"},{"floor":11.0,"key":"FearPotion"},{"floor":22.0,"key":"SkillPotion"},{"floor":37,"key":"DuplicationPotion"},{"floor":42,"key":"Energy Potion"},{"floor":46,"key":"EntropicBrew"},{"floor":47,"key":"DuplicationPotion"}],"is_trial":false,"path_per_floor":["M","M","?","?","M","E","R","M","T","?","E","?","$","?","R","B",null,"M","?","M","?","M","R","?","E","T","?","?","$","E","M","R","B",null,"M","?","M","T","M","E","R","E","T","M","?","M","E","M","R","B"],"character_chosen":"THE_SILENT","items_purchased":["Infinite Blades"],"campfire_rested":3,"item_purchase_floors":[13],"current_hp_per_floor":[63,63,56,56,56,41,41,43,43,48,38,38,38,38,62,44,71,65,65,65,65,60,60,56,52,52,52,46,46,40,38,38,40,52,52,47,36,36,36,19,35,39,39,46,46,45,44,48,69,0,0],"gold":434,"neow_bonus":"BOSS_RELIC","is_daily":false,"chose_seed":false,"campfire_upgraded":3,"win_rate":0.0,"timestamp":1611470610,"path_taken":["M","M","?","?","M","E","R","M","T","?","E","?","?","?","R","BOSS","M","?","M","?","M","R","?","E","T","?","?","$","E","M","R","BOSS","M","?","M","?","M","E","R","E","T","?","?","M","E","M","R","BOSS"],"items_purchased_type":["Card"],"build_version":"2020-12-22","purchased_purges":2,"victory":false,"max_hp_per_floor":[70,70,70,70,70,70,70,75,75,80,80,80,80,80,80,80,80,80,80,80,80,80,80,56,56,56,56,56,56,56,56,56,56,56,56,56,56,56,56,56,56,56,56,56,56,56,70,70,70,70,70],"card_choices":[{"not_picked":["Acrobatics","Riddle With Holes","Crippling Poison"],"picked":"SKIP","floor":1.0},{"not_picked":["Crippling Poison","Dagger Throw"],"picked":"Backflip","floor":2.0},{"not_picked":["Prepared","Slice"],"picked":"Flying Knee","floor":5.0},{"not_picked":["Backflip","Flying Knee"],"picked":"Venomology","floor":6.0},{"not_picked":["Bane","Prepared","Leg Sweep"],"picked":"SKIP","floor":8.0},{"not_picked":["Heel Hook","Finisher","Acrobatics"],"picked":"SKIP","floor":11.0},{"not_picked":["Glass Knife","Unload"],"picked":"A Thousand Cuts","floor":16.0},{"not_picked":["Outmaneuver","Slice"],"picked":"Dodge and Roll+1","floor":18.0},{"not_picked":["Deflect+1","Bane","Quick Slash"],"picked":"SKIP","floor":20.0},{"not_picked":["Leg Sweep+1","Concentrate+1"],"picked":"Cloak And Dagger+1","floor":22.0},{"not_picked":["Predator","Infinite Blades"],"picked":"All Out Attack+1","floor":25.0},{"not_picked":["Predator","Deadly Poison+1","Deflect+1"],"picked":"SKIP","floor":30},{"not_picked":["Quick Slash+1","Acrobatics+1","Dagger Throw+1"],"picked":"SKIP","floor":31},{"not_picked":["A Thousand Cuts","Glass Knife"],"picked":"Die Die Die","floor":33},{"not_picked":["Backflip+1","Deadly Poison+1","Quick Slash"],"picked":"SKIP","floor":35},{"not_picked":["Secret Weapon+1","Dark Shackles+1"],"picked":"Sadistic Nature","floor":36},{"not_picked":["Madness+1","Transmutation+1"],"picked":"hubris:EnhanceAbility","floor":36},{"not_picked":["Setup+1","Reflex+1"],"picked":"Acrobatics+1","floor":37},{"not_picked":["Outmaneuver+1","Skewer+1","Poisoned Stab+1"],"picked":"SKIP","floor":39},{"not_picked":["Dagger Spray+1","Deadly Poison+1","hubris:TrickCloak+1"],"picked":"SKIP","floor":40},{"not_picked":["Calculated Gamble+1","Backstab","Deadly Poison+1"],"picked":"SKIP","floor":42},{"not_picked":["Masterful Stab","Crippling Poison+1"],"picked":"Cloak And Dagger+1","floor":44},{"not_picked":["hubris:SlightOfHand+1","Setup+1","Quick Slash+1"],"picked":"SKIP","floor":46},{"not_picked":["Dagger Throw+1","Blade Dance+1"],"picked":"Doppelganger+1","floor":47},{"not_picked":["Well Laid Plans","Sucker Punch"],"picked":"Choke+1","floor":48}],"player_experience":1221777,"relics_obtained":[{"floor":6.0,"key":"Whetstone"},{"floor":11.0,"key":"Bag of Marbles"},{"floor":17.0,"key":"Art of War"},{"floor":17.0,"key":"HornCleat"},{"floor":17.0,"key":"FossilizedHelix"},{"floor":25.0,"key":"Happy Flower"},{"floor":26.0,"key":"Kunai"},{"floor":30,"key":"Mercury Hourglass"},{"floor":38,"key":"Ninja Scroll"},{"floor":40,"key":"Bottled Lightning"},{"floor":42,"key":"Gremlin Horn"},{"floor":43,"key":"Meat on the Bone"},{"floor":47,"key":"Mango"}],"event_choices":[{"cards_removed":["Defend_G"],"damage_healed":0.0,"max_hp_gain":0.0,"max_hp_loss":0.0,"gold_gain":0.0,"event_name":"Golden Wing","player_choice":"Card Removal","floor":3.0,"gold_loss":0.0,"damage_taken":7.0},{"cards_removed":["Defend_G"],"damage_healed":0.0,"max_hp_gain":0.0,"max_hp_loss":0.0,"gold_gain":0.0,"event_name":"The Cleric","player_choice":"Card Removal","floor":4.0,"gold_loss":50.0,"damage_taken":0.0},{"damage_healed":0.0,"max_hp_gain":5.0,"max_hp_loss":0.0,"gold_gain":0.0,"event_name":"Big Fish","player_choice":"Donut","floor":10.0,"gold_loss":0.0,"damage_taken":0.0},{"cards_removed":["PiercingWail"],"damage_healed":0.0,"max_hp_gain":0.0,"max_hp_loss":0.0,"gold_gain":0.0,"event_name":"Living Wall","player_choice":"Forget","floor":12.0,"gold_loss":0.0,"damage_taken":0.0},{"damage_healed":0.0,"max_hp_gain":0.0,"max_hp_loss":0.0,"gold_gain":0.0,"event_name":"Liars Game","player_choice":"Ignored","floor":14.0,"gold_loss":0.0,"damage_taken":0.0},{"damage_healed":0.0,"max_hp_gain":0.0,"max_hp_loss":0.0,"gold_gain":0.0,"event_name":"Addict","player_choice":"Obtained Relic","floor":19.0,"gold_loss":85.0,"damage_taken":0.0,"relics_obtained":["Toxic Egg 2"]},{"damage_healed":0.0,"max_hp_gain":0.0,"max_hp_loss":0.0,"gold_gain":0.0,"event_name":"Drug Dealer","player_choice":"Inject Mutagens","floor":21.0,"gold_loss":0.0,"damage_taken":0.0,"relics_obtained":["MutagenicStrength"]},{"damage_healed":0.0,"max_hp_gain":0.0,"max_hp_loss":24.0,"gold_gain":0.0,"event_name":"Vampires","player_choice":"Became a vampire","floor":24.0,"gold_loss":0.0,"damage_taken":0.0,"cards_obtained":["Bite","Bite","Bite","Bite","Bite"]},{"damage_healed":0.0,"max_hp_gain":0.0,"max_hp_loss":0.0,"gold_gain":0.0,"event_name":"Ghosts","player_choice":"Ignored","floor":27.0,"gold_loss":0.0,"damage_taken":0.0},{"damage_healed":0.0,"max_hp_gain":0.0,"max_hp_loss":0.0,"gold_gain":0.0,"event_name":"Nest","player_choice":"Joined the Cult","floor":28.0,"gold_loss":0.0,"damage_taken":6.0,"cards_obtained":["RitualDagger"]},{"damage_healed":0,"gold_gain":0,"player_choice":"Memory 2","damage_taken":5,"max_hp_gain":0,"max_hp_loss":0,"event_name":"SensoryStone","floor":36,"gold_loss":0},{"damage_healed":0,"gold_gain":0,"player_choice":"Ignored","damage_taken":0,"max_hp_gain":0,"max_hp_loss":0,"event_name":"Tomb of Lord Red Mask","floor":45,"gold_loss":0}],"is_beta":false,"boss_relics":[{"not_picked":["HoveringKite","Sozu"],"picked":"Calling Bell"},{"not_picked":["Runic Pyramid","Velvet Choker"],"picked":"WristBlade"}],"items_purged_floors":[13,29],"is_endless":false,"potions_floor_spawned":[2,5,8,11,22,25,37,39,42,46,47,48],"killed_by":"Time Eater","ascension_level":6}}