{"host":"pi8b3ffzwvxqztac","time":1611506509,"event":{"mods":["BaseMod","Colored Map","Minty Spire (QoL Compilation)","StSLib"],"gold_per_floor":[116,191,15,34,34,34,63,82,82,82,10,10,10,23,23,119,119,135,155,155,172,172,172,199,199,248,267,285,89,89,89,89,188,188,205,205,223,241,241,268,268,293,318,318,336,58,58,69,69,69],"floor_reached":51,"language":"ENG","playtime":3045,"items_purged":["Strike_B","Pain","Writhe"],"score":835,"play_id":"bfc3a42a-eb87-4826-8741-316286464d90","local_time":"20210125054149","is_ascension_mode":true,"campfire_choices":[{"data":"Defragment","floor":6,"key":"SMITH"},{"data":"Creative AI","floor":10,"key":"SMITH"},{"data":"Zap","floor":13,"key":"SMITH"},{"data":"Dualcast","floor":15,"key":"SMITH"},{"data":"Chaos","floor":23,"key":"SMITH"},{"data":"Seek","floor":25,"key":"SMITH"},{"floor":30,"key":"REST"},{"floor":32,"key":"REST"},{"floor":41,"key":"REST"},{"floor":44,"key":"REST"},{"floor":47,"key":"REST"},{"data":"Capacitor","floor":49,"key":"SMITH"}],"circlet_count":0,"master_deck":["Strike_B","Strike_B","Defend_B","Defend_B","Defend_B","Defend_B","Zap+1","Dualcast+1","Coolheaded","Defragment+1","Leap","Sweeping Beam","Creative AI+1","Ball Lightning","Capacitor+1","Seek+1","Ball Lightning+1","Coolheaded","Glacier","Chaos+1","Cold Snap","Blizzard","Blizzard","Compile Driver","Seek","Force Field","Reinforced Body+1","Barrage+1","Stack+1"],"relics":["Cracked Core","Bag of Marbles","Incense Burner","Pear","Bottled Tornado","Nuclear Battery","WarpedTongs","Kunai","Strawberry","Inserter","Juzu Bracelet","Nunchaku","Pen Nib","TheAbacus"],"acts_visited":["Exordium","TheCity","TheBeyond"],"potions_floor_usage":[19,19,24,33,38,42,42,50],"damage_taken":[{"damage":1,"enemies":"2 Louse","floor":1,"turns":3},{"damage":0,"enemies":"Small Slimes","floor":4,"turns":4},{"damage":13,"enemies":"3 Sentries","floor":7,"turns":10},{"damage":2,"enemies":"Jaw Worm","floor":8,"turns":3},{"damage":0,"enemies":"Large Slime","floor":14,"turns":6},{"damage":0,"enemies":"Slime Boss","floor":16,"turns":5},{"damage":10,"enemies":"Spheric Guardian","floor":18,"turns":5},{"damage":8,"enemies":"3 Byrds","floor":19,"turns":3},{"damage":10,"enemies":"Shelled Parasite and Fungi","floor":21,"turns":5},{"damage":14,"enemies":"Slavers","floor":24,"turns":4},{"damage":15,"enemies":"Chosen and Byrds","floor":27,"turns":7},{"damage":16,"enemies":"Cultist and Chosen","floor":28,"turns":5},{"damage":9,"enemies":"Automaton","floor":33,"turns":11},{"damage":43,"enemies":"3 Darklings","floor":35,"turns":4},{"damage":0,"enemies":"3 Shapes","floor":37,"turns":5},{"damage":25,"enemies":"3 Darklings","floor":38,"turns":6},{"damage":27,"enemies":"Giant Head","floor":40,"turns":13},{"damage":0,"enemies":"Reptomancer","floor":42,"turns":5},{"damage":25,"enemies":"Jaw Worm Horde","floor":45,"turns":6},{"damage":0,"enemies":"Maw","floor":48,"turns":6},{"damage":35,"enemies":"Time Eater","floor":50,"turns":12}],"seed_played":"-7220199434825616910","potions_obtained":[{"floor":4,"key":"LiquidBronze"},{"floor":7,"key":"Regen Potion"},{"floor":8,"key":"FearPotion"},{"floor":18,"key":"Regen Potion"},{"floor":28,"key":"Energy Potion"},{"floor":33,"key":"FocusPotion"},{"floor":35,"key":"ColorlessPotion"},{"floor":38,"key":"DuplicationPotion"},{"floor":48,"key":"Dexterity Potion"}],"is_trial":false,"path_per_floor":["M","?","$","M","?","R","E","M","T","R","$","T","R","M","R","B",null,"M","M","?","M","?","R","E","R","T","M","M","$","R","$","R","B",null,"M","?","M","M","?","E","R","E","T","R","M","$","R","M","R","B",null],"character_chosen":"DEFECT","items_purchased":["Defragment","Leap","Capacitor","Blizzard","Compile Driver","TheAbacus"],"campfire_rested":5,"item_purchase_floors":[3,3,11,29,29,46],"current_hp_per_floor":[74,63,63,63,56,56,43,41,51,51,51,51,51,51,51,51,85,75,76,76,66,66,66,64,64,71,56,40,40,67,67,92,83,92,49,72,72,47,47,20,47,47,47,74,49,49,76,76,76,41],"gold":69,"neow_bonus":"REMOVE_CARD","is_daily":false,"chose_seed":false,"campfire_upgraded":7,"win_rate":0.0,"timestamp":1611506509,"path_taken":["M","?","$","M","?","R","E","M","T","R","$","?","R","M","R","BOSS","M","M","?","M","?","R","E","R","T","M","?","?","R","$","R","BOSS","M","?","M","M","?","E","R","E","T","R","M","$","R","M","R","BOSS"],"items_purchased_type":["Card","Card","Card","Card","Card","Relic"],"build_version":"2020-12-22","purchased_purges":3,"victory":true,"max_hp_per_floor":[75,75,75,75,75,75,75,75,85,85,85,85,85,85,85,85,85,85,85,85,85,85,85,85,85,92,92,92,92,92,92,92,92,92,92,92,92,92,92,92,92,92,92,92,92,92,92,92,92,92],"card_choices":[{"not_picked":["Stack","Leap"],"picked":"Coolheaded","floor":1},{"not_picked":["Scrape","Aggregate"],"picked":"Sweeping Beam","floor":4},{"not_picked":["Leap","Steam"],"picked":"Creative AI","floor":7},{"not_picked":["Leap","Gash"],"picked":"Ball Lightning","floor":8},{"not_picked":["Loop","Steam Power","Stack"],"picked":"SKIP","floor":14},{"not_picked":["Meteor Strike","Thunder Strike"],"picked":"Seek","floor":16},{"not_picked":["Rebound","Consume+1"],"picked":"Ball Lightning+1","floor":18},{"not_picked":["Skim","Rebound"],"picked":"Coolheaded","floor":19},{"not_picked":["Steam Power","Steam"],"picked":"Chaos","floor":21},{"not_picked":["Compile Driver","Ball Lightning"],"picked":"Cold Snap","floor":24},{"not_picked":["Coolheaded","Sweeping Beam","Ball Lightning"],"picked":"SKIP","floor":27},{"not_picked":["Sunder","Conserve Battery+1"],"picked":"Blizzard","floor":28},{"not_picked":["Reboot","Electrodynamics"],"picked":"Seek","floor":33},{"not_picked":["Consume","Rebound+1"],"picked":"Force Field","floor":35},{"not_picked":["Cold Snap","Rebound+1"],"picked":"Reinforced Body+1","floor":37},{"not_picked":["Conserve Battery","Steam","Blizzard"],"picked":"SKIP","floor":38},{"not_picked":["Tempest","Genetic Algorithm+1","Ball Lightning+1"],"picked":"SKIP","floor":40},{"not_picked":["BootSequence+1","Rebound+1","Beam Cell+1"],"picked":"SKIP","floor":42},{"not_picked":["Leap+1","Rebound"],"picked":"Barrage+1","floor":45},{"not_picked":["Amplify","Compile Driver"],"picked":"Stack+1","floor":48}],"player_experience":18491,"relics_obtained":[{"floor":7,"key":"Incense Burner"},{"floor":9,"key":"Pear"},{"floor":12,"key":"Bottled Tornado"},{"floor":24,"key":"Kunai"},{"floor":26,"key":"Strawberry"},{"floor":40,"key":"Juzu Bracelet"},{"floor":42,"key":"Nunchaku"},{"floor":43,"key":"Pen Nib"}],"event_choices":[{"damage_healed":0,"gold_gain":75,"player_choice":"Gather Gold","damage_taken":11,"max_hp_gain":0,"max_hp_loss":0,"event_name":"World of Goop","floor":2,"gold_loss":0},{"damage_healed":0,"gold_gain":0,"player_choice":"Success","damage_taken":7,"relics_obtained":["Bag of Marbles"],"max_hp_gain":0,"max_hp_loss":0,"event_name":"Scrap Ooze","floor":5,"gold_loss":0},{"damage_healed":0,"gold_gain":0,"player_choice":"Read","damage_taken":0,"max_hp_gain":0,"max_hp_loss":0,"event_name":"The Library","floor":20,"gold_loss":0,"cards_obtained":["Glacier"]},{"damage_healed":0,"gold_gain":0,"player_choice":"Rummage","damage_taken":0,"relics_obtained":["WarpedTongs"],"max_hp_gain":0,"max_hp_loss":0,"event_name":"Accursed Blacksmith","floor":22,"gold_loss":0,"cards_obtained":["Pain"]},{"damage_healed":23,"gold_gain":0,"player_choice":"Writhe","damage_taken":0,"max_hp_gain":0,"max_hp_loss":0,"event_name":"Winding Halls","floor":36,"gold_loss":0,"cards_obtained":["Writhe"]},{"damage_healed":0,"gold_gain":0,"player_choice":"Ignored","damage_taken":0,"max_hp_gain":0,"max_hp_loss":0,"event_name":"Tomb of Lord Red Mask","floor":39,"gold_loss":0}],"is_beta":false,"boss_relics":[{"not_picked":["Runic Dome","FrozenCore"],"picked":"Nuclear Battery"},{"not_picked":["Snecko Eye","SlaversCollar"],"picked":"Inserter"}],"items_purged_floors":[3,29,46],"is_endless":false,"potions_floor_spawned":[4,7,8,18,28,33,35,38,48],"ascension_level":1}}