{"host":"w8xisjf5mgmfjvmt","time":1611484724,"event":{"mods":["BaseMod","BetterRewards","Challenge The Spire","Conspire","Dota2Spire","Energized Spire","Filter the Spire","Minty Spire (QoL Compilation)","Quarter Circle Forward PUNCH!","Quick Restart","Relic Stats","Replay The Spire","Shop Mod","Spicy Shops","StSLib","Starting Relic: Pandora\u0027s Box","¡¾ÒÅÎï¿¨ÅÆ¡¿REMEMod","óô»ðÖ¸ÄÏ"],"gold_per_floor":[119,152,63,63,81,107,107,133,133,58,89,108,134,31,31,105,105,125,125,143,33,49,49,77,77,102,113,113,145,160,4,4,75,75,95,144,144,144,61,90,90,125,148,168,93,93,93,112,112,112,112,112,112,112,144,144],"floor_reached":57,"language":"ZHS","playtime":2158,"items_purged":[],"score":3408,"play_id":"266fb103-4300-43c9-ad6e-c78fcd243eb2","local_time":"20210124183844","is_ascension_mode":true,"campfire_choices":[{"data":"Tactician","floor":23.0,"key":"SMITH"},{"data":"Wraith Form v2","floor":25.0,"key":"SMITH"},{"floor":32.0,"key":"DIG"},{"data":"REME_ShadowForm","floor":41,"key":"SMITH"},{"data":"Wraith Form v2","floor":47,"key":"SMITH"},{"floor":49,"key":"RECALL"}],"circlet_count":0,"master_deck":["AscendersBane","Survivor","Neutralize","Acrobatics","Blade Dance","Flying Knee","Dash","Outmaneuver+1","Sucker Punch","Uppercut+1","All Out Attack","Dash","Phantasmal Killer","Sneak Up","Underhanded Strike","Tactician+1","Bullet Time","Underhanded Strike","Backflip","Riddle With Holes+1","Wraith Form v2+1","PiercingWail","Well Laid Plans","ReplayUltimateDefense","Draining Mist","Wraith Form v2+1","Uppercut","Hologram","Fusion","Madness","Madness","REME_ShadowForm+1","Underhanded Strike+1","Riddle With Holes","Leg Sweep","ReplayTheSpireMod:Tripwire"],"relics":["REME_ComplimentaryCards","Snecko Eye","Dota2Spire:DivineRapier","Ancient Tea Set","Ring of Fangs","Ring of Hypnosis","Letter Opener","Dota2Spire:MantaStyle","Replay:Wax Seal","StrikeDummy","conspire:RunicOctahedron","Question Card","Anchor","Replay:Bottled Steam","ClockworkSouvenir","qcfpunch:Broken_Tusk","qcfpunch:Killian_Engine_Alpha","CaptainsWheel","ReplayFunnel","Dota2Spire:PowerTreads","Nunchaku"],"acts_visited":["Exordium","TheCity","TheBeyond","TheEnding"],"potions_floor_usage":[56,56],"damage_taken":[{"damage":1.0,"enemies":"Jaw Worm","floor":1.0,"turns":3.0},{"damage":16.0,"enemies":"conspire:MimicChest","floor":2.0,"turns":3.0},{"damage":0.0,"enemies":"Small Slimes","floor":5.0,"turns":1.0},{"damage":0.0,"enemies":"Gremlin Nob","floor":6.0,"turns":2.0},{"damage":8.0,"enemies":"Lagavulin","floor":8.0,"turns":3.0},{"damage":10.0,"enemies":"3 Sentries","floor":11.0,"turns":4.0},{"damage":0.0,"enemies":"2 Louse","floor":12.0,"turns":2.0},{"damage":5.0,"enemies":"Lagavulin","floor":13.0,"turns":5.0},{"damage":20.0,"enemies":"Fading Forest","floor":16.0,"turns":13.0},{"damage":0.0,"enemies":"Chosen","floor":18.0,"turns":3.0},{"damage":0.0,"enemies":"Spheric Guardian","floor":20.0,"turns":2.0},{"damage":0.0,"enemies":"Chosen and Byrds","floor":22.0,"turns":3.0},{"damage":0.0,"enemies":"Gremlin Leader","floor":24.0,"turns":3.0},{"damage":0.0,"enemies":"Cultist and Chosen","floor":27.0,"turns":3.0},{"damage":0.0,"enemies":"Replay:Snechameleon","floor":29.0,"turns":2.0},{"damage":0.0,"enemies":"Snake Plant","floor":30.0,"turns":2.0},{"damage":0.0,"enemies":"Automaton","floor":33.0,"turns":3.0},{"damage":0,"enemies":"Orb Walker","floor":35,"turns":2},{"damage":0,"enemies":"2 Orb Walkers","floor":36,"turns":3},{"damage":0,"enemies":"3 Shapes","floor":39,"turns":2},{"damage":0,"enemies":"Reptomancer","floor":40,"turns":3},{"damage":0,"enemies":"Giant Head","floor":42,"turns":5},{"damage":0,"enemies":"Spire Growth","floor":44,"turns":2},{"damage":0,"enemies":"Nemesis","floor":45,"turns":3},{"damage":0,"enemies":"Sphere and 2 Shapes","floor":48,"turns":2},{"damage":2,"enemies":"conspire:OrnateMirror","floor":50,"turns":4},{"damage":0,"enemies":"Donu and Deca","floor":51,"turns":4},{"damage":0,"enemies":"Shield and Spear","floor":55,"turns":3},{"damage":54,"enemies":"The Heart","floor":56,"turns":7}],"seed_played":"2866971124499264324","potions_obtained":[{"floor":5.0,"key":"Dota2Spire:HealingSalve"},{"floor":6.0,"key":"CunningPotion"},{"floor":8.0,"key":"Poison Potion"},{"floor":12.0,"key":"SkillPotion"},{"floor":18.0,"key":"ColorlessPotion"},{"floor":22.0,"key":"LifebloodPotion"},{"floor":24.0,"key":"Dota2Spire:HealingSalve"},{"floor":30.0,"key":"SkillPotion"},{"floor":40,"key":"BlessingOfTheForge"}],"is_trial":false,"path_per_floor":["M","?","$","?","M","E","?","E","T","?","E","M","E","$","R","B",null,"M","?","M","?","M","R","E","R","T","M","$","E","M","$","R","B",null,"M","?","?","?","M","E","R","E","T","M","E","$","R","M","R","B","B",null,"R","$","E","B",null],"character_chosen":"THE_SILENT","items_purchased":["Dash","Underhanded Strike","Tactician","ReplayUltimateDefense","Draining Mist","ClockworkSouvenir"],"campfire_rested":0,"item_purchase_floors":[3,14,14,31,31,31],"current_hp_per_floor":[58,42,42,42,42,42,42,34,34,34,33,33,28,28,47,35,58,58,58,58,58,58,58,58,58,58,58,58,58,58,58,58,58,64,64,64,60,48,48,48,48,48,48,48,48,48,48,48,48,46,46,61,61,61,61,7],"gold":144,"neow_bonus":"BOSS_RELIC","is_daily":false,"chose_seed":false,"campfire_upgraded":4,"win_rate":0.0,"timestamp":1611484724,"path_taken":["M","?","$","?","?","E","?","E","T","?","E","M","E","?","R","BOSS","M","?","?","?","M","R","E","R","T","M","?","E","?","$","R","BOSS","M","?","?","?","M","E","R","E","T","M","E","?","R","M","R","BOSS","BOSS","R","$","E","BOSS"],"items_purchased_type":["Card","Card","Card","Card","Card","Relic"],"build_version":"2020-12-22","purchased_purges":0,"victory":true,"max_hp_per_floor":[66,66,66,66,66,66,66,66,66,66,66,66,66,66,66,66,66,66,66,66,66,66,66,66,66,66,66,66,66,66,66,66,66,66,66,66,66,66,66,66,66,66,66,66,66,66,66,66,66,66,66,66,66,66,66,66],"relic_stats":{"Nunchaku":[6],"counters":[29,97],"Snecko Eye":[217,198,175,190],"Letter Opener":[231],"Question Card":13,"obtain_stats":[{"ReplayFunnel":40,"Dota2Spire:MantaStyle":9,"Dota2Spire:PowerTreads":42,"Ring of Hypnosis":7,"conspire:RunicOctahedron":17,"Letter Opener":8,"Ancient Tea Set":6,"Question Card":24,"qcfpunch:Killian_Engine_Alpha":34,"ClockworkSouvenir":31,"Anchor":26,"CaptainsWheel":36,"Nunchaku":45,"Ring of Fangs":7,"qcfpunch:Broken_Tusk":32,"Snecko Eye":0,"Pandora\u0027s Box":0,"Dota2Spire:DivineRapier":2,"Replay:Wax Seal":11,"StrikeDummy":13,"REME_ComplimentaryCards":0,"Replay:Bottled Steam":29},{"ReplayFunnel":21,"Dota2Spire:MantaStyle":5,"Dota2Spire:PowerTreads":22,"Ring of Hypnosis":4,"conspire:RunicOctahedron":9,"Letter Opener":5,"Ancient Tea Set":4,"Question Card":13,"qcfpunch:Killian_Engine_Alpha":17,"ClockworkSouvenir":16,"Anchor":13,"CaptainsWheel":19,"Nunchaku":24,"Ring of Fangs":4,"qcfpunch:Broken_Tusk":16,"Snecko Eye":0,"Pandora\u0027s Box":0,"Dota2Spire:DivineRapier":2,"Replay:Wax Seal":6,"StrikeDummy":8,"REME_ComplimentaryCards":0,"Replay:Bottled Steam":15},{"ReplayFunnel":67,"Dota2Spire:MantaStyle":12,"Dota2Spire:PowerTreads":72,"Ring of Hypnosis":9,"conspire:RunicOctahedron":36,"Letter Opener":12,"Ancient Tea Set":9,"Question Card":47,"qcfpunch:Killian_Engine_Alpha":57,"ClockworkSouvenir":54,"Anchor":47,"CaptainsWheel":62,"Nunchaku":77,"Ring of Fangs":9,"qcfpunch:Broken_Tusk":54,"Snecko Eye":0,"Pandora\u0027s Box":0,"Dota2Spire:DivineRapier":6,"Replay:Wax Seal":16,"StrikeDummy":23,"REME_ComplimentaryCards":0,"Replay:Bottled Steam":52}]},"card_choices":[{"not_picked":["Dagger Spray","Terror"],"picked":"All Out Attack","floor":1.0},{"not_picked":["Quick Slash","Endless Agony","Dagger Throw"],"picked":"SKIP","floor":5.0},{"not_picked":["Bane","REME_SpectralBlade"],"picked":"Cloak And Dagger","floor":6.0},{"not_picked":["Accuracy","Flechettes","Hidden Blade"],"picked":"SKIP","floor":8.0},{"not_picked":["ReplayTheSpireMod:The Works","Flying Knee"],"picked":"Phantasmal Killer","floor":11.0},{"not_picked":["Deflect","Calculated Gamble","Dagger Throw"],"picked":"SKIP","floor":12.0},{"not_picked":["Backflip","Quick Slash"],"picked":"Sneak Up","floor":13.0},{"not_picked":["Unload","Grand Finale"],"picked":"Bullet Time","floor":16.0},{"not_picked":["Bane+1","ReplayTheSpireMod:Speed Training"],"picked":"Underhanded Strike","floor":18.0},{"not_picked":["Catalyst+1","Deflect"],"picked":"Backflip","floor":20.0},{"not_picked":["Crippling Poison","ReplayTheSpireMod:Tripwire+1"],"picked":"Riddle With Holes+1","floor":22.0},{"not_picked":["PiercingWail","Blade Dance+1"],"picked":"Wraith Form v2","floor":24.0},{"not_picked":["Poisoned Stab","Deflect+1","Flechettes","Sucker Punch"],"picked":"SKIP","floor":27.0},{"not_picked":["Backflip","Footwork","Blade Dance"],"picked":"PiercingWail","floor":29.0},{"not_picked":["Acrobatics","PiercingWail","Slice"],"picked":"Well Laid Plans","floor":30.0},{"not_picked":["Tools of the Trade","Poison Darts","REME_SpectralBlade"],"picked":"Wraith Form v2","floor":33.0},{"not_picked":["ReplayTheSpireMod:Scrap Shanks","Sneak Up","Distraction+1","PiercingWail"],"picked":"SKIP","floor":35},{"not_picked":["Flying Knee+1","Deflect","Concentrate+1","Poisoned Stab+1"],"picked":"SKIP","floor":39},{"not_picked":["Crippling Poison","Flying Knee","Hidden Blade"],"picked":"REME_ShadowForm","floor":40},{"not_picked":["Toxin Wave","Setup","Bane"],"picked":"Underhanded Strike+1","floor":42},{"not_picked":["Escape Plan","Cloak And Dagger","Bane"],"picked":"Riddle With Holes","floor":44},{"not_picked":["Bane","Deadly Poison","Distraction"],"picked":"Leg Sweep","floor":45},{"not_picked":["Reflex","Underhanded Strike","Corpse Explosion","Prepared+1"],"picked":"SKIP","floor":48},{"not_picked":["Catalyst","Dodge and Roll+1","Crippling Poison+1"],"picked":"ReplayTheSpireMod:Tripwire","floor":55}],"player_experience":1233350,"relics_obtained":[{"floor":2.0,"key":"Dota2Spire:DivineRapier"},{"floor":6.0,"key":"Ancient Tea Set"},{"floor":7.0,"key":"Ring of Fangs"},{"floor":7.0,"key":"Ring of Hypnosis"},{"floor":8.0,"key":"Letter Opener"},{"floor":9.0,"key":"Dota2Spire:MantaStyle"},{"floor":11.0,"key":"Replay:Wax Seal"},{"floor":13.0,"key":"StrikeDummy"},{"floor":24.0,"key":"Question Card"},{"floor":26.0,"key":"Anchor"},{"floor":29.0,"key":"Replay:Bottled Steam"},{"floor":32.0,"key":"qcfpunch:Broken_Tusk"},{"floor":36,"key":"CaptainsWheel"},{"floor":40,"key":"ReplayFunnel"},{"floor":42,"key":"Dota2Spire:PowerTreads"},{"floor":45,"key":"Nunchaku"}],"event_choices":[{"cards_removed":["Slice"],"damage_healed":0.0,"max_hp_gain":0.0,"max_hp_loss":0.0,"gold_gain":0.0,"event_name":"Purifier","player_choice":"Purged","floor":4.0,"gold_loss":0.0,"damage_taken":0.0},{"cards_removed":["conspire:Blindness"],"damage_healed":0.0,"max_hp_gain":0.0,"max_hp_loss":0.0,"gold_gain":0.0,"event_name":"The Cleric","player_choice":"Card Removal","floor":10.0,"gold_loss":75.0,"damage_taken":0.0},{"damage_healed":0.0,"max_hp_gain":0.0,"max_hp_loss":0.0,"gold_gain":0.0,"event_name":"Upgrade Shrine","player_choice":"Upgraded","floor":19.0,"gold_loss":0.0,"damage_taken":0.0,"cards_upgraded":["Uppercut"]},{"cards_removed":["Deflect"],"damage_healed":0.0,"max_hp_gain":0.0,"max_hp_loss":0.0,"gold_gain":0.0,"event_name":"Designer","player_choice":"Upgrade and Remove","floor":21.0,"gold_loss":110.0,"damage_taken":0.0,"cards_upgraded":["Outmaneuver"]},{"damage_healed":0,"gold_gain":0,"player_choice":"Fight","damage_taken":0,"max_hp_gain":0,"max_hp_loss":0,"event_name":"Mysterious Sphere","floor":36,"gold_loss":0},{"damage_healed":0,"gold_gain":0,"player_choice":"Leave","damage_taken":0,"max_hp_gain":0,"max_hp_loss":0,"event_name":"conspire:Investor","floor":37,"gold_loss":0},{"damage_healed":0,"gold_gain":0,"player_choice":"Embrace Madness","damage_taken":12,"max_hp_gain":0,"max_hp_loss":0,"event_name":"Winding Halls","floor":38,"gold_loss":0,"cards_obtained":["Madness","Madness"]}],"is_beta":false,"boss_relics":[{"not_picked":["Tiny House","Replay:Bronze Core"],"picked":"conspire:RunicOctahedron"},{"not_picked":["energizedSpire:RedRose","Busted Crown"],"picked":"qcfpunch:Killian_Engine_Alpha"}],"items_purged_floors":[],"is_endless":false,"potions_floor_spawned":[5,6,8,12,18,22,24,29,30,35,40,55],"ascension_level":20}}