{"host":"uxq2rly8rxtwffuf","time":1611467334,"event":{"mods":["BaseMod","Koishi","Minty Spire (QoL Compilation)","StSLib","The Servant 0.9.4"],"gold_per_floor":[114,124,141,60,74,74,101,101,101,128,128,163,179,116,116,193,193,207,23,40,40,40,40,71,71,71,90,107,107,107],"floor_reached":29,"language":"ENG","playtime":1150,"items_purged":[],"score":485,"play_id":"ecfe8bd7-3250-4437-baa8-a47450080626","local_time":"20210124084854","is_ascension_mode":true,"campfire_choices":[{"data":"Darkness","floor":6.0,"key":"SMITH"},{"data":"Fission","floor":8.0,"key":"SMITH"},{"floor":15.0,"key":"REST"},{"floor":23.0,"key":"REST"},{"floor":25.0,"key":"RECALL"}],"circlet_count":0,"master_deck":["AscendersBane","Strike_B","Strike_B","Strike_B","Strike_B","Defend_B","Defend_B","Defend_B","Defend_B","Zap","Dualcast","Gash","Beam Cell","Darkness+1","Doom and Gloom+1","Glacier","Fission+1","FTL+1","Hologram","Coolheaded","Rainbow","Barrage+1","Darkness","Steam","Blizzard+1","Glacier","Beam Cell+1","Beam Cell+1"],"relics":["Cracked Core","Centennial Puzzle","Molten Egg 2","Mango","Strawberry","Inserter","Bag of Marbles","Nilry\u0027s Codex","PreservedInsect","Eternal Feather"],"acts_visited":["Exordium","TheCity"],"potions_floor_usage":[29],"damage_taken":[{"damage":20.0,"enemies":"Small Slimes","floor":1.0,"turns":4.0},{"damage":6.0,"enemies":"2 Louse","floor":2.0,"turns":3.0},{"damage":1.0,"enemies":"Cultist","floor":3.0,"turns":3.0},{"damage":12.0,"enemies":"Looter","floor":5.0,"turns":3.0},{"damage":16.0,"enemies":"3 Sentries","floor":7.0,"turns":7.0},{"damage":4.0,"enemies":"Lagavulin","floor":10.0,"turns":5.0},{"damage":10.0,"enemies":"3 Sentries","floor":12.0,"turns":2.0},{"damage":0.0,"enemies":"Exordium Wildlife","floor":13.0,"turns":2.0},{"damage":11.0,"enemies":"Slime Boss","floor":16.0,"turns":6.0},{"damage":14.0,"enemies":"Spheric Guardian","floor":18.0,"turns":4.0},{"damage":4.0,"enemies":"Chosen","floor":20.0,"turns":3.0},{"damage":28.0,"enemies":"Slavers","floor":24.0,"turns":4.0},{"damage":17.0,"enemies":"Snake Plant","floor":27.0,"turns":3.0},{"damage":10.0,"enemies":"Centurion and Healer","floor":28.0,"turns":4.0},{"damage":36,"enemies":"Gremlin Leader","floor":29,"turns":4}],"seed_played":"5924844390374956241","potions_obtained":[{"floor":3.0,"key":"Strength Potion"},{"floor":5.0,"key":"Fruit Juice"},{"floor":7.0,"key":"Explosive Potion"},{"floor":12.0,"key":"DistilledChaos"},{"floor":13.0,"key":"Energy Potion"},{"floor":20.0,"key":"DistilledChaos"},{"floor":24.0,"key":"GamblersBrew"},{"floor":28,"key":"Ancient Potion"}],"is_trial":false,"path_per_floor":["M","M","M","$","M","R","E","R","T","E","?","E","M","?","R","B",null,"M","$","M","?","?","R","E","R","T","M","M","E"],"character_chosen":"DEFECT","items_purchased":["Doom and Gloom","Bag of Marbles","Darkness"],"campfire_rested":2,"item_purchase_floors":[4,19,19],"current_hp_per_floor":[51,45,44,44,37,37,21,21,21,31,31,28,28,28,59,48,90,76,76,72,51,51,82,54,54,54,37,27,0,0],"gold":107,"neow_bonus":"TEN_PERCENT_HP_BONUS","is_daily":false,"chose_seed":false,"campfire_upgraded":2,"win_rate":0.0,"timestamp":1611467334,"path_taken":["M","M","M","$","M","R","E","R","T","E","?","E","M","?","R","BOSS","M","$","M","?","?","R","E","R","T","?","M","E"],"items_purchased_type":["Card","Relic","Card"],"build_version":"2020-12-22","purchased_purges":0,"victory":false,"max_hp_per_floor":[78,78,78,78,83,83,83,83,83,97,97,104,104,104,104,104,104,104,104,104,104,104,104,104,104,104,104,104,104,104],"card_choices":[{"not_picked":["Coolheaded","Force Field"],"picked":"Gash","floor":1.0},{"not_picked":["White Noise","Reprogram"],"picked":"Beam Cell","floor":2.0},{"not_picked":["Barrage","Fusion"],"picked":"Darkness","floor":3.0},{"not_picked":["White Noise","Gash"],"picked":"Glacier","floor":5.0},{"not_picked":["Consume","Cold Snap"],"picked":"Fission","floor":7.0},{"not_picked":["Go for the Eyes+1","Blizzard+1"],"picked":"FTL+1","floor":10.0},{"not_picked":["Chaos","Turbo"],"picked":"Hologram","floor":12.0},{"not_picked":["Fusion","Hologram"],"picked":"Coolheaded","floor":13.0},{"not_picked":["Buffer","Seek"],"picked":"Rainbow","floor":16.0},{"not_picked":["Conserve Battery","Undo"],"picked":"Barrage+1","floor":18.0},{"not_picked":["Sweeping Beam+1","Stack"],"picked":"Steam","floor":20.0},{"not_picked":["Loop","Scrape+1"],"picked":"Glacier","floor":24.0},{"not_picked":["Conserve Battery","Reinforced Body"],"picked":"Beam Cell+1","floor":27.0},{"not_picked":["Fusion","Redo"],"picked":"Beam Cell+1","floor":28}],"player_experience":1411806,"relics_obtained":[{"floor":7.0,"key":"Centennial Puzzle"},{"floor":9.0,"key":"Molten Egg 2"},{"floor":10.0,"key":"Mango"},{"floor":12.0,"key":"Strawberry"},{"floor":21.0,"key":"Nilry\u0027s Codex"},{"floor":24.0,"key":"PreservedInsect"},{"floor":26.0,"key":"Eternal Feather"}],"event_choices":[{"damage_healed":0.0,"max_hp_gain":0.0,"max_hp_loss":0.0,"gold_gain":0.0,"event_name":"Living Wall","player_choice":"Grow","floor":11.0,"gold_loss":0.0,"damage_taken":0.0,"cards_upgraded":["Doom and Gloom"]},{"damage_healed":0.0,"max_hp_gain":0.0,"max_hp_loss":0.0,"gold_gain":0.0,"event_name":"World of Goop","player_choice":"Left Gold","floor":14.0,"gold_loss":63.0,"damage_taken":0.0},{"damage_healed":0.0,"max_hp_gain":0.0,"max_hp_loss":0.0,"gold_gain":0.0,"event_name":"Cursed Tome","player_choice":"Obtained Book","floor":21.0,"gold_loss":0.0,"damage_taken":21.0},{"damage_healed":0.0,"max_hp_gain":0.0,"max_hp_loss":0.0,"gold_gain":0.0,"event_name":"Match and Keep!","player_choice":"1 cards matched","floor":22.0,"gold_loss":0.0,"damage_taken":0.0,"cards_obtained":["Blizzard"]}],"is_beta":false,"boss_relics":[{"not_picked":["Pandora\u0027s Box","Coffee Dripper"],"picked":"Inserter"}],"items_purged_floors":[],"is_endless":false,"potions_floor_spawned":[3,5,7,12,13,20,24,28],"killed_by":"Gremlin Leader","ascension_level":15}}