{"host":"xy5qih4nvxccm4rc","time":1611513245,"event":{"mods":["AchievementEnabler","BaseMod","Minty Spire (QoL Compilation)","StSLib"],"gold_per_floor":[112,112,133,133,146,146,181,193,229,265,317,353,378,390,402,535,547,575,587,587],"floor_reached":19,"language":"ENG","playtime":886,"items_purged":[],"score":197,"play_id":"dc810d0a-72f3-42f4-96df-8925fefdea53","local_time":"20210124123405","is_ascension_mode":true,"campfire_choices":[{"data":"Bouncing Flask","floor":6,"key":"SMITH"},{"data":"Footwork","floor":8,"key":"SMITH"},{"floor":15,"key":"REST"}],"circlet_count":0,"master_deck":["Strike_G","Strike_G","Strike_G","Strike_G","Strike_G","Defend_G","Defend_G","Defend_G","Defend_G","Defend_G","Survivor","Neutralize","Outmaneuver","Dash+1","Bouncing Flask+1","Footwork+1","Backflip","Outmaneuver","Dagger Throw+1","Well Laid Plans","Burst","Dagger Spray+1"],"relics":["Ring of the Snake","NeowsBlessing","Golden Idol","MawBank","Regal Pillow","Molten Egg 2","SlaversCollar"],"acts_visited":["Exordium","TheCity"],"potions_floor_usage":[7,11,11],"damage_taken":[{"damage":0,"enemies":"Jaw Worm","floor":1,"turns":1},{"damage":0,"enemies":"Cultist","floor":3,"turns":1},{"damage":0,"enemies":"Small Slimes","floor":5,"turns":1},{"damage":7,"enemies":"Lagavulin","floor":7,"turns":5},{"damage":10,"enemies":"Gremlin Gang","floor":10,"turns":4},{"damage":7,"enemies":"3 Sentries","floor":11,"turns":9},{"damage":0,"enemies":"Exordium Thugs","floor":12,"turns":5},{"damage":9,"enemies":"Blue Slaver","floor":13,"turns":3},{"damage":16,"enemies":"The Guardian","floor":16,"turns":10},{"damage":40,"enemies":"3 Byrds","floor":18,"turns":7},{"damage":33,"enemies":"Shell Parasite","floor":19,"turns":5}],"seed_played":"8092261334444513617","potions_obtained":[{"floor":3,"key":"Block Potion"},{"floor":5,"key":"Swift Potion"},{"floor":10,"key":"Block Potion"},{"floor":13,"key":"Block Potion"},{"floor":18,"key":"Strength Potion"}],"is_trial":false,"path_per_floor":["M","?","M","?","M","R","E","R","T","M","E","M","M","$","R","B",null,"M","M"],"character_chosen":"THE_SILENT","items_purchased":[],"campfire_rested":1,"item_purchase_floors":[],"current_hp_per_floor":[70,53,53,53,53,53,46,46,46,36,29,29,20,20,56,40,70,30,0,0],"gold":587,"neow_bonus":"THREE_ENEMY_KILL","is_daily":false,"chose_seed":false,"campfire_upgraded":2,"win_rate":0.0,"timestamp":1611513245,"path_taken":["M","?","M","?","M","R","E","R","T","?","E","M","M","$","R","BOSS","M","M"],"items_purchased_type":[],"build_version":"2020-12-22","purchased_purges":0,"victory":false,"max_hp_per_floor":[70,70,70,70,70,70,70,70,70,70,70,70,70,70,70,70,70,70,70,70],"card_choices":[{"not_picked":["Tactician","Escape Plan"],"picked":"Outmaneuver","floor":1},{"not_picked":["Acrobatics","Bane"],"picked":"Dash","floor":3},{"not_picked":["Flechettes","Prepared"],"picked":"Bouncing Flask","floor":5},{"not_picked":["Blade Dance","Die Die Die"],"picked":"Footwork","floor":7},{"not_picked":["Accuracy","Skewer"],"picked":"Backflip","floor":10},{"not_picked":["Setup","Finisher+1"],"picked":"Outmaneuver","floor":11},{"not_picked":["Choke+1","Catalyst"],"picked":"Dagger Throw+1","floor":12},{"not_picked":["Distraction","Expertise"],"picked":"Well Laid Plans","floor":13},{"not_picked":["Tools of the Trade","Wraith Form v2"],"picked":"Burst","floor":16},{"not_picked":["Slice+1","Terror"],"picked":"Dagger Spray+1","floor":18}],"player_experience":333127,"relics_obtained":[{"floor":7,"key":"MawBank"},{"floor":9,"key":"Regal Pillow"},{"floor":11,"key":"Molten Egg 2"}],"event_choices":[{"damage_healed":0,"gold_gain":0,"player_choice":"Take Damage","damage_taken":17,"relics_obtained":["Golden Idol"],"max_hp_gain":0,"max_hp_loss":0,"event_name":"Golden Idol","floor":2,"gold_loss":0},{"damage_healed":0,"gold_gain":0,"player_choice":"Grow","damage_taken":0,"max_hp_gain":0,"max_hp_loss":0,"event_name":"Living Wall","floor":4,"gold_loss":0,"cards_upgraded":["Dash"]}],"is_beta":false,"boss_relics":[{"not_picked":["SacredBark","Velvet Choker"],"picked":"SlaversCollar"}],"items_purged_floors":[],"is_endless":false,"potions_floor_spawned":[3,5,10,13,18],"killed_by":"Shell Parasite","ascension_level":2}}