{"host":"kmbz9ox1244sqnmw","time":1611519961,"event":{"mods":["BaseMod","Downfall","Minty Spire (QoL Compilation)","StSLib"],"gold_per_floor":[99,119,134,152,152,152,152,152,184,203,63,48,78,78,95,190,190,90,101,93,116,34,59,59,81,81,123,151,151,94,94,115,218,218,118,136,147,57,287,308,384,403,429,429,429,445,394,494,514,514,514,514],"floor_reached":50,"language":"ENG","playtime":4697,"items_purged":["hexamod:Strike","hexamod:GhostOfSpireFuture+1"],"score":576,"play_id":"73b8388f-2b44-4973-8fe6-c8dae68ba431","local_time":"20210124122601","is_ascension_mode":false,"campfire_choices":[{"data":"hexamod:Sear","floor":1.0,"key":"SMITH"},{"data":"hexamod:EmpoweredFlame","floor":6.0,"key":"SMITH"},{"data":"hexamod:GhostOfSpireFuture","floor":8.0,"key":"SMITH"},{"floor":18.0,"key":"RECALL"},{"data":"hexamod:Float","floor":26.0,"key":"SMITH"},{"data":"hexamod:ForkedFlame","floor":35.0,"key":"SMITH"}],"circlet_count":0,"master_deck":["hexamod:Sear+1","hexamod:Float+1","hexamod:ThermalTransfer","hexamod:EmpoweredFlame+1","hexamod:Rewind","hexamod:GhostShield+1","hexamod:FirstSeal","hexamod:AdvancingGuard+1","hexamod:NightmareGuise+1","hexamod:GhostLash+1","hexamod:DynamicBlow","hexamod:SixthSeal","hexamod:SecondSeal","hexamod:ThirdSeal","hexamod:FourthSeal","hexamod:Again+1","hexamod:Hexaguard","hexamod:InspiringFlames","hexamod:HeatCrush+1","hexamod:HeatShield+1","Ghostly","Ghostly","Ghostly","hexamod:CouncilsJustice","hexamod:CouncilsJustice+1","hexamod:CouncilsJustice+1","hexamod:GhostflameInferno+1","Writhe","hexamod:EtherealExpedition+1","hexamod:ForkedFlame+1","hexamod:UnleashSpirits+1","hexamod:PhantomCloak+1","hexamod:StepThrough+1","hexamod:PhantomFireball+1","hexamod:RetreatToShadows","expansioncontent:Chronoboost","expansioncontent:PolyBeam+1","hexamod:RecurringNightmare","Parasite"],"relics":["hexamod:SpiritBrand","Strawberry","Mummified Hand","Sundial","Vajra","Busted Crown","downfall:HeartBlessingGreen","Mercury Hourglass","Smiling Mask","Meat on the Bone","hexamod:IceCube","downfall:HeartBlessingRed","Medical Kit","Singing Bowl"],"acts_visited":["Exordium","TheCity","TheBeyond"],"potions_floor_usage":[36,42,43,46,49,49],"damage_taken":[{"damage":10.0,"enemies":"Jaw Worm","floor":2.0,"turns":4.0},{"damage":0.0,"enemies":"2 Louse","floor":3.0,"turns":4.0},{"damage":0.0,"enemies":"Small Slimes","floor":4.0,"turns":3.0},{"damage":24.0,"enemies":"3 Sentries","floor":9.0,"turns":8.0},{"damage":0.0,"enemies":"Exordium Wildlife","floor":10.0,"turns":3.0},{"damage":0.0,"enemies":"downfall:FleeingMerchant","floor":11.0,"turns":4.0},{"damage":0.0,"enemies":"downfall:FleeingMerchant","floor":12.0,"turns":4.0},{"damage":12.0,"enemies":"Lagavulin","floor":13.0,"turns":7.0},{"damage":5.0,"enemies":"3 Louse","floor":15.0,"turns":3.0},{"damage":0.0,"enemies":"SI_SHIV_ARCHETYPE","floor":16.0,"turns":6.0},{"damage":20.0,"enemies":"Shell Parasite","floor":19.0,"turns":6.0},{"damage":10.0,"enemies":"Shelled Parasite and Fungi","floor":21.0,"turns":6.0},{"damage":2.0,"enemies":"downfall:FleeingMerchant","floor":22.0,"turns":4.0},{"damage":3.0,"enemies":"Centurion and Healer","floor":23.0,"turns":8.0},{"damage":0.0,"enemies":"3 Cultists","floor":25.0,"turns":5.0},{"damage":17.0,"enemies":"Slavers","floor":27.0,"turns":6.0},{"damage":37.0,"enemies":"Chosen and Byrds","floor":28.0,"turns":7.0},{"damage":0.0,"enemies":"downfall:FleeingMerchant","floor":30.0,"turns":4.0},{"damage":0.0,"enemies":"Snake Plant","floor":32.0,"turns":4.0},{"damage":32.0,"enemies":"DF_ARCHETYPE_CLAW","floor":33.0,"turns":9.0},{"damage":0,"enemies":"3 Darklings","floor":36,"turns":6},{"damage":3,"enemies":"Orb Walker","floor":37,"turns":4},{"damage":6,"enemies":"downfall:FleeingMerchant","floor":38,"turns":4},{"damage":30,"enemies":"downfall:FleeingMerchant","floor":39,"turns":4},{"damage":23,"enemies":"3 Darklings","floor":40,"turns":7},{"damage":0,"enemies":"Transient","floor":42,"turns":5},{"damage":14,"enemies":"Jaw Worm Horde","floor":43,"turns":6},{"damage":13,"enemies":"4 Shapes","floor":46,"turns":3},{"damage":16,"enemies":"Writhing Mass","floor":49,"turns":4},{"damage":223,"enemies":"IC_BLOCK_ARCHETYPE","floor":50,"turns":7}],"seed_played":"-3621857126970697541","potions_obtained":[{"floor":2.0,"key":"champ:CounterPotion"},{"floor":4.0,"key":"SpeedPotion"},{"floor":10.0,"key":"Weak Potion"},{"floor":15.0,"key":"DistilledChaos"},{"floor":21.0,"key":"Regen Potion"},{"floor":23.0,"key":"SmokeBomb"},{"floor":27.0,"key":"champ:CounterPotion"},{"floor":33.0,"key":"Swift Potion"},{"floor":33.0,"key":"GamblersBrew"},{"floor":36,"key":"LiquidMemories"},{"floor":36,"key":"PowerPotion"},{"floor":42,"key":"AttackPotion"},{"floor":42,"key":"Ancient Potion"},{"floor":43,"key":"BlessingOfTheForge"},{"floor":46,"key":"hexamod:InfernoChargePotion"},{"floor":46,"key":"SkillPotion"},{"floor":49,"key":"Guardian:BlockOnCardUsePotion"},{"floor":49,"key":"SpeedPotion"}],"is_trial":false,"path_per_floor":["R","M","M","M","?","R","T","R","E","M","$","$","E","?","M","B",null,"R","M","?","M","$","M","T","M","R","E","M","?","$","?","M","B",null,"R","M","M","$","?","M","T","M","M","?","?","M","$","?","M","B"],"character_chosen":"THE_SPIRIT","items_purchased":["hexamod:FirstSeal","hexamod:AdvancingGuard","hexamod:DoubleChargePotion","Medical Kit","hexamod:EctoCoolerPotion"],"campfire_rested":0,"item_purchase_floors":[11,11,38,39,47],"current_hp_per_floor":[77,67,67,67,41,41,41,41,17,17,17,24,19,19,14,14,84,84,64,64,61,59,77,77,84,84,74,44,42,42,42,42,29,42,42,42,39,40,29,25,25,34,41,41,36,35,35,35,40,0,0,0],"gold":514,"neow_bonus":"TEN_PERCENT_HP_BONUS","is_daily":false,"chose_seed":false,"campfire_upgraded":5,"win_rate":0.0,"timestamp":1611519961,"path_taken":["R","M","M","M","?","R","T","R","E","M","?","$","E","?","M","BOSS","R","M","?","M","$","M","T","M","R","E","M","?","$","?","M","BOSS","R","M","M","$","?","M","T","M","M","?","?","M","$","?","M","BOSS"],"items_purchased_type":["Card","Card","Potion","Relic","Potion"],"build_version":"2020-12-22","purchased_purges":2,"victory":false,"max_hp_per_floor":[77,77,77,77,84,84,84,84,84,84,84,84,84,84,84,84,84,84,84,84,84,84,84,84,84,84,84,84,42,42,42,42,42,42,42,42,42,42,42,42,42,44,46,46,46,46,46,46,48,48,48,48],"card_choices":[{"not_picked":["hexamod:ThermalTransfer","hexamod:NightmareGuise"],"picked":"hexamod:GhostOfSpireFuture","floor":2.0},{"not_picked":["hexamod:Rewind","hexamod:RecurringNightmare"],"picked":"hexamod:ThermalTransfer","floor":3.0},{"not_picked":["hexamod:AdvancingGuard","hexamod:GhostLash"],"picked":"hexamod:EmpoweredFlame","floor":4.0},{"not_picked":["hexamod:HeatShield","hexamod:BurningTouch"],"picked":"hexamod:Rewind","floor":9.0},{"not_picked":["hexamod:ExtraCrispy","hexamod:Hexaguard"],"picked":"hexamod:HeatMetal","floor":10.0},{"not_picked":["hexamod:NecessarySacrifice","hexamod:SpectersWail"],"picked":"hexamod:GhostShield","floor":11.0},{"not_picked":["hexamod:SpectersWail","hexamod:SearingWound"],"picked":"hexamod:NightmareGuise","floor":12.0},{"not_picked":["hexamod:NecessarySacrifice","hexamod:BacktrackSmack"],"picked":"hexamod:GhostLash","floor":13.0},{"not_picked":["hexamod:CatchUp","hexamod:ShieldOfDarkness"],"picked":"hexamod:DynamicBlow","floor":15.0},{"not_picked":["hexamod:TimeWarp","hexamod:WildfireWeapon"],"picked":"hexamod:SixthSeal","floor":16.0},{"not_picked":["hexamod:Rewind"],"picked":"SKIP","floor":19.0},{"not_picked":[],"picked":"hexamod:Again","floor":21.0},{"not_picked":["hexamod:PhantomFireball"],"picked":"SKIP","floor":21.0},{"not_picked":["hexamod:GhostShield"],"picked":"SKIP","floor":22.0},{"not_picked":["hexamod:GhostLash+1"],"picked":"SKIP","floor":22.0},{"not_picked":[],"picked":"hexamod:Hexaguard","floor":23.0},{"not_picked":[],"picked":"hexamod:InspiringFlames","floor":23.0},{"not_picked":["hexamod:ThirdSeal"],"picked":"SKIP","floor":25.0},{"not_picked":["hexamod:ShieldOfDarkness"],"picked":"SKIP","floor":25.0},{"not_picked":[],"picked":"hexamod:HeatCrush+1","floor":27.0},{"not_picked":["hexamod:SwordOfDarkness"],"picked":"SKIP","floor":27.0},{"not_picked":[],"picked":"hexamod:HeatShield","floor":28.0},{"not_picked":["hexamod:SpectersWail"],"picked":"SKIP","floor":28.0},{"not_picked":[],"picked":"hexamod:GhostflameInferno","floor":30.0},{"not_picked":["hexamod:ThermalTransfer"],"picked":"SKIP","floor":30.0},{"not_picked":[],"picked":"hexamod:EtherealExpedition+1","floor":32.0},{"not_picked":["hexamod:AdvancingGuard"],"picked":"SKIP","floor":32.0},{"not_picked":[],"picked":"hexamod:ForkedFlame","floor":33.0},{"not_picked":[],"picked":"hexamod:UnleashSpirits","floor":33.0},{"not_picked":[],"picked":"hexamod:PhantomCloak+1","floor":36},{"not_picked":["hexamod:Again+1"],"picked":"SKIP","floor":36},{"not_picked":[],"picked":"hexamod:StepThrough+1","floor":37},{"not_picked":["hexamod:NightmareStrike+1"],"picked":"SKIP","floor":37},{"not_picked":[],"picked":"hexamod:PhantomFireball+1","floor":38},{"not_picked":["hexamod:BacktrackSmack"],"picked":"SKIP","floor":38},{"not_picked":["hexamod:ThirdSeal"],"picked":"SKIP","floor":39},{"not_picked":["hexamod:HeatMetal+1"],"picked":"SKIP","floor":39},{"not_picked":[],"picked":"hexamod:RetreatToShadows","floor":40},{"not_picked":["hexamod:GhostShield+1"],"picked":"SKIP","floor":40},{"not_picked":["hexamod:BacktrackSmack+1"],"picked":"Singing Bowl","floor":42},{"not_picked":["hexamod:FastForward+1"],"picked":"Singing Bowl","floor":43},{"not_picked":[],"picked":"expansioncontent:Chronoboost","floor":45},{"not_picked":[],"picked":"expansioncontent:PolyBeam","floor":45},{"not_picked":[],"picked":"hexamod:RecurringNightmare","floor":46},{"not_picked":["hexamod:GhostOfSpireFuture"],"picked":"Singing Bowl","floor":49}],"player_experience":594901,"relics_obtained":[{"floor":7.0,"key":"Mummified Hand"},{"floor":9.0,"key":"Sundial"},{"floor":13.0,"key":"Vajra"},{"floor":24.0,"key":"Mercury Hourglass"},{"floor":27.0,"key":"Smiling Mask"},{"floor":41,"key":"Singing Bowl"}],"event_choices":[{"damage_healed":0.0,"max_hp_gain":0.0,"max_hp_loss":0.0,"gold_gain":0.0,"event_name":"Scrap Ooze","player_choice":"Success","floor":5.0,"gold_loss":0.0,"damage_taken":33.0,"relics_obtained":["Strawberry"]}],"is_beta":false,"boss_relics":[{"not_picked":["Calling Bell","SacredBark"],"picked":"Busted Crown"},{"not_picked":["Pandora\u0027s Box","Tiny House"],"picked":"hexamod:IceCube"}],"items_purged_floors":[22,30],"is_endless":false,"potions_floor_spawned":[2,4,10,15,25,27,32,33,36,42,43,46,49],"killed_by":"IC_BLOCK_ARCHETYPE","ascension_level":0}}