{"host":"1mv6gj0zv8k9e9tz","time":1611469554,"event":{"mods":["AchievementEnabler","BaseMod","Better Third Choice","Colored Map","KOR Keyword Fix","Minty Spire (QoL Compilation)","Permanent Neow","Rare Cards Sparkle","StSLib"],"gold_per_floor":[117,129,147,164,183,183,195,195,195,69,82,82,97,108,108,182,182,200,200,213,224,25,43,43,69,94,94,118,152,170,45,45,122,122,139,139,40,59,59,59,71,71,71,102,119,135,161,177,177,177,177],"floor_reached":50,"language":"KOR","playtime":2465,"items_purged":["Strike_G","Strike_G","Strike_G"],"score":1340,"play_id":"2be34763-3bd9-4f81-bdd1-d51c0c67e2e4","local_time":"20210124152554","is_ascension_mode":true,"campfire_choices":[{"data":"Blade Dance","floor":6.0,"key":"SMITH"},{"data":"Accuracy","floor":8.0,"key":"SMITH"},{"floor":12.0,"key":"REST"},{"data":"Accuracy","floor":15.0,"key":"SMITH"},{"data":"Tactician","floor":24.0,"key":"SMITH"},{"data":"Adrenaline","floor":27.0,"key":"SMITH"},{"data":"Tactician","floor":32.0,"key":"SMITH"},{"data":"Cloak And Dagger","floor":40.0,"key":"SMITH"},{"data":"After Image","floor":42.0,"key":"SMITH"},{"floor":49.0,"key":"RECALL"}],"circlet_count":0,"master_deck":["AscendersBane","Strike_G","Defend_G","Defend_G","Defend_G","Defend_G","Defend_G","Survivor","Neutralize","Blade Dance+1","Calculated Gamble","Acrobatics","Calculated Gamble","Accuracy+1","Blade Dance","Accuracy+1","Deflect","Adrenaline+1","Calculated Gamble+1","Blade Dance","Tactician+1","PiercingWail","Reflex","Terror","Reflex","Tactician+1","After Image+1","Dramatic Entrance","Footwork","Backflip","Cloak And Dagger+1","Concentrate","Footwork+1"],"relics":["WristBlade","Black Star","Red Mask","Oddly Smooth Stone","Nunchaku","Dead Branch","Shuriken","Busted Crown","White Beast Statue","The Courier","Vajra","Omamori","Mango"],"acts_visited":["Exordium","TheCity","TheBeyond"],"potions_floor_usage":[50],"damage_taken":[{"damage":4.0,"enemies":"Cultist","floor":1.0,"turns":4.0},{"damage":4.0,"enemies":"2 Louse","floor":2.0,"turns":2.0},{"damage":0.0,"enemies":"Jaw Worm","floor":3.0,"turns":1.0},{"damage":5.0,"enemies":"Exordium Wildlife","floor":4.0,"turns":4.0},{"damage":15.0,"enemies":"Exordium Thugs","floor":5.0,"turns":4.0},{"damage":15.0,"enemies":"3 Louse","floor":7.0,"turns":4.0},{"damage":12.0,"enemies":"Lots of Slimes","floor":11.0,"turns":3.0},{"damage":0.0,"enemies":"Large Slime","floor":13.0,"turns":3.0},{"damage":0.0,"enemies":"Exordium Thugs","floor":14.0,"turns":3.0},{"damage":21.0,"enemies":"The Guardian","floor":16.0,"turns":12.0},{"damage":11.0,"enemies":"2 Thieves","floor":18.0,"turns":3.0},{"damage":0.0,"enemies":"Spheric Guardian","floor":20.0,"turns":1.0},{"damage":1.0,"enemies":"Centurion and Healer","floor":21.0,"turns":3.0},{"damage":10.0,"enemies":"Snecko","floor":23.0,"turns":4.0},{"damage":4.0,"enemies":"Masked Bandits","floor":25.0,"turns":3.0},{"damage":0.0,"enemies":"Gremlin Leader","floor":29.0,"turns":1.0},{"damage":3.0,"enemies":"Snake Plant","floor":30.0,"turns":2.0},{"damage":0.0,"enemies":"Automaton","floor":33.0,"turns":4.0},{"damage":23.0,"enemies":"3 Shapes","floor":35.0,"turns":2.0},{"damage":0.0,"enemies":"Orb Walker","floor":38.0,"turns":2.0},{"damage":15.0,"enemies":"Jaw Worm Horde","floor":41.0,"turns":2.0},{"damage":0.0,"enemies":"Nemesis","floor":44.0,"turns":5.0},{"damage":0.0,"enemies":"Writhing Mass","floor":45.0,"turns":2.0},{"damage":0.0,"enemies":"3 Darklings","floor":46.0,"turns":3.0},{"damage":0.0,"enemies":"Giant Head","floor":47.0,"turns":3.0},{"damage":0.0,"enemies":"Transient","floor":48.0,"turns":4.0},{"damage":36,"enemies":"Time Eater","floor":50,"turns":8}],"seed_played":"7242461442239195500","potions_obtained":[{"floor":1.0,"key":"Strength Potion"},{"floor":11.0,"key":"BlessingOfTheForge"},{"floor":13.0,"key":"ColorlessPotion"},{"floor":16.0,"key":"SpeedPotion"},{"floor":18.0,"key":"DuplicationPotion"},{"floor":30.0,"key":"LiquidMemories"},{"floor":35.0,"key":"Regen Potion"},{"floor":44.0,"key":"LiquidMemories"},{"floor":45.0,"key":"LiquidBronze"}],"is_trial":false,"path_per_floor":["M","M","M","M","M","R","M","R","T","$","M","R","M","M","R","B",null,"M","?","M","M","$","M","R","?","T","R","T","E","M","$","R","B",null,"M","?","$","M","?","R","M","R","T","E","M","M","E","M","R","B"],"character_chosen":"THE_SILENT","items_purchased":["Blade Dance","Tactician","PiercingWail","Footwork","Backflip"],"campfire_rested":1,"item_purchase_floors":[10,22,22,37,37],"current_hp_per_floor":[55,51,51,46,31,31,16,16,16,16,4,23,23,23,23,2,50,39,33,33,32,32,22,22,18,18,18,18,18,15,15,15,15,53,30,30,30,30,30,30,20,20,20,20,20,20,34,34,34,0,0],"gold":177,"neow_bonus":"BOSS_RELIC","is_daily":false,"chose_seed":false,"campfire_upgraded":8,"win_rate":0.0,"timestamp":1611469554,"path_taken":["M","M","M","M","M","R","M","R","T","?","?","R","M","M","R","BOSS","M","?","?","M","$","M","R","?","T","R","?","E","M","?","R","BOSS","M","?","$","M","?","R","M","R","T","E","M","M","E","M","R","BOSS"],"items_purchased_type":["Card","Card","Card","Card","Card"],"build_version":"2020-12-22","purchased_purges":3,"victory":false,"max_hp_per_floor":[66,66,66,66,66,66,66,66,66,66,66,66,66,66,66,66,66,66,66,66,66,66,66,66,66,66,66,66,66,66,66,66,66,66,66,66,66,66,66,66,66,66,66,66,66,66,80,80,80,80,80],"card_choices":[{"not_picked":["Escape Plan","Deflect"],"picked":"Blade Dance","floor":1.0},{"not_picked":["Poisoned Stab","Outmaneuver"],"picked":"Calculated Gamble","floor":2.0},{"not_picked":["Eviscerate","Dodge and Roll"],"picked":"Acrobatics","floor":3.0},{"not_picked":["Slice","Heel Hook","Caltrops"],"picked":"SKIP","floor":4.0},{"not_picked":["Deflect","Riddle With Holes"],"picked":"Calculated Gamble","floor":5.0},{"not_picked":["Dodge and Roll","Bane"],"picked":"Accuracy","floor":7.0},{"not_picked":["Masterful Stab","Bouncing Flask"],"picked":"Accuracy","floor":11.0},{"not_picked":["Acrobatics","Dagger Spray","A Thousand Cuts"],"picked":"SKIP","floor":13.0},{"not_picked":["Eviscerate","Deadly Poison"],"picked":"Deflect","floor":14.0},{"not_picked":["Grand Finale","Venomology"],"picked":"Adrenaline","floor":16.0},{"not_picked":["Poisoned Stab","Deflect","Eviscerate"],"picked":"SKIP","floor":18.0},{"not_picked":["Blade Dance","Flechettes+1"],"picked":"Calculated Gamble+1","floor":20.0},{"not_picked":["Heel Hook","Deadly Poison+1"],"picked":"Blade Dance","floor":21.0},{"not_picked":["Prepared","Setup+1"],"picked":"Reflex","floor":23.0},{"not_picked":["Riddle With Holes+1","Crippling Poison"],"picked":"Terror","floor":25.0},{"not_picked":["PiercingWail","Cloak And Dagger"],"picked":"Reflex","floor":29.0},{"not_picked":["Sucker Punch","Dash+1"],"picked":"Tactician","floor":30.0},{"not_picked":["Bullet Time","Night Terror"],"picked":"After Image","floor":33.0},{"not_picked":["Dodge and Roll"],"picked":"SKIP","floor":35.0},{"not_picked":[],"picked":"Dramatic Entrance","floor":36.0},{"not_picked":[],"picked":"Cloak And Dagger","floor":38.0},{"not_picked":["Backstab"],"picked":"SKIP","floor":41.0},{"not_picked":["Dagger Throw"],"picked":"SKIP","floor":44.0},{"not_picked":["Caltrops"],"picked":"SKIP","floor":45.0},{"not_picked":["Prepared"],"picked":"SKIP","floor":46.0},{"not_picked":[],"picked":"Concentrate","floor":47.0},{"not_picked":[],"picked":"Footwork+1","floor":48.0}],"player_experience":557642,"relics_obtained":[{"floor":25.0,"key":"Red Mask"},{"floor":26.0,"key":"Oddly Smooth Stone"},{"floor":28.0,"key":"Nunchaku"},{"floor":29.0,"key":"Dead Branch"},{"floor":29.0,"key":"Shuriken"},{"floor":43.0,"key":"White Beast Statue"},{"floor":44.0,"key":"The Courier"},{"floor":44.0,"key":"Vajra"},{"floor":47.0,"key":"Omamori"},{"floor":47.0,"key":"Mango"}],"event_choices":[{"damage_healed":0.0,"max_hp_gain":0.0,"max_hp_loss":0.0,"gold_gain":0.0,"event_name":"Knowing Skull","player_choice":"","floor":19.0,"potions_obtained":[],"gold_loss":0.0,"damage_taken":6.0,"cards_obtained":[]},{"damage_healed":0.0,"max_hp_gain":0.0,"max_hp_loss":0.0,"gold_gain":0.0,"event_name":"Masked Bandits","player_choice":"Fought Bandits","floor":25.0,"gold_loss":0.0,"damage_taken":0.0},{"damage_healed":0.0,"max_hp_gain":0.0,"max_hp_loss":0.0,"gold_gain":0.0,"event_name":"SensoryStone","player_choice":"Memory 1","floor":36.0,"gold_loss":0.0,"damage_taken":0.0},{"cards_removed":["Strike_G"],"damage_healed":0.0,"max_hp_gain":0.0,"max_hp_loss":0.0,"gold_gain":0.0,"event_name":"Wheel of Change","player_choice":"Card Removal","floor":39.0,"gold_loss":0.0,"damage_taken":0.0}],"is_beta":false,"boss_relics":[{"not_picked":["SacredBark","Pandora\u0027s Box"],"picked":"Black Star"},{"not_picked":["Snecko Eye","Astrolabe"],"picked":"Busted Crown"}],"items_purged_floors":[10,22,31],"is_endless":false,"potions_floor_spawned":[1,11,13,16,18,25,30,35,44,45,46,47,48],"killed_by":"Time Eater","ascension_level":20}}