{"host":"uclt3t1usqzz4m5p","time":1611532754,"event":{"mods":["100% Spire Juice","AchievementEnabler","BaseMod","Better Altar","Better Match","Better Sensory Stone","Better Skull","Better Third Choice","Booster Modes","Card Forge","Colored Powertips","Displayed Cursed Tome","Downfall","GifTheSpireLib","Gremlin Skip","Minty Spire (QoL Compilation)","Permanent Neow","Quick Restart","Reliquary","StSLib","SuperFastMode","The Dragonkin"],"gold_per_floor":[199,217,234,249,90,90,90,117,117,117,133,133,8,21,31,133,133,133,152,152,167,186,200,254,367,367,384,404,432,446,9,26,130,130,130,146,146,158,158,173,196,2,2,75,93,112,112,112,123,123],"floor_reached":51,"language":"ENG","playtime":5361,"items_purged":["bronze:Strike","bronze:Strike"],"score":825,"play_id":"30cf6a41-fe37-47c0-a18b-a54f542bf3bc","local_time":"20210124155914","is_ascension_mode":false,"campfire_choices":[{"data":"bronze:Replicate","floor":1.0,"key":"SMITH"},{"data":"bronze:Overheat","floor":10.0,"key":"SMITH"},{"data":"bronze:Format","floor":12.0,"key":"SMITH"},{"data":"bronze:TinkerersToolbox","floor":18.0,"key":"SMITH"},{"data":"bronze:ClassDefault","floor":26.0,"key":"SMITH"},{"data":"bronze:Repulsor","floor":35.0,"key":"SMITH"},{"data":"bronze:RecursiveStrike","floor":43,"key":"SMITH"},{"data":"bronze:HardenedForm","floor":47,"key":"SMITH"}],"circlet_count":0,"master_deck":["bronze:Strike","bronze:Strike","bronze:Defend","bronze:Defend","bronze:Defend","bronze:Defend","bronze:Replicate+1","bronze:Goto","bronze:Overheat+1","bronze:WhirlingStrike","bronze:OilSpill","bronze:ItsAFeature","bronze:DelayedSlice","bronze:Format+1","bronze:InfiniteBeams","bronze:BronzeOrb","bronze:Separator","bronze:Turbo","bronze:TinkerersToolbox+1","bronze:ClassDefault+1","bronze:Safeguard","bronze:Boost","bronze:RecursiveStrike+1","bronze:Flail","bronze:Frontload","bronze:ChildClass","bronze:CutThrough+1","bronze:Fortify","bronze:Repulsor+1","bronze:HardenedForm+1"],"relics":["bronze:PlatinumCore","Hammer of Thor","Seething Fire","Anvil of the Gods","Orrery","Peace Pipe","Incense Burner","Strawberry","Regal Pillow","bronze:Timepiece","bronze:DecasWashers","Lee\u0027s Waffle","Sozu","Orichalcum","Slimebound:StickyStick","hexamod:Sixitude","Letter Opener"],"acts_visited":["Exordium","TheCity","TheBeyond"],"potions_floor_usage":[50],"damage_taken":[{"damage":0.0,"enemies":"2 Louse","floor":2.0,"turns":3.0},{"damage":0.0,"enemies":"Small Slimes","floor":3.0,"turns":3.0},{"damage":0.0,"enemies":"Jaw Worm","floor":4.0,"turns":3.0},{"damage":2.0,"enemies":"downfall:FleeingMerchant","floor":5.0,"turns":4.0},{"damage":17.0,"enemies":"3 Sentries","floor":8.0,"turns":5.0},{"damage":0.0,"enemies":"Exordium Wildlife","floor":11.0,"turns":2.0},{"damage":0.0,"enemies":"downfall:FleeingMerchant","floor":13.0,"turns":4.0},{"damage":3.0,"enemies":"Red Slaver","floor":14.0,"turns":3.0},{"damage":3.0,"enemies":"Gremlin Gang","floor":15.0,"turns":4.0},{"damage":38.0,"enemies":"DF_ARCHETYPE_STREAMLINE","floor":16.0,"turns":11.0},{"damage":3.0,"enemies":"3 Byrds","floor":19.0,"turns":4.0},{"damage":0.0,"enemies":"Chosen","floor":21.0,"turns":3.0},{"damage":0.0,"enemies":"Shelled Parasite and Fungi","floor":22.0,"turns":3.0},{"damage":4.0,"enemies":"Snake Plant","floor":23.0,"turns":4.0},{"damage":5.0,"enemies":"3 Cultists","floor":27.0,"turns":4.0},{"damage":6.0,"enemies":"Shelled Parasite and Fungi","floor":28.0,"turns":5.0},{"damage":0.0,"enemies":"Gremlin Leader","floor":29.0,"turns":4.0},{"damage":0.0,"enemies":"Sentry and Sphere","floor":30.0,"turns":2.0},{"damage":0.0,"enemies":"downfall:FleeingMerchant","floor":31.0,"turns":4.0},{"damage":0.0,"enemies":"Centurion and Healer","floor":32.0,"turns":5.0},{"damage":37.0,"enemies":"IC_MUSHROOM_ARCHETYPE","floor":33.0,"turns":11.0},{"damage":0.0,"enemies":"3 Shapes","floor":36.0,"turns":2.0},{"damage":13.0,"enemies":"3 Darklings","floor":38.0,"turns":4.0},{"damage":5.0,"enemies":"Transient","floor":40.0,"turns":5.0},{"damage":0.0,"enemies":"downfall:FleeingMerchant","floor":42.0,"turns":1.0},{"damage":0,"enemies":"Jaw Worm Horde","floor":45,"turns":2},{"damage":17,"enemies":"Writhing Mass","floor":46,"turns":5},{"damage":0,"enemies":"Transient","floor":49,"turns":5},{"damage":0,"enemies":"WA_ARCHETYPE_DIVINITY","floor":50,"turns":12}],"seed_played":"7095308449026879989","potions_obtained":[{"floor":4.0,"key":"CultistPotion"},{"floor":14.0,"key":"SpeedPotion"},{"floor":15.0,"key":"Strength Potion"},{"floor":16.0,"key":"Explosive Potion"},{"floor":30.0,"key":"Block Potion"}],"is_trial":false,"path_per_floor":["R","M","M","M","$","?","T","E","?","R","M","R","$","M","M","B",null,"R","M","?","M","M","M","T","?","R","M","M","E","M","$","M","B",null,"R","M","?","M","?","M","T","$","R","T","M","M","R","?","M","B",null],"character_chosen":"THE_AUTOMATON","items_purchased":["Orrery","bronze:ClassDefault","bronze:Repulsor","bronze:DecasWashers","Lee\u0027s Waffle","Slimebound:StickyStick","hexamod:Sixitude"],"campfire_rested":0,"item_purchase_floors":[5,13,31,31,31,42,42],"current_hp_per_floor":[70,70,70,70,68,68,68,51,70,70,70,70,70,67,64,26,70,70,67,67,67,67,63,70,47,47,42,36,36,36,84,84,47,84,84,84,84,71,71,66,66,66,66,66,66,49,49,49,49,49],"gold":123,"neow_bonus":"HUNDRED_GOLD","is_daily":false,"chose_seed":false,"campfire_upgraded":8,"win_rate":0.0,"timestamp":1611532754,"path_taken":["R","M","M","M","$","?","T","E","?","R","M","R","?","?","M","BOSS","R","M","?","M","?","M","T","?","R","?","M","E","M","$","M","BOSS","R","M","?","M","?","M","T","$","R","?","?","M","R","?","M","BOSS"],"items_purchased_type":["Relic","Card","Card","Relic","Relic","Relic","Relic"],"build_version":"2020-12-22","purchased_purges":2,"victory":true,"max_hp_per_floor":[70,70,70,70,70,70,70,70,70,70,70,70,70,70,70,70,70,70,70,70,70,70,70,77,77,77,77,77,77,77,84,84,84,84,84,84,84,84,84,84,84,84,84,84,84,84,84,84,84,84],"card_choices":[{"not_picked":["bronze:DelayedGuard","bronze:ChosenStrike"],"picked":"bronze:Branch","floor":2.0},{"not_picked":["bronze:OilSpill","bronze:Turbo"],"picked":"bronze:Overheat","floor":3.0},{"not_picked":["bronze:Deprecate","bronze:Repulsor"],"picked":"bronze:WhirlingStrike","floor":4.0},{"not_picked":["bronze:Iterate","bronze:Invalidate"],"picked":"bronze:OilSpill","floor":5.0},{"not_picked":["bronze:Branch","bronze:Iterate"],"picked":"bronze:ItsAFeature","floor":5.0},{"not_picked":["bronze:Turbo","bronze:Backtrace"],"picked":"bronze:DelayedSlice","floor":5.0},{"not_picked":["bronze:Shell","bronze:Overload"],"picked":"bronze:Format","floor":5.0},{"not_picked":["bronze:DelayedGuard","bronze:Iterate"],"picked":"bronze:InfiniteBeams","floor":5.0},{"not_picked":["bronze:InfiniteBeams","bronze:ChildClass"],"picked":"bronze:BronzeOrb","floor":5.0},{"not_picked":["bronze:Invalidate","bronze:WildBeam"],"picked":"bronze:Separator","floor":8.0},{"not_picked":["bronze:WildBeam","bronze:Refactor"],"picked":"bronze:Turbo","floor":11.0},{"not_picked":["bronze:WhirlingStrike","bronze:BugBarrage"],"picked":"bronze:TinkerersToolbox","floor":13.0},{"not_picked":["bronze:Separator","bronze:ForceShield"],"picked":"bronze:Safeguard","floor":14.0},{"not_picked":["bronze:BronzeOrb","bronze:DelayedSlice"],"picked":"bronze:Boost","floor":15.0},{"not_picked":["bronze:TinkerersToolbox","bronze:Mutator"],"picked":"bronze:RecursiveStrike","floor":16.0},{"not_picked":["bronze:DelayedGuard","bronze:Shield"],"picked":"bronze:Flail","floor":19.0},{"not_picked":["bronze:WildBeam","bronze:Deprecate"],"picked":"bronze:Frontload","floor":21.0},{"not_picked":["bronze:Deprecate","bronze:BugBarrage+1","bronze:DelayedSlice+1"],"picked":"SKIP","floor":22.0},{"not_picked":["bronze:Shield","bronze:Branch"],"picked":"bronze:ChildClass","floor":23.0},{"not_picked":["bronze:Turbo","bronze:NullPointer","bronze:Separator"],"picked":"SKIP","floor":27.0},{"not_picked":["bronze:InfiniteBeams+1","bronze:Invalidate"],"picked":"bronze:CutThrough+1","floor":28.0},{"not_picked":["bronze:Optimize","bronze:ItsAFeature+1"],"picked":"bronze:Fortify","floor":29.0},{"not_picked":["bronze:DelayedGuard","bronze:Return","bronze:CutThrough"],"picked":"SKIP","floor":30.0},{"not_picked":["bronze:ShipIt","bronze:BugBarrage","bronze:DelayedSlice+1"],"picked":"SKIP","floor":31.0},{"not_picked":["bronze:DigitalCarnage","bronze:Safeguard","bronze:Philosophize"],"picked":"SKIP","floor":32.0},{"not_picked":["bronze:RecursiveStrike","bronze:Hardcode"],"picked":"bronze:HardenedForm","floor":33.0},{"not_picked":["bronze:OilSpill+1","bronze:Deprecate+1","bronze:BitShift+1"],"picked":"SKIP","floor":36.0},{"not_picked":["bronze:DelayedGuard+1","bronze:BitShift","bronze:Branch+1"],"picked":"SKIP","floor":38.0},{"not_picked":["bronze:Backtrace+1","bronze:Separator","bronze:Branch"],"picked":"SKIP","floor":40.0},{"not_picked":["bronze:Repair+1","bronze:Philosophize","bronze:WhirlingStrike+1"],"picked":"SKIP","floor":45},{"not_picked":["bronze:DarkDash","bronze:Frontload","bronze:Branch"],"picked":"SKIP","floor":46},{"not_picked":["bronze:CutThrough+1","bronze:WildBeam","bronze:Branch+1"],"picked":"SKIP","floor":49}],"player_experience":635090,"relics_obtained":[{"floor":7.0,"key":"Peace Pipe"},{"floor":8.0,"key":"Incense Burner"},{"floor":24.0,"key":"Strawberry"},{"floor":29.0,"key":"bronze:Timepiece"},{"floor":41.0,"key":"Orichalcum"},{"floor":44,"key":"Letter Opener"}],"event_choices":[{"damage_healed":23.0,"max_hp_gain":0.0,"max_hp_loss":0.0,"gold_gain":0.0,"event_name":"Big Fish","player_choice":"Banana","floor":9.0,"gold_loss":0.0,"damage_taken":0.0},{"damage_healed":0.0,"max_hp_gain":0.0,"max_hp_loss":0.0,"gold_gain":0.0,"event_name":"NoteForYourself","player_choice":"Ignored","floor":20.0,"gold_loss":0.0,"damage_taken":0.0},{"damage_healed":0.0,"max_hp_gain":0.0,"max_hp_loss":0.0,"gold_gain":113.0,"event_name":"betterSkull:BetterSkull","player_choice":"GO RE ","floor":25.0,"gold_loss":0.0,"damage_taken":26.0,"cards_upgraded":[],"relics_obtained":["Regal Pillow"]},{"damage_healed":0.0,"max_hp_gain":0.0,"max_hp_loss":0.0,"gold_gain":0.0,"event_name":"Mysterious Sphere","player_choice":"Ignored","floor":37.0,"gold_loss":0.0,"damage_taken":0.0},{"damage_healed":0.0,"max_hp_gain":0.0,"max_hp_loss":0.0,"gold_gain":3.0,"event_name":"betterStone:BetterStone","player_choice":"1","floor":39.0,"gold_loss":0.0,"damage_taken":0.0},{"cards_removed":["bronze:Branch"],"damage_healed":0,"gold_gain":0,"player_choice":"Removed Attack","damage_taken":0,"max_hp_gain":0,"max_hp_loss":0,"event_name":"Falling","floor":48,"gold_loss":0}],"is_beta":false,"boss_relics":[{"not_picked":["Tiny House","bronze:MakeshiftBattery"],"picked":"bronze:PlatinumCore"},{"not_picked":["Runic Pyramid","bronze:ElectromagneticCoil"],"picked":"Sozu"}],"items_purged_floors":[13,42],"is_endless":false,"potions_floor_spawned":[4,14,15,16,21,23,28,30,36,38,46],"ascension_level":0}}