{"host":"soaz6px0nzwfajlp","time":1611449110,"event":{"mods":["2.2 Compatiblity","AchievementEnabler","Act Like it!","BaseMod","BetterRewards","Downfall","Minty Spire (QoL Compilation)","StSLib","The Bug Knight","[IsaacMod]????"],"gold_per_floor":[99,99,24,24,474,474,498,61,79,100,100,93,93,150,169,309,309,209,227,234,264,283,301,327,80,122,122,122],"floor_reached":26,"language":"ENG","playtime":1272,"items_purged":["hexamod:Defend","downfall:Malfunctioning","downfall:Icky"],"score":204,"play_id":"39648f9c-5347-4984-962c-80513723a4ee","local_time":"20210124014510","is_ascension_mode":false,"campfire_choices":[{"data":"EpicFetus","floor":1,"key":"SMITH"},{"data":"expansioncontent:DashGenerateEvil","floor":13,"key":"SMITH"},{"data":"hexamod:VolcanoVisage","floor":18,"key":"SMITH"}],"circlet_count":0,"master_deck":["hexamod:Strike+1","hexamod:Strike","hexamod:Strike","hexamod:Strike","hexamod:Defend+1","hexamod:Defend","hexamod:Defend+1","hexamod:Sear","hexamod:Float","EpicFetus+1","hexamod:BurningTouch","downfall:Icky","downfall:Icky","hexamod:EmpoweredFlame","hexamod:SecondSeal","expansioncontent:DashGenerateEvil+1","hexamod:DynamicBlow","hexamod:FourthSeal","hexamod:WildfireWeapon","hexamod:Rewind","hexamod:SecondSeal","hexamod:VolcanoVisage+1","hexamod:ThermalTransfer+1","hexamod:SkipABeat","hexamod:AdvancingGuard+1"],"relics":["hexamod:SpiritBrand","HushsDoor","downfall:HeartsMalice","TheBean","SalivaCoin","Anchor","EdensBlessing","Black Star","downfall:HeartBlessingGreen","MawBank","Orichalcum"],"acts_visited":["Exordium","TheCity"],"potions_floor_usage":[16,16,21,26],"damage_taken":[{"damage":0,"enemies":"2 Louse","floor":2,"turns":1},{"damage":0,"enemies":"downfall:FleeingMerchant","floor":3,"turns":1},{"damage":0,"enemies":"Small Slimes","floor":6,"turns":1},{"damage":5,"enemies":"downfall:FleeingMerchant","floor":8,"turns":4},{"damage":0,"enemies":"Jaw Worm","floor":9,"turns":4},{"damage":0,"enemies":"3 Louse","floor":10,"turns":4},{"damage":0,"enemies":"downfall:FleeingMerchant","floor":12,"turns":4},{"damage":22,"enemies":"3 Sentries","floor":14,"turns":3},{"damage":0,"enemies":"Exordium Wildlife","floor":15,"turns":3},{"damage":35,"enemies":"IC_STATUS_ARCHETYPE","floor":16,"turns":8},{"damage":0,"enemies":"3 Byrds","floor":19,"turns":3},{"damage":0,"enemies":"Chosen and Byrds","floor":21,"turns":4},{"damage":0,"enemies":"Snecko","floor":22,"turns":3},{"damage":0,"enemies":"3 Cultists","floor":23,"turns":3},{"damage":8,"enemies":"downfall:FleeingMerchant","floor":25,"turns":4},{"damage":53,"enemies":"Slavers","floor":26,"turns":6}],"seed_played":"-2654038928790635413","potions_obtained":[{"floor":9,"key":"hexamod:SoulburnPotion"},{"floor":12,"key":"BlessingOfTheForge"},{"floor":14,"key":"GamblersBrew"},{"floor":15,"key":"ColorlessPotion"},{"floor":16,"key":"PowerPotion"},{"floor":16,"key":"bronze:BurnAndBuffPotion"},{"floor":19,"key":"SkillPotion"},{"floor":21,"key":"Strength Potion"}],"is_trial":false,"path_per_floor":["R","M","$","?","?","M","T","$","M","M","?","$","R","E","M","B",null,"R","M","?","M","M","M","T","$","E"],"character_chosen":"THE_SPIRIT","items_purchased":["Anchor","expansioncontent:DashGenerateEvil","Orichalcum"],"campfire_rested":0,"item_purchase_floors":[8,8,25],"current_hp_per_floor":[70,70,70,70,70,70,70,65,65,65,65,65,65,43,43,8,70,70,70,57,57,57,57,57,49,0,0,0],"gold":122,"neow_bonus":"THREE_ENEMY_KILL","is_daily":false,"chose_seed":false,"campfire_upgraded":3,"win_rate":0.0,"timestamp":1611449110,"path_taken":["R","M","$","?","?","M","T","?","?","M","?","?","R","E","M","BOSS","R","M","?","M","M","M","T","$","E"],"items_purchased_type":["Relic","Card","Relic"],"build_version":"2020-12-22","purchased_purges":3,"victory":false,"max_hp_per_floor":[70,70,70,70,70,70,70,70,70,70,70,70,70,70,70,70,70,70,70,75,75,75,75,75,75,75,75,75],"card_choices":[{"not_picked":[],"picked":"EpicFetus","floor":0},{"not_picked":["hexamod:UnlimitedPower","hexamod:ThermalTransfer"],"picked":"hexamod:BurningTouch","floor":2},{"not_picked":["hexamod:Firestarter","hexamod:NightmareGuise"],"picked":"Bomb","floor":3},{"not_picked":["hexamod:ShieldOfDarkness","hexamod:Firestarter"],"picked":"hexamod:EmpoweredFlame","floor":6},{"not_picked":["hexamod:BacktrackSmack","hexamod:HeatShield"],"picked":"hexamod:SecondSeal","floor":8},{"not_picked":["hexamod:StepThrough","hexamod:GhostShield"],"picked":"hexamod:DynamicBlow","floor":9},{"not_picked":["hexamod:Again","hexamod:Hexaguard","hexamod:SpectralAdrenaline"],"picked":"SKIP","floor":10},{"not_picked":["hexamod:InspiringFlames","hexamod:Haunt"],"picked":"hexamod:WildfireWeapon","floor":12},{"not_picked":["hexamod:SwordOfDarkness","hexamod:FastForward"],"picked":"hexamod:Rewind","floor":14},{"not_picked":["hexamod:SkipABeat","hexamod:Rewind"],"picked":"hexamod:SecondSeal","floor":15},{"not_picked":["hexamod:HexaLevel","hexamod:ParanormalForm"],"picked":"hexamod:VolcanoVisage","floor":16},{"not_picked":["hexamod:PhantomFireball","hexamod:NecessarySacrifice"],"picked":"hexamod:ThermalTransfer+1","floor":19},{"not_picked":["hexamod:BacktrackSmack","hexamod:SwordOfDarkness+1"],"picked":"hexamod:SkipABeat","floor":21},{"not_picked":["hexamod:GhostShield","hexamod:ChargedBarrage"],"picked":"hexamod:AdvancingGuard+1","floor":22},{"not_picked":["hexamod:NightmareGuise+1","hexamod:Firestarter","hexamod:BacktrackSmack+1"],"picked":"SKIP","floor":23},{"not_picked":["hexamod:CatchUp","hexamod:FourthSeal","hexamod:GhostShield"],"picked":"SKIP","floor":25}],"player_experience":267702,"relics_obtained":[{"floor":7,"key":"SalivaCoin"},{"floor":14,"key":"EdensBlessing"},{"floor":24,"key":"MawBank"}],"event_choices":[],"is_beta":false,"boss_relics":[{"not_picked":["Pandora\u0027s Box","Sozu"],"picked":"Black Star"},{"not_picked":[]}],"items_purged_floors":[3,8,25],"is_endless":false,"potions_floor_spawned":[9,15,16,19,23],"killed_by":"Slavers","ascension_level":0}}