{"host":"srk2drlvga69hbot","time":1611521808,"event":{"mods":["BaseMod","Bestiary","Block Reminder","Colored Map","Colored Powertips","Dark Map","DeckTracker","Highlight Path","Minty Spire (QoL Compilation)","Quick Restart","Rare Cards Sparkle","Relic Stats","SuperFastMode","Unceasing Turn Reminder"],"gold_per_floor":[116,116,116,26,46,46,109,137,149,161,173,201,246,275,287,394,406,434,459,471,483,508,520,560,572,584,596,622,644,656,702,714,826,838,869,891,953,965,414,447,447,481,528,561,561,561,661,681,681,681],"floor_reached":51,"language":"ZHS","playtime":1625,"items_purged":["Regret"],"score":1230,"play_id":"591f90f6-0776-400b-98a8-65685c12f76a","local_time":"20210125045648","is_ascension_mode":true,"campfire_choices":[{"data":"Trip","floor":6.0,"key":"SMITH"},{"floor":15.0,"key":"REST"},{"data":"Flex","floor":23.0,"key":"SMITH"},{"data":"Shockwave","floor":32,"key":"SMITH"},{"data":"Mayhem","floor":41,"key":"SMITH"},{"data":"Madness","floor":46,"key":"SMITH"},{"data":"Madness","floor":49,"key":"SMITH"}],"circlet_count":0,"master_deck":["Strike_R","Strike_R","Strike_R","Strike_R","Strike_R","Defend_R","Defend_R","Defend_R+1","Defend_R","Bash","Twin Strike","Trip+1","Flex+1","Reckless Charge","Reckless Charge","Perfected Strike","Immolate","Shockwave+1","Fire Breathing","Shrug It Off+1","Wild Strike+1","Impervious","Perfected Strike+1","Bludgeon","Carnage+1","Mayhem+1","Burning Pact+1","Madness+1","Madness+1"],"relics":["Burning Blood","Red Skull","Sundial","Lantern","MawBank","MealTicket","Orichalcum","Pantograph","Omamori","Coffee Dripper","Art of War","Enchiridion","Ornamental Fan","Darkstone Periapt","HornCleat","Busted Crown","Du-Vu Doll","Bag of Preparation","PreservedInsect","Bag of Marbles","Ancient Tea Set","War Paint","Gremlin Horn"],"acts_visited":["Exordium","TheCity","TheBeyond"],"potions_floor_usage":[31,33,33,33,50,50,50],"damage_taken":[{"damage":4.0,"enemies":"2 Louse","floor":1.0,"turns":3.0},{"damage":0.0,"enemies":"Small Slimes","floor":5.0,"turns":3.0},{"damage":36.0,"enemies":"Lagavulin Event","floor":7.0,"turns":5.0},{"damage":20.0,"enemies":"Lagavulin","floor":8.0,"turns":4.0},{"damage":0.0,"enemies":"Cultist","floor":12.0,"turns":2.0},{"damage":0.0,"enemies":"Gremlin Nob","floor":13.0,"turns":2.0},{"damage":0.0,"enemies":"2 Fungi Beasts","floor":14.0,"turns":2.0},{"damage":58.0,"enemies":"The Guardian","floor":16.0,"turns":8.0},{"damage":24.0,"enemies":"Shell Parasite","floor":18.0,"turns":4.0},{"damage":2.0,"enemies":"Chosen","floor":19.0,"turns":3.0},{"damage":15.0,"enemies":"3 Cultists","floor":22.0,"turns":5.0},{"damage":16.0,"enemies":"Slavers","floor":24.0,"turns":3.0},{"damage":4.0,"enemies":"Shelled Parasite and Fungi","floor":28.0,"turns":2.0},{"damage":4.0,"enemies":"Cultist and Chosen","floor":29.0,"turns":3.0},{"damage":8,"enemies":"Gremlin Leader","floor":31,"turns":5},{"damage":39,"enemies":"Automaton","floor":33,"turns":10},{"damage":13,"enemies":"Orb Walker","floor":35,"turns":3},{"damage":9,"enemies":"3 Darklings","floor":36,"turns":4},{"damage":4,"enemies":"Mind Bloom Boss Battle","floor":37,"turns":5},{"damage":33,"enemies":"Reptomancer","floor":40,"turns":3},{"damage":13,"enemies":"Nemesis","floor":42,"turns":3},{"damage":0,"enemies":"Reptomancer","floor":44,"turns":2},{"damage":0,"enemies":"Sphere and 2 Shapes","floor":48,"turns":1},{"damage":84,"enemies":"Time Eater","floor":50,"turns":8}],"seed_played":"-2288382079151411205","potions_obtained":[{"floor":7.0,"key":"Explosive Potion"},{"floor":8.0,"key":"CultistPotion"},{"floor":12.0,"key":"Swift Potion"},{"floor":18.0,"key":"BloodPotion"},{"floor":24.0,"key":"Block Potion"},{"floor":31,"key":"DistilledChaos"},{"floor":36,"key":"BloodPotion"},{"floor":42,"key":"Block Potion"},{"floor":44,"key":"SkillPotion"}],"is_trial":false,"path_per_floor":["M","?","?","$","M","R","?","E","T","?","T","M","E","M","R","B",null,"M","M","?","?","M","R","E","?","T","?","M","M","T","E","R","B",null,"M","M","?","?","$","E","R","E","T","E","?","R","?","M","R","B",null],"character_chosen":"IRONCLAD","items_purchased":["Trip","Bag of Preparation","PreservedInsect","Mayhem"],"campfire_rested":1,"item_purchase_floors":[4,39,39,39],"current_hp_per_floor":[74,56,56,56,62,62,32,18,18,18,18,24,30,36,60,28,67,65,69,69,69,60,60,50,34,34,28,30,32,32,30,30,22,66,59,56,80,80,80,53,53,46,46,52,42,42,42,48,48,11],"gold":681,"neow_bonus":"RANDOM_COMMON_RELIC","is_daily":false,"chose_seed":false,"campfire_upgraded":6,"win_rate":0.0,"timestamp":1611521808,"path_taken":["M","?","?","$","?","R","?","E","T","?","?","?","E","?","R","BOSS","M","M","?","?","?","R","E","?","T","?","?","M","?","E","R","BOSS","M","M","?","?","$","E","R","E","T","E","?","R","?","M","R","BOSS"],"items_purchased_type":["Card","Relic","Relic","Card"],"build_version":"2020-12-22","purchased_purges":1,"victory":true,"max_hp_per_floor":[80,80,80,80,80,80,80,80,80,80,80,80,80,80,80,80,80,80,80,80,80,80,80,80,80,80,80,80,80,80,80,80,80,80,80,80,80,80,80,80,80,80,80,80,80,80,80,80,80,80],"relic_stats":{"Darkstone Periapt":0,"Gremlin Horn":[2,2],"counters":[24,93],"PreservedInsect":172,"Bag of Preparation":[10],"Orichalcum":[84],"War Paint":["Defend_R","Shrug It Off"],"MawBank":372,"Burning Blood":142,"Busted Crown":14,"Sundial":[6],"Ornamental Fan":[88],"Pantograph":94,"MealTicket":0,"Art of War":[2],"obtain_stats":[{"Darkstone Periapt":30,"Lantern":7,"Gremlin Horn":44,"Enchiridion":25,"PreservedInsect":39,"Omamori":13,"Bag of Preparation":39,"Orichalcum":10,"War Paint":43,"MawBank":8,"Ancient Tea Set":42,"Burning Blood":0,"Du-Vu Doll":37,"HornCleat":31,"Busted Crown":34,"Sundial":2,"Ornamental Fan":26,"Pantograph":11,"MealTicket":9,"Coffee Dripper":17,"Art of War":24,"Bag of Marbles":40,"Red Skull":0},{"Darkstone Periapt":14,"Lantern":3,"Gremlin Horn":22,"Enchiridion":12,"PreservedInsect":19,"Omamori":6,"Bag of Preparation":19,"Orichalcum":4,"War Paint":21,"MawBank":4,"Ancient Tea Set":21,"Burning Blood":0,"Du-Vu Doll":19,"HornCleat":15,"Busted Crown":16,"Sundial":1,"Ornamental Fan":12,"Pantograph":4,"MealTicket":4,"Coffee Dripper":8,"Art of War":12,"Bag of Marbles":20,"Red Skull":0},{"Darkstone Periapt":49,"Lantern":11,"Gremlin Horn":84,"Enchiridion":44,"PreservedInsect":76,"Omamori":19,"Bag of Preparation":76,"Orichalcum":15,"War Paint":82,"MawBank":15,"Ancient Tea Set":82,"Burning Blood":0,"Du-Vu Doll":76,"HornCleat":54,"Busted Crown":64,"Sundial":3,"Ornamental Fan":44,"Pantograph":15,"MealTicket":15,"Coffee Dripper":29,"Art of War":44,"Bag of Marbles":79,"Red Skull":0}]},"card_choices":[{"not_picked":["Cleave","Warcry"],"picked":"Twin Strike","floor":1.0},{"not_picked":["Body Slam","Entrench","Iron Wave"],"picked":"SKIP","floor":5.0},{"not_picked":["Warcry","Fire Breathing"],"picked":"Flex","floor":7.0},{"not_picked":["Thunderclap","Shrug It Off"],"picked":"Reckless Charge","floor":8.0},{"not_picked":["Berserk","Thunderclap"],"picked":"Reckless Charge","floor":12.0},{"not_picked":["Heavy Blade","Infernal Blade"],"picked":"Perfected Strike","floor":13.0},{"not_picked":["Ghostly Armor","Thunderclap","Anger"],"picked":"SKIP","floor":14.0},{"not_picked":["Bludgeon","Brutality"],"picked":"Immolate","floor":16.0},{"not_picked":["Cleave","Entrench","Body Slam"],"picked":"SKIP","floor":18.0},{"not_picked":["Flex","Twin Strike"],"picked":"Shockwave","floor":19.0},{"not_picked":["Headbutt+1","Shrug It Off+1"],"picked":"Rage","floor":22.0},{"not_picked":["Heavy Blade","Thunderclap+1","Body Slam"],"picked":"SKIP","floor":24.0},{"not_picked":["Reckless Charge+1","Body Slam"],"picked":"Wild Strike+1","floor":28.0},{"not_picked":["Entrench","Havoc"],"picked":"Impervious","floor":29.0},{"not_picked":["Dual Wield","Rupture"],"picked":"Perfected Strike+1","floor":31},{"not_picked":["Brutality","Corruption"],"picked":"Bludgeon","floor":33},{"not_picked":["Pommel Strike+1"],"picked":"SKIP","floor":35},{"not_picked":[],"picked":"Carnage+1","floor":36},{"not_picked":[],"picked":"Burning Pact+1","floor":40},{"not_picked":["Body Slam+1"],"picked":"SKIP","floor":42},{"not_picked":["Thunderclap+1"],"picked":"SKIP","floor":44},{"not_picked":["Iron Wave+1"],"picked":"SKIP","floor":48}],"player_experience":229389,"relics_obtained":[{"floor":7.0,"key":"Lantern"},{"floor":8.0,"key":"MawBank"},{"floor":9.0,"key":"MealTicket"},{"floor":11.0,"key":"Pantograph"},{"floor":13.0,"key":"Omamori"},{"floor":24.0,"key":"Art of War"},{"floor":25.0,"key":"Enchiridion"},{"floor":26.0,"key":"Ornamental Fan"},{"floor":30.0,"key":"Darkstone Periapt"},{"floor":31,"key":"HornCleat"},{"floor":37,"key":"Du-Vu Doll"},{"floor":40,"key":"Bag of Marbles"},{"floor":42,"key":"Ancient Tea Set"},{"floor":43,"key":"War Paint"},{"floor":44,"key":"Gremlin Horn"}],"event_choices":[{"damage_healed":0.0,"max_hp_gain":0.0,"max_hp_loss":0.0,"gold_gain":0.0,"event_name":"Scrap Ooze","player_choice":"Success","floor":2.0,"gold_loss":0.0,"damage_taken":18.0,"relics_obtained":["Sundial"]},{"damage_healed":0.0,"max_hp_gain":0.0,"max_hp_loss":0.0,"gold_gain":0.0,"event_name":"The Woman in Blue","player_choice":"Bought 0 Potions","floor":3.0,"gold_loss":0.0,"damage_taken":0.0},{"damage_healed":0.0,"max_hp_gain":0.0,"max_hp_loss":0.0,"gold_gain":30.0,"event_name":"Dead Adventurer","player_choice":"Searched \u00273\u0027 times","floor":7.0,"gold_loss":0.0,"damage_taken":0.0},{"damage_healed":0.0,"max_hp_gain":0.0,"max_hp_loss":0.0,"gold_gain":0.0,"event_name":"Big Fish","player_choice":"Box","floor":10.0,"gold_loss":0.0,"damage_taken":0.0,"relics_obtained":["Orichalcum"],"cards_obtained":["Regret"]},{"damage_healed":0.0,"max_hp_gain":0.0,"max_hp_loss":0.0,"gold_gain":0.0,"event_name":"The Library","player_choice":"Read","floor":20.0,"gold_loss":0.0,"damage_taken":0.0,"cards_obtained":["Fire Breathing"]},{"damage_healed":0.0,"max_hp_gain":0.0,"max_hp_loss":0.0,"gold_gain":0.0,"event_name":"Match and Keep!","player_choice":"1 cards matched","floor":21.0,"gold_loss":0.0,"damage_taken":0.0,"cards_obtained":["Shrug It Off"]},{"damage_healed":0.0,"max_hp_gain":0.0,"max_hp_loss":0.0,"gold_gain":0.0,"event_name":"Cursed Tome","player_choice":"Obtained Book","floor":25.0,"gold_loss":0.0,"damage_taken":16.0},{"damage_healed":0.0,"max_hp_gain":0.0,"max_hp_loss":0.0,"gold_gain":0.0,"event_name":"Knowing Skull","player_choice":"","floor":27.0,"potions_obtained":[],"gold_loss":0.0,"damage_taken":6.0,"cards_obtained":[]},{"damage_healed":0,"gold_gain":0,"player_choice":"Fight","damage_taken":0,"max_hp_gain":0,"max_hp_loss":0,"event_name":"MindBloom","floor":37,"gold_loss":0},{"cards_removed":["Rage"],"damage_healed":0,"gold_gain":0,"player_choice":"Removed Skill","damage_taken":0,"max_hp_gain":0,"max_hp_loss":0,"event_name":"Falling","floor":38,"gold_loss":0},{"damage_healed":0,"gold_gain":0,"player_choice":"Embrace Madness","damage_taken":10,"max_hp_gain":0,"max_hp_loss":0,"event_name":"Winding Halls","floor":45,"gold_loss":0,"cards_obtained":["Madness","Madness"]},{"damage_healed":0,"gold_gain":100,"player_choice":"Pray","damage_taken":0,"max_hp_gain":0,"max_hp_loss":0,"event_name":"Golden Shrine","floor":47,"gold_loss":0}],"is_beta":false,"boss_relics":[{"not_picked":["Cursed Key","Runic Cube"],"picked":"Coffee Dripper"},{"not_picked":["Astrolabe","Runic Pyramid"],"picked":"Busted Crown"}],"items_purged_floors":[39],"is_endless":false,"potions_floor_spawned":[7,8,12,18,24,28,31,36,42,44],"ascension_level":9}}