{"host":"mydft8i2zzydgggw","time":1611451618,"event":{"mods":["AchievementEnabler","BaseMod","BetterRewards","Colored Map","Colored Powertips","DeckTracker","Keyboard Shortcuts","Minty Spire (QoL Compilation)","Rare Cards Sparkle","StSLib","SuperFastMode","everything is the same but u backflip on backflip"],"gold_per_floor":[118,118,118,131,149,149,192,211,211,211,230,230,260,278,278,374,374,354,354,354,55,78,78,96,96,170,170,197,220,220,220],"floor_reached":30,"language":"KOR","playtime":749,"items_purged":[],"score":391,"play_id":"cb9bb66b-2463-4481-91f8-2ae4052d86a6","local_time":"20210124102658","is_ascension_mode":true,"campfire_choices":[{"data":"Rainbow","floor":6,"key":"SMITH"},{"data":"Self Repair","floor":10,"key":"SMITH"},{"floor":12,"key":"REST"},{"floor":15,"key":"REST"},{"data":"Seek","floor":23,"key":"SMITH"},{"floor":25,"key":"REST"},{"data":"Loop","floor":27,"key":"SMITH"}],"circlet_count":0,"master_deck":["AscendersBane","Strike_B","Strike_B","Strike_B","Strike_B","Defend_B","Defend_B","Defend_B","Defend_B+1","Zap","Dualcast","Rainbow+1","FTL","Self Repair+1","Force Field","Conserve Battery+1","Skim","Go for the Eyes","Seek+1","Compile Driver","Coolheaded","Loop+1"],"relics":["Cracked Core","Golden Idol","Tiny Chest","Vajra","Odd Mushroom","Inserter","Blue Candle","Juzu Bracelet","Molten Egg 2","War Paint"],"acts_visited":["Exordium","TheCity"],"potions_floor_usage":[16,16,21,24,29,30],"damage_taken":[{"damage":8.0,"enemies":"2 Louse","floor":1.0,"turns":3.0},{"damage":0,"enemies":"Jaw Worm","floor":4,"turns":4},{"damage":14,"enemies":"Small Slimes","floor":5,"turns":4},{"damage":21,"enemies":"Lagavulin","floor":7,"turns":8},{"damage":4,"enemies":"Looter","floor":8,"turns":4},{"damage":19,"enemies":"Large Slime","floor":11,"turns":5},{"damage":24,"enemies":"The Mushroom Lair","floor":13,"turns":6},{"damage":12,"enemies":"Red Slaver","floor":14,"turns":4},{"damage":37,"enemies":"The Guardian","floor":16,"turns":15},{"damage":37,"enemies":"2 Thieves","floor":18,"turns":5},{"damage":29,"enemies":"3 Byrds","floor":22,"turns":7},{"damage":29,"enemies":"Shelled Parasite and Fungi","floor":24,"turns":10},{"damage":12,"enemies":"Snecko","floor":29,"turns":8},{"damage":52,"enemies":"3 Cultists","floor":30,"turns":4}],"seed_played":"6912606903573176653","potions_obtained":[{"floor":5,"key":"Swift Potion"},{"floor":8,"key":"BlessingOfTheForge"},{"floor":11,"key":"PowerPotion"},{"floor":13,"key":"DistilledChaos"},{"floor":16,"key":"Weak Potion"},{"floor":22,"key":"Swift Potion"},{"floor":29,"key":"Regen Potion"}],"is_trial":false,"path_per_floor":["M","?","?","M","M","R","E","M","T","R","M","R","?","M","R","B",null,"M","?","?","$","M","R","M","R","T","R","T","M","M"],"character_chosen":"DEFECT","items_purchased":["Coolheaded","Juzu Bracelet","Fruit Juice"],"campfire_rested":3,"item_purchase_floors":[21,21,21],"current_hp_per_floor":[56,56,56,56,49,49,35,31,31,31,22,41,27,25,44,17,54,27,49,49,54,35,35,16,37,37,37,37,35,0,0],"gold":220,"neow_bonus":"ONE_RANDOM_RARE_CARD","is_daily":false,"chose_seed":false,"campfire_upgraded":4,"win_rate":0.0,"timestamp":1611451618,"path_taken":["M","?","?","M","M","R","E","M","T","R","M","R","?","M","R","BOSS","M","?","?","$","M","R","M","R","T","R","?","M","M"],"items_purchased_type":["Card","Relic","Potion"],"build_version":"2020-12-22","purchased_purges":0,"victory":false,"max_hp_per_floor":[71,71,66,66,66,66,66,66,66,66,66,66,66,66,66,66,66,66,66,66,71,71,71,71,71,71,71,71,71,71,71],"card_choices":[{"not_picked":["Stack","Turbo"],"picked":"FTL","floor":1.0},{"not_picked":["Go for the Eyes","Coolheaded"],"picked":"Self Repair","floor":4},{"not_picked":["Reinforced Body","Hologram"],"picked":"Force Field","floor":5},{"not_picked":["Stack","Turbo"],"picked":"Conserve Battery","floor":7},{"not_picked":["Lockon","Multi-Cast","Streamline"],"picked":"SKIP","floor":8},{"not_picked":["Rebound","Double Energy"],"picked":"Skim","floor":11},{"not_picked":["Stack","Rebound"],"picked":"Go for the Eyes","floor":13},{"not_picked":["Blizzard","Go for the Eyes","Hologram"],"picked":"SKIP","floor":14},{"not_picked":["Buffer","Thunder Strike"],"picked":"Seek","floor":16},{"not_picked":["Barrage","Chaos"],"picked":"Compile Driver","floor":18},{"not_picked":["Gash","Genetic Algorithm","Blizzard"],"picked":"SKIP","floor":22},{"not_picked":["Storm+1","Stack"],"picked":"Loop","floor":24},{"not_picked":["Compile Driver+1","Hologram","Cold Snap+1"],"picked":"SKIP","floor":29}],"player_experience":206251,"relics_obtained":[{"floor":7,"key":"Tiny Chest"},{"floor":9,"key":"Vajra"},{"floor":13,"key":"Odd Mushroom"},{"floor":26,"key":"Molten Egg 2"},{"floor":28,"key":"War Paint"}],"event_choices":[{"damage_healed":0.0,"max_hp_gain":0.0,"max_hp_loss":0.0,"gold_gain":0.0,"event_name":"Liars Game","player_choice":"Ignored","floor":2.0,"gold_loss":0.0,"damage_taken":0.0},{"damage_healed":0.0,"max_hp_gain":0.0,"max_hp_loss":5.0,"gold_gain":0.0,"event_name":"Golden Idol","player_choice":"Lose Max HP","floor":3.0,"gold_loss":0.0,"damage_taken":0.0,"relics_obtained":["Golden Idol"]},{"damage_healed":0,"gold_gain":0,"player_choice":"Fought Mushrooms","damage_taken":0,"max_hp_gain":0,"max_hp_loss":0,"event_name":"Mushrooms","floor":13,"gold_loss":0},{"damage_healed":22,"gold_gain":0,"player_choice":"Heal","damage_taken":0,"max_hp_gain":0,"max_hp_loss":0,"event_name":"The Library","floor":19,"gold_loss":0},{"damage_healed":0,"gold_gain":0,"player_choice":"Opened","damage_taken":0,"relics_obtained":["Blue Candle"],"max_hp_gain":0,"max_hp_loss":0,"event_name":"The Mausoleum","floor":20,"gold_loss":0}],"is_beta":false,"boss_relics":[{"not_picked":["Black Star","Astrolabe"],"picked":"Inserter"}],"items_purged_floors":[],"is_endless":false,"potions_floor_spawned":[5,8,11,13,16,22,29],"killed_by":"3 Cultists","ascension_level":14}}