{"host":"gudagy66iu284b8o","time":1611454923,"event":{"mods":["Aspiration","BaseMod","Colored Powertips","Downfall","Highlight Path","Marisa£®ÏF”Í°°ƒß¿Ì…≥£©","Minty Spire (QoL Compilation)","Remilia£®¿Ÿ√◊¿Ú—«£©","Replay The Spire","StSLib","WarShipGirlsR/’ΩΩ¢…Ÿ≈ÆR mod","Youmu£®ªÍ∆«—˝√Œ£©","Yuri Mod"],"gold_per_floor":[110,125,125,125,142,174,174,201,201,236,236,236,253,269,269,269,269,372,372,385,404,250,262,262,291,291,291,318,352,352,387,387,402,402,505,505,530,580,446,490,521,521,521,521,554,592,619,652,652,203,258,330,330,345,345,345,22,76,76,76],"floor_reached":59,"language":"ZHS","playtime":4568,"items_purged":["Catalyst","Lust_TH","yuri:StealPen"],"score":1047,"play_id":"f04cf0b8-216e-4e21-9929-9dc7ab492392","local_time":"20210124102203","is_ascension_mode":false,"campfire_choices":[{"data":"yuri:BookBlue","floor":7.0,"key":"SMITH"},{"data":"yuri:BookBlue","floor":15.0,"key":"SMITH"},{"data":"yuri:BookRed","floor":27.0,"key":"SMITH"},{"data":"Adrenaline","floor":30.0,"key":"SMITH"},{"data":"yuri:BookBlue","floor":44,"key":"SMITH"},{"floor":49,"key":"RECALL"},{"data":"yuri:MirrorInsanity","floor":53,"key":"SMITH"},{"data":"yuri:GrowingInsanity","floor":56,"key":"SMITH"}],"circlet_count":0,"master_deck":["yuri:yuriStrike","yuri:yuriStrike","yuri:yuriStrike","yuri:yuriDefend","yuri:Oolong","yuri:yuriStab","yuri:GreenTea","yuri:Stare","yuri:BookRed+1","Adrenaline+1","Survivor","yuri:BookBlue+1","yuri:MPose","yuri:BookBlue+1","yuri:Stalk","yuri:BookRed+1","yuri:BookGreen+1","yuri:GrowingInsanity+1","yuri:UnstableStrike","yuri:BrokenCode","yuri:ConsumeGlitch","yuri:GlitchedStrike","yuri:DistillInsanity+1","yuri:Stalk+1","yuri:MirrorInsanity+1","yuri:yuriQuickStrike+1","yuri:Stalk","yuri:BookBlue+1","Parasite","yuri:Stare+1","yuri:GlitchedStrike+1","yuri:Stalk","GhostSword+1","yuri:HoldBack","sneckomod:MorePower"],"relics":["yuri:yuriKnife","aspiration:ArtOfWarUpgrade","aspiration:FetidBarrel","aspiration:HummingbirdHeart","ReplayTheSpireMod:Shallot","yuri:BookOfBooks","Pen Nib","aspiration:VileToxins","ReplayTheSpireMod:TigerMarble","Philosopher\u0027s Stone","Incense Burner","CeramicFish","Bronze Scales","PrismaticShard","Oddly Smooth Stone","aspiration:AnachronicSnailShell","BargainBundle","ScarletDevilRocket"],"acts_visited":["Exordium","TheCity","TheBeyond","TheEnding"],"potions_floor_usage":[59,59],"damage_taken":[{"damage":5.0,"enemies":"Jaw Worm","floor":1.0,"turns":2.0},{"damage":5.0,"enemies":"Cultist","floor":2.0,"turns":4.0},{"damage":1.0,"enemies":"Small Slimes","floor":5.0,"turns":2.0},{"damage":24.0,"enemies":"Lagavulin","floor":6.0,"turns":5.0},{"damage":23.0,"enemies":"3 Sentries","floor":8.0,"turns":7.0},{"damage":10.0,"enemies":"Lagavulin","floor":10.0,"turns":4.0},{"damage":2.0,"enemies":"2 Fungi Beasts","floor":13.0,"turns":2.0},{"damage":1.0,"enemies":"3 Louse","floor":14.0,"turns":2.0},{"damage":44.0,"enemies":"Fading Forest","floor":18.0,"turns":11.0},{"damage":10.0,"enemies":"Shell Parasite","floor":20.0,"turns":4.0},{"damage":6.0,"enemies":"2 Thieves","floor":21.0,"turns":3.0},{"damage":7.0,"enemies":"3 Cultists","floor":23.0,"turns":4.0},{"damage":10.0,"enemies":"Gremlin Leader","floor":25.0,"turns":4.0},{"damage":5.0,"enemies":"Centurion and Healer","floor":29.0,"turns":4.0},{"damage":17.0,"enemies":"Slavers","floor":31.0,"turns":4.0},{"damage":0.0,"enemies":"Snake Plant","floor":33.0,"turns":2.0},{"damage":35.0,"enemies":"Pondfish","floor":35.0,"turns":8.0},{"damage":17,"enemies":"3 Darklings","floor":37,"turns":5},{"damage":7,"enemies":"Mind Bloom Boss Battle","floor":38,"turns":3},{"damage":1,"enemies":"3 Shapes","floor":40,"turns":2},{"damage":7,"enemies":"Writhing Mass","floor":41,"turns":4},{"damage":13,"enemies":"Maw","floor":45,"turns":6},{"damage":44,"enemies":"Transient","floor":46,"turns":5},{"damage":7,"enemies":"Writhing Mass","floor":48,"turns":5},{"damage":10,"enemies":"2 Orb Walkers","floor":51,"turns":4},{"damage":71,"enemies":"Awakened One","floor":54,"turns":7},{"damage":40,"enemies":"Shield and Spear","floor":58,"turns":6},{"damage":84,"enemies":"The Heart","floor":59,"turns":6}],"seed_played":"-6027464780177055963","potions_obtained":[{"floor":1.0,"key":"FearPotion"},{"floor":6.0,"key":"Fire Potion"},{"floor":8.0,"key":"Weak Potion"},{"floor":10.0,"key":"BlessingOfTheForge"}],"is_trial":false,"path_per_floor":["M","M","?","?","M","E","R","E","T","E","PTL","PTL","M","M","R","$","R","B",null,"M","M","$","M","?","E","?","R","T","M","R","E","?","M","R","B",null,"M","?","?","M","M","PTL","PTL","R","M","M","T","M","R","$","?","T","R","B",null,"R","$","E","B"],"character_chosen":"YURI","items_purchased":["yuri:UnstableStrike","PrismaticShard","Oddly Smooth Stone","yuri:Stalk","BargainBundle","yuri:HoldBack","Venom Potion"],"campfire_rested":0,"item_purchase_floors":[22,50,50,50,57,57,57],"current_hp_per_floor":[83,85,85,85,87,75,75,65,65,68,68,68,70,75,75,75,75,66,88,84,84,84,88,88,85,85,85,85,86,86,86,86,88,88,71,88,81,79,79,82,88,88,88,88,84,61,61,82,82,82,72,72,72,37,89,89,89,60,0,0],"gold":76,"neow_bonus":"TEN_PERCENT_HP_BONUS","is_daily":false,"chose_seed":false,"campfire_upgraded":7,"win_rate":0.0,"timestamp":1611454923,"path_taken":["M","M","?","?","M","E","R","E","T","E","PTL","PTL","M","?","R","?","R","BOSS","M","M","$","M","?","E","?","R","T","M","R","E","?","M","R","BOSS","M","?","?","?","?","PTL","PTL","R","M","M","T","M","R","$","?","?","R","BOSS","R","$","E","BOSS"],"items_purchased_type":["Card","Relic","Relic","Card","Relic","Card","Potion"],"build_version":"2020-12-22","purchased_purges":3,"victory":false,"max_hp_per_floor":[88,88,88,88,88,88,88,88,88,88,88,88,88,88,88,88,88,88,88,88,88,88,88,88,88,88,88,88,88,88,88,88,88,88,88,88,88,89,89,89,89,89,89,89,89,89,89,89,89,89,89,89,89,89,89,89,89,89,91,91],"card_choices":[{"not_picked":["yuri:ThrowingKnives","yuri:Skip"],"picked":"yuri:GreenTea","floor":1.0},{"not_picked":["yuri:DejaVu","yuri:UntestedCode"],"picked":"yuri:Stare","floor":2.0},{"not_picked":["yuri:AdaptiveAI","yuri:ThrowingKnives"],"picked":"yuri:BookBlue","floor":5.0},{"not_picked":["yuri:DejaVu","yuri:Skip"],"picked":"yuri:MPose","floor":6.0},{"not_picked":["yuri:ThrowBook","yuri:Spin"],"picked":"yuri:BookBlue","floor":8.0},{"not_picked":["yuri:Parry","yuri:BookBlue"],"picked":"yuri:Stalk","floor":10.0},{"not_picked":["yuri:RepairCode","yuri:yuriHeavyStrike","yuri:WickedSlash"],"picked":"SKIP","floor":13.0},{"not_picked":["yuri:CalmingAura","yuri:yuriQuickStrike"],"picked":"yuri:BookRed","floor":14.0},{"not_picked":["yuri:BookRed+1","yuri:BookBlue+1","yuri:BookPurple+1"],"picked":"yuri:BookGreen+1","floor":19.0},{"not_picked":["yuri:DeepBreathing","yuri:yuriHeavyStrike"],"picked":"yuri:GrowingInsanity","floor":20.0},{"not_picked":["yuri:StealPen","yuri:Skip","yuri:GlitchedStrike"],"picked":"SKIP","floor":21.0},{"not_picked":["yuri:ThrowingKnives","yuri:HeavierStrike"],"picked":"yuri:BrokenCode","floor":23.0},{"not_picked":["yuri:DejaVu+1","yuri:MPose","yuri:RemoveSafetyChecks"],"picked":"SKIP","floor":25.0},{"not_picked":["yuri:HeavierStrike+1","yuri:ReloadGame"],"picked":"yuri:GlitchedStrike","floor":29.0},{"not_picked":["yuri:MPose","yuri:UntestedCode"],"picked":"yuri:DistillInsanity","floor":31.0},{"not_picked":["yuri:Spin","yuri:MPose"],"picked":"yuri:Stalk+1","floor":33.0},{"not_picked":["yuri:NoEscape","yuri:MagneticKnives"],"picked":"yuri:MirrorInsanity","floor":35.0},{"not_picked":["yuri:UntestedCode","yuri:MultiDip"],"picked":"yuri:yuriQuickStrike+1","floor":37},{"not_picked":["yuri:ArmBrace","yuri:RecklessStrike"],"picked":"yuri:Stalk","floor":38},{"not_picked":["yuri:MPose+1","yuri:InsanityDefense+1"],"picked":"yuri:BookBlue","floor":40},{"not_picked":["yuri:ThrowBook+1","yuri:BrokenCode+1"],"picked":"yuri:Stare+1","floor":41},{"not_picked":["yuri:DebugCard","yuri:yuriQuickStrike+1","yuri:yuriHeavyStrike+1"],"picked":"SKIP","floor":45},{"not_picked":["yuri:BookRed+1","yuri:Stare+1"],"picked":"yuri:GlitchedStrike+1","floor":46},{"not_picked":["yuri:InsanityDefense+1","yuri:Parry","yuri:RecklessStrike+1"],"picked":"SKIP","floor":48},{"not_picked":["yuri:StealPen+1","Wild Strike"],"picked":"GhostSword+1","floor":51},{"not_picked":["champ:DefensiveShout+1","champ:Improvising"],"picked":"sneckomod:MorePower","floor":58}],"player_experience":3941,"relics_obtained":[{"floor":6.0,"key":"Art of War"},{"floor":8.0,"key":"aspiration:FetidBarrel"},{"floor":9.0,"key":"aspiration:HummingbirdHeart"},{"floor":10.0,"key":"ReplayTheSpireMod:Shallot"},{"floor":25.0,"key":"Pen Nib"},{"floor":28.0,"key":"aspiration:VileToxins"},{"floor":31.0,"key":"ReplayTheSpireMod:TigerMarble"},{"floor":38,"key":"Incense Burner"},{"floor":47,"key":"Bronze Scales"},{"floor":51,"key":"aspiration:AnachronicSnailShell"},{"floor":58,"key":"ScarletDevilRocket"}],"event_choices":[{"damage_healed":0.0,"max_hp_gain":0.0,"max_hp_loss":0.0,"gold_gain":0.0,"cards_transformed":["yuri:yuriDefend"],"event_name":"Living Wall","player_choice":"Change","floor":3.0,"gold_loss":0.0,"damage_taken":0.0,"cards_obtained":["yuri:BookRed"]},{"damage_healed":0.0,"max_hp_gain":0.0,"max_hp_loss":0.0,"gold_gain":0.0,"cards_transformed":["yuri:yuriStrike","yuri:yuriStrike"],"event_name":"Drug Dealer","player_choice":"Became Test Subject","floor":26.0,"gold_loss":0.0,"damage_taken":0.0,"cards_obtained":["yuri:ConsumeGlitch","yuri:StealPen"]},{"damage_healed":0,"gold_gain":0,"player_choice":"Fight","damage_taken":0,"max_hp_gain":0,"max_hp_loss":0,"event_name":"MindBloom","floor":38,"gold_loss":0},{"damage_healed":0,"gold_gain":0,"player_choice":"Paid Gold","damage_taken":0,"relics_obtained":["CeramicFish"],"max_hp_gain":0,"max_hp_loss":0,"event_name":"WeMeetAgain","floor":39,"gold_loss":134},{"damage_healed":0,"gold_gain":0,"player_choice":"Fight","damage_taken":0,"max_hp_gain":0,"max_hp_loss":0,"event_name":"Mysterious Sphere","floor":51,"gold_loss":0}],"is_beta":false,"boss_relics":[{"not_picked":["Replay:Ancient Bell","aspiration:MarisaSkillbook"],"picked":"yuri:BookOfBooks"},{"not_picked":["Busted Crown","Coffee Dripper"],"picked":"Philosopher\u0027s Stone"}],"items_purged_floors":[22,50,57],"is_endless":false,"potions_floor_spawned":[1,6,8,10,20,23,33,37,38,41],"killed_by":"The Heart","ascension_level":0}}