{"host":"om3vwxs2fz5vu4gd","time":1611484040,"event":{"mods":["BaseMod","Downfall","Minty Spire (QoL Compilation)","Robot Space Explorer","StSLib"],"gold_per_floor":[0,18,37,187,187,200,251,277,296,313,340,340,357,367,378,477,477,477,497,535,560,560,560,560],"floor_reached":22,"language":"ENG","playtime":1589,"items_purged":[],"score":240,"play_id":"954a4c6b-1c37-4438-932b-e6cf56218b57","local_time":"20210124212720","is_ascension_mode":false,"campfire_choices":[{"data":"sneckomod:SnekBite","floor":1.0,"key":"SMITH"},{"data":"sneckomod:CheapStock","floor":12.0,"key":"SMITH"},{"data":"sneckomod:UnknownRareSkill","floor":18.0,"key":"SMITH"}],"circlet_count":0,"master_deck":["sneckomod:TailWhip","sneckomod:SnekBite+1","sneckomod:Unknown","sneckomod:Unknown","sneckomod:UnknownX","sneckomod:ImprovisedGuard","sneckomod:WideSting","sneckomod:CheapStock+1","sneckomod:MorePower","sneckomod:UnknownRareAttack+1","sneckomod:UnknownRarePower+1","sneckomod:UnknownExhaust+1","sneckomod:UnknownRareSkill+1","sneckomod:UnlimitedRolls","sneckomod:UnknownRareSkill+1","sneckomod:UnknownCommonAttack","sneckomod:UnknownClassPURPLE","sneckomod:UnknownClassBLUE","sneckomod:UnknownStrike","sneckomod:UnknownCommonAttack","sneckomod:UnknownColorless+1","sneckomod:UnknownRarePower+1","sneckomod:UnknownWeak","sneckomod:UnknownColorless+1","sneckomod:UnknownClassGUARDIAN+1","sneckomod:UnknownUncommonSkill+1","sneckomod:UnknownExhaust+1","sneckomod:UnknownClassBLUE+1","sneckomod:MorePower"],"relics":["sneckomod:SneckoSoul","Mango","Omamori","Happy Flower","sneckomod:LoadedDie","Pandora\u0027s Box","Red Mask"],"acts_visited":["Exordium","TheCity"],"potions_floor_usage":[],"damage_taken":[{"damage":8.0,"enemies":"Jaw Worm","floor":2.0,"turns":4.0},{"damage":5.0,"enemies":"Small Slimes","floor":3.0,"turns":2.0},{"damage":0.0,"enemies":"Cultist","floor":6.0,"turns":3.0},{"damage":0.0,"enemies":"Exordium Thugs","floor":9.0,"turns":4.0},{"damage":7.0,"enemies":"Gremlin Gang","floor":10.0,"turns":5.0},{"damage":11.0,"enemies":"3 Sentries","floor":11.0,"turns":10.0},{"damage":2.0,"enemies":"3 Louse","floor":13.0,"turns":3.0},{"damage":2.0,"enemies":"Exordium Thugs","floor":14.0,"turns":3.0},{"damage":4.0,"enemies":"Large Slime","floor":15.0,"turns":6.0},{"damage":57.0,"enemies":"downfall:Defect","floor":16.0,"turns":8.0},{"damage":16.0,"enemies":"Shell Parasite","floor":19.0,"turns":6.0},{"damage":30.0,"enemies":"3 Cultists","floor":20.0,"turns":5.0},{"damage":68.0,"enemies":"Masked Bandits","floor":21.0,"turns":7.0},{"damage":0,"enemies":"Snake Plant","floor":22,"turns":1}],"seed_played":"-5562619616837134554","potions_obtained":[{"floor":3.0,"key":"SpeedPotion"},{"floor":6.0,"key":"SpeedPotion"},{"floor":9.0,"key":"Guardian:BlockOnCardUsePotion"},{"floor":16.0,"key":"Weak Potion"}],"is_trial":false,"path_per_floor":["R","M","M","?","?","M","T","T","M","M","E","R","M","M","M","B",null,"R","M","M","?","M"],"character_chosen":"THE_SNECKO","items_purchased":[],"campfire_rested":0,"item_purchase_floors":[],"current_hp_per_floor":[104,97,92,92,92,92,92,92,92,85,74,74,76,75,76,20,118,118,105,76,12,12,12,12],"gold":560,"neow_bonus":"ONE_RARE_RELIC","is_daily":false,"chose_seed":false,"campfire_upgraded":3,"win_rate":0.0,"timestamp":1611484040,"path_taken":["R","M","M","?","?","?","T","?","M","M","E","R","?","M","M","BOSS","R","M","M","?","M"],"items_purchased_type":[],"build_version":"2020-12-22","purchased_purges":0,"victory":false,"max_hp_per_floor":[104,105,105,105,105,105,105,105,105,105,105,105,109,110,111,112,118,118,121,122,126,126,126,126],"card_choices":[{"not_picked":["sneckomod:UnknownVulnerable","sneckomod:Unknown0Cost"],"picked":"sneckomod:UnknownX","floor":2.0},{"not_picked":["sneckomod:DiceBoulder","sneckomod:IronFang"],"picked":"sneckomod:ImprovisedGuard","floor":3.0},{"not_picked":["sneckomod:UnknownStrike","sneckomod:UnknownClassRED"],"picked":"sneckomod:WideSting","floor":6.0},{"not_picked":["sneckomod:DiceCrush","sneckomod:QuickMove"],"picked":"sneckomod:CheapStock","floor":9.0},{"not_picked":["sneckomod:UnknownClassTHE_CHAMP_GRAY","sneckomod:UnknownStrike","sneckomod:UnknownBlock"],"picked":"SKIP","floor":10.0},{"not_picked":["sneckomod:TrashToTreasure","sneckomod:UnknownClassSLIMEBOUND"],"picked":"sneckomod:MorePower","floor":11.0},{"not_picked":["sneckomod:UnknownCommonSkill+1","sneckomod:Unknown1Cost+1"],"picked":"sneckomod:UnknownRareAttack+1","floor":13.0},{"not_picked":["sneckomod:QuickMove","sneckomod:SnakeSap","sneckomod:UnknownCommonSkill"],"picked":"SKIP","floor":13.0},{"not_picked":["sneckomod:Unknown3Cost+1","sneckomod:UnknownEthereal+1"],"picked":"sneckomod:UnknownRarePower+1","floor":14.0},{"not_picked":["sneckomod:UnknownWeak","sneckomod:DiceCrush","sneckomod:Unknown0Cost"],"picked":"SKIP","floor":14.0},{"not_picked":["sneckomod:Unknown2Cost+1","sneckomod:UnknownClassSLIMEBOUND+1"],"picked":"sneckomod:UnknownExhaust+1","floor":15.0},{"not_picked":["sneckomod:Unknown2Cost","sneckomod:Unknown1Cost","sneckomod:UnknownWeak"],"picked":"SKIP","floor":15.0},{"not_picked":["sneckomod:UnknownExhaust+1","sneckomod:UnknownClassGREEN+1"],"picked":"sneckomod:UnknownRareSkill+1","floor":16.0},{"not_picked":["sneckomod:UnknownRareAttack","sneckomod:UnknownRareSkill"],"picked":"sneckomod:UnlimitedRolls","floor":16.0},{"not_picked":["sneckomod:UnknownClassHEXA_GHOST_PURPLE+1","sneckomod:UnknownClassBLUE+1"],"picked":"sneckomod:UnknownColorless+1","floor":19.0},{"not_picked":["sneckomod:UnknownColorless+1","sneckomod:UnknownClassHEXA_GHOST_PURPLE+1"],"picked":"sneckomod:UnknownRarePower+1","floor":19.0},{"not_picked":["sneckomod:UnknownClassGREEN","sneckomod:MasterEye+1"],"picked":"sneckomod:UnknownWeak","floor":19.0},{"not_picked":["sneckomod:UnknownRareAttack+1","sneckomod:UnknownClassSLIMEBOUND+1"],"picked":"sneckomod:UnknownColorless+1","floor":20.0},{"not_picked":["sneckomod:MasterEye","sneckomod:UnknownStrike+1","sneckomod:IronFang"],"picked":"SKIP","floor":20.0},{"not_picked":["sneckomod:UnknownStrength+1","sneckomod:Unknown+1"],"picked":"sneckomod:UnknownClassGUARDIAN+1","floor":21.0},{"not_picked":["sneckomod:UnknownRarePower+1","sneckomod:UnknownClassSLIMEBOUND+1"],"picked":"sneckomod:UnknownUncommonSkill+1","floor":21.0},{"not_picked":["sneckomod:UnknownUncommonPower+1","sneckomod:UnknownClassSLIMEBOUND+1"],"picked":"sneckomod:UnknownExhaust+1","floor":21.0},{"not_picked":["sneckomod:Unknown0Cost+1","sneckomod:UnknownRarePower+1"],"picked":"sneckomod:UnknownClassBLUE+1","floor":21.0},{"not_picked":["sneckomod:WideSting","sneckomod:UnknownClassSLIMEBOUND"],"picked":"sneckomod:MorePower","floor":21.0}],"player_experience":415968,"relics_obtained":[{"floor":7.0,"key":"Omamori"},{"floor":8.0,"key":"Happy Flower"},{"floor":11.0,"key":"sneckomod:LoadedDie"},{"floor":21.0,"key":"Red Mask"}],"event_choices":[{"cards_removed":["Slimebound:Icky"],"damage_healed":0.0,"max_hp_gain":0.0,"max_hp_loss":0.0,"gold_gain":0.0,"event_name":"Wheel of Change","player_choice":"Card Removal","floor":5.0,"gold_loss":0.0,"damage_taken":0.0},{"damage_healed":0.0,"max_hp_gain":0.0,"max_hp_loss":0.0,"gold_gain":0.0,"event_name":"Masked Bandits","player_choice":"Fought Bandits","floor":21.0,"gold_loss":0.0,"damage_taken":0.0}],"is_beta":false,"boss_relics":[{"not_picked":["SlaversCollar","Empty Cage"],"picked":"Pandora\u0027s Box"}],"items_purged_floors":[],"is_endless":false,"potions_floor_spawned":[3,6,9,10,16],"killed_by":"Snake Plant","ascension_level":0}}