{"host":"7k2a2omxz3voj5ax","time":1611477073,"event":{"mods":["BaseMod","Marisa£¨ìFÓê¡¡Ä§ÀíÉ³£©","Minty Spire (QoL Compilation)","Quick Restart","Spicy Shops","StSLib","Starting Relic: Pandora\u0027s Box","¡¾ÒÅÎï¿¨ÅÆ¡¿REMEMod","óô»ðÖ¸ÄÏ"],"gold_per_floor":[133,133,146,146,189,3109,3140,2914,2964,2507,2556,2556,2625,2640,2259,2387,2387,2406,2406,2406,2425,2481,2512,1756,1756,1782,1440,1466,1482,1804,1984,1984,2164,2164,2179,2249,2083,2098,2048,1667,2634,3252,3252,3649,3467,5482,5482,5482,5482,5644,6390,6390,4205,4105,4139,4139],"floor_reached":57,"language":"ZHS","playtime":2330,"items_purged":["MasterSpark","DoubleSpark","GravityBeat","UpSweep","AsteroidBelt","WitchOfGreed","GasGiant","PowerUp","Armaments","REME_EmptyShield","GasGiant+1","WitchLeyline+1","MeteoricShower","REME_AllRoundStrike+1","Robbery+1","REME_AllRoundStrike+1"],"score":3463,"play_id":"cc762db1-ec6c-413f-8b63-87cf105175f2","local_time":"20210124173113","is_ascension_mode":true,"campfire_choices":[{"data":"BlazeAway","floor":12.0,"key":"SMITH"},{"floor":32.0,"key":"RECALL"},{"data":"Singularity","floor":49,"key":"SMITH"}],"circlet_count":1,"master_deck":["AscendersBane","Juggernaut+1","Singularity+1","BlazeAway+1","Deep Breath","Deep Breath","Flash of Steel+1","REME_AllRoundStrike+1"],"relics":["MiniHakkero","REME_ComplimentaryCards","Bloody Idol","Membership Card","PrismaticShard","Whetstone","OrangePellets","Potion Belt","Akabeko","Molten Egg 2","Chemical X","Art of War","Question Card","RampagingMagicTools","MutagenicStrength","InkBottle","The Courier","Omamori","Calipers","TheAbacus","Bag of Preparation","Centennial Puzzle","AmplifyWand","Bag of Marbles","Bronze Scales","Lantern","DollysMirror","Mummified Hand","Torii","Smiling Mask","REME_DuelDisc","War Paint","Medical Kit","Sundial","Toxic Egg 2","Pocketwatch","Ornamental Fan","SimpleLauncher","Blue Candle","HandmadeGrimoire","HornCleat","Pear","Unceasing Top","Mercury Hourglass","Ice Cream","MagicBroom","Turnip","BreadOfAWashokuLover","StrikeDummy","TungstenRod","Ginger","Incense Burner","FossilizedHelix","Du-Vu Doll","Thread and Needle","StoneCalendar","Circlet"],"acts_visited":["Exordium","TheCity","TheBeyond","TheEnding"],"potions_floor_usage":[56,56,56,56,56,56,56],"damage_taken":[{"damage":18.0,"enemies":"Small Slimes","floor":1.0,"turns":2.0},{"damage":12.0,"enemies":"Jaw Worm","floor":3.0,"turns":2.0},{"damage":0.0,"enemies":"Cultist","floor":5.0,"turns":3.0},{"damage":0.0,"enemies":"2 Fungi Beasts","floor":7.0,"turns":2.0},{"damage":2.0,"enemies":"Gremlin Nob","floor":11.0,"turns":2.0},{"damage":12.0,"enemies":"Large Slime","floor":13.0,"turns":4.0},{"damage":0.0,"enemies":"3 Louse","floor":14.0,"turns":1.0},{"damage":0.0,"enemies":"Slime Boss","floor":16.0,"turns":3.0},{"damage":0.0,"enemies":"3 Byrds","floor":18.0,"turns":2.0},{"damage":0.0,"enemies":"Chosen","floor":21.0,"turns":2.0},{"damage":15.0,"enemies":"Snecko","floor":22.0,"turns":3.0},{"damage":5.0,"enemies":"Book of Stabbing","floor":23.0,"turns":3.0},{"damage":0.0,"enemies":"Gremlin Leader","floor":28.0,"turns":1.0},{"damage":0.0,"enemies":"3 Cultists","floor":29.0,"turns":1.0},{"damage":0.0,"enemies":"Book of Stabbing","floor":30.0,"turns":1.0},{"damage":0.0,"enemies":"Snake Plant","floor":31.0,"turns":1.0},{"damage":0.0,"enemies":"Automaton","floor":33.0,"turns":3.0},{"damage":0.0,"enemies":"3 Darklings","floor":35.0,"turns":1.0},{"damage":1.0,"enemies":"3 Shapes","floor":36.0,"turns":1.0},{"damage":0.0,"enemies":"Jaw Worm Horde","floor":38.0,"turns":1.0},{"damage":0.0,"enemies":"Giant Head","floor":41.0,"turns":1.0},{"damage":0.0,"enemies":"Maw","floor":42.0,"turns":1.0},{"damage":0.0,"enemies":"Spire Growth","floor":44.0,"turns":1.0},{"damage":0.0,"enemies":"Transient","floor":46.0,"turns":1.0},{"damage":0,"enemies":"Time Eater","floor":50,"turns":2},{"damage":0,"enemies":"Awakened One","floor":51,"turns":2},{"damage":0,"enemies":"Shield and Spear","floor":55,"turns":1},{"damage":0,"enemies":"The Heart","floor":56,"turns":4}],"seed_played":"-7525877715519543217","potions_obtained":[{"floor":1.0,"key":"Dexterity Potion"},{"floor":1.0,"key":"SteroidPotion"},{"floor":7.0,"key":"SkillPotion"},{"floor":13.0,"key":"ShroomBrew"},{"floor":13.0,"key":"Weak Potion"},{"floor":22.0,"key":"FearPotion"},{"floor":23.0,"key":"EntropicBrew"}],"is_trial":false,"path_per_floor":["M","?","M","?","M","R","M","R","T","R","E","R","M","M","R","B",null,"M","?","?","M","M","E","R","?","T","$","E","M","E","M","R","B",null,"M","M","$","M","$","R","E","M","T","M","R","M","?","?","R","B","B",null,"R","$","E","B",null],"character_chosen":"MARISA","items_purchased":["Membership Card","PrismaticShard","Singularity","Whetstone","OrangePellets","Potion Belt","Akabeko","Molten Egg 2","Chemical X","Robbery+1","Question Card","Deep Breath","The Courier","Omamori","Calipers","TheAbacus","Bag of Preparation","Centennial Puzzle","AmplifyWand","Bag of Marbles","Lantern","DollysMirror","Mummified Hand","War Paint","Medical Kit","Sundial","Toxic Egg 2","SimpleLauncher","Blue Candle","HandmadeGrimoire","HornCleat","Pear","Unceasing Top","Mercury Hourglass","Ice Cream","MagicBroom","Turnip","BreadOfAWashokuLover","StrikeDummy","TungstenRod","Ginger","Incense Burner","FossilizedHelix","Du-Vu Doll","Thread and Needle","StoneCalendar","Flash of Steel+1"],"campfire_rested":0,"item_purchase_floors":[6,6,6,8,8,10,10,10,10,10,15,15,24,24,24,24,24,24,24,24,27,27,27,37,40,40,40,45,53,53,53,53,53,53,53,53,53,53,53,53,53,53,53,53,53,53,53],"current_hp_per_floor":[45,45,33,33,33,33,33,33,33,33,31,31,19,19,19,19,48,48,48,48,53,47,52,52,52,57,57,57,57,57,57,57,57,57,57,57,57,57,57,57,57,57,57,57,57,57,57,54,54,54,54,54,64,64,64,64],"gold":4139,"neow_bonus":"RANDOM_COLORLESS_2","is_daily":false,"chose_seed":false,"campfire_upgraded":2,"win_rate":0.0,"timestamp":1611477073,"path_taken":["M","?","M","?","?","R","M","R","T","R","E","R","M","M","R","BOSS","M","?","?","M","M","E","R","?","T","?","E","M","E","M","R","BOSS","M","M","$","M","$","R","E","M","T","M","R","M","?","?","R","BOSS","BOSS","R","$","E","BOSS"],"items_purchased_type":["Relic","Relic","Card","Relic","Relic","Relic","Relic","Relic","Relic","Card","Relic","Card","Relic","Relic","Relic","Relic","Relic","Relic","Relic","Relic","Relic","Relic","Relic","Relic","Relic","Relic","Relic","Relic","Relic","Relic","Relic","Relic","Relic","Relic","Relic","Relic","Relic","Relic","Relic","Relic","Relic","Relic","Relic","Relic","Relic","Relic","Card"],"build_version":"2020-12-22","purchased_purges":16,"victory":true,"max_hp_per_floor":[63,57,57,57,57,57,57,57,57,57,57,57,57,57,57,57,57,57,57,57,57,57,57,57,57,57,57,57,57,57,57,57,57,57,57,57,57,57,57,57,57,57,57,57,57,57,57,54,54,54,54,54,64,64,64,64],"card_choices":[{"not_picked":["REME_BuildACard","REME_HeartOfCthun"],"picked":"REME_AllRoundStrike","floor":0.0},{"not_picked":["WitchOfGreed","AsteroidBelt","WitchLeyline"],"picked":"SKIP","floor":1.0},{"not_picked":["WitchLeyline","MagicChant"],"picked":"PowerUp","floor":3.0},{"not_picked":["OortCloud","PropBag","MeteoricShower"],"picked":"SKIP","floor":5.0},{"not_picked":["Clash","Headbutt"],"picked":"BlazeAway","floor":7.0},{"not_picked":["FollowUp+1","AlicesGift+1","Anger+1"],"picked":"SKIP","floor":11.0},{"not_picked":["ManaRampage","Dramatic Entrance+1","Underhanded Strike+1"],"picked":"SKIP","floor":13.0},{"not_picked":["Searing Blow+1","GalacticHalo","ChargingUp"],"picked":"SKIP","floor":14.0},{"not_picked":["Armaments","Genetic Algorithm","Reinforced Body","CutThroughFate+1"],"picked":"SKIP","floor":18.0},{"not_picked":["Genetic Algorithm","Reinforced Body","CutThroughFate+1"],"picked":"Armaments","floor":18.0},{"not_picked":["Clothesline+1","ThirdEye","Streamline+1","Turbo"],"picked":"SKIP","floor":21.0},{"not_picked":["WheelKick+1","Havoc","Backflip+1"],"picked":"REME_EmptyShield","floor":22.0},{"not_picked":["Clash+1","Reckless Charge+1","DevaForm","AsteroidBelt"],"picked":"SKIP","floor":23.0},{"not_picked":["Disarm","Concentrate","Shrug It Off","REME_ShadowStrike+1"],"picked":"SKIP","floor":28.0},{"not_picked":["Evaluate","Heatsinks","Calculated Gamble","REME_Whirling"],"picked":"SKIP","floor":29.0},{"not_picked":["Dagger Spray+1","Heel Hook+1","Cleave+1","Headbutt+1"],"picked":"SKIP","floor":30.0},{"not_picked":["Leg Sweep","CrushJoints+1","Underhanded Strike+1","Compile Driver+1"],"picked":"SKIP","floor":31.0},{"not_picked":["Crescendo","LikeWater","Bane+1"],"picked":"Deep Breath","floor":35.0},{"not_picked":["Whirlwind+1","Quick Slash+1","Caltrops","LuminesStrike+1"],"picked":"SKIP","floor":36.0},{"not_picked":["Ball Lightning+1","Streamline+1","Choke+1","Dagger Throw+1"],"picked":"SKIP","floor":38.0},{"not_picked":["Madness+1","REME_DataAnalysis+1","REME_PuzzleBox+1","Enlightenment+1"],"picked":"SKIP","floor":41.0},{"not_picked":["Turbo+1","Cleave+1","Occultation+1","Chaos+1"],"picked":"SKIP","floor":42.0},{"not_picked":["Evolve","Spot Weakness+1","Twin Strike+1","Stack+1"],"picked":"SKIP","floor":44.0},{"not_picked":["Quick Slash+1","Stack+1","Leap+1","Terror+1"],"picked":"SKIP","floor":46.0},{"not_picked":["REME_EyeOfCthun+1","FlyingSleeves+1","Stack+1","Cleave+1"],"picked":"SKIP","floor":55}],"player_experience":490228,"relics_obtained":[{"floor":11.0,"key":"Art of War"},{"floor":23.0,"key":"InkBottle"},{"floor":26.0,"key":"Bronze Scales"},{"floor":28.0,"key":"Torii"},{"floor":30.0,"key":"Smiling Mask"},{"floor":41.0,"key":"Pocketwatch"},{"floor":43.0,"key":"Ornamental Fan"},{"floor":55,"key":"Circlet"}],"event_choices":[{"damage_healed":0.0,"max_hp_gain":0.0,"max_hp_loss":6.0,"gold_gain":0.0,"event_name":"Golden Idol","player_choice":"Lose Max HP","floor":2.0,"gold_loss":0.0,"damage_taken":0.0,"relics_obtained":["Golden Idol"]},{"damage_healed":0.0,"max_hp_gain":0.0,"max_hp_loss":0.0,"gold_gain":0.0,"event_name":"Accursed Blacksmith","player_choice":"Forge","floor":4.0,"gold_loss":0.0,"damage_taken":0.0,"cards_upgraded":["Juggernaut"]},{"damage_healed":0.0,"max_hp_gain":0.0,"max_hp_loss":0.0,"gold_gain":0.0,"event_name":"Drug Dealer","player_choice":"Inject Mutagens","floor":19.0,"gold_loss":0.0,"damage_taken":0.0,"relics_obtained":["MutagenicStrength"]},{"damage_healed":0.0,"max_hp_gain":0.0,"max_hp_loss":0.0,"gold_gain":0.0,"event_name":"Forgotten Altar","player_choice":"Gave Idol","floor":20.0,"relics_lost":["Golden Idol"],"gold_loss":0.0,"damage_taken":0.0,"relics_obtained":["Bloody Idol"]},{"damage_healed":0.0,"max_hp_gain":0.0,"max_hp_loss":0.0,"gold_gain":0.0,"event_name":"Ghosts","player_choice":"Ignored","floor":25.0,"gold_loss":0.0,"damage_taken":0.0},{"cards_removed":["REME_EmptyShield"],"damage_healed":0.0,"max_hp_gain":0.0,"max_hp_loss":0.0,"gold_gain":0.0,"event_name":"Falling","player_choice":"Removed Skill","floor":47.0,"gold_loss":0.0,"damage_taken":0.0},{"damage_healed":0.0,"max_hp_gain":0.0,"max_hp_loss":3.0,"gold_gain":0.0,"event_name":"Winding Halls","player_choice":"Max HP","floor":48.0,"gold_loss":0.0,"damage_taken":0.0}],"is_beta":false,"boss_relics":[{"not_picked":["Cursed Key","SlaversCollar"],"picked":"RampagingMagicTools"},{"not_picked":["Fusion Hammer","Velvet Choker"],"picked":"REME_DuelDisc"}],"items_purged_floors":[6,6,8,10,15,15,27,37,37,39,40,40,45,53,54,54],"is_endless":false,"potions_floor_spawned":[1,13,22,23,28,30,31,33,35,44,55],"ascension_level":20}}