{"host":"5sge6gv1nm0vflk2","time":1611473198,"event":{"mods":["AchievementEnabler","Aspiration","Bard","BaseMod","Beaked The Cultist","Better Third Choice","BetterRewards","Challenge The Spire","Colored Powertips","Conspire","Curses Come First","Downfall","Halation","Hubris","Infinite Spire","Minty Spire (QoL Compilation)","Relic Stats","Shade Mod","Shop Mod","Spicy Shops","StSLib","The Construct","The Cursed","The Disciple","The Hierophant","The Runesmith","The Servant 0.9.4"],"gold_per_floor":[109,109,127,140,44,14,47,47,72,22,22,22,38,70,70,175,175,228,183,183,183,328,328,328,587,587,3,354,703,45,383,383,383,383],"floor_reached":33,"language":"ENG","playtime":4059,"items_purged":["hubris:Greed","hubris:Greed","hubris:Greed"],"score":498,"play_id":"e150b5c2-60cf-46cb-8cbf-1f2cae357e98","local_time":"20210124012638","is_ascension_mode":false,"campfire_choices":[{"data":"TheCursedMod:CircleOfWindfury","floor":8,"key":"SMITH"},{"data":"TheCursedMod:CleanUpWorkshop","floor":11,"key":"SMITH"},{"floor":15,"key":"REST"},{"data":"TheCursedMod:SmokeScreen","floor":23,"key":"SMITH"},{"floor":32,"key":"REST"}],"circlet_count":0,"master_deck":["TheCursedMod:Strike_TheCursed","TheCursedMod:Strike_TheCursed","TheCursedMod:Strike_TheCursed","TheCursedMod:Strike_TheCursed","TheCursedMod:Defend_TheCursed","TheCursedMod:Defend_TheCursed","TheCursedMod:Defend_TheCursed","TheCursedMod:Defend_TheCursed","TheCursedMod:CursedWand","TheCursedMod:CleanUpWorkshop+1","TheCursedMod:Dregs","TheCursedMod:CircleOfWindfury+1","TheCursedMod:CursedShiv","TheCursedMod:RapidMovement","TheCursedMod:FleshFromBone","TheCursedMod:RapidMovement","TheCursedMod:TacticalStrike","TheCursedMod:CursedAmulet","TheCursedMod:LuckyCharm","TheCursedMod:SmokeScreen+1","TheCursedMod:WearCloak","TheCursedMod:VoidForm+1","hubris:Greed","hubris:Greed","hubris:Greed","hubris:Greed","hubris:Greed","TheCursedMod:Stretching+1","hubris:Greed","hubris:Greed","hubris:Greed","hubris:Greed","hubris:Greed","hubris:Greed","hubris:Greed","hubris:Greed","TheCursedMod:ReleasedKnowledge+1","hubris:Greed","hubris:Greed","hubris:Greed","hubris:Greed","hubris:Greed","hubris:Greed","hubris:Greed","hubris:Greed","hubris:Greed","TheCursedMod:CursedBlade","hubris:Greed","hubris:Greed","hubris:Greed","hubris:Greed","hubris:Greed","hubris:Greed","hubris:Greed","hubris:Greed","hubris:Greed","hubris:Greed","hubris:Greed","hubris:Greed","hubris:Greed","hubris:Greed","hubris:Greed","hubris:Greed","hubris:Greed","hubris:Greed","hubris:Greed","hubris:Greed","hubris:Greed","hubris:Greed","hubris:Greed","hubris:Greed","TheCursedMod:WearCloak","hubris:Greed","hubris:Greed","hubris:Greed","hubris:Greed","hubris:Greed","hubris:Greed","hubris:Greed","hubris:Greed","hubris:Greed","hubris:Greed","hubris:Greed","hubris:Greed","hubris:Greed","hubris:Greed","hubris:Greed","hubris:Greed","hubris:Greed","hubris:Greed","TheCursedMod:Stretching","hubris:Greed","TheCursedMod:SpitefulStrike","TheCursedMod:SpitefulPray","TheCursedMod:StunningStrike","TheCursedMod:StunningStrike","hubris:Greed","hubris:Greed"],"relics":["TheCursedMod:BlackMagic101","MealTicket","MerchantsRug","hubris:EmptyBottle","aspiration:Lifesprig","infinitespire:BottledMercury","Happy Flower","Blood Vial","Akabeko","hubris:ScarierMask","hubris:Towel","TheCursedMod:CrystalBall","Kunai","Pen Nib","Centennial Puzzle","Toy Ornithopter","Bronze Scales"],"acts_visited":["Exordium","TheCity"],"potions_floor_usage":[14,16,16,16,25,28],"damage_taken":[{"damage":0.0,"enemies":"2 Louse","floor":1.0,"turns":2.0},{"damage":1.0,"enemies":"Jaw Worm","floor":3.0,"turns":4.0},{"damage":0,"enemies":"Cultist","floor":4,"turns":4},{"damage":0,"enemies":"Looter","floor":6,"turns":4},{"damage":0,"enemies":"Lagavulin","floor":7,"turns":10},{"damage":0,"enemies":"3 Louse","floor":13,"turns":5},{"damage":36,"enemies":"Gremlin Nob","floor":14,"turns":7},{"damage":2,"enemies":"Slime Boss","floor":16,"turns":10},{"damage":0,"enemies":"Shell Parasite","floor":18,"turns":8},{"damage":0,"enemies":"2 Thieves","floor":19,"turns":5},{"damage":0,"enemies":"Sentry and Sphere","floor":22,"turns":4},{"damage":0,"enemies":"conspire:HollyBat","floor":25,"turns":10},{"damage":51,"enemies":"Gremlin Leader","floor":28,"turns":8},{"damage":1,"enemies":"Snecko","floor":29,"turns":4},{"damage":9,"enemies":"Shelled Parasite and Fungi","floor":31,"turns":2},{"damage":62,"enemies":"Collector","floor":33,"turns":8}],"seed_played":"4948500814253988178","potions_obtained":[{"floor":1.0,"key":"Regen Potion"},{"floor":13,"key":"sneckomod:MuddlingPotion"},{"floor":14,"key":"AttackPotion"},{"floor":22,"key":"AttackPotion"},{"floor":25,"key":"SteroidPotion"}],"is_trial":false,"path_per_floor":["M","?","M","M","$","M","E","R","T","$","R","?","M","E","R","B",null,"M","M","?","?","M","R","?","M","T","$","E","M","$","M","R","B"],"character_chosen":"THE_CURSED","items_purchased":["MealTicket","MerchantsRug","hubris:EmptyBottle","aspiration:Lifesprig","TheCursedMod:FleshFromBone","TheCursedMod:RapidMovement","TheCursedMod:LuckyCharm","Kunai","Pen Nib","Toy Ornithopter","Bronze Scales","TheCursedMod:SpitefulPray","TheCursedMod:StunningStrike"],"campfire_rested":2,"item_purchase_floors":[0,0,0,0,5,5,10,27,27,30,30,30,30],"current_hp_per_floor":[67,75,74,74,75,75,75,75,75,75,75,75,75,44,66,74,75,75,75,75,75,75,75,75,75,75,75,24,25,40,33,55,0,0],"gold":383,"neow_bonus":"","is_daily":false,"chose_seed":false,"campfire_upgraded":3,"win_rate":0.0,"timestamp":1611473198,"path_taken":["M","?","M","M","?","?","E","R","T","$","R","?","M","E","R","BOSS","M","M","?","?","M","R","?","M","T","$","E","?","?","M","R","BOSS"],"items_purchased_type":["Relic","Relic","Relic","Relic","Card","Card","Card","Relic","Relic","Relic","Relic","Card","Card"],"build_version":"2020-12-22","purchased_purges":3,"victory":false,"max_hp_per_floor":[75,75,75,75,75,75,75,75,75,75,75,75,75,75,75,75,75,75,75,75,75,75,75,75,75,75,75,75,75,75,75,75,75,75],"relic_stats":{"Blood Vial":8,"Centennial Puzzle":[9],"Happy Flower":[47],"counters":[48,280],"Bronze Scales":[39],"MealTicket":16,"Pen Nib":[1],"Kunai":[1],"obtain_stats":[{"infinitespire:BottledMercury":0,"Regal Pillow":14,"aspiration:Lifesprig":0,"Uniform":0,"Bag of Preparation":22,"hubris:SlimyHat":26,"Whetstone":14,"Bottled Tornado":6,"hubris:EmptyBottle":0,"halation:HeavySnake":17,"conspire:InfiniteJournal":40,"Blood Vial":9,"Centennial Puzzle":28,"beaked:SacredDeck":34,"hubris:ScarierMask":17,"MealTicket":0,"TheCursedMod:CrystalBall":26,"Kunai":27,"MerchantsRug":19,"TheCursedMod:BlackMagic101":0,"Pear":9,"Happy Flower":20,"aspiration:Nostalgia":0,"halation:BottledLove":7,"aspiration:FetidBarrel":9,"Astrolabe":17,"Eternal Feather":23,"Pen Nib":27,"Orichalcum":10,"hubris:Towel":20,"Akabeko":14,"OrangePellets":29,"infinitespire:DarkRift":0,"Anchor":22,"Bronze Scales":30,"halation:EternalFortune":2,"halation:AfternoonTea":0,"Toy Ornithopter":30},{"infinitespire:BottledMercury":32,"Regal Pillow":6,"aspiration:Lifesprig":32,"Uniform":0,"Bag of Preparation":9,"hubris:SlimyHat":23,"Whetstone":18,"Bottled Tornado":4,"hubris:EmptyBottle":32,"halation:HeavySnake":19,"conspire:InfiniteJournal":31,"Blood Vial":37,"Centennial Puzzle":45,"beaked:SacredDeck":27,"hubris:ScarierMask":40,"MealTicket":32,"TheCursedMod:CrystalBall":44,"Kunai":44,"MerchantsRug":8,"TheCursedMod:BlackMagic101":0,"Pear":4,"Happy Flower":21,"aspiration:Nostalgia":0,"halation:BottledLove":15,"aspiration:FetidBarrel":15,"Astrolabe":7,"Eternal Feather":10,"Pen Nib":44,"Orichalcum":4,"hubris:Towel":42,"Akabeko":39,"OrangePellets":24,"infinitespire:DarkRift":0,"Anchor":22,"Bronze Scales":46,"halation:EternalFortune":12,"halation:AfternoonTea":11,"Toy Ornithopter":46},{"infinitespire:BottledMercury":185,"Regal Pillow":38,"aspiration:Lifesprig":185,"Uniform":0,"Bag of Preparation":51,"hubris:SlimyHat":124,"Whetstone":90,"Bottled Tornado":23,"hubris:EmptyBottle":185,"halation:HeavySnake":100,"conspire:InfiniteJournal":175,"Blood Vial":209,"Centennial Puzzle":266,"beaked:SacredDeck":151,"hubris:ScarierMask":231,"MealTicket":185,"TheCursedMod:CrystalBall":258,"Kunai":258,"MerchantsRug":47,"TheCursedMod:BlackMagic101":0,"Pear":23,"Happy Flower":112,"aspiration:Nostalgia":0,"halation:BottledLove":76,"aspiration:FetidBarrel":76,"Astrolabe":43,"Eternal Feather":59,"Pen Nib":258,"Orichalcum":23,"hubris:Towel":244,"Akabeko":221,"OrangePellets":132,"infinitespire:DarkRift":0,"Anchor":117,"Bronze Scales":270,"halation:EternalFortune":63,"halation:AfternoonTea":60,"Toy Ornithopter":270}],"Toy Ornithopter":0},"card_choices":[{"not_picked":["TheCursedMod:Stretching","TheCursedMod:SoulCrush"],"picked":"TheCursedMod:CircleOfWindfury","floor":1.0},{"not_picked":["TheCursedMod:SpitefulPray","TheCursedMod:SpitefulStrike"],"picked":"TheCursedMod:CursedShiv","floor":3.0},{"not_picked":["TheCursedMod:WearCloak","TheCursedMod:HellsGateOpen"],"picked":"TheCursedMod:RapidMovement","floor":4},{"not_picked":["TheCursedMod:FuryStrike","TheCursedMod:VitalStrike"],"picked":"TheCursedMod:TacticalStrike","floor":6},{"not_picked":["TheCursedMod:Stretching","TheCursedMod:CursedBoomerang"],"picked":"TheCursedMod:CursedAmulet","floor":7},{"not_picked":["TheCursedMod:EmpowerCircles","TheCursedMod:BloodBarrier"],"picked":"TheCursedMod:SmokeScreen","floor":13},{"not_picked":["TheCursedMod:CursedRelics","TheCursedMod:SurpriseAttack"],"picked":"TheCursedMod:WearCloak","floor":14},{"not_picked":["TheCursedMod:ShockAndAwe","TheCursedMod:ParallelWorld"],"picked":"TheCursedMod:VoidForm","floor":16},{"not_picked":["TheCursedMod:CursedArmor","TheCursedMod:Hemoplague"],"picked":"TheCursedMod:Stretching+1","floor":18},{"not_picked":["TheCursedMod:CursedMace+1","TheCursedMod:CursedBlade"],"picked":"TheCursedMod:ReleasedKnowledge","floor":19},{"not_picked":["TheCursedMod:CursedAmulet","TheCursedMod:RavingStaff"],"picked":"TheCursedMod:CursedBlade","floor":22},{"not_picked":["TheCursedMod:TacticalStrike","TheCursedMod:RapidMovement+1"],"picked":"TheCursedMod:WearCloak","floor":25},{"not_picked":["TheCursedMod:CursedAmulet","TheCursedMod:CursedMace"],"picked":"TheCursedMod:Stretching","floor":28},{"not_picked":["TheCursedMod:FleshFromBone+1","TheCursedMod:Torture"],"picked":"TheCursedMod:SpitefulStrike","floor":29},{"not_picked":["TheCursedMod:CursedMace","TheCursedMod:CursedAmulet+1"],"picked":"TheCursedMod:StunningStrike","floor":31}],"player_experience":429994,"relics_obtained":[{"floor":7,"key":"Happy Flower"},{"floor":9,"key":"Blood Vial"},{"floor":14,"key":"Akabeko"},{"floor":26,"key":"TheCursedMod:CrystalBall"},{"floor":28,"key":"Centennial Puzzle"}],"event_choices":[{"damage_healed":0,"gold_gain":0,"player_choice":"Upgraded","damage_taken":0,"max_hp_gain":0,"max_hp_loss":0,"event_name":"Upgrade Shrine","floor":24,"gold_loss":0,"cards_upgraded":["TheCursedMod:VoidForm"]}],"is_beta":false,"boss_relics":[{"not_picked":["halation:PlatinumPhoenix","conspire:RunicOctahedron"],"picked":"hubris:ScarierMask"}],"items_purged_floors":[27,27,30],"is_endless":false,"potions_floor_spawned":[1,13,14,22,25],"killed_by":"Collector","ascension_level":0}}