{"host":"ocll6kdfqxraqtza","time":1611507067,"event":{"mods":["2.2 Compatiblity","Act Like it!","Aspiration","BaseMod","Better Third Choice","Gensokyo","Hallownest","Hermit","Hubris","Jorbs\u0027s Wanderer Trilogy","Luminous","Marisa（霧雨　魔理沙）","Minty Spire (QoL Compilation)","Reimu（博??梦）","Replay The Spire","Shade Mod","StSLib","The Alterego","The Bug Knight","The Cursed","The Hierophant","The Marked","The Runesmith","TheBandit","Wandering Minibosses","vexMod"],"gold_per_floor":[119,119,61,61,61,61,61,61,61,79,96,130,144,177,177,177,177],"floor_reached":16,"language":"ENG","playtime":361,"items_purged":[],"score":98,"play_id":"b314816d-eba3-47ae-a79a-7a9a9ade7ab4","local_time":"20210125005107","is_ascension_mode":false,"campfire_choices":[{"data":"theMarked:SoldierOfQuellstein","floor":6,"key":"SMITH"},{"data":"theMarked:Maelstrom","floor":8,"key":"SMITH"},{"data":"theMarked:ThrowWeapon","floor":15,"key":"SMITH"}],"circlet_count":0,"master_deck":["theMarked:Strike","theMarked:Strike","theMarked:Strike","theMarked:Defend","theMarked:Defend","theMarked:Defend","theMarked:Defend","theMarked:SoldierOfQuellstein+1","theMarked:Maelstrom+1","theMarked:Parry+1","theMarked:Pokerface","theMarked:ChainLightning","theMarked:Static","theMarked:WardOff","theMarked:ThrowWeapon+1"],"relics":["theMarked:ArtifactOfAir","NeowsBlessing","hubris:DisguiseKit","hubris:ToyBattleship"],"acts_visited":["Exordium"],"potions_floor_usage":[13,14],"damage_taken":[{"damage":0,"enemies":"2 Louse","floor":1,"turns":1},{"damage":0,"enemies":"Cultist","floor":10,"turns":1},{"damage":0,"enemies":"Small Slimes","floor":11,"turns":1},{"damage":2,"enemies":"Blue Slaver","floor":13,"turns":2},{"damage":34,"enemies":"Gremlin Nob","floor":14,"turns":5},{"damage":23,"enemies":"Fading Forest","floor":16,"turns":4}],"seed_played":"-4774319518366017478","potions_obtained":[{"floor":11,"key":"DuplicationPotion"},{"floor":12,"key":"SneckoOil"},{"floor":12,"key":"GamblersBrew"},{"floor":12,"key":"Toxic Potion"}],"is_trial":false,"path_per_floor":["M","?","$","?","?","R","?","R","T","M","M","?","M","E","R","B"],"character_chosen":"THE_DEFAULT","items_purchased":["theMarked:Parry+1"],"campfire_rested":0,"item_purchase_floors":[3],"current_hp_per_floor":[70,70,70,70,70,70,70,70,70,70,70,53,51,17,17,0,0],"gold":177,"neow_bonus":"THREE_ENEMY_KILL","is_daily":false,"chose_seed":false,"campfire_upgraded":3,"win_rate":0.0,"timestamp":1611507067,"path_taken":["M","?","?","?","?","R","?","R","T","M","M","?","M","E","R","BOSS"],"items_purchased_type":["Card"],"build_version":"2020-12-22","purchased_purges":0,"victory":false,"max_hp_per_floor":[70,70,70,70,70,70,70,70,70,70,70,70,70,70,70,70,70],"card_choices":[{"not_picked":["theMarked:Improvise","theMarked:TakeCover"],"picked":"theMarked:Maelstrom","floor":1},{"not_picked":["theMarked:Opportunist","theMarked:Convert","hermit:Cheat"],"picked":"theMarked:Pokerface","floor":10},{"not_picked":["theMarked:Seal","theMarked:WastefulAttack","hermit:Feint"],"picked":"theMarked:ChainLightning","floor":11},{"not_picked":["theMarked:Polarize","theMarked:HeightenedSenses","hermit:ItchyTrigger"],"picked":"theMarked:Static","floor":12},{"not_picked":["theMarked:WastefulAttack","theMarked:BanishingWave","hermit:BodyArmor"],"picked":"theMarked:WardOff","floor":13},{"not_picked":["theMarked:WastefulAttack","theMarked:BanishingWave","hermit:Snipe"],"picked":"theMarked:ThrowWeapon","floor":14}],"player_experience":467532,"relics_obtained":[{"floor":14,"key":"hubris:ToyBattleship"}],"event_choices":[{"cards_removed":["theMarked:Strike"],"damage_healed":0,"gold_gain":0,"player_choice":"Offered Basic","damage_taken":0,"max_hp_gain":0,"max_hp_loss":0,"event_name":"Bonfire Elementals","floor":2,"gold_loss":0},{"cards_removed":["ReplayTheSpireMod:Restless Dread"],"damage_healed":0,"gold_gain":0,"player_choice":"Forget","damage_taken":0,"max_hp_gain":0,"max_hp_loss":0,"event_name":"Living Wall","floor":7,"gold_loss":0}],"is_beta":false,"boss_relics":[],"items_purged_floors":[],"is_endless":false,"potions_floor_spawned":[11],"killed_by":"Fading Forest","ascension_level":0}}