{"host":"1q02rw1wpi0nrsss","time":1611525348,"event":{"mods":["AchievementEnabler","BaseMod","Better Note","Custom Start","Dark Map","DeckTracker","Disable Question Mark Monsters","Minty Spire (QoL Compilation)","Permanent Neow","Quick Restart","Rare Cards Sparkle","Relic Stats","StSLib"],"gold_per_floor":[213,213,225,242,302,5,5,31,31,31,160,221,256,274,274,374,374,385,360,371,115,131,162,162,196,196,222,29,29,48,61,61,165,165,181,231,331,407,457,469,61,92,92,111,123,123,158,208,208,208,208,208,12,12,12],"floor_reached":54,"language":"ENG","playtime":2801,"items_purged":["Strike_R","Strike_R"],"score":1209,"play_id":"4d407e6d-dd0a-4044-ab4a-5df3c858dc64","local_time":"20210124135548","is_ascension_mode":true,"campfire_choices":[{"data":"Whirlwind","floor":7,"key":"SMITH"},{"data":"Uppercut","floor":15,"key":"SMITH"},{"data":"Mayhem","floor":24,"key":"SMITH"},{"data":"Rage","floor":29,"key":"SMITH"},{"data":"True Grit","floor":32,"key":"SMITH"},{"floor":46,"key":"RECALL"},{"data":"Limit Break","floor":49,"key":"SMITH"},{"floor":52,"key":"DIG"}],"circlet_count":0,"master_deck":["AscendersBane","Strike_R","Defend_R","Defend_R+1","Defend_R","Defend_R","Bash","Rage+1","Headbutt","Sword Boomerang","Spot Weakness+1","Feed","Whirlwind+1","Metallicize","Shrug It Off","Uppercut+1","Flame Barrier+1","Mayhem+1","Barricade","True Grit+1","Dark Shackles","Limit Break+1","Disarm"],"relics":["Black Blood","SsserpentHead","Bag of Preparation","Centennial Puzzle","Bronze Scales","Matryoshka","Bottled Lightning","Velvet Choker","Torii","Orichalcum","Kunai","Champion Belt","ClockworkSouvenir","Shovel","War Paint","Ice Cream","Smiling Mask","Eternal Feather","White Beast Statue","Anchor"],"acts_visited":["Exordium","TheCity","TheBeyond","TheEnding"],"potions_floor_usage":[5,8,8,16,22,23,27,33,33,40,44,47,50,50,54],"damage_taken":[{"damage":13.0,"enemies":"Jaw Worm","floor":1.0,"turns":4.0},{"damage":1.0,"enemies":"Cultist","floor":3.0,"turns":3.0},{"damage":10,"enemies":"Small Slimes","floor":4,"turns":5},{"damage":10,"enemies":"Exordium Wildlife","floor":5,"turns":4},{"damage":20,"enemies":"3 Sentries","floor":8,"turns":3},{"damage":0,"enemies":"Lots of Slimes","floor":12,"turns":1},{"damage":21,"enemies":"Gremlin Nob","floor":13,"turns":4},{"damage":9,"enemies":"Large Slime","floor":14,"turns":6},{"damage":21,"enemies":"Hexaghost","floor":16,"turns":9},{"damage":5,"enemies":"Shell Parasite","floor":18,"turns":5},{"damage":0,"enemies":"Chosen","floor":20,"turns":4},{"damage":8,"enemies":"Centurion and Healer","floor":22,"turns":6},{"damage":14,"enemies":"Book of Stabbing","floor":23,"turns":5},{"damage":30,"enemies":"Slavers","floor":25,"turns":3},{"damage":10,"enemies":"Book of Stabbing","floor":27,"turns":4},{"damage":8,"enemies":"Snake Plant","floor":30,"turns":4},{"damage":1,"enemies":"Shelled Parasite and Fungi","floor":31,"turns":5},{"damage":21,"enemies":"Champ","floor":33,"turns":10},{"damage":1,"enemies":"Orb Walker","floor":35,"turns":5},{"damage":40,"enemies":"Mind Bloom Boss Battle","floor":37,"turns":7},{"damage":2,"enemies":"3 Darklings","floor":40,"turns":5},{"damage":15,"enemies":"Nemesis","floor":42,"turns":7},{"damage":13,"enemies":"Sphere and 2 Shapes","floor":44,"turns":8},{"damage":0,"enemies":"Spire Growth","floor":45,"turns":9},{"damage":11,"enemies":"Reptomancer","floor":47,"turns":4},{"damage":30,"enemies":"Time Eater","floor":50,"turns":8},{"damage":94,"enemies":"Shield and Spear","floor":54,"turns":3}],"seed_played":"-794613960056504826","potions_obtained":[{"floor":1.0,"key":"BloodPotion"},{"floor":4,"key":"SpeedPotion"},{"floor":5,"key":"Strength Potion"},{"floor":14,"key":"AttackPotion"},{"floor":18,"key":"Explosive Potion"},{"floor":22,"key":"Fire Potion"},{"floor":25,"key":"BlessingOfTheForge"},{"floor":31,"key":"AttackPotion"},{"floor":37,"key":"Swift Potion"},{"floor":40,"key":"SpeedPotion"},{"floor":42,"key":"AttackPotion"},{"floor":45,"key":"Swift Potion"},{"floor":47,"key":"Weak Potion"}],"is_trial":false,"path_per_floor":["M","?","M","M","M","$","R","E","T","?","T","M","E","M","R","B",null,"M","?","M","$","M","E","R","E","T","E","$","R","M","M","R","B",null,"M","?","?","T","?","M","$","E","T","M","M","R","E","?","R","B",null,"R","$","E"],"character_chosen":"IRONCLAD","items_purchased":["Feed","Bag of Preparation","Whirlwind","Mayhem","ClockworkSouvenir","PowerPotion","Ice Cream","Anchor","PowerPotion"],"campfire_rested":0,"item_purchase_floors":[6,6,6,21,28,28,41,53,53],"current_hp_per_floor":[65,65,70,66,78,78,78,64,64,64,64,70,55,52,52,37,69,73,73,79,79,77,69,69,45,45,41,41,41,42,50,50,35,76,90,90,62,62,62,72,72,69,69,71,83,83,84,84,90,72,86,90,90,0,0],"gold":12,"neow_bonus":"HUNDRED_GOLD","is_daily":false,"chose_seed":false,"campfire_upgraded":6,"win_rate":0.0,"timestamp":1611525348,"path_taken":["M","?","M","M","?","$","R","E","T","?","?","?","E","M","R","BOSS","M","?","M","$","M","E","R","E","T","E","$","R","M","M","R","BOSS","M","?","?","?","?","M","$","E","T","M","M","R","E","?","R","BOSS","R","$","E"],"items_purchased_type":["Card","Relic","Card","Card","Relic","Potion","Relic","Relic","Potion"],"build_version":"2020-12-22","purchased_purges":2,"victory":false,"max_hp_per_floor":[80,80,80,80,80,80,80,80,80,80,80,80,80,80,80,80,80,83,83,83,83,83,83,83,83,83,83,83,83,86,89,89,89,89,92,92,92,92,92,92,92,92,92,95,95,95,95,90,90,90,90,90,90,90,90],"relic_stats":{"Torii":33,"counters":[27,141],"Black Blood":204,"Eternal Feather":10,"Bag of Preparation":[46],"Orichalcum":[36],"War Paint":["Spot Weakness","Defend_R"],"Smiling Mask":0,"SsserpentHead":500,"Centennial Puzzle":[57],"Shovel":1,"Bronze Scales":[442],"Kunai":[10],"Champion Belt":[21],"obtain_stats":[{"Ice Cream":41,"Torii":23,"Velvet Choker":17,"Black Blood":34,"Eternal Feather":47,"Bag of Preparation":6,"Orichalcum":25,"War Paint":38,"Smiling Mask":42,"Burning Blood":0,"White Beast Statue":52,"ClockworkSouvenir":28,"SsserpentHead":2,"Centennial Puzzle":8,"Anchor":53,"Matryoshka":11,"Shovel":37,"Bronze Scales":9,"Bottled Lightning":13,"Kunai":26,"Champion Belt":27},{"Ice Cream":21,"Torii":13,"Velvet Choker":9,"Black Blood":18,"Eternal Feather":25,"Bag of Preparation":4,"Orichalcum":14,"War Paint":20,"Smiling Mask":22,"Burning Blood":0,"White Beast Statue":26,"ClockworkSouvenir":15,"SsserpentHead":1,"Centennial Puzzle":5,"Anchor":26,"Matryoshka":5,"Shovel":20,"Bronze Scales":5,"Bottled Lightning":7,"Kunai":14,"Champion Belt":15},{"Ice Cream":102,"Torii":59,"Velvet Choker":39,"Black Blood":85,"Eternal Feather":130,"Bag of Preparation":16,"Orichalcum":62,"War Paint":97,"Smiling Mask":109,"Burning Blood":0,"White Beast Statue":138,"ClockworkSouvenir":66,"SsserpentHead":4,"Centennial Puzzle":19,"Anchor":138,"Matryoshka":19,"Shovel":97,"Bronze Scales":19,"Bottled Lightning":24,"Kunai":62,"Champion Belt":66}]},"card_choices":[{"not_picked":["Second Wind","Perfected Strike"],"picked":"Rage","floor":1.0},{"not_picked":["Thunderclap","Anger"],"picked":"Headbutt","floor":3.0},{"not_picked":["Iron Wave","Pommel Strike"],"picked":"Sword Boomerang","floor":4},{"not_picked":["Iron Wave","Headbutt"],"picked":"Spot Weakness","floor":5},{"not_picked":["Sword Boomerang","Pommel Strike"],"picked":"Metallicize","floor":8},{"not_picked":["Clothesline","Wild Strike"],"picked":"Shrug It Off","floor":12},{"not_picked":["Havoc","Double Tap"],"picked":"Uppercut","floor":13},{"not_picked":["Entrench","Clash","Infernal Blade"],"picked":"SKIP","floor":14},{"not_picked":["Feed","Berserk"],"picked":"Immolate","floor":16},{"not_picked":["Pommel Strike+1","Shrug It Off+1"],"picked":"Flame Barrier+1","floor":18},{"not_picked":["Body Slam","Thunderclap","Blood for Blood"],"picked":"SKIP","floor":20},{"not_picked":["Shrug It Off","Power Through"],"picked":"Barricade","floor":22},{"not_picked":["Feel No Pain+1","Shrug It Off","Blood for Blood"],"picked":"SKIP","floor":23},{"not_picked":["Heavy Blade","Headbutt","Feed"],"picked":"SKIP","floor":25},{"not_picked":["Dropkick","Shrug It Off","Anger"],"picked":"SKIP","floor":27},{"not_picked":["Sword Boomerang","Sentinel+1","Armaments"],"picked":"SKIP","floor":30},{"not_picked":["Flex","Wild Strike"],"picked":"True Grit","floor":31},{"not_picked":["Fire Breathing","Second Wind","Perfected Strike"],"picked":"SKIP","floor":35},{"not_picked":["Transmutation","Magnetism"],"picked":"Dark Shackles","floor":36},{"not_picked":["Headbutt","Shrug It Off","Flame Barrier"],"picked":"SKIP","floor":40},{"not_picked":["Intimidate+1","Sword Boomerang"],"picked":"Limit Break","floor":42},{"not_picked":["Second Wind","Rampage+1"],"picked":"Disarm","floor":44},{"not_picked":["Cleave","Thunderclap+1","Searing Blow"],"picked":"SKIP","floor":45},{"not_picked":["Wild Strike","Dropkick+1","Carnage"],"picked":"SKIP","floor":47}],"player_experience":424206,"relics_obtained":[{"floor":8,"key":"Centennial Puzzle"},{"floor":9,"key":"Bronze Scales"},{"floor":11,"key":"Matryoshka"},{"floor":13,"key":"Bottled Lightning"},{"floor":23,"key":"Torii"},{"floor":25,"key":"Orichalcum"},{"floor":26,"key":"Kunai"},{"floor":27,"key":"Champion Belt"},{"floor":37,"key":"Shovel"},{"floor":38,"key":"War Paint"},{"floor":42,"key":"Smiling Mask"},{"floor":47,"key":"Eternal Feather"},{"floor":52,"key":"White Beast Statue"}],"event_choices":[{"damage_healed":0.0,"max_hp_gain":0.0,"max_hp_loss":0.0,"gold_gain":0.0,"event_name":"FaceTrader","player_choice":"Trade","floor":2.0,"gold_loss":0.0,"damage_taken":0.0,"relics_obtained":["SsserpentHead"]},{"cards_removed":["Strike_R"],"damage_healed":0,"gold_gain":0,"player_choice":"Card Removal","damage_taken":0,"max_hp_gain":0,"max_hp_loss":0,"event_name":"The Cleric","floor":10,"gold_loss":50},{"cards_removed":["Strike_R"],"damage_healed":0,"gold_gain":0,"player_choice":"Gave Gold","damage_taken":0,"max_hp_gain":0,"max_hp_loss":0,"event_name":"Beggar","floor":19,"gold_loss":75},{"damage_healed":0,"gold_gain":0,"player_choice":"Memory 1","damage_taken":0,"max_hp_gain":0,"max_hp_loss":0,"event_name":"SensoryStone","floor":36,"gold_loss":0},{"damage_healed":0,"gold_gain":0,"player_choice":"Fight","damage_taken":0,"max_hp_gain":0,"max_hp_loss":0,"event_name":"MindBloom","floor":37,"gold_loss":0},{"cards_removed":["Immolate"],"damage_healed":0,"gold_gain":0,"player_choice":"Removed Attack","damage_taken":0,"max_hp_gain":0,"max_hp_loss":0,"event_name":"Falling","floor":39,"gold_loss":0},{"damage_healed":0,"gold_gain":0,"player_choice":"Max HP","damage_taken":0,"max_hp_gain":0,"max_hp_loss":5,"event_name":"Winding Halls","floor":48,"gold_loss":0}],"is_beta":false,"boss_relics":[{"not_picked":["Black Star","Philosopher\u0027s Stone"],"picked":"Velvet Choker"},{"not_picked":["Pandora\u0027s Box","SlaversCollar"],"picked":"Black Blood"}],"items_purged_floors":[21,41],"is_endless":false,"potions_floor_spawned":[1,4,5,14,18,22,25,31,37,40,42,45,47],"killed_by":"Shield and Spear","ascension_level":12}}