{"host":"rs1c3lkx7vj3kohb","time":1611475974,"event":{"mods":["Act Like it!","BaseMod","BetterRewards","Chen","Colored Map","Colored Powertips","Downfall","Friendly Minions","Gensokyo","Gremlin Mod","Hermit","Hero for Fun","KinomotoSakuraMod(木之本樱)","Koishi","KomeijiMod","LagranYue(拉格朗・月)","Luminous","Marisa（F雨　魔理沙）","Minty Spire (QoL Compilation)","Onozuka Komachi Mod","Prisma Mod","Quick Restart","Reimu（博丽灵梦）","Remilia（蕾米莉亚）","SOS（斯巴达之子）","Shop Mod","StSLib","The Administrix","The Alterego","The Cursed","The Senshi","The Servant 0.9.4","Waifu the Spire","WarShipGirlsR/战舰少女R mod","Yakumo Yukari mod","Yohane!","Youmu（魂魄妖梦）","Yuri Mod","Yuyuko"],"gold_per_floor":[109,109,126,151,165,165,195,212,238,249,263,263,292,292,292,396,396,414,414,425,438,438,468,188,217,217,217,64,84,84,116,116,215,215,233,233,233,68,80,112,131,131,131,91,101,23,23,23,23,23,23,23,23,56,56],"floor_reached":56,"language":"ZHS","playtime":4521,"items_purged":["Strike_S","Defend_S","Strike_S"],"score":1593,"play_id":"c079d459-f3cb-427e-86a7-c0d2b27889fa","local_time":"20210124161254","is_ascension_mode":false,"campfire_choices":[{"data":"SilverBlades","floor":6.0,"key":"SMITH"},{"data":"Ricochet","floor":12.0,"key":"SMITH"},{"floor":15.0,"key":"REST"},{"data":"Apotheosis","floor":27.0,"key":"SMITH"},{"data":"FloweringNight","floor":30.0,"key":"SMITH"},{"data":"Luminosity","floor":32.0,"key":"SMITH"},{"floor":42.0,"key":"RECALL"},{"data":"Exchange","floor":47.0,"key":"PURGE"},{"floor":49.0,"key":"REST"},{"data":"SurpressingFire","floor":52,"key":"SMITH"}],"circlet_count":0,"master_deck":["Strike_S","KidneyShot","Snipe","InstantArmor","Dramatic Entrance","BottledTime","Sabotage","SilverBlades+1","FastForward","BottledTime","SoulSculpture","Ricochet+1","DualDimension","Deny","Sabotage","RitualDagger","Sunlight","BottledTime","Apotheosis+1","Sabotage","Rewind","Luminosity+1","FastForward","RitualDagger","FloweringNight+1","SoulSculpture","Solidify+1","DualDimension+1","Deep Breath+1","Finesse+1","Trip+1","Revamp+1","GearUp+1","Rearm+1","InstantArmor+1","SurpressingFire+1","Rearm+1"],"relics":["SplendidAttire","LagranYue:RandomDrawCardRelic","Thread and Needle","Peace Pipe","Gensokyo:OccultBall","Potion Belt","Bronze Scales","Omamori","PreservedInsect","LagranYue:SoulBurningRelic","yuri:PortableGlitches","Membership Card","Centennial Puzzle","Pantograph","DollysMirror","Bag of Preparation","Toxic Egg 2","Cursed Key","RuthlessExorcism:ReiMu","Ice Cream","Lantern","Bottled Lightning"],"acts_visited":["Gensokyo:Gensokyo","TheCity","TheBeyond","TheEnding"],"potions_floor_usage":[55],"damage_taken":[{"damage":1.0,"enemies":"Gensokyo:Gryphon","floor":1.0,"turns":3.0},{"damage":0.0,"enemies":"Gensokyo:Python","floor":3.0,"turns":2.0},{"damage":0.0,"enemies":"Gensokyo:3_Fairies","floor":5.0,"turns":3.0},{"damage":0.0,"enemies":"Gensokyo:Aya","floor":7.0,"turns":3.0},{"damage":0.0,"enemies":"Gensokyo:LivingMonolith","floor":8.0,"turns":2.0},{"damage":0.0,"enemies":"Gensokyo:5_Fairies","floor":10.0,"turns":6.0},{"damage":0.0,"enemies":"Gensokyo:3_Kodama","floor":11.0,"turns":2.0},{"damage":0.0,"enemies":"Gensokyo:Mamizou","floor":13.0,"turns":8.0},{"damage":0.0,"enemies":"Gensokyo:Kokoro","floor":16.0,"turns":10.0},{"damage":0.0,"enemies":"3 Byrds","floor":18.0,"turns":3.0},{"damage":6.0,"enemies":"2 Thieves","floor":20.0,"turns":3.0},{"damage":4.0,"enemies":"Centurion and Healer","floor":21.0,"turns":4.0},{"damage":0.0,"enemies":"Book of Stabbing","floor":23.0,"turns":5.0},{"damage":0.0,"enemies":"Slavers","floor":25.0,"turns":3.0},{"damage":0.0,"enemies":"Snecko","floor":29.0,"turns":2.0},{"damage":0.0,"enemies":"Book of Stabbing","floor":31.0,"turns":3.0},{"damage":0.0,"enemies":"Automaton","floor":33.0,"turns":7.0},{"damage":0.0,"enemies":"Orb Walker","floor":35.0,"turns":1.0},{"damage":0.0,"enemies":"3 Darklings","floor":39.0,"turns":1.0},{"damage":0.0,"enemies":"Reptomancer","floor":40.0,"turns":2.0},{"damage":0.0,"enemies":"4 Shapes","floor":41.0,"turns":1.0},{"damage":0.0,"enemies":"Jaw Worm Horde","floor":45.0,"turns":2.0},{"damage":0,"enemies":"Donu and Deca","floor":50,"turns":7},{"damage":0,"enemies":"Shield and Spear","floor":54,"turns":3},{"damage":2,"enemies":"The Heart","floor":55,"turns":5}],"seed_played":"-1701125680401971395","potions_obtained":[{"floor":1.0,"key":"BlessingOfTheForge"},{"floor":3.0,"key":"SkillPotion"},{"floor":7.0,"key":"CalmPotion"},{"floor":21.0,"key":"Fire Potion"},{"floor":23.0,"key":"SpeedPotion"},{"floor":25.0,"key":"GamblersBrew"},{"floor":29.0,"key":"CultistPotion"},{"floor":39.0,"key":"RedTea"},{"floor":41.0,"key":"Fire Potion"}],"is_trial":false,"path_per_floor":["M","?","M","T","M","R","E","M","T","M","M","R","E","?","R","B",null,"M","?","M","M","?","E","$","E","T","R","$","M","R","E","R","B",null,"M","?","?","$","M","E","M","R","T","?","M","$","R","?","R","B",null,"R","$","E","B",null],"character_chosen":"THE_SERVANT","items_purchased":["Snipe","InstantArmor","Dramatic Entrance","Membership Card","Rewind","Luminosity","FastForward","DollysMirror","Bag of Preparation","Revamp+1","RuthlessExorcism:ReiMu","Lantern"],"campfire_rested":2,"item_purchase_floors":[0,0,0,24,24,24,24,28,28,38,38,46],"current_hp_per_floor":[43,43,43,43,43,43,43,43,43,43,43,43,43,17,36,36,65,65,59,53,49,49,49,49,49,49,49,49,49,49,49,49,65,65,65,65,55,55,55,55,55,55,55,55,55,55,55,55,65,65,65,65,65,65,63],"gold":56,"neow_bonus":"","is_daily":false,"chose_seed":false,"campfire_upgraded":6,"win_rate":0.0,"timestamp":1611475974,"path_taken":["M","?","?","?","M","R","E","M","T","M","M","R","E","?","R","BOSS","M","?","M","M","?","E","$","E","T","R","$","M","R","E","R","BOSS","M","?","?","$","M","E","M","R","T","?","?","?","R","?","R","BOSS","R","$","E","BOSS"],"items_purchased_type":["Card","Card","Card","Relic","Card","Card","Card","Relic","Relic","Card","Relic","Relic"],"build_version":"2020-12-22","purchased_purges":3,"victory":true,"max_hp_per_floor":[65,65,65,65,65,65,65,65,65,65,65,65,65,65,65,65,65,65,65,65,65,65,65,65,65,65,65,65,65,65,65,65,65,65,65,65,65,65,65,65,65,65,65,65,65,65,65,65,65,65,65,65,65,65,65],"card_choices":[{"not_picked":["Snipe","Alleviate"],"picked":"BottledTime","floor":1.0},{"not_picked":["Gouge","Advance"],"picked":"Sabotage","floor":3.0},{"not_picked":["Revamp","Starlight"],"picked":"SilverBlades","floor":5.0},{"not_picked":["Potential","Alleviate"],"picked":"FastForward","floor":7.0},{"not_picked":["Desolation","Read"],"picked":"BottledTime","floor":8.0},{"not_picked":["Starlight","Defy"],"picked":"SoulSculpture","floor":10.0},{"not_picked":["ShiftingGears","BottledTime"],"picked":"Ricochet","floor":11.0},{"not_picked":["Foresight","FanOfKnives"],"picked":"DualDimension","floor":13.0},{"not_picked":["LightFlow","PendulumOfEternity"],"picked":"Deny","floor":16.0},{"not_picked":["BottledTime","FastForward"],"picked":"Sabotage","floor":18.0},{"not_picked":["Replace+1","ShatteredReality"],"picked":"Sunlight","floor":20.0},{"not_picked":["Starlight","SpecialFormula"],"picked":"BottledTime","floor":21.0},{"not_picked":["Ricochet","Defy"],"picked":"Sabotage","floor":23.0},{"not_picked":["Misdirection+1","Potential","TimeWarp"],"picked":"SKIP","floor":25.0},{"not_picked":["Potential+1","ShatteredReality"],"picked":"FloweringNight","floor":29.0},{"not_picked":["Rewind+1","Alleviate+1"],"picked":"SoulSculpture","floor":31.0},{"not_picked":["Deny+1","LightFlow"],"picked":"Solidify+1","floor":33.0},{"not_picked":["TimeWarp","Defy+1"],"picked":"DualDimension+1","floor":35.0},{"not_picked":["Magnetism","Transmutation+1"],"picked":"Deep Breath+1","floor":37.0},{"not_picked":["Violence+1","RidiculousThoughts"],"picked":"Finesse+1","floor":37.0},{"not_picked":["Secret Weapon+1","Bandage Up+1"],"picked":"Trip+1","floor":37.0},{"not_picked":["SilverBlades","Sabotage+1"],"picked":"GearUp+1","floor":39.0},{"not_picked":["TimeWarp","StarChef+1"],"picked":"Rearm+1","floor":40.0},{"not_picked":["Defy+1","DualDimension+1"],"picked":"InstantArmor+1","floor":41.0},{"not_picked":[],"picked":"SurpressingFire","floor":44.0},{"not_picked":["Misdirection+1","Defy+1"],"picked":"Rearm+1","floor":45.0},{"not_picked":["Defy+1","KillingDoll","FastForward+1"],"picked":"SKIP","floor":54}],"player_experience":390668,"relics_obtained":[{"floor":4.0,"key":"Potion Belt"},{"floor":7.0,"key":"Bronze Scales"},{"floor":8.0,"key":"Gensokyo:OccultBall"},{"floor":9.0,"key":"Omamori"},{"floor":13.0,"key":"PreservedInsect"},{"floor":16.0,"key":"Gensokyo:OccultBall"},{"floor":23.0,"key":"yuri:PortableGlitches"},{"floor":25.0,"key":"Centennial Puzzle"},{"floor":26.0,"key":"Pantograph"},{"floor":31.0,"key":"Gensokyo:OccultBall"},{"floor":31.0,"key":"Toxic Egg 2"},{"floor":33.0,"key":"Gensokyo:OccultBall"},{"floor":40.0,"key":"Ice Cream"},{"floor":54,"key":"Bottled Lightning"}],"event_choices":[{"damage_healed":0.0,"max_hp_gain":0.0,"max_hp_loss":0.0,"gold_gain":0.0,"event_name":"Nest","player_choice":"Joined the Cult","floor":19.0,"gold_loss":0.0,"damage_taken":6.0,"cards_obtained":["RitualDagger"]},{"damage_healed":0.0,"max_hp_gain":0.0,"max_hp_loss":0.0,"gold_gain":0.0,"event_name":"Tomb of Lord Red Mask","player_choice":"Ignored","floor":36.0,"gold_loss":0.0,"damage_taken":0.0},{"damage_healed":0.0,"max_hp_gain":0.0,"max_hp_loss":0.0,"gold_gain":0.0,"event_name":"SensoryStone","player_choice":"Memory 3","floor":37.0,"gold_loss":0.0,"damage_taken":10.0}],"is_beta":false,"boss_relics":[{"not_picked":["Runic Dome","StoneMask"],"picked":"LagranYue:SoulBurningRelic"},{"not_picked":["Sozu","Snecko Eye"],"picked":"Cursed Key"}],"items_purged_floors":[0,24,38],"is_endless":false,"potions_floor_spawned":[1,3,7,21,23,25,29,39,41],"ascension_level":0}}