{"host":"7k2a2omxz3voj5ax","time":1611485744,"event":{"mods":["BaseMod","Marisa£¨ìFÓê¡¡Ä§ÀíÉ³£©","Minty Spire (QoL Compilation)","Quick Restart","Spicy Shops","StSLib","Starting Relic: Pandora\u0027s Box","¡¾ÒÅÎï¿¨ÅÆ¡¿REMEMod","óô»ðÖ¸ÄÏ"],"gold_per_floor":[124,158,189,220,220,260,260,310,310,74,74,108,108,137,137,229,229,259,259,310,337,372,51,102,102,102,52,52,94,113,166,166,279,279,324,59,96,146,46,105,149,149,149,212,252,252,252],"floor_reached":46,"language":"ZHS","playtime":1906,"items_purged":["MasterSpark","UnstableBomb+1","UpSweep+1","OneTimeOff","PowerUp","StarBarrage","MagicAbsorber"],"score":1149,"play_id":"4d31e21b-55d8-4987-aa8b-9872a2013b62","local_time":"20210124195544","is_ascension_mode":true,"campfire_choices":[{"data":"Wraith Form v2","floor":7.0,"key":"SMITH"},{"data":"UpSweep","floor":15.0,"key":"SMITH"},{"data":"MachineGunSpark","floor":32.0,"key":"SMITH"},{"data":"Deep Breath","floor":42.0,"key":"SMITH"}],"circlet_count":0,"master_deck":["AscendersBane","AlicesGift","PowerUp","WitchOfGreed+1","PowerUp","Wraith Form v2+1","EarthLightRay+1","SatelliteIllusion","6A","Ghostly","Ghostly","Ghostly","MachineGunSpark+1","Madness","MillisecondPulsars","Deep Breath+1","Study+1"],"relics":["MiniHakkero","REME_ComplimentaryCards","NeowsBlessing","Bag of Preparation","Art of War","REME_LowDesire","Strawberry","CeramicFish","Smiling Mask","Letter Opener","Mercury Hourglass","Nloth\u0027s Gift","Runic Dome","PrismaticShard","Meat on the Bone","AmplifyWand","Mango"],"acts_visited":["Exordium","TheCity","TheBeyond"],"potions_floor_usage":[44,44],"damage_taken":[{"damage":0.0,"enemies":"Cultist","floor":1.0,"turns":1.0},{"damage":0.0,"enemies":"2 Louse","floor":2.0,"turns":3.0},{"damage":7.0,"enemies":"Jaw Worm","floor":3.0,"turns":2.0},{"damage":6.0,"enemies":"Blue Slaver","floor":4.0,"turns":3.0},{"damage":39.0,"enemies":"3 Sentries","floor":6.0,"turns":8.0},{"damage":0.0,"enemies":"Lagavulin","floor":8.0,"turns":4.0},{"damage":0.0,"enemies":"Gremlin Gang","floor":12.0,"turns":2.0},{"damage":1.0,"enemies":"Exordium Wildlife","floor":14.0,"turns":3.0},{"damage":13.0,"enemies":"The Guardian","floor":16.0,"turns":6.0},{"damage":2.0,"enemies":"Shell Parasite","floor":18.0,"turns":4.0},{"damage":0.0,"enemies":"Chosen","floor":20.0,"turns":4.0},{"damage":4.0,"enemies":"Shelled Parasite and Fungi","floor":22.0,"turns":5.0},{"damage":1.0,"enemies":"Book of Stabbing","floor":24.0,"turns":5.0},{"damage":0.0,"enemies":"Snecko","floor":29.0,"turns":4.0},{"damage":0.0,"enemies":"Centurion and Healer","floor":30.0,"turns":4.0},{"damage":0.0,"enemies":"Snake Plant","floor":31.0,"turns":3.0},{"damage":3.0,"enemies":"Collector","floor":33.0,"turns":4.0},{"damage":41.0,"enemies":"3 Darklings","floor":35.0,"turns":5.0},{"damage":4.0,"enemies":"Orb Walker","floor":37.0,"turns":5.0},{"damage":1.0,"enemies":"Giant Head","floor":40.0,"turns":4.0},{"damage":2.0,"enemies":"Spire Growth","floor":41.0,"turns":3.0},{"damage":5,"enemies":"Nemesis","floor":44,"turns":5},{"damage":2,"enemies":"4 Shapes","floor":45,"turns":4},{"damage":57,"enemies":"Reptomancer","floor":46,"turns":2}],"seed_played":"-2808085060471595984","potions_obtained":[{"floor":1.0,"key":"BottledSpark"},{"floor":1.0,"key":"BottledSpark"},{"floor":2.0,"key":"PowerPotion"},{"floor":3.0,"key":"LiquidMemories"},{"floor":4.0,"key":"Fruit Juice"},{"floor":6.0,"key":"DistilledChaos"},{"floor":8.0,"key":"DistilledChaos"},{"floor":14.0,"key":"SmokeBomb"},{"floor":16.0,"key":"GamblersBrew"},{"floor":20.0,"key":"BlessingOfTheForge"},{"floor":20.0,"key":"Block Potion"},{"floor":22.0,"key":"Energy Potion"},{"floor":29.0,"key":"AttackPotion"},{"floor":37.0,"key":"Swift Potion"},{"floor":40.0,"key":"Swift Potion"},{"floor":41.0,"key":"Block Potion"},{"floor":45,"key":"REME_GoldPotion"}],"is_trial":false,"path_per_floor":["M","M","M","M","?","E","R","E","T","R","?","M","?","M","R","B",null,"M","?","M","?","M","R","E","?","T","$","?","M","M","M","R","B",null,"M","$","M","?","$","E","M","R","T","E","M","E"],"character_chosen":"MARISA","items_purchased":["Art of War","Smiling Mask","MachineGunSpark","PrismaticShard"],"campfire_rested":0,"item_purchase_floors":[10,23,23,36],"current_hp_per_floor":[63,67,63,66,71,36,36,40,40,40,40,44,20,25,25,18,72,76,76,82,43,41,41,43,33,33,33,33,39,45,45,45,45,47,7,7,9,9,9,14,30,30,30,45,49,0,0],"gold":252,"neow_bonus":"THREE_ENEMY_KILL","is_daily":false,"chose_seed":false,"campfire_upgraded":4,"win_rate":0.0,"timestamp":1611485744,"path_taken":["M","M","?","M","?","E","R","E","T","R","?","M","?","?","R","BOSS","M","?","?","?","M","R","E","?","T","?","?","?","M","M","R","BOSS","M","$","?","?","$","E","M","R","T","E","M","E"],"items_purchased_type":["Relic","Relic","Card","Relic"],"build_version":"2020-12-22","purchased_purges":7,"victory":false,"max_hp_per_floor":[70,70,70,75,80,80,80,80,80,80,80,80,80,80,80,80,87,87,87,87,43,43,43,43,48,48,48,48,48,48,48,48,48,48,48,48,48,48,48,48,48,48,48,62,62,62,62],"card_choices":[{"not_picked":["GalacticHalo","OneTimeOff"],"picked":"EarthLightRay","floor":1.0},{"not_picked":["UnstableBomb","StarlightTyphoon","DoubleSpark"],"picked":"SKIP","floor":2.0},{"not_picked":["PropBag","IllusionStar","SporeBomb"],"picked":"SKIP","floor":3.0},{"not_picked":["DoubleSpark","AsteroidBelt","IllusionStar"],"picked":"SKIP","floor":4.0},{"not_picked":["EarthLightRay","WitchOfGreed"],"picked":"SatelliteIllusion","floor":6.0},{"not_picked":["SporeBomb","DarkSpark"],"picked":"6A","floor":8.0},{"not_picked":["AsteroidBelt","IllusionStar","NonDirectionalLaser"],"picked":"SKIP","floor":12.0},{"not_picked":["MeteoricShower","AsteroidBelt","PulseMagic"],"picked":"SKIP","floor":14.0},{"not_picked":["IllusionStar","MysteriousBeam","GravityBeat","REME_MagicPocketWatch"],"picked":"SKIP","floor":18.0},{"not_picked":["AsteroidBelt","MilkyWay","Blind"],"picked":"StarBarrage","floor":20.0},{"not_picked":["PowerUp+1","StarlightTyphoon","GravityBeat+1","REME_BodyOfCthun"],"picked":"SKIP","floor":22.0},{"not_picked":["MysteriousBeam","MaximisePower","StarlightTyphoon","Blind"],"picked":"SKIP","floor":24.0},{"not_picked":["WitchOfGreed","UnstableBomb","GasGiant","Panache"],"picked":"SKIP","floor":29.0},{"not_picked":["MilkyWay","ShootingEcho","WitchOfGreed","REME_Flogging"],"picked":"SKIP","floor":30.0},{"not_picked":["MysteriousBeam","SprinkleStarSeal","DoubleSpark"],"picked":"Madness","floor":31.0},{"not_picked":["AbsoluteMagnitude","CollectingQuirk","Violence"],"picked":"MillisecondPulsars","floor":33.0},{"not_picked":["SporeBomb+1","UnstableBomb","MysteriousBeam","Thinking Ahead"],"picked":"SKIP","floor":35.0},{"not_picked":["REME_SelfUpgrade+1","Bane","Chrysalis","REME_TwoStrings"],"picked":"SKIP","floor":37.0},{"not_picked":["Chaos+1","Heavy Blade","ConjureBlade","Mind Blast"],"picked":"SKIP","floor":40.0},{"not_picked":["DarkSpark+1","Leg Sweep","BowlingBash"],"picked":"Deep Breath","floor":41.0},{"not_picked":["DarkSpark+1","FearNoEvil","REME_ProfessionalPlagiarism"],"picked":"Study+1","floor":44},{"not_picked":["Thinking Ahead","Tempest","GrandCross","Metamorphosis"],"picked":"SKIP","floor":45}],"player_experience":497526,"relics_obtained":[{"floor":6.0,"key":"HornCleat"},{"floor":8.0,"key":"Bag of Preparation"},{"floor":17.0,"key":"Strawberry"},{"floor":17.0,"key":"CeramicFish"},{"floor":24.0,"key":"Letter Opener"},{"floor":26.0,"key":"Mercury Hourglass"},{"floor":40.0,"key":"Meat on the Bone"},{"floor":43.0,"key":"AmplifyWand"},{"floor":44,"key":"Mango"}],"event_choices":[{"damage_healed":0.0,"max_hp_gain":5.0,"max_hp_loss":0.0,"gold_gain":0.0,"event_name":"Big Fish","player_choice":"Donut","floor":5.0,"gold_loss":0.0,"damage_taken":0.0},{"damage_healed":0.0,"max_hp_gain":0.0,"max_hp_loss":0.0,"gold_gain":0.0,"event_name":"Scrap Ooze","player_choice":"Fled","floor":11.0,"gold_loss":0.0,"damage_taken":0.0},{"damage_healed":0.0,"max_hp_gain":0.0,"max_hp_loss":0.0,"gold_gain":0.0,"event_name":"Shining Light","player_choice":"Entered Light","floor":13.0,"gold_loss":0.0,"damage_taken":24.0,"cards_upgraded":["EarthLightRay","UnstableBomb"]},{"damage_healed":0.0,"max_hp_gain":0.0,"max_hp_loss":0.0,"gold_gain":0.0,"event_name":"Accursed Blacksmith","player_choice":"Forge","floor":19.0,"gold_loss":0.0,"damage_taken":0.0,"cards_upgraded":["WitchOfGreed"]},{"damage_healed":0.0,"max_hp_gain":0.0,"max_hp_loss":44.0,"gold_gain":0.0,"event_name":"Ghosts","player_choice":"Became a Ghost","floor":21.0,"gold_loss":0.0,"damage_taken":0.0,"cards_obtained":["Ghostly","Ghostly","Ghostly"]},{"damage_healed":0.0,"max_hp_gain":5.0,"max_hp_loss":0.0,"gold_gain":0.0,"event_name":"Forgotten Altar","player_choice":"Shed Blood","floor":25.0,"gold_loss":0.0,"damage_taken":15.0},{"damage_healed":0.0,"max_hp_gain":0.0,"max_hp_loss":0.0,"gold_gain":0.0,"event_name":"N\u0027loth","player_choice":"Traded Relic","floor":28.0,"relics_lost":["HornCleat"],"gold_loss":0.0,"damage_taken":0.0,"relics_obtained":["Nloth\u0027s Gift"]},{"damage_healed":0.0,"max_hp_gain":0.0,"max_hp_loss":0.0,"gold_gain":50.0,"event_name":"Golden Shrine","player_choice":"Pray","floor":38.0,"gold_loss":0.0,"damage_taken":0.0}],"is_beta":false,"boss_relics":[{"not_picked":["SlaversCollar","BewitchedHakkero"],"picked":"REME_LowDesire"},{"not_picked":["Busted Crown","REME_DemonsWealth"],"picked":"Runic Dome"}],"items_purged_floors":[10,23,27,36,36,39,39],"is_endless":false,"potions_floor_spawned":[1,2,6,14,16,18,20,22,30,37,45],"killed_by":"Reptomancer","ascension_level":20}}