{"host":"fhq3k2nq5elnbks3","time":1611477856,"event":{"mods":["100% Spire Juice","2.2 Compatiblity","AchievementEnabler","Act Like it!","AlwaysNeverKeys","Aspiration","BaseMod","Better-Laid Plans","Block Reminder","Card Filter","Colored Powertips","Displayed Cursed Tome","GifTheSpireLib","Gremlin Skip","HololiveMod","Minty Spire (QoL Compilation)","Permanent Neow","Prisma Mod","Quick Restart","Reimu??????","Relic Filter","Shop Mod","Spikes Relics","StSLib","SuperFastMode","The Animator","The Gatherer","The Wild Card","TheBandit","Transform Curses","Uncapped","Unknown Chances","thorton","vexMod"],"gold_per_floor":[114,12,24,24,37,37,81,93,172,172,172,192,192,207,207,309,309,336,346,321,321,333,333,361,9,9,9,29,29,61,76,76,76,76],"floor_reached":33,"language":"ENG","playtime":1978,"items_purged":[],"score":326,"play_id":"4bc87c44-682c-41a5-bae3-90383d24a2ef","local_time":"20210124024416","is_ascension_mode":true,"campfire_choices":[{"data":"animator:Ciel","floor":6,"key":"SMITH"},{"data":"animator:Ara","floor":11,"key":"SMITH"},{"data":"animator:Lu","floor":13,"key":"SMITH"},{"data":"animator:Chung","floor":15,"key":"SMITH"},{"data":"animator:Elesis","floor":23,"key":"SMITH"},{"data":"animator:Ain","floor":27,"key":"SMITH"},{"data":"animator:Raven","floor":29,"key":"SMITH"},{"data":"animator:Rena","floor":32,"key":"SMITH"}],"circlet_count":0,"master_deck":["animator:Strike_Elsword","animator:Defend_Elsword","animator:Strike","animator:Strike","animator:Strike","animator:Defend","animator:Defend","animator:Defend","animator:Chung+1","animator:Raven+1","animator:Ara+1","animator:Ciel+1","animator:Laby+1","animator:Lu+1","animator:Rena+1","animator:Elesis+2","animator:Ain+1"],"relics":["animator:LivingPicture","animator:TheMissingPiece","animator:PurgingStone","Moonworks:BrokenBomb","vexMod:ScavengeHelm","animator:HolyGrailRelic","animator:WornHelmet","MerchantsRug","CherryCoatedStake","Tea:ReiMu","vexMod:BarristanHead"],"acts_visited":["Exordium","TheCity"],"potions_floor_usage":[],"damage_taken":[{"damage":1,"enemies":"Cultist","floor":1,"turns":6},{"damage":2,"enemies":"2 Louse","floor":3,"turns":3},{"damage":0,"enemies":"Small Slimes","floor":5,"turns":5},{"damage":33,"enemies":"Gremlin Nob","floor":7,"turns":6},{"damage":0,"enemies":"3 Louse","floor":8,"turns":6},{"damage":6,"enemies":"Blue Slaver","floor":12,"turns":5},{"damage":0,"enemies":"Exordium Wildlife","floor":14,"turns":5},{"damage":14,"enemies":"Hexaghost","floor":16,"turns":11},{"damage":23,"enemies":"Spheric Guardian","floor":18,"turns":7},{"damage":2,"enemies":"Chosen","floor":19,"turns":7},{"damage":0,"enemies":"Snecko","floor":22,"turns":5},{"damage":39,"enemies":"Gremlin Leader","floor":24,"turns":10},{"damage":17,"enemies":"Snake Plant","floor":28,"turns":6},{"damage":37,"enemies":"Slavers","floor":30,"turns":6},{"damage":9,"enemies":"Centurion and Healer","floor":31,"turns":11},{"damage":10,"enemies":"Automaton","floor":33,"turns":4}],"seed_played":"-7673561762128179163","potions_obtained":[{"floor":5,"key":"ZuzhouPotion:ReiMu"},{"floor":7,"key":"animator:GrowthPotion"},{"floor":8,"key":"Fire Potion"},{"floor":16,"key":"Ancient Potion"},{"floor":30,"key":"FearPotion"},{"floor":31,"key":"Fire Potion"}],"is_trial":false,"path_per_floor":["M","$","M","?","M","R","E","M","T","?","R","M","R","M","R","B",null,"M","M","?","?","M","R","E","$","T","R","M","R","E","M","R","B"],"character_chosen":"THE_ANIMATOR","items_purchased":["animator:Ara","animator:Ciel","MerchantsRug","animator:Ain","CherryCoatedStake"],"campfire_rested":0,"item_purchase_floors":[2,2,25,25,25],"current_hp_per_floor":[65,65,63,63,63,63,30,30,30,30,30,25,25,25,25,11,75,54,54,54,54,57,57,20,20,20,45,30,55,23,19,19,9,9],"gold":76,"neow_bonus":"NOSTALGIA","is_daily":false,"chose_seed":false,"campfire_upgraded":8,"win_rate":0.0,"timestamp":1611477856,"path_taken":["M","$","?","?","M","R","E","M","T","?","R","M","R","M","R","BOSS","M","M","?","?","M","R","E","?","T","R","M","R","E","M","R","BOSS"],"items_purchased_type":["Card","Card","Relic","Card","Relic"],"build_version":"2020-12-22","purchased_purges":0,"victory":false,"max_hp_per_floor":[66,66,66,66,66,66,66,66,66,66,66,67,67,67,67,67,75,77,79,79,79,82,82,84,84,84,84,86,86,88,90,90,87,87],"card_choices":[{"not_picked":["animator:ChaikaBohdan","animator:SilverFang","animator:DolaRiku"],"picked":"SKIP","floor":1},{"not_picked":["animator:Darkness","animator:Ara","animator:Fredrika"],"picked":"SKIP","floor":3},{"not_picked":["animator:Guy","animator:Sloth","animator:Layla"],"picked":"SKIP","floor":5},{"not_picked":["animator:Ciel","animator:Ara"],"picked":"animator:Laby","floor":7},{"not_picked":["animator:Darkness","animator:ElricAlphonse","animator:AcuraTooru"],"picked":"SKIP","floor":8},{"not_picked":["animator:Geryuganshoop","animator:Laby"],"picked":"animator:Lu","floor":12},{"not_picked":["animator:SuzuneAmano","animator:Fredrika","animator:Jibril"],"picked":"SKIP","floor":14},{"not_picked":["animator:Chung","animator:Lu"],"picked":"animator:Rena","floor":18},{"not_picked":["animator:Eris","animator:NarberalGamma","animator:Gillette"],"picked":"SKIP","floor":19},{"not_picked":["animator:Ciel","animator:Shalltear"],"picked":"animator:Elesis","floor":22},{"not_picked":["animator:Entoma","animator:SuzuneAmano","animator:ElricAlphonse"],"picked":"SKIP","floor":24},{"not_picked":["animator:Ain","animator:Ciel","animator:Lu+1"],"picked":"SKIP","floor":30},{"not_picked":["animator:ChlammyZell+1","animator:Verdia","animator:MetalKnight"],"picked":"SKIP","floor":31}],"player_experience":478049,"relics_obtained":[{"floor":7,"key":"vexMod:ScavengeHelm"},{"floor":9,"key":"aspiration:FetidBarrel"},{"floor":24,"key":"animator:WornHelmet"},{"floor":26,"key":"Tea:ReiMu"},{"floor":30,"key":"vexMod:BarristanHead"}],"event_choices":[{"damage_healed":0,"gold_gain":0,"player_choice":"Grow","damage_taken":0,"max_hp_gain":0,"max_hp_loss":0,"event_name":"Living Wall","floor":10,"gold_loss":0,"cards_upgraded":["animator:Laby"]},{"damage_healed":0,"gold_gain":0,"player_choice":"Ignored","damage_taken":0,"max_hp_gain":0,"max_hp_loss":0,"event_name":"Vampires","floor":21,"gold_loss":0}],"is_beta":false,"boss_relics":[{"not_picked":["Sandwich","vexMod:NewClearReactor"],"picked":"animator:HolyGrailRelic"}],"items_purged_floors":[],"is_endless":false,"potions_floor_spawned":[5,7,8,16,18,22,24,30,31],"killed_by":"Automaton","ascension_level":1}}