{"host":"ox77rn1xcurm2t5a","time":1611512645,"event":{"mods":["2.2 Compatiblity","AchievementEnabler","Act Like it!","Aspiration","BaseMod","Best Route Mod","Better Match","Better Note","Better Sensory Stone","Block Reminder","Colored Map","Colored Powertips","Conjunction","Conspire","Custom Start","Energized Spire","GifTheSpireLib","Gold Saver","Gremlin Skip","Halation","Highlight Path","Hubris","Infinite Spire","Minty Spire (QoL Compilation)","Pale of the Ancients","Quick Restart","Replay The Spire","Reworked Bosses","ShortenTheSpire","Spire Exporter","StSLib","Stuff the Spire","Wandering Minibosses","vexMod"],"gold_per_floor":[111,36,36,36,48,77,77,92,92,17,17,17,37,37,37,113,113,113,113,113,113,113,113,113],"floor_reached":23,"language":"ENG","playtime":496,"items_purged":["Strike_B","Strike_B"],"score":360,"play_id":"2daf9fee-452d-4b39-bc40-be22fe729123","local_time":"20210124202405","is_ascension_mode":true,"campfire_choices":[{"data":"Zap","floor":7,"key":"SMITH"},{"floor":11,"key":"RECALL"},{"data":"Static Discharge","floor":15,"key":"SMITH"}],"circlet_count":0,"master_deck":["AscendersBane","Strike_B","Strike_B","Defend_B","Defend_B","Defend_B","Defend_B","Zap+1","Dualcast","FIFO Queue+1","Static Discharge+1","Cold Snap","Machine Learning","Cold Snap","Coolheaded"],"relics":["Cracked Core","NeowsBlessing","StuffTheSpire:ColdMirror","Ectoplasm","Honey Jar","Strawberry"],"acts_visited":["Exordium","TheCity"],"potions_floor_usage":[],"damage_taken":[{"damage":0,"enemies":"Jaw Worm","floor":1,"turns":1},{"damage":0,"enemies":"Cultist","floor":5,"turns":1},{"damage":0,"enemies":"Gremlin Nob","floor":6,"turns":1},{"damage":0,"enemies":"conspire:RoseBush","floor":8,"turns":4},{"damage":5,"enemies":"2 Fungi Beasts","floor":13,"turns":7},{"damage":43,"enemies":"Slime Boss","floor":16,"turns":11},{"damage":15,"enemies":"Spheric Guardian","floor":18,"turns":4},{"damage":7,"enemies":"Chosen","floor":21,"turns":5},{"damage":44,"enemies":"Slavers","floor":23,"turns":3}],"seed_played":"-6041162849610720846","potions_obtained":[{"floor":5,"key":"SpeedPotion"}],"is_trial":false,"path_per_floor":["M","?","?","$","M","E","R","M","T","$","R","?","M","?","R","B",null,"M","?","AVR","M","?","E"],"character_chosen":"DEFECT","items_purchased":[],"campfire_rested":0,"item_purchase_floors":[],"current_hp_per_floor":[64,64,64,64,64,64,64,64,64,64,64,64,59,59,59,16,57,42,42,49,42,42,0,0],"gold":113,"neow_bonus":"THREE_ENEMY_KILL","is_daily":false,"chose_seed":false,"campfire_upgraded":2,"win_rate":0.0,"timestamp":1611512645,"path_taken":["M","?","?","$","M","E","R","M","T","$","R","?","?","?","R","BOSS","M","?","AVR","M","?","E"],"items_purchased_type":[],"build_version":"2020-12-22","purchased_purges":2,"victory":false,"max_hp_per_floor":[71,71,71,71,71,71,71,71,71,71,71,71,71,71,71,71,71,71,71,78,78,78,78,78],"card_choices":[{"not_picked":["ReplayTheSpireMod:Repulse","StuffTheSpire:Plugnplay","Steam"],"picked":"SKIP","floor":1},{"not_picked":["Heatsinks+1","ReplaySort+1"],"picked":"FIFO Queue+1","floor":2},{"not_picked":["Hologram","Leap"],"picked":"Static Discharge","floor":5},{"not_picked":["ReplayGash","FIFO Queue","ReplaySolidLightProjector"],"picked":"SKIP","floor":6},{"not_picked":["Leap","Buffer"],"picked":"Cold Snap","floor":8},{"not_picked":["StuffTheSpire:Plugnplay","Conserve Battery","Turbo"],"picked":"SKIP","floor":13},{"not_picked":["Reboot","hubris:DoWhile"],"picked":"Machine Learning","floor":16},{"not_picked":["Blizzard","Conserve Battery"],"picked":"Cold Snap","floor":18},{"not_picked":["Leap","Beam Cell","Sunder"],"picked":"Coolheaded","floor":21}],"player_experience":2988233,"relics_obtained":[{"floor":6,"key":"StuffTheSpire:ColdMirror"}],"event_choices":[{"damage_healed":0,"gold_gain":0,"player_choice":"2","damage_taken":0,"max_hp_gain":0,"max_hp_loss":0,"event_name":"betterMatch:BetterMatch","floor":2,"gold_loss":0,"cards_obtained":["betterMatch:UncommonCard"]},{"damage_healed":0,"gold_gain":0,"player_choice":"Ignored","damage_taken":0,"max_hp_gain":0,"max_hp_loss":0,"event_name":"Golden Idol","floor":3,"gold_loss":0},{"damage_healed":0,"gold_gain":0,"player_choice":"Leave","damage_taken":0,"max_hp_gain":0,"max_hp_loss":0,"event_name":"conspire:Investor","floor":19,"gold_loss":0}],"is_beta":false,"boss_relics":[{"not_picked":["halation:Risk","StuffTheSpire:Kangaroo"],"picked":"Ectoplasm"}],"items_purged_floors":[10,20],"is_endless":false,"potions_floor_spawned":[5],"killed_by":"Slavers","ascension_level":14}}