{"host":"lbezuomzcjopy55u","time":1611502717,"event":{"mods":["BaseMod","Bestiary","Minty Spire (QoL Compilation)","Quick Restart","Slay-I","StSLib","Uncapped"],"gold_per_floor":[99,99,99,119,119,119,147,147,147,147,157,174,174,174,174,272,272],"floor_reached":16,"language":"ZHS","playtime":347,"items_purged":[],"score":242,"play_id":"cb14521e-2602-426e-b4d7-885bd7b20f8a","local_time":"20210124233837","is_ascension_mode":true,"campfire_choices":[{"data":"Dualcast","floor":6,"key":"SMITH"},{"data":"Turbo","floor":10,"key":"SMITH"},{"data":"Sunder","floor":15,"key":"SMITH"}],"circlet_count":0,"master_deck":["Strike_B","Strike_B","Strike_B","Defend_B","Defend_B","Defend_B","Defend_B","Zap","Dualcast+1","Cold Snap","FTL","Turbo+1","Hologram","Sunder+1","Cold Snap"],"relics":["Cracked Core","NeowsBlessing","Incense Burner","Orichalcum","Tiny Chest","Calipers","Du-Vu Doll"],"acts_visited":["Exordium"],"potions_floor_usage":[],"damage_taken":[{"damage":0,"enemies":"2 Louse","floor":1,"turns":1},{"damage":0,"enemies":"Cultist","floor":4,"turns":1},{"damage":0,"enemies":"Lagavulin","floor":7,"turns":1},{"damage":2,"enemies":"Jaw Worm","floor":11,"turns":3},{"damage":0,"enemies":"Looter","floor":12,"turns":3},{"damage":54,"enemies":"Hexaghost","floor":16,"turns":11}],"seed_played":"-750623896929395379","potions_obtained":[{"floor":4,"key":"FocusPotion"},{"floor":7,"key":"Weak Potion"},{"floor":8,"key":"AttackPotion"},{"floor":8,"key":"DistilledChaos"}],"is_trial":false,"path_per_floor":["M","$","?","M","T","R","E","?","T","R","M","M","T","T","R","B"],"character_chosen":"DEFECT","items_purchased":[],"campfire_rested":0,"item_purchase_floors":[],"current_hp_per_floor":[68,68,68,68,68,68,68,68,68,68,66,66,66,66,66,12,12],"gold":272,"neow_bonus":"THREE_ENEMY_KILL","is_daily":false,"chose_seed":false,"campfire_upgraded":3,"win_rate":0.0,"timestamp":1611502717,"path_taken":["M","$","?","?","?","R","E","?","T","R","?","?","?","?","R","BOSS"],"items_purchased_type":[],"build_version":"2020-12-22","purchased_purges":0,"victory":false,"max_hp_per_floor":[75,75,75,75,75,75,75,75,75,75,75,75,75,75,75,75,75],"card_choices":[{"not_picked":["Redo","Lockon"],"picked":"Cold Snap","floor":1},{"not_picked":["Barrage","Fusion"],"picked":"Turbo","floor":4},{"not_picked":["Steam Power","Conserve Battery"],"picked":"Hologram","floor":7},{"not_picked":["Compile Driver","Go for the Eyes"],"picked":"Sunder","floor":11},{"not_picked":["Hologram","Stack"],"picked":"Cold Snap","floor":12}],"player_experience":286585,"relics_obtained":[{"floor":5,"key":"Incense Burner"},{"floor":7,"key":"Orichalcum"},{"floor":9,"key":"Tiny Chest"},{"floor":13,"key":"Calipers"},{"floor":14,"key":"Du-Vu Doll"}],"event_choices":[{"damage_healed":0,"gold_gain":0,"cards_transformed":["Strike_B"],"player_choice":"Transformed","damage_taken":0,"max_hp_gain":0,"max_hp_loss":0,"event_name":"Transmorgrifier","floor":3,"gold_loss":0,"cards_obtained":["FTL"]},{"damage_healed":0,"gold_gain":0,"player_choice":"Got Potions","damage_taken":0,"max_hp_gain":0,"max_hp_loss":0,"event_name":"Lab","floor":8,"gold_loss":0}],"is_beta":false,"boss_relics":[],"items_purged_floors":[],"is_endless":false,"potions_floor_spawned":[4,7,11,12],"killed_by":"Hexaghost","ascension_level":8}}