{"host":"p11r1vg7ld7z2n97","time":1611515844,"event":{"mods":["BaseMod","Better Note","Colored Map","Downfall","Minty Spire (QoL Compilation)","Rare Cards Sparkle","StSLib","Waifu the Spire"],"gold_per_floor":[0,14,14,24,9,19,19,33,33,64,49,49,66,101,119,119,119,119],"floor_reached":16,"language":"ENG","playtime":1055,"items_purged":[],"score":112,"play_id":"cb639bc4-9a45-42c2-9415-550ae719a927","local_time":"20210124121724","is_ascension_mode":false,"campfire_choices":[{"floor":1,"key":"RECALL"},{"data":"champ:GladiatorForm","floor":12,"key":"SMITH"}],"circlet_count":0,"master_deck":["champ:Strike","champ:Strike","champ:Strike","champ:Defend","champ:Defend","champ:Defend","champ:Execute","champ:Taunt","champ:FlashCut","champ:FlashCut","champ:SkillfulDodge","champ:FanOfKnives","champ:GutPunch","champ:ViciousMockery","champ:HeartStrike","champ:GladiatorForm+1","champ:BringItOn","champ:Circumvent","champ:FocusedBerserking"],"relics":["champ:ChampionCrown","Matryoshka","Orichalcum","Oddly Smooth Stone"],"acts_visited":["Exordium"],"potions_floor_usage":[14,16],"damage_taken":[{"damage":22,"enemies":"Small Slimes","floor":2,"turns":5},{"damage":10,"enemies":"Cultist","floor":4,"turns":2},{"damage":20,"enemies":"downfall:FleeingMerchant","floor":5,"turns":4},{"damage":10,"enemies":"2 Louse","floor":6,"turns":3},{"damage":18,"enemies":"Lots of Slimes","floor":8,"turns":3},{"damage":58,"enemies":"Lagavulin","floor":10,"turns":10},{"damage":25,"enemies":"downfall:FleeingMerchant","floor":11,"turns":4},{"damage":19,"enemies":"2 Fungi Beasts","floor":13,"turns":2},{"damage":10,"enemies":"Gremlin Nob","floor":14,"turns":4},{"damage":10,"enemies":"Red Slaver","floor":15,"turns":3},{"damage":22,"enemies":"DF_ARCHETYPE_STREAMLINE","floor":16,"turns":6}],"seed_played":"-603288523392667422","potions_obtained":[{"floor":9,"key":"champ:CounterPotion"},{"floor":9,"key":"AttackPotion"},{"floor":9,"key":"EssenceOfSteel"},{"floor":14,"key":"Weak Potion"}],"is_trial":false,"path_per_floor":["R","M","?","M","$","M","T","M","?","E","$","R","M","E","M","B"],"character_chosen":"THE_CHAMP","items_purchased":[],"campfire_rested":0,"item_purchase_floors":[],"current_hp_per_floor":[90,88,88,88,88,88,88,80,80,42,37,37,28,18,18,0,0,0],"gold":119,"neow_bonus":"REMOVE_TWO","is_daily":false,"chose_seed":false,"campfire_upgraded":1,"win_rate":0.0,"timestamp":1611515844,"path_taken":["R","M","?","M","?","?","T","M","?","E","$","R","M","E","M","BOSS"],"items_purchased_type":[],"build_version":"2020-12-22","purchased_purges":0,"victory":false,"max_hp_per_floor":[90,90,90,90,90,90,90,90,90,90,90,90,90,90,90,90,90,90],"card_choices":[{"not_picked":["champ:PerfectedStrike","champ:BringItOn"],"picked":"champ:FlashCut","floor":2},{"not_picked":["champ:IronFortress","champ:ShieldWall"],"picked":"champ:SkillfulDodge","floor":4},{"not_picked":["champ:EnGarde","champ:CrownThrow"],"picked":"champ:FanOfKnives","floor":5},{"not_picked":["champ:PreciseThrust","champ:BladeFlurry"],"picked":"champ:GutPunch","floor":6},{"not_picked":["champ:SkillfulDodge","champ:ShieldSlam"],"picked":"champ:ViciousMockery","floor":8},{"not_picked":["champ:BladeFlurry","champ:CheapShot"],"picked":"champ:HeartStrike","floor":10},{"not_picked":["champ:FanOfKnives","champ:BerserkersShout"],"picked":"champ:GladiatorForm","floor":11},{"not_picked":["champ:CrownThrow","champ:StanceDance"],"picked":"champ:BringItOn","floor":13},{"not_picked":["champ:FaceSlap","champ:StanceDance"],"picked":"champ:Circumvent","floor":14},{"not_picked":["champ:ArenaPreparation","champ:AdrenalArmor"],"picked":"champ:FocusedBerserking","floor":15}],"player_experience":669459,"relics_obtained":[{"floor":7,"key":"Matryoshka"},{"floor":10,"key":"Orichalcum"},{"floor":14,"key":"Oddly Smooth Stone"}],"event_choices":[{"damage_healed":0,"gold_gain":0,"player_choice":"Got Potions","damage_taken":0,"max_hp_gain":0,"max_hp_loss":0,"event_name":"Lab","floor":9,"gold_loss":0}],"is_beta":false,"boss_relics":[],"items_purged_floors":[],"is_endless":false,"potions_floor_spawned":[13,14,15],"killed_by":"DF_ARCHETYPE_STREAMLINE","ascension_level":0}}