{"host":"8e0fbs2rjjlp63bs","time":1611485008,"event":{"mods":["AchievementEnabler","Aspiration","BaseMod","BetterRewards","Challenge The Spire","Colored Map","Colored Powertips","Conspire","Downfall","Highlight Path","Infinite Spire","Jedi Mod","Minty Spire (QoL Compilation)","READ ME - Guardian Mod","READ ME - Snecko Mod","Replay The Spire","StSLib","The Blackbeard","The Bladedancer","The Cursed","The Disciple","The Exalted","The Necromancer","vexMod"],"gold_per_floor":[113,131,131,101,120,120,149,149,149,149,160,235,235,185,185,287,287,287,287],"floor_reached":18,"language":"ENG","playtime":2274,"items_purged":[],"score":158,"play_id":"856b933f-8523-4aed-a2d8-d36c0c9f26a0","local_time":"20210124024328","is_ascension_mode":false,"campfire_choices":[{"data":"Bromod:FashionFrame","floor":6,"key":"SMITH"},{"data":"Bromod:Reflection","floor":8,"key":"SMITH"},{"data":"Bromod:RelentlessCombination","floor":10,"key":"SMITH"},{"floor":13,"key":"REST"},{"data":"conspire:Blindness","floor":15,"key":"PURGE"}],"circlet_count":0,"master_deck":["Bromod:Strike_Bro","Bromod:Strike_Bro","Bromod:Strike_Bro","Bromod:Defend_Bro","Bromod:Defend_Bro","Bromod:Defend_Bro","Bromod:Defend_Bro","Bromod:SlashDash","Bromod:SlashDash","Bromod:SlashDash","Bromod:PointStrike","Bromod:ContagiousSpread","Bromod:FashionFrame+1","Bromod:RelentlessCombination+1","Bromod:Reflection+1","Delirium","Bromod:JaggedEdge","Bromod:DriftingContact"],"relics":["Bromod:Ordis","Bromod:AscarisDevice","downfall:ExtraCursedKey","Bag of Preparation","jedi:heavyjacket","vexMod:MysteryBossChallenge","aspiration:RandomNobGenerator"],"acts_visited":["Exordium","TheCity"],"potions_floor_usage":[16],"damage_taken":[{"damage":1,"enemies":"Jaw Worm","floor":1,"turns":4},{"damage":12,"enemies":"Small Slimes","floor":2,"turns":3},{"damage":0,"enemies":"Cultist","floor":5,"turns":3},{"damage":4,"enemies":"Lagavulin","floor":7,"turns":5},{"damage":2,"enemies":"3 Louse","floor":11,"turns":4},{"damage":45,"enemies":"Slime Boss","floor":16,"turns":12},{"damage":89,"enemies":"Shell Parasite","floor":18,"turns":4}],"seed_played":"2986493033778361991","potions_obtained":[{"floor":2,"key":"Explosive Potion"},{"floor":4,"key":"Death Potion"},{"floor":4,"key":"Bromod:Kuva"},{"floor":16,"key":"Milkshake"}],"is_trial":false,"path_per_floor":["M","M","?","?","M","R","E","R","T","R","M","?","R","?","R_BF","B",null,"M"],"character_chosen":"THE_EXALTED","items_purchased":[],"campfire_rested":1,"item_purchase_floors":[],"current_hp_per_floor":[81,69,69,69,69,69,65,65,65,65,63,52,76,76,76,31,82,0,0],"gold":287,"neow_bonus":"TEN_PERCENT_HP_BONUS","is_daily":false,"chose_seed":false,"campfire_upgraded":3,"win_rate":0.0,"timestamp":1611485008,"path_taken":["M","M","?","?","?","R","E","R","T","R","M","?","R","?","R_BF","BOSS","M"],"items_purchased_type":[],"build_version":"2020-12-22","purchased_purges":0,"victory":false,"max_hp_per_floor":[82,82,82,82,82,82,82,82,82,82,82,82,82,82,82,82,82,82,82],"card_choices":[{"not_picked":["Bromod:SpeedTrigger","Bromod:PointBlank"],"picked":"Bromod:PointStrike","floor":1},{"not_picked":["Bromod:Vitality","Bromod:Foundry"],"picked":"Bromod:ContagiousSpread","floor":2},{"not_picked":["Bromod:Vitality","Bromod:RadialBlind"],"picked":"Bromod:RelentlessCombination","floor":5},{"not_picked":["Bromod:SeismicWave","Bromod:PointStrike"],"picked":"Bromod:Reflection","floor":7},{"not_picked":["Bromod:SteelFiber","Bromod:FastHands"],"picked":"Bromod:JaggedEdge","floor":11},{"not_picked":["Bromod:Berserker","Bromod:ChillingReload"],"picked":"Bromod:DriftingContact","floor":16}],"player_experience":24358,"relics_obtained":[{"floor":7,"key":"Bag of Preparation"},{"floor":9,"key":"jedi:heavyjacket"}],"event_choices":[{"damage_healed":0,"gold_gain":0,"player_choice":"Bought 2 Potions","damage_taken":0,"max_hp_gain":0,"max_hp_loss":0,"event_name":"The Woman in Blue","floor":4,"gold_loss":0},{"damage_healed":0,"gold_gain":75,"player_choice":"Gather Gold","damage_taken":11,"max_hp_gain":0,"max_hp_loss":0,"event_name":"World of Goop","floor":12,"gold_loss":0},{"cards_removed":["SwitchConfidence"],"damage_healed":0,"gold_gain":0,"player_choice":"Card Removal","damage_taken":0,"max_hp_gain":0,"max_hp_loss":0,"event_name":"The Cleric","floor":14,"gold_loss":50}],"is_beta":false,"boss_relics":[{"not_picked":["Snecko Eye","Runic Dome"],"picked":"vexMod:MysteryBossChallenge"}],"items_purged_floors":[],"is_endless":false,"potions_floor_spawned":[2,7,11,16],"killed_by":"Shell Parasite","ascension_level":0}}