{"host":"d5i1qeb9dejicw1z","time":1611458056,"event":{"mods":["AchievementEnabler","BaseMod","Better Note","BetterRewards","Gold Saver","Hermit","Infinite Spire","Minty Spire (QoL Compilation)","StSLib"],"gold_per_floor":[134,33,49,67,90,90,101,101,101,136,155,182,199,258,258,333,333,353,365,381,381,381,381,395,409,409,409,141,141,155,30,30,103,103,113,113,129,184,184,184,184],"floor_reached":40,"language":"ENG","playtime":1355,"items_purged":["Defend_B","Strike_B","Strike_B"],"score":756,"play_id":"a1e04bb4-4c19-423f-935e-17b4b30d6912","local_time":"20210123191416","is_ascension_mode":true,"campfire_choices":[{"data":"Zap","floor":6,"key":"SMITH"},{"data":"Beam Cell","floor":8,"key":"SMITH"},{"floor":15,"key":"REST"},{"data":"infinitespire:Collect","floor":23,"key":"SMITH"},{"floor":27,"key":"REST"},{"data":"Go for the Eyes","floor":29,"key":"SMITH"},{"data":"Dualcast","floor":32,"key":"SMITH"}],"circlet_count":0,"master_deck":["AscendersBane","Strike_B","Strike_B","Defend_B","Defend_B","Defend_B","Zap+1","Dualcast+1","Conserve Battery","Beam Cell+1","FTL","Melter","Core Surge","Go for the Eyes+1","Conserve Battery","All For One","Gash","White Noise","infinitespire:Collect+1","Gash","BootSequence","Fission","Gash","infinitespire:NeuralNetwork"],"relics":["Cracked Core","NeowsBlessing","Darkstone Periapt","Bag of Preparation","Lantern","Ginger","Nloth\u0027s Gift","Emotion Chip","Lee\u0027s Waffle","Nuclear Battery","Lizard Tail"],"acts_visited":["Exordium","TheCity","TheBeyond"],"potions_floor_usage":[10,10,16,19,24,33,37,40],"damage_taken":[{"damage":0,"enemies":"Cultist","floor":1,"turns":1},{"damage":0,"enemies":"Small Slimes","floor":3,"turns":1},{"damage":0,"enemies":"Jaw Worm","floor":4,"turns":1},{"damage":6,"enemies":"Red Slaver","floor":7,"turns":3},{"damage":30,"enemies":"Lagavulin","floor":10,"turns":5},{"damage":3,"enemies":"Exordium Wildlife","floor":11,"turns":3},{"damage":1,"enemies":"Gremlin Nob","floor":12,"turns":3},{"damage":6,"enemies":"Large Slime","floor":13,"turns":3},{"damage":25,"enemies":"Hexaghost","floor":16,"turns":7},{"damage":0,"enemies":"Chosen","floor":18,"turns":3},{"damage":4,"enemies":"2 Thieves","floor":19,"turns":3},{"damage":0,"enemies":"Sentry and Sphere","floor":20,"turns":3},{"damage":15,"enemies":"Shelled Parasite and Fungi","floor":24,"turns":2},{"damage":0,"enemies":"Cultist and Chosen","floor":25,"turns":3},{"damage":13,"enemies":"Centurion and Healer","floor":30,"turns":4},{"damage":77,"enemies":"Champ","floor":33,"turns":12},{"damage":0,"enemies":"3 Shapes","floor":35,"turns":6},{"damage":19,"enemies":"3 Darklings","floor":37,"turns":2},{"damage":8,"enemies":"2 Orb Walkers","floor":38,"turns":4},{"damage":80,"enemies":"Reptomancer","floor":40,"turns":2}],"seed_played":"6542192494374986721","potions_obtained":[{"floor":1,"key":"SteroidPotion"},{"floor":3,"key":"FearPotion"},{"floor":12,"key":"CultistPotion"},{"floor":16,"key":"Swift Potion"},{"floor":18,"key":"Block Potion"},{"floor":20,"key":"Ancient Potion"},{"floor":30,"key":"FairyPotion"},{"floor":33,"key":"ColorlessPotion"},{"floor":38,"key":"PowerPotion"}],"is_trial":false,"path_per_floor":["M","$","M","M","T","R","M","R","T","E","M","E","M","?","R","B",null,"M","M","M","AVR","?","R","M","M","T","R","$","R","M","$","R","B",null,"M","$","M","?","?","E"],"character_chosen":"DEFECT","items_purchased":["Beam Cell","Lee\u0027s Waffle"],"campfire_rested":2,"item_purchase_floors":[2,28],"current_hp_per_floor":[64,64,64,64,64,64,58,58,58,28,25,24,18,18,39,14,57,57,53,53,53,53,53,38,38,38,59,78,78,65,65,65,42,69,69,69,50,42,24,0,0],"gold":184,"neow_bonus":"THREE_ENEMY_KILL","is_daily":false,"chose_seed":false,"campfire_upgraded":5,"win_rate":0.0,"timestamp":1611458056,"path_taken":["M","?","M","M","?","R","M","R","T","E","?","E","M","?","R","BOSS","M","M","M","AVR","?","R","?","M","T","R","$","R","M","$","R","BOSS","M","$","M","?","?","E"],"items_purchased_type":["Card","Relic"],"build_version":"2020-12-22","purchased_purges":3,"victory":false,"max_hp_per_floor":[71,71,71,71,71,71,71,71,71,71,71,71,71,71,71,71,71,71,71,71,71,71,71,71,71,71,71,78,78,78,78,78,78,78,78,78,78,78,78,78,78],"card_choices":[{"not_picked":["Steam","Turbo"],"picked":"Conserve Battery","floor":1},{"not_picked":["Static Discharge","Hologram","Steam"],"picked":"SKIP","floor":3},{"not_picked":["Turbo","Redo"],"picked":"FTL","floor":4},{"not_picked":["Darkness","Barrage"],"picked":"Melter","floor":7},{"not_picked":["Beam Cell","Leap"],"picked":"Core Surge","floor":10},{"not_picked":["Genetic Algorithm","Rebound"],"picked":"Go for the Eyes","floor":11},{"not_picked":["Coolheaded","Consume"],"picked":"Conserve Battery","floor":12},{"not_picked":["Force Field","Heatsinks","Steam"],"picked":"SKIP","floor":13},{"not_picked":["Hyperbeam","Multi-Cast"],"picked":"All For One","floor":16},{"not_picked":["Turbo","Beam Cell","Rebound+1"],"picked":"SKIP","floor":18},{"not_picked":["Streamline","Hologram"],"picked":"Gash","floor":19},{"not_picked":["Double Energy","Creative AI"],"picked":"White Noise","floor":20},{"not_picked":["Loop","Hologram","Blizzard"],"picked":"SKIP","floor":24},{"not_picked":["Compile Driver","Coolheaded"],"picked":"Gash","floor":25},{"not_picked":["Capacitor+1","Go for the Eyes"],"picked":"BootSequence","floor":30},{"not_picked":["Seek","All For One"],"picked":"Fission","floor":33},{"not_picked":["Hello World","Coolheaded","Heatsinks"],"picked":"SKIP","floor":35},{"not_picked":["Conserve Battery","Ball Lightning","Coolheaded"],"picked":"SKIP","floor":37},{"not_picked":["Doom and Gloom","Leap"],"picked":"Gash","floor":38},{"not_picked":["infinitespire:DeathsTouch","infinitespire:Fortify"],"picked":"infinitespire:NeuralNetwork","floor":39}],"player_experience":1192781,"relics_obtained":[{"floor":5,"key":"MealTicket"},{"floor":9,"key":"Darkstone Periapt"},{"floor":10,"key":"Bag of Preparation"},{"floor":12,"key":"Lantern"},{"floor":26,"key":"Emotion Chip"},{"floor":38,"key":"Lizard Tail"}],"event_choices":[{"damage_healed":0,"gold_gain":59,"player_choice":"Gained Gold","damage_taken":0,"max_hp_gain":0,"max_hp_loss":0,"event_name":"Golden Wing","floor":14,"gold_loss":0},{"damage_healed":0,"gold_gain":0,"player_choice":"Traded Relic","damage_taken":0,"relics_obtained":["Nloth\u0027s Gift"],"max_hp_gain":0,"max_hp_loss":0,"event_name":"N\u0027loth","floor":22,"relics_lost":["MealTicket"],"gold_loss":0},{"damage_healed":0,"gold_gain":0,"player_choice":"Fight","damage_taken":0,"max_hp_gain":0,"max_hp_loss":0,"event_name":"Mysterious Sphere","floor":38,"gold_loss":0}],"is_beta":false,"boss_relics":[{"not_picked":["Runic Pyramid","Philosopher\u0027s Stone","Cursed Key"]},{"not_picked":["Astrolabe","Black Star"],"picked":"Nuclear Battery"}],"items_purged_floors":[2,28,31],"is_endless":false,"potions_floor_spawned":[1,3,12,16,18,20,30,33,38],"killed_by":"Reptomancer","ascension_level":18}}