{"host":"359hz4210ybch7ku","time":1611470443,"event":{"mods":["BaseMod","Block Reminder","Colored Map","Colored Powertips","Highlight Path","Minty Spire (QoL Compilation)","Slay the Relics Exporter","StSLib"],"gold_per_floor":[114,289,289,303,319,319,346,363,363,363,113,113,133,144,144,249,249,261,261,12,26,42,68,84,84,110,124,134,134,165,22,22,123,123,141,36,0,0,13,42,42,93,93,93,108,108,143,143,143,143],"floor_reached":51,"language":"ENG","playtime":3006,"items_purged":["Doubt","Strike_R"],"score":902,"play_id":"ff58edd0-b16f-4e91-9c0b-009e70176ec3","local_time":"20210123224043","is_ascension_mode":true,"campfire_choices":[{"data":"Clash","floor":6,"key":"SMITH"},{"data":"Pommel Strike","floor":10,"key":"SMITH"},{"data":"Pommel Strike","floor":12,"key":"SMITH"},{"data":"Clash","floor":15,"key":"SMITH"},{"data":"Offering","floor":25,"key":"SMITH"},{"data":"Rage","floor":29,"key":"SMITH"},{"data":"Rage","floor":32,"key":"SMITH"},{"data":"Perfected Strike","floor":44,"key":"SMITH"},{"data":"Warcry","floor":49,"key":"SMITH"}],"circlet_count":0,"master_deck":["Strike_R","Strike_R","Strike_R","Strike_R","Defend_R","Defend_R","Defend_R","Bash","Perfected Strike+1","Clash+1","Clash+1","Pommel Strike+1","Offering+1","Pommel Strike+1","Impervious","Perfected Strike+1","Shrug It Off","Rage+1","Rage+1","Reaper","HandOfGreed","Shrug It Off","Warcry+1","Madness","Madness"],"relics":["Coffee Dripper","Potion Belt","Lantern","Oddly Smooth Stone","Philosopher\u0027s Stone","HandDrill","Self Forming Clay","Nunchaku","Pen Nib","Brimstone","Busted Crown","Red Mask","Bronze Scales","Gremlin Horn","Shuriken"],"acts_visited":["Exordium","TheCity","TheBeyond"],"potions_floor_usage":[16,16,33,50,50,50],"damage_taken":[{"damage":1,"enemies":"Cultist","floor":1,"turns":3},{"damage":7,"enemies":"2 Louse","floor":4,"turns":2},{"damage":12,"enemies":"Small Slimes","floor":5,"turns":2},{"damage":26,"enemies":"Lagavulin","floor":7,"turns":5},{"damage":17,"enemies":"Exordium Thugs","floor":8,"turns":3},{"damage":0,"enemies":"Blue Slaver","floor":13,"turns":1},{"damage":6,"enemies":"Large Slime","floor":14,"turns":2},{"damage":6,"enemies":"The Guardian","floor":16,"turns":9},{"damage":6,"enemies":"Spheric Guardian","floor":18,"turns":1},{"damage":10,"enemies":"3 Byrds","floor":21,"turns":3},{"damage":6,"enemies":"Snake Plant","floor":22,"turns":2},{"damage":11,"enemies":"Gremlin Leader","floor":23,"turns":2},{"damage":6,"enemies":"3 Cultists","floor":24,"turns":3},{"damage":6,"enemies":"Chosen and Byrds","floor":27,"turns":3},{"damage":3,"enemies":"Snake Plant","floor":28,"turns":2},{"damage":12,"enemies":"Slavers","floor":30,"turns":3},{"damage":6,"enemies":"Automaton","floor":33,"turns":5},{"damage":6,"enemies":"3 Shapes","floor":35,"turns":2},{"damage":0,"enemies":"Orb Walker","floor":39,"turns":1},{"damage":6,"enemies":"Nemesis","floor":40,"turns":3},{"damage":6,"enemies":"Giant Head","floor":42,"turns":5},{"damage":36,"enemies":"Maw","floor":45,"turns":4},{"damage":4,"enemies":"4 Shapes","floor":47,"turns":1},{"damage":23,"enemies":"Time Eater","floor":50,"turns":5}],"seed_played":"7163360472711116237","potions_obtained":[{"floor":4,"key":"HeartOfIron"},{"floor":7,"key":"LiquidBronze"},{"floor":8,"key":"Dexterity Potion"},{"floor":14,"key":"Ancient Potion"},{"floor":22,"key":"Energy Potion"},{"floor":24,"key":"AttackPotion"},{"floor":27,"key":"Dexterity Potion"},{"floor":33,"key":"ColorlessPotion"},{"floor":45,"key":"SteroidPotion"}],"is_trial":false,"path_per_floor":["M","?","?","M","M","R","E","M","T","R","$","R","M","M","R","B",null,"M","?","$","M","M","E","M","R","T","M","M","R","E","$","R","B",null,"M","$","?","?","M","E","$","E","T","R","M","$","M","?","R","B",null],"character_chosen":"IRONCLAD","items_purchased":["Pommel Strike","Oddly Smooth Stone","HandDrill","Brimstone","FairyPotion"],"campfire_rested":0,"item_purchase_floors":[11,11,20,31,36],"current_hp_per_floor":[79,79,79,72,60,60,34,17,17,17,17,17,17,11,11,5,80,74,74,74,64,58,47,41,41,41,35,32,32,20,20,20,14,80,80,80,80,80,80,75,75,74,74,74,48,48,44,34,34,29],"gold":143,"neow_bonus":"BOSS_RELIC","is_daily":false,"chose_seed":false,"campfire_upgraded":9,"win_rate":0.0,"timestamp":1611470443,"path_taken":["M","?","?","M","?","R","E","M","T","R","$","R","M","?","R","BOSS","M","?","$","M","M","E","M","R","T","M","M","R","E","?","R","BOSS","M","$","?","?","M","E","$","E","T","R","M","$","M","?","R","BOSS"],"items_purchased_type":["Card","Relic","Relic","Relic","Potion"],"build_version":"2020-12-22","purchased_purges":2,"victory":true,"max_hp_per_floor":[80,80,80,80,80,80,80,80,80,80,80,80,80,80,80,80,80,80,80,80,80,80,80,80,80,80,80,80,80,80,80,80,80,80,80,80,80,80,80,80,80,80,80,80,80,80,80,80,80,80],"card_choices":[{"not_picked":["Flex","Perfected Strike","True Grit"],"picked":"SKIP","floor":1},{"not_picked":["Thunderclap","Shrug It Off"],"picked":"Clash","floor":4},{"not_picked":["Shrug It Off","Thunderclap"],"picked":"Clash","floor":5},{"not_picked":["Shrug It Off","Combust"],"picked":"Pommel Strike","floor":7},{"not_picked":["Wild Strike","Hemokinesis"],"picked":"Offering","floor":8},{"not_picked":["Cleave","Body Slam","Bloodletting"],"picked":"SKIP","floor":13},{"not_picked":["Second Wind","Fire Breathing","Heavy Blade"],"picked":"SKIP","floor":14},{"not_picked":["Fiend Fire","Demon Form"],"picked":"Impervious","floor":16},{"not_picked":["Battle Trance","Pommel Strike"],"picked":"Perfected Strike+1","floor":18},{"not_picked":["Disarm","Armaments","Clothesline"],"picked":"SKIP","floor":21},{"not_picked":["Second Wind","Power Through","Sword Boomerang"],"picked":"SKIP","floor":22},{"not_picked":["Heavy Blade","Body Slam+1"],"picked":"Shrug It Off","floor":23},{"not_picked":["Dual Wield","True Grit"],"picked":"Rage","floor":24},{"not_picked":["Disarm","Armaments+1"],"picked":"Rage","floor":27},{"not_picked":["Dropkick+1","Sword Boomerang","Flame Barrier"],"picked":"SKIP","floor":28},{"not_picked":["Thunderclap+1","Pummel","Anger"],"picked":"SKIP","floor":30},{"not_picked":["Berserk","Bludgeon"],"picked":"Reaper","floor":33},{"not_picked":["Fire Breathing"],"picked":"SKIP","floor":35},{"not_picked":[],"picked":"HandOfGreed","floor":38},{"not_picked":["Cleave+1"],"picked":"SKIP","floor":39},{"not_picked":[],"picked":"Shrug It Off","floor":40},{"not_picked":["Disarm+1"],"picked":"SKIP","floor":42},{"not_picked":[],"picked":"Warcry","floor":45},{"not_picked":["Evolve"],"picked":"SKIP","floor":47}],"player_experience":272204,"relics_obtained":[{"floor":7,"key":"Potion Belt"},{"floor":9,"key":"Lantern"},{"floor":23,"key":"Self Forming Clay"},{"floor":26,"key":"Nunchaku"},{"floor":30,"key":"Pen Nib"},{"floor":40,"key":"Bronze Scales"},{"floor":42,"key":"Gremlin Horn"},{"floor":43,"key":"Shuriken"}],"event_choices":[{"damage_healed":0,"gold_gain":175,"player_choice":"AGREE","damage_taken":0,"max_hp_gain":0,"max_hp_loss":0,"event_name":"Liars Game","floor":2,"gold_loss":0,"cards_obtained":["Doubt"]},{"damage_healed":0,"gold_gain":0,"cards_transformed":["Defend_R"],"player_choice":"Transformed","damage_taken":0,"max_hp_gain":0,"max_hp_loss":0,"event_name":"Transmorgrifier","floor":3,"gold_loss":0,"cards_obtained":["Perfected Strike"]},{"damage_healed":0,"gold_gain":0,"player_choice":"Ignored","damage_taken":0,"max_hp_gain":0,"max_hp_loss":0,"event_name":"Vampires","floor":19,"gold_loss":0},{"damage_healed":0,"gold_gain":0,"player_choice":"Paid","damage_taken":0,"relics_obtained":["Red Mask"],"max_hp_gain":0,"max_hp_loss":0,"event_name":"Tomb of Lord Red Mask","floor":37,"gold_loss":36},{"damage_healed":0,"gold_gain":0,"player_choice":"Memory 1","damage_taken":0,"max_hp_gain":0,"max_hp_loss":0,"event_name":"SensoryStone","floor":38,"gold_loss":0},{"damage_healed":0,"gold_gain":0,"player_choice":"Embrace Madness","damage_taken":10,"max_hp_gain":0,"max_hp_loss":0,"event_name":"Winding Halls","floor":48,"gold_loss":0,"cards_obtained":["Madness","Madness"]}],"is_beta":false,"boss_relics":[{"not_picked":["Fusion Hammer","Snecko Eye"],"picked":"Philosopher\u0027s Stone"},{"not_picked":["Mark of Pain","Cursed Key"],"picked":"Busted Crown"}],"items_purged_floors":[11,20],"is_endless":false,"potions_floor_spawned":[4,7,8,14,22,24,27,33,40,45],"ascension_level":2}}