{"host":"x205naxbihvu3p76","time":1611504510,"event":{"mods":["AchievementEnabler","BaseMod","Minty Spire (QoL Compilation)","StSLib","SuperFastMode"],"gold_per_floor":[118,6,18,18,18,18,361,166,238,135,153,177,202,240,240,329,329,347,365,365,365],"floor_reached":20,"language":"KOR","playtime":442,"items_purged":["Strike_B","Strike_B"],"score":418,"play_id":"f54c1f9b-35a1-46b6-9021-5585536f9719","local_time":"20210125010830","is_ascension_mode":true,"campfire_choices":[{"data":"Zap","floor":6,"key":"SMITH"},{"data":"Chaos","floor":15,"key":"SMITH"}],"circlet_count":0,"master_deck":["AscendersBane","Strike_B","Strike_B","Defend_B","Defend_B","Defend_B","Defend_B","Zap+1","Dualcast","Cold Snap","Storm","Sweeping Beam","Compile Driver","Leap","Capacitor","Flash of Steel","Conserve Battery","Chaos+1","Chill","Echo Form","Self Repair","Beam Cell+1"],"relics":["Cracked Core","NeowsBlessing","Golden Idol","Shuriken","Old Coin","Pantograph","Happy Flower","SacredBark"],"acts_visited":["Exordium","TheCity"],"potions_floor_usage":[14,16],"damage_taken":[{"damage":0,"enemies":"2 Louse","floor":1,"turns":1},{"damage":0,"enemies":"Jaw Worm","floor":3,"turns":1},{"damage":0,"enemies":"Gremlin Nob","floor":7,"turns":1},{"damage":0,"enemies":"Cultist","floor":11,"turns":2},{"damage":29,"enemies":"Gremlin Gang","floor":12,"turns":3},{"damage":8,"enemies":"Blue Slaver","floor":13,"turns":3},{"damage":14,"enemies":"Lagavulin","floor":14,"turns":7},{"damage":14,"enemies":"Slime Boss","floor":16,"turns":9},{"damage":20,"enemies":"Chosen","floor":18,"turns":5},{"damage":23,"enemies":"Shell Parasite","floor":19,"turns":5},{"damage":38,"enemies":"Cultist and Chosen","floor":20,"turns":7}],"seed_played":"4557830153108672424","potions_obtained":[{"floor":7,"key":"Regen Potion"},{"floor":13,"key":"GamblersBrew"}],"is_trial":false,"path_per_floor":["M","$","M","?","T","R","E","$","T","$","M","M","M","E","R","B",null,"M","M","M"],"character_chosen":"DEFECT","items_purchased":["Storm","Leap","Capacitor","Flash of Steel"],"campfire_rested":0,"item_purchase_floors":[2,8,8,10],"current_hp_per_floor":[64,64,64,64,64,64,64,64,64,64,64,35,27,28,28,39,58,38,22,0,0],"gold":365,"neow_bonus":"THREE_ENEMY_KILL","is_daily":false,"chose_seed":false,"campfire_upgraded":2,"win_rate":0.0,"timestamp":1611504510,"path_taken":["M","$","M","?","?","R","E","$","T","?","?","M","M","E","R","BOSS","M","M","?"],"items_purchased_type":["Card","Card","Card","Card"],"build_version":"2020-12-22","purchased_purges":2,"victory":false,"max_hp_per_floor":[71,71,71,64,64,64,64,64,64,64,64,64,64,64,64,64,64,64,64,64,64],"card_choices":[{"not_picked":["Barrage","Storm"],"picked":"Cold Snap","floor":1},{"not_picked":["Reprogram","Conserve Battery"],"picked":"Sweeping Beam","floor":3},{"not_picked":["Rebound","Fusion"],"picked":"Compile Driver","floor":7},{"not_picked":["Steam","Steam Power"],"picked":"Conserve Battery","floor":11},{"not_picked":["Barrage","Go for the Eyes"],"picked":"Chaos","floor":12},{"not_picked":["Multi-Cast","Coolheaded","Fusion"],"picked":"SKIP","floor":13},{"not_picked":["FTL","Turbo"],"picked":"Chill","floor":14},{"not_picked":["Hyperbeam","Seek"],"picked":"Echo Form","floor":16},{"not_picked":["Hello World","Compile Driver"],"picked":"Self Repair","floor":18},{"not_picked":["Steam","Redo"],"picked":"Beam Cell+1","floor":19}],"player_experience":993127,"relics_obtained":[{"floor":5,"key":"Shuriken"},{"floor":7,"key":"Old Coin"},{"floor":9,"key":"Pantograph"},{"floor":14,"key":"Happy Flower"}],"event_choices":[{"damage_healed":0,"gold_gain":0,"player_choice":"Lose Max HP","damage_taken":0,"relics_obtained":["Golden Idol"],"max_hp_gain":0,"max_hp_loss":7,"event_name":"Golden Idol","floor":4,"gold_loss":0}],"is_beta":false,"boss_relics":[{"not_picked":["Velvet Choker","Runic Dome"],"picked":"SacredBark"}],"items_purged_floors":[2,8],"is_endless":false,"potions_floor_spawned":[7,13],"killed_by":"Cultist and Chosen","ascension_level":20}}