{"host":"test","time":1611454361,"event":{"mods":["BaseMod","Colored Map","Colored Powertips","Minty Spire (QoL Compilation)","Relic Stats","Slay the Relics Exporter","SpireBot","StSLib","ojb\u0027s Better Paths Mod","ojb\u0027s Info Mod"],"gold_per_floor":[111,2,17,28,28,60,60,60,60],"floor_reached":8,"language":"JPN","playtime":378,"items_purged":[],"score":112,"play_id":"d0f356b1-6582-41f6-ac24-5e9652caa332","local_time":"20210124111241","is_ascension_mode":true,"campfire_choices":[{"floor":7,"key":"REST"}],"circlet_count":0,"master_deck":["AscendersBane","Strike_G","Strike_G","Strike_G","Strike_G","Strike_G","Defend_G","Defend_G","Defend_G","Defend_G","Defend_G","Survivor","Neutralize","Poisoned Stab","Deflect","Quick Slash"],"relics":["Ring of the Snake","Tiny Chest","Akabeko"],"acts_visited":["Exordium"],"potions_floor_usage":[6,6,6],"damage_taken":[{"damage":1.0,"enemies":"Cultist","floor":1.0,"turns":4.0},{"damage":3.0,"enemies":"Jaw Worm","floor":3.0,"turns":4.0},{"damage":0.0,"enemies":"2 Louse","floor":4.0,"turns":3.0},{"damage":53,"enemies":"Lagavulin","floor":6,"turns":12},{"damage":59,"enemies":"Gremlin Nob","floor":8,"turns":4}],"seed_played":"1536719389188254638","potions_obtained":[{"floor":6,"key":"Fruit Juice"}],"is_trial":false,"path_per_floor":["M","$","M","M","?","E","R","E"],"character_chosen":"THE_SILENT","items_purchased":["Block Potion","Energy Potion"],"campfire_rested":1,"item_purchase_floors":[2,2],"current_hp_per_floor":[58,58,55,55,55,7,28,0,0],"gold":60,"neow_bonus":"RANDOM_COMMON_RELIC","is_daily":false,"chose_seed":true,"campfire_upgraded":0,"win_rate":0.0,"timestamp":1611454361,"path_taken":["M","$","M","?","?","E","R","E"],"items_purchased_type":["Potion","Potion"],"build_version":"2020-12-18","purchased_purges":0,"victory":false,"max_hp_per_floor":[66,66,66,66,66,71,71,71,71],"relic_stats":{"counters":[5,27],"Tiny Chest":0,"obtain_stats":[{"Tiny Chest":0,"Akabeko":6,"Ring of the Snake":0},{"Tiny Chest":0,"Akabeko":4,"Ring of the Snake":0},{"Tiny Chest":0,"Akabeko":23,"Ring of the Snake":0}],"Ring of the Snake":[10]},"card_choices":[{"not_picked":["Dodge and Roll","Underhanded Strike"],"picked":"Poisoned Stab","floor":1.0},{"not_picked":["Accuracy","Dodge and Roll","Acrobatics"],"picked":"SKIP","floor":3.0},{"not_picked":["Accuracy","Dodge and Roll","Acrobatics"],"picked":"SKIP","floor":3.0},{"not_picked":["Distraction","PiercingWail"],"picked":"Deflect","floor":4.0},{"not_picked":["PiercingWail","Grand Finale"],"picked":"Quick Slash","floor":6}],"player_experience":1956321,"relics_obtained":[{"floor":6,"key":"Akabeko"}],"event_choices":[{"damage_healed":0.0,"max_hp_gain":0.0,"max_hp_loss":0.0,"gold_gain":0.0,"event_name":"Liars Game","player_choice":"Ignored","floor":5.0,"gold_loss":0.0,"damage_taken":0.0}],"is_beta":true,"boss_relics":[],"items_purged_floors":[],"is_endless":false,"potions_floor_spawned":[6],"killed_by":"Gremlin Nob","ascension_level":20}}