{"host":"gobyjzz6xbwq9f9i","time":1611461930,"event":{"mods":["AchievementEnabler","BaseMod","Bestiary","Colored Map","Minty Spire (QoL Compilation)"],"gold_per_floor":[110,122,138,149,99,132,152,187,237,237,237,253,263,298,298,396,396,408,36,53,67,67,108,108,142,192,220,248,260,282,311,311,424,424,444,494,513,542,542,577,596,621,646,300,300,23,78,90,90,90],"floor_reached":51,"language":"ENG","playtime":2894,"items_purged":["Strike_P","Strike_P+1","Strike_P+1"],"score":950,"play_id":"3b7b3dbe-49d8-4326-9f78-d28851596ce6","local_time":"20210123201850","is_ascension_mode":false,"campfire_choices":[{"data":"Eruption","floor":10.0,"key":"SMITH"},{"data":"WindmillStrike","floor":15.0,"key":"SMITH"},{"floor":24.0,"key":"REST"},{"floor":32,"key":"REST"},{"floor":45,"key":"RECALL"},{"floor":49,"key":"REST"}],"circlet_count":0,"master_deck":["Defend_P+1","Eruption+1","Vigilance+1","WheelKick+1","Consecrate+1","FollowUp+1","FlurryOfBlows+1","FlurryOfBlows+1","WindmillStrike+1","Vault+1","ClearTheMind+1","ThirdEye+1","Weave+1","LessonLearned+1","EmptyFist+1","BowlingBash+1","Protect+1","FlurryOfBlows+1","Consecrate+1","WaveOfTheHand+1","Meditate+1","CrushJoints+1","TalkToTheHand+1","DeusExMachina+1","ThirdEye+1","MentalFortress+1","ReachHeaven+1","JustLucky+1","CutThroughFate+1"],"relics":["PureWater","Shuriken","Bag of Marbles","Lantern","Molten Egg 2","Fusion Hammer","Torii","CeramicFish","Ornamental Fan","Blood Vial","Empty Cage","TungstenRod","Ancient Tea Set","CloakClasp","Ginger","Bag of Preparation","Vajra","Prayer Wheel"],"acts_visited":["Exordium","TheCity","TheBeyond"],"potions_floor_usage":[28,42,44,50],"damage_taken":[{"damage":0.0,"enemies":"2 Louse","floor":1.0,"turns":3.0},{"damage":0.0,"enemies":"Jaw Worm","floor":2.0,"turns":3.0},{"damage":0.0,"enemies":"Cultist","floor":3.0,"turns":3.0},{"damage":0.0,"enemies":"Exordium Thugs","floor":4.0,"turns":3.0},{"damage":25.0,"enemies":"Gremlin Nob","floor":6.0,"turns":4.0},{"damage":0.0,"enemies":"Looter","floor":7.0,"turns":2.0},{"damage":10.0,"enemies":"3 Sentries","floor":8.0,"turns":4.0},{"damage":0.0,"enemies":"2 Fungi Beasts","floor":12.0,"turns":1.0},{"damage":0.0,"enemies":"Exordium Thugs","floor":13.0,"turns":2.0},{"damage":0.0,"enemies":"Gremlin Nob","floor":14.0,"turns":2.0},{"damage":18.0,"enemies":"Hexaghost","floor":16.0,"turns":6.0},{"damage":0.0,"enemies":"3 Byrds","floor":18.0,"turns":2.0},{"damage":0.0,"enemies":"2 Thieves","floor":20.0,"turns":2.0},{"damage":15.0,"enemies":"Snake Plant","floor":21.0,"turns":4.0},{"damage":0.0,"enemies":"Slavers","floor":23.0,"turns":2.0},{"damage":2.0,"enemies":"Gremlin Leader","floor":25.0,"turns":7.0},{"damage":0.0,"enemies":"Snecko","floor":27.0,"turns":3.0},{"damage":0,"enemies":"Centurion and Healer","floor":28,"turns":4},{"damage":15,"enemies":"Snake Plant","floor":29,"turns":5},{"damage":0,"enemies":"3 Cultists","floor":30,"turns":3},{"damage":2,"enemies":"Chosen and Byrds","floor":31,"turns":3},{"damage":3,"enemies":"Champ","floor":33,"turns":10},{"damage":4,"enemies":"3 Shapes","floor":35,"turns":5},{"damage":0,"enemies":"Mind Bloom Boss Battle","floor":36,"turns":4},{"damage":0,"enemies":"3 Darklings","floor":37,"turns":4},{"damage":1,"enemies":"4 Shapes","floor":38,"turns":3},{"damage":0,"enemies":"Giant Head","floor":40,"turns":5},{"damage":0,"enemies":"Jaw Worm Horde","floor":41,"turns":3},{"damage":0,"enemies":"Reptomancer","floor":42,"turns":3},{"damage":0,"enemies":"2 Orb Walkers","floor":47,"turns":4},{"damage":0,"enemies":"Transient","floor":48,"turns":6},{"damage":0,"enemies":"Awakened One","floor":50,"turns":5}],"seed_played":"2722076552161430554","potions_obtained":[{"floor":1.0,"key":"Weak Potion"},{"floor":3.0,"key":"GamblersBrew"},{"floor":6.0,"key":"Swift Potion"},{"floor":8.0,"key":"Weak Potion"},{"floor":14.0,"key":"GamblersBrew"},{"floor":23.0,"key":"Ancient Potion"},{"floor":25.0,"key":"DistilledChaos"},{"floor":27.0,"key":"Energy Potion"},{"floor":30,"key":"LiquidBronze"},{"floor":31,"key":"AttackPotion"},{"floor":36,"key":"GamblersBrew"},{"floor":42,"key":"Regen Potion"}],"is_trial":false,"path_per_floor":["M","M","M","M","?","E","M","E","T","R","?","M","M","E","R","B",null,"M","$","M","M","?","E","R","E","T","M","M","M","M","M","R","B",null,"M","?","M","M","T","E","M","E","T","$","R","$","?","M","R","B",null],"character_chosen":"WATCHER","items_purchased":["Torii","JustLucky+1","Fruit Juice","CultistPotion","Vajra"],"campfire_rested":3,"item_purchase_floors":[19,44,44,44,46],"current_hp_per_floor":[79,79,79,79,79,54,54,44,44,44,44,44,44,44,44,26,79,79,79,79,64,64,64,79,77,77,79,79,64,66,66,79,76,79,75,77,79,78,78,79,79,79,79,84,84,84,84,84,84,84],"gold":90,"neow_bonus":"TEN_PERCENT_HP_BONUS","is_daily":false,"chose_seed":false,"campfire_upgraded":2,"win_rate":0.0,"timestamp":1611461930,"path_taken":["M","M","M","M","?","E","M","E","T","R","?","M","M","E","R","BOSS","M","$","M","M","?","E","R","E","T","M","M","M","M","?","R","BOSS","M","?","M","M","?","E","M","E","T","$","R","$","?","M","R","BOSS"],"items_purchased_type":["Relic","Card","Potion","Potion","Relic"],"build_version":"2020-12-22","purchased_purges":3,"victory":true,"max_hp_per_floor":[79,79,79,79,79,79,79,79,79,79,79,79,79,79,79,79,79,79,79,79,79,79,79,79,79,79,79,79,79,79,79,79,79,79,79,79,79,79,79,79,79,79,79,84,84,84,84,84,84,84],"card_choices":[{"not_picked":["Perseverance","SashWhip"],"picked":"WheelKick","floor":1.0},{"not_picked":["Halt","Fasting2"],"picked":"Consecrate","floor":2.0},{"not_picked":["JustLucky","Collect"],"picked":"FollowUp","floor":3.0},{"not_picked":["Adaptation","ThirdEye"],"picked":"FlurryOfBlows","floor":4.0},{"not_picked":["FlyingSleeves","Swivel"],"picked":"FlurryOfBlows","floor":6.0},{"not_picked":["FlyingSleeves","Vengeance"],"picked":"WindmillStrike","floor":7.0},{"not_picked":["Evaluate","Consecrate"],"picked":"Vault","floor":8.0},{"not_picked":["SashWhip","PathToVictory"],"picked":"ClearTheMind","floor":12.0},{"not_picked":["Nirvana","CrushJoints"],"picked":"ThirdEye","floor":13.0},{"not_picked":["PathToVictory","Adaptation"],"picked":"Weave+1","floor":14.0},{"not_picked":["Establishment","MasterReality"],"picked":"LessonLearned+1","floor":16.0},{"not_picked":["Wireheading","Adaptation"],"picked":"EmptyFist+1","floor":18.0},{"not_picked":["FollowUp+1","BattleHymn"],"picked":"BowlingBash+1","floor":20.0},{"not_picked":["Judgement","SashWhip+1"],"picked":"Protect+1","floor":21.0},{"not_picked":["Evaluate+1","WindmillStrike+1"],"picked":"FlurryOfBlows+1","floor":23.0},{"not_picked":["Prostrate","FlyingSleeves+1"],"picked":"Consecrate+1","floor":25.0},{"not_picked":["MentalFortress","Prostrate"],"picked":"WaveOfTheHand","floor":27.0},{"not_picked":["Wireheading","EmptyFist+1"],"picked":"Meditate","floor":28},{"not_picked":["SashWhip+1","EmptyFist+1","MasterReality"],"picked":"SKIP","floor":29},{"not_picked":["Evaluate","FollowUp+1"],"picked":"CrushJoints+1","floor":30},{"not_picked":["Evaluate","CrushJoints+1"],"picked":"TalkToTheHand+1","floor":31},{"not_picked":["Brilliance+1","Omniscience"],"picked":"DeusExMachina","floor":33},{"not_picked":["FollowUp+1","EmptyBody+1","Nirvana"],"picked":"SKIP","floor":35},{"not_picked":["FollowUp+1","EmptyBody+1","Nirvana"],"picked":"SKIP","floor":35},{"not_picked":["Halt+1","JustLucky+1"],"picked":"ThirdEye+1","floor":37},{"not_picked":["EmptyBody","Crescendo+1"],"picked":"MentalFortress+1","floor":38},{"not_picked":["Perseverance","Meditate+1","ClearTheMind"],"picked":"SKIP","floor":40},{"not_picked":["EmptyFist+1","Halt+1"],"picked":"ReachHeaven+1","floor":41},{"not_picked":["DeceiveReality+1","ForeignInfluence","ReachHeaven+1"],"picked":"SKIP","floor":42},{"not_picked":["Scrawl","WreathOfFlame+1"],"picked":"CutThroughFate+1","floor":47},{"not_picked":["Prostrate+1","Collect+1","ClearTheMind"],"picked":"SKIP","floor":48},{"not_picked":["Nirvana","ForeignInfluence","DeceiveReality+1"],"picked":"SKIP","floor":48}],"player_experience":1140192,"relics_obtained":[{"floor":6.0,"key":"Shuriken"},{"floor":8.0,"key":"Bag of Marbles"},{"floor":9.0,"key":"Lantern"},{"floor":14.0,"key":"Molten Egg 2"},{"floor":23.0,"key":"CeramicFish"},{"floor":25.0,"key":"Ornamental Fan"},{"floor":26.0,"key":"Blood Vial"},{"floor":36,"key":"TungstenRod"},{"floor":39,"key":"Ancient Tea Set"},{"floor":40,"key":"CloakClasp"},{"floor":42,"key":"Ginger"},{"floor":43,"key":"Bag of Preparation"},{"floor":47,"key":"Prayer Wheel"}],"event_choices":[{"cards_removed":["Defend_P"],"damage_healed":0.0,"max_hp_gain":0.0,"max_hp_loss":0.0,"gold_gain":0.0,"event_name":"The Cleric","player_choice":"Card Removal","floor":5.0,"gold_loss":50.0,"damage_taken":0.0},{"damage_healed":0.0,"max_hp_gain":0.0,"max_hp_loss":0.0,"gold_gain":0.0,"event_name":"Liars Game","player_choice":"Ignored","floor":11.0,"gold_loss":0.0,"damage_taken":0.0},{"cards_removed":["Defend_P"],"damage_healed":0.0,"max_hp_gain":0.0,"max_hp_loss":0.0,"gold_gain":0.0,"event_name":"Purifier","player_choice":"Purged","floor":22.0,"gold_loss":0.0,"damage_taken":0.0},{"damage_healed":0,"gold_gain":0,"player_choice":"Fight","damage_taken":0,"max_hp_gain":0,"max_hp_loss":0,"event_name":"MindBloom","floor":36,"gold_loss":0},{"damage_healed":0,"gold_gain":0,"player_choice":"Fight","damage_taken":0,"max_hp_gain":0,"max_hp_loss":0,"event_name":"Mysterious Sphere","floor":47,"gold_loss":0}],"is_beta":false,"boss_relics":[{"not_picked":["HolyWater","Busted Crown"],"picked":"Fusion Hammer"},{"not_picked":["SacredBark","Tiny House"],"picked":"Empty Cage"}],"items_purged_floors":[19,44,46],"is_endless":false,"potions_floor_spawned":[1,3,6,8,14,16,23,25,27,30,31,36,38,41,42],"ascension_level":0}}