{"host":"9h2qrz5zr7xpdj63","time":1611502065,"event":{"mods":["2.2 Compatiblity","AchievementEnabler","BaseMod","Bestiary","Colored Map","Colored Powertips","Highlight Path","Keyboard Shortcuts","Minty Spire (QoL Compilation)","Quick Restart","Relic Stats","StSLib"],"gold_per_floor":[111,129,145,145,164,164,193,193,219,319,319,335,360,376,376,481,481,491,491,491,508,520,520,532,532],"floor_reached":24,"language":"ENG","playtime":1506,"items_purged":[],"score":258,"play_id":"29d53c49-d6ce-4313-a622-203861869dba","local_time":"20210124152745","is_ascension_mode":false,"campfire_choices":[{"floor":6.0,"key":"DIG"},{"floor":8.0,"key":"DIG"},{"data":"Eruption","floor":11.0,"key":"SMITH"},{"floor":15.0,"key":"REST"},{"floor":23.0,"key":"DIG"}],"circlet_count":0,"master_deck":["Strike_P","Strike_P","Strike_P","Strike_P","Defend_P","Defend_P","Defend_P","Defend_P","Eruption+1","Vigilance","Wallop+1","Consecrate","EmptyFist","ClearTheMind","CutThroughFate","Nirvana","FollowUp","Establishment","Perseverance","Wallop"],"relics":["PureWater","Shovel","Ancient Tea Set","Art of War","Happy Flower","Omamori","InkBottle","Calling Bell","MealTicket","Kunai","Ginger","Enchiridion","Sundial","MawBank"],"acts_visited":["TheCity"],"potions_floor_usage":[24],"damage_taken":[{"damage":11.0,"enemies":"Small Slimes","floor":1.0,"turns":3.0},{"damage":0.0,"enemies":"Jaw Worm","floor":2.0,"turns":3.0},{"damage":0.0,"enemies":"Cultist","floor":3.0,"turns":2.0},{"damage":0.0,"enemies":"2 Fungi Beasts","floor":5.0,"turns":3.0},{"damage":9.0,"enemies":"3 Sentries","floor":7.0,"turns":5.0},{"damage":11.0,"enemies":"Large Slime","floor":12.0,"turns":4.0},{"damage":9.0,"enemies":"Lagavulin","floor":13.0,"turns":7.0},{"damage":5.0,"enemies":"3 Louse","floor":14.0,"turns":2.0},{"damage":0.0,"enemies":"Slime Boss","floor":16.0,"turns":5.0},{"damage":8.0,"enemies":"2 Thieves","floor":18.0,"turns":3.0},{"damage":19.0,"enemies":"Chosen","floor":21.0,"turns":6.0},{"damage":11.0,"enemies":"Shelled Parasite and Fungi","floor":22.0,"turns":4.0},{"damage":24,"enemies":"Slavers","floor":24,"turns":3}],"seed_played":"-8522769197847496375","potions_obtained":[{"floor":2.0,"key":"Explosive Potion"},{"floor":3.0,"key":"BottledMiracle"},{"floor":12.0,"key":"LiquidBronze"},{"floor":14.0,"key":"DuplicationPotion"},{"floor":21.0,"key":"AttackPotion"},{"floor":22.0,"key":"Dexterity Potion"}],"is_trial":false,"path_per_floor":["M","M","M","?","M","R","E","R","T","?","R","M","E","M","R","B",null,"M","?","?","M","M","R","E"],"character_chosen":"WATCHER","items_purchased":[],"campfire_rested":1,"item_purchase_floors":[],"current_hp_per_floor":[40,40,40,40,40,40,31,31,31,31,31,20,11,6,27,27,72,64,48,48,29,18,18,0,0],"gold":532,"neow_bonus":"ONE_RARE_RELIC","is_daily":false,"chose_seed":false,"campfire_upgraded":1,"win_rate":0.0,"timestamp":1611502065,"path_taken":["M","M","M","?","M","R","E","R","T","?","R","?","E","M","R","BOSS","M","?","?","M","M","R","E"],"items_purchased_type":[],"build_version":"2020-12-22","purchased_purges":0,"victory":false,"max_hp_per_floor":[72,72,72,72,72,72,72,72,72,72,72,72,72,72,72,72,72,72,72,72,72,72,72,72,72],"relic_stats":{"Shovel":3,"Happy Flower":[11],"counters":[13,50],"Sundial":[2],"MealTicket":0,"Art of War":[2],"Kunai":[9],"Ginger":[4],"MawBank":12,"obtain_stats":[{"Happy Flower":8,"Enchiridion":19,"Omamori":9,"Ginger":17,"Ancient Tea Set":6,"MawBank":23,"Calling Bell":17,"Shovel":0,"Sundial":20,"MealTicket":17,"Art of War":7,"Kunai":17,"PureWater":0,"InkBottle":13},{"Happy Flower":5,"Enchiridion":10,"Omamori":5,"Ginger":9,"Ancient Tea Set":4,"MawBank":12,"Calling Bell":9,"Shovel":0,"Sundial":10,"MealTicket":9,"Art of War":5,"Kunai":9,"PureWater":0,"InkBottle":7},{"Happy Flower":16,"Enchiridion":37,"Omamori":16,"Ginger":34,"Ancient Tea Set":11,"MawBank":47,"Calling Bell":34,"Shovel":0,"Sundial":37,"MealTicket":34,"Art of War":16,"Kunai":34,"PureWater":0,"InkBottle":27}],"InkBottle":[10]},"card_choices":[{"not_picked":["FlyingSleeves","Halt"],"picked":"Wallop","floor":1.0},{"not_picked":["Prostrate","Halt"],"picked":"Consecrate","floor":2.0},{"not_picked":["BowlingBash","FlyingSleeves"],"picked":"EmptyFist","floor":3.0},{"not_picked":["Protect","TalkToTheHand","FearNoEvil"],"picked":"SKIP","floor":5.0},{"not_picked":["PathToVictory","Weave"],"picked":"ClearTheMind","floor":7.0},{"not_picked":["BowlingBash","EmptyBody"],"picked":"CutThroughFate","floor":12.0},{"not_picked":["WindmillStrike","Alpha"],"picked":"Nirvana","floor":13.0},{"not_picked":["BattleHymn","CarveReality"],"picked":"FollowUp","floor":14.0},{"not_picked":["Ragnarok","Vault"],"picked":"Establishment","floor":16.0},{"not_picked":["PathToVictory","ForeignInfluence","EmptyFist+1"],"picked":"SKIP","floor":18.0},{"not_picked":["SignatureMove+1","EmptyMind+1"],"picked":"Perseverance","floor":21.0},{"not_picked":["Halt+1","Adaptation"],"picked":"Wallop","floor":22.0}],"player_experience":223402,"relics_obtained":[{"floor":6.0,"key":"Ancient Tea Set"},{"floor":7.0,"key":"Art of War"},{"floor":8.0,"key":"Happy Flower"},{"floor":9.0,"key":"Omamori"},{"floor":13.0,"key":"InkBottle"},{"floor":17.0,"key":"MealTicket"},{"floor":17.0,"key":"Kunai"},{"floor":17.0,"key":"Ginger"},{"floor":19.0,"key":"Enchiridion"},{"floor":23.0,"key":"MawBank"}],"event_choices":[{"damage_healed":0.0,"max_hp_gain":0.0,"max_hp_loss":0.0,"gold_gain":0.0,"event_name":"Living Wall","player_choice":"Grow","floor":4.0,"gold_loss":0.0,"damage_taken":0.0,"cards_upgraded":["Wallop"]},{"damage_healed":0.0,"max_hp_gain":0.0,"max_hp_loss":0.0,"gold_gain":100.0,"event_name":"Golden Shrine","player_choice":"Pray","floor":10.0,"gold_loss":0.0,"damage_taken":0.0},{"damage_healed":0.0,"max_hp_gain":0.0,"max_hp_loss":0.0,"gold_gain":0.0,"event_name":"Cursed Tome","player_choice":"Obtained Book","floor":19.0,"gold_loss":0.0,"damage_taken":16.0},{"damage_healed":0.0,"max_hp_gain":0.0,"max_hp_loss":0.0,"gold_gain":0.0,"event_name":"The Mausoleum","player_choice":"Opened","floor":20.0,"gold_loss":0.0,"damage_taken":0.0,"relics_obtained":["Sundial"],"cards_obtained":["Writhe"]}],"is_beta":false,"boss_relics":[{"not_picked":["Astrolabe","Snecko Eye"],"picked":"Calling Bell"}],"items_purged_floors":[],"is_endless":false,"potions_floor_spawned":[2,3,12,14,21,22],"killed_by":"Slavers","ascension_level":0}}