{"host":"n23juj4d9qam5hh1","time":1611462431,"event":{"mods":["BaseMod","Better Note","BetterRewards","Displayed Cursed Tome","Infinite Spire","Minty Spire (QoL Compilation)","Relic Stats","StSLib","Thieving Mod"],"gold_per_floor":[112,128,142,158,158,158,168,181,181,208,208,208,208,226,226,329,329,341,341,28,39,53,88,48,48,48,48,68,78,78,97,97,196,196,214,214,214,114,464,464,490,506,506,506,517,517,517,537,537,537,537],"floor_reached":50,"language":"ENG","playtime":2943,"items_purged":["Normality","Parasite"],"score":593,"play_id":"fe2bca9f-8eaf-45b0-b698-62eac4b16539","local_time":"20210123232711","is_ascension_mode":true,"campfire_choices":[{"data":"Genetic Algorithm","floor":6.0,"key":"SMITH"},{"floor":11.0,"key":"REST"},{"data":"Fusion","floor":15.0,"key":"SMITH"},{"floor":25,"key":"REST"},{"data":"Defragment","floor":27,"key":"SMITH"},{"floor":32,"key":"REST"},{"floor":40,"key":"REST"},{"floor":44,"key":"REST"},{"data":"Self Repair","floor":47,"key":"SMITH"},{"data":"Biased Cognition","floor":49,"key":"SMITH"}],"circlet_count":0,"master_deck":["Strike_B","Strike_B","Strike_B","Strike_B","Defend_B","Defend_B","Defend_B","Defend_B","Zap","Dualcast+1","Turbo","Cold Snap","Genetic Algorithm+1","BootSequence","Leap","Streamline+1","infinitespire:NeuralNetwork","Fusion+1","Buffer","Necronomicurse","Defragment+1","Defragment+1","Steam","Conserve Battery+1","Ball Lightning","Capacitor","Biased Cognition+1","Defragment+1","Self Repair+1","Biased Cognition","Capacitor+1","Hologram+1"],"relics":["Cracked Core","Blue Candle","Bag of Preparation","SlaversCollar","Necronomicon","Cables","Lantern","Unceasing Top","Inserter","infinitespire:Freezer","Black Star","Old Coin","Letter Opener","Ice Cream","HornCleat"],"acts_visited":["Exordium","TheCity","TheBeyond"],"potions_floor_usage":[21,23,28,28,29,33,35,41,50],"damage_taken":[{"damage":0.0,"enemies":"2 Louse","floor":1.0,"turns":2.0},{"damage":2.0,"enemies":"Jaw Worm","floor":2.0,"turns":4.0},{"damage":0.0,"enemies":"Cultist","floor":3.0,"turns":3.0},{"damage":5.0,"enemies":"2 Fungi Beasts","floor":4.0,"turns":3.0},{"damage":5.0,"enemies":"3 Louse","floor":7.0,"turns":4.0},{"damage":0.0,"enemies":"Red Slaver","floor":8.0,"turns":5.0},{"damage":27.0,"enemies":"3 Sentries","floor":10.0,"turns":8.0},{"damage":3.0,"enemies":"Looter","floor":14.0,"turns":3.0},{"damage":40.0,"enemies":"The Guardian","floor":16.0,"turns":16.0},{"damage":30,"enemies":"3 Byrds","floor":18,"turns":7},{"damage":6,"enemies":"2 Thieves","floor":21,"turns":4},{"damage":3,"enemies":"Centurion and Healer","floor":22,"turns":10},{"damage":6,"enemies":"Nightmare","floor":23,"turns":6},{"damage":14,"enemies":"Snecko","floor":28,"turns":5},{"damage":3,"enemies":"Sentry and Sphere","floor":29,"turns":7},{"damage":0,"enemies":"Shelled Parasite and Fungi","floor":31,"turns":8},{"damage":4,"enemies":"Collector","floor":33,"turns":11},{"damage":70,"enemies":"3 Darklings","floor":35,"turns":9},{"damage":0,"enemies":"Mind Bloom Boss Battle","floor":39,"turns":7},{"damage":6,"enemies":"Giant Head","floor":41,"turns":10},{"damage":1,"enemies":"3 Shapes","floor":42,"turns":5},{"damage":4,"enemies":"3 Darklings","floor":45,"turns":6},{"damage":7,"enemies":"4 Shapes","floor":48,"turns":8},{"damage":75,"enemies":"Awakened One","floor":50,"turns":8}],"seed_played":"1463942389575704311","potions_obtained":[{"floor":3.0,"key":"PowerPotion"},{"floor":4.0,"key":"Fruit Juice"},{"floor":8.0,"key":"DistilledChaos"},{"floor":16.0,"key":"PowerPotion"},{"floor":22,"key":"SkillPotion"},{"floor":23,"key":"SneckoOil"},{"floor":28,"key":"Block Potion"},{"floor":29,"key":"Energy Potion"},{"floor":31,"key":"SteroidPotion"},{"floor":39,"key":"DistilledChaos"},{"floor":42,"key":"BlessingOfTheForge"},{"floor":48,"key":"FocusPotion"}],"is_trial":false,"path_per_floor":["M","M","M","M","$","R","M","M","T","E","R","?","?","M","R","B",null,"M","?","$","M","M","NM","?","R","T","R","M","M","AVR","M","R","B",null,"M","?","?","$","?","R","E","M","T","R","M","?","R","M","R","B"],"character_chosen":"DEFECT","items_purchased":["Cables"],"campfire_rested":5,"item_purchase_floors":[20],"current_hp_per_floor":[82,80,80,75,75,75,70,70,70,43,67,67,67,64,64,29,87,57,41,41,35,32,26,26,52,52,52,38,35,35,35,61,57,87,17,17,17,17,17,42,43,42,42,67,70,70,70,73,73,0,0],"gold":537,"neow_bonus":"TEN_PERCENT_HP_BONUS","is_daily":false,"chose_seed":false,"campfire_upgraded":5,"win_rate":0.0,"timestamp":1611462431,"path_taken":["M","M","M","M","$","R","M","M","T","E","R","?","?","?","R","BOSS","M","?","$","M","M","NM","?","R","T","R","?","M","AVR","M","R","BOSS","M","?","?","$","?","R","E","M","T","R","M","?","R","M","R","BOSS"],"items_purchased_type":["Relic"],"build_version":"2020-12-22","purchased_purges":2,"victory":false,"max_hp_per_floor":[82,82,82,82,82,82,82,82,82,82,82,82,82,82,82,87,87,87,87,87,87,87,87,87,87,87,87,87,87,87,87,87,87,87,87,87,87,84,84,84,84,84,84,84,84,84,84,84,84,84,84],"relic_stats":{"Inserter":[32],"counters":[24,159],"Blue Candle":[0],"Bag of Preparation":[34],"Necronomicon":[16],"Black Star":1,"Letter Opener":[105],"obtain_stats":[{"Ice Cream":41,"Lantern":23,"Inserter":30,"Blue Candle":9,"Bag of Preparation":10,"Letter Opener":41,"Cables":20,"Old Coin":39,"SlaversCollar":17,"HornCleat":43,"Necronomicon":19,"Black Star":34,"Cracked Core":0,"Unceasing Top":26,"infinitespire:Freezer":30},{"Ice Cream":20,"Lantern":13,"Inserter":15,"Blue Candle":6,"Bag of Preparation":7,"Letter Opener":20,"Cables":10,"Old Coin":19,"SlaversCollar":9,"HornCleat":21,"Necronomicon":10,"Black Star":17,"Cracked Core":0,"Unceasing Top":13,"infinitespire:Freezer":15},{"Ice Cream":132,"Lantern":75,"Inserter":87,"Blue Candle":21,"Bag of Preparation":29,"Letter Opener":132,"Cables":55,"Old Coin":122,"SlaversCollar":48,"HornCleat":137,"Necronomicon":55,"Black Star":106,"Cracked Core":0,"Unceasing Top":75,"infinitespire:Freezer":87}],"Unceasing Top":[19],"Cables":[98,36,47,0,15]},"card_choices":[{"not_picked":["Stack","Redo"],"picked":"Turbo","floor":1.0},{"not_picked":["Hologram","Tempest"],"picked":"Cold Snap","floor":2.0},{"not_picked":["Go for the Eyes","Seek"],"picked":"Genetic Algorithm","floor":3.0},{"not_picked":["Conserve Battery","Beam Cell"],"picked":"BootSequence","floor":4.0},{"not_picked":["Go for the Eyes","Force Field"],"picked":"Leap","floor":7.0},{"not_picked":["Leap","Compile Driver"],"picked":"Streamline","floor":8.0},{"not_picked":["Redo","Rebound"],"picked":"Auto Shields","floor":10.0},{"not_picked":["infinitespire:SealOfDarkness+","infinitespire:Menacing"],"picked":"infinitespire:NeuralNetwork","floor":13.0},{"not_picked":["Lockon","Heatsinks"],"picked":"Fusion","floor":14.0},{"not_picked":["Meteor Strike","Fission"],"picked":"Buffer","floor":16.0},{"not_picked":["Redo","Hello World","Stack+1"],"picked":"SKIP","floor":18},{"not_picked":["Stack+1","Darkness"],"picked":"Defragment","floor":21},{"not_picked":["Steam Power","Sunder"],"picked":"Defragment+1","floor":22},{"not_picked":["Buffer","Go for the Eyes"],"picked":"Steam","floor":23},{"not_picked":["Stack","Hello World"],"picked":"Conserve Battery+1","floor":28},{"not_picked":["Conserve Battery","Beam Cell"],"picked":"Ball Lightning","floor":29},{"not_picked":["Beam Cell","Thunder Strike"],"picked":"Capacitor","floor":31},{"not_picked":["Fission","Rainbow"],"picked":"Biased Cognition","floor":33},{"not_picked":["Leap","Darkness+1"],"picked":"Defragment+1","floor":35},{"not_picked":["Rip and Tear+1","Force Field"],"picked":"Self Repair","floor":39},{"not_picked":["Beam Cell","Conserve Battery+1"],"picked":"Biased Cognition","floor":41},{"not_picked":["Redo","Melter"],"picked":"Capacitor+1","floor":42},{"not_picked":["Turbo","Ball Lightning","Steam+1"],"picked":"SKIP","floor":45},{"not_picked":["Compile Driver+1","Scrape+1"],"picked":"Hologram+1","floor":48}],"player_experience":250341,"relics_obtained":[{"floor":9.0,"key":"Blue Candle"},{"floor":10.0,"key":"Bag of Preparation"},{"floor":23,"key":"Lantern"},{"floor":26,"key":"Unceasing Top"},{"floor":39,"key":"Old Coin"},{"floor":41,"key":"Letter Opener"},{"floor":41,"key":"Ice Cream"},{"floor":43,"key":"HornCleat"}],"event_choices":[{"damage_healed":0.0,"max_hp_gain":0.0,"max_hp_loss":0.0,"gold_gain":0.0,"event_name":"Liars Game","player_choice":"Ignored","floor":12.0,"gold_loss":0.0,"damage_taken":0.0},{"damage_healed":0,"gold_gain":0,"player_choice":"Obtained Book","damage_taken":16,"max_hp_gain":0,"max_hp_loss":0,"event_name":"Cursed Tome","floor":19,"gold_loss":0},{"damage_healed":0,"gold_gain":0,"player_choice":"Upgraded Two","damage_taken":0,"max_hp_gain":0,"max_hp_loss":0,"event_name":"Designer","floor":24,"gold_loss":40,"cards_upgraded":["Dualcast","Streamline"]},{"cards_removed":["Auto Shields"],"damage_healed":0,"gold_gain":0,"player_choice":"Removed Skill","damage_taken":0,"max_hp_gain":0,"max_hp_loss":0,"event_name":"Falling","floor":36,"gold_loss":0},{"damage_healed":0,"gold_gain":0,"player_choice":"Ignored","damage_taken":0,"max_hp_gain":0,"max_hp_loss":0,"event_name":"Tomb of Lord Red Mask","floor":37,"gold_loss":0},{"damage_healed":0,"gold_gain":0,"player_choice":"Fight","damage_taken":0,"max_hp_gain":0,"max_hp_loss":0,"event_name":"MindBloom","floor":39,"gold_loss":0},{"damage_healed":0,"gold_gain":0,"player_choice":"Bought 0 Potions","damage_taken":0,"max_hp_gain":0,"max_hp_loss":0,"event_name":"The Woman in Blue","floor":46,"gold_loss":0}],"is_beta":false,"boss_relics":[{"not_picked":["Busted Crown","Coffee Dripper"],"picked":"SlaversCollar"},{"not_picked":["Fusion Hammer","Snecko Eye"],"picked":"Black Star"}],"items_purged_floors":[20,38],"is_endless":true,"potions_floor_spawned":[3,4,8,16,22,23,28,29,31,39,42,48],"killed_by":"Awakened One","ascension_level":4}}