{"host":"gk9qdtkqd8dwfeg2","time":1611499753,"event":{"mods":["Aspiration","BaseMod","Colored Powertips","Downfall","Minty Spire (QoL Compilation)","Quick Restart","Replay The Spire","Shop Mod","StSLib","TestMod","The Servant 0.9.4","Waifu the Spire","WarShipGirlsR/’ΩΩ¢…Ÿ≈ÆR mod"],"gold_per_floor":[115,95,20,20,20,20,48,48,48,78,78,78,106,6,6,85,85,96,106,117,117,117,148,148,183,183,233,268,268,34,53,53,130,130,143,143,143,162,187,217,233,252,321,349,367,48,48,83,83,83,83,83,83,82,110,110],"floor_reached":57,"language":"ZHS","playtime":2297,"items_purged":["Strike_P","Languid","BowlingBash"],"score":2695,"play_id":"aa232b4f-3d50-42fe-af32-12728fe938e4","local_time":"20210124224913","is_ascension_mode":true,"campfire_choices":[{"data":"Eruption","floor":6.0,"key":"SMITH"},{"data":"DeusExMachina","floor":8.0,"key":"SMITH"},{"floor":15.0,"key":"REST"},{"floor":24.0,"key":"REST"},{"data":"Scrawl","floor":29.0,"key":"SMITH"},{"data":"MentalFortress","floor":32.0,"key":"SMITH"},{"floor":47.0,"key":"RECALL"},{"data":"Purity","floor":49.0,"key":"SMITH"},{"data":"DeusExMachina","floor":53.0,"key":"SMITH"}],"circlet_count":0,"master_deck":["AscendersBane","Eruption+1","Vigilance","FearNoEvil","DeusExMachina+1","Die Die Die+1","InnerPeace","Night Terror","Devotion","Perseverance","DevaForm","Protect","Scrawl+1","ReachHeaven","MentalFortress+1","DeusExMachina+1","BattleHymn+1","FlurryOfBlows","Establishment","Wallop+1","MentalFortress+1","Adaptation","Purity+1"],"relics":["PureWater","testmod-TestBox","testmod-Fortitude","aspiration:Nostalgia","Replay:M_StaffOfTheSnake","Ring of Searing","ReplayTheSpireMod:Ring of Exchange","testmod-ArcanaOfDestiny","Ginger","testmod-Maize","Replay:Towering Pillar of Hats","aspiration:RitualStick","Replay:WaspNest","Replay:WaspNest","White Beast Statue","MerchantsRug","testmod-SaigiyounoYou","Pocketwatch","ReplayFunnel","Happy Flower","aspiration:HummingbirdHeart","Pet Ghost"],"acts_visited":["Exordium","TheCity","TheBeyond","TheEnding"],"potions_floor_usage":[56,56],"damage_taken":[{"damage":0.0,"enemies":"Cultist","floor":1.0,"turns":3.0},{"damage":25.0,"enemies":"3 Sentries","floor":7.0,"turns":7.0},{"damage":6.0,"enemies":"Gremlin Nob","floor":10.0,"turns":4.0},{"damage":21.0,"enemies":"Lagavulin","floor":13.0,"turns":5.0},{"damage":5.0,"enemies":"Hexaghost","floor":16.0,"turns":5.0},{"damage":10.0,"enemies":"3 Byrds","floor":18.0,"turns":3.0},{"damage":0.0,"enemies":"Spheric Guardian","floor":19.0,"turns":3.0},{"damage":18.0,"enemies":"Cultist and Chosen","floor":20.0,"turns":5.0},{"damage":0.0,"enemies":"Slavers","floor":23.0,"turns":2.0},{"damage":2.0,"enemies":"Book of Stabbing","floor":25.0,"turns":3.0},{"damage":0.0,"enemies":"Slavers","floor":28.0,"turns":2.0},{"damage":0.0,"enemies":"3 Cultists","floor":31.0,"turns":1.0},{"damage":0.0,"enemies":"Collector","floor":33.0,"turns":3.0},{"damage":19.0,"enemies":"Orb Walker","floor":35.0,"turns":3.0},{"damage":12.0,"enemies":"3 Darklings","floor":38.0,"turns":3.0},{"damage":15.0,"enemies":"Mind Bloom Boss Battle","floor":39.0,"turns":4.0},{"damage":15.0,"enemies":"R_Hoarder","floor":40.0,"turns":4.0},{"damage":39.0,"enemies":"Writhing Mass","floor":41.0,"turns":3.0},{"damage":4.0,"enemies":"Spire Growth","floor":42.0,"turns":3.0},{"damage":0.0,"enemies":"Reptomancer","floor":44.0,"turns":3.0},{"damage":10.0,"enemies":"Maw","floor":45.0,"turns":3.0},{"damage":20.0,"enemies":"R_Hoarder","floor":48.0,"turns":5.0},{"damage":5.0,"enemies":"Replay:Hell Engine","floor":50.0,"turns":3.0},{"damage":25.0,"enemies":"Donu and Deca","floor":51.0,"turns":4.0},{"damage":34.0,"enemies":"Shield and Spear","floor":55.0,"turns":5.0},{"damage":32,"enemies":"The Heart","floor":56,"turns":5}],"seed_played":"1341111412352282003","potions_obtained":[{"floor":7.0,"key":"testmod-TimePotion"},{"floor":18.0,"key":"StancePotion"},{"floor":25.0,"key":"AttackPotion"},{"floor":28.0,"key":"Adrenaline Potion"},{"floor":33.0,"key":"LifebloodPotion"},{"floor":41.0,"key":"DuplicationPotion"},{"floor":42.0,"key":"Fruit Juice"},{"floor":44.0,"key":"Fire Potion"},{"floor":55.0,"key":"PowerPotion"}],"is_trial":false,"path_per_floor":["M","?","$","?","$","R","E","R","T","E","$","?","E","$","R","B",null,"M","M","M","?","?","E","R","E","T","?","E","R","$","M","R","B",null,"M","?","$","M","?","E","M","M","T","E","M","$","R","E","R","B","B",null,"R","$","E","B",null],"character_chosen":"WATCHER","items_purchased":["MerchantsRug","BattleHymn+1","Adaptation","Purity","aspiration:HummingbirdHeart"],"campfire_rested":2,"item_purchase_floors":[30,30,46,46,54],"current_hp_per_floor":[61,61,61,61,61,61,36,36,36,30,30,30,9,9,29,24,57,47,47,29,12,12,12,32,30,30,30,30,30,30,30,30,30,59,49,49,49,52,54,51,22,35,35,56,57,57,57,52,52,63,60,70,70,70,54,44],"gold":110,"neow_bonus":"NOSTALGIA","is_daily":false,"chose_seed":false,"campfire_upgraded":6,"win_rate":0.0,"timestamp":1611499753,"path_taken":["M","?","?","?","$","R","E","R","T","E","$","?","E","$","R","BOSS","M","?","M","?","?","E","R","E","T","?","E","R","?","M","R","BOSS","M","?","?","M","?","E","M","?","T","E","M","$","R","E","R","BOSS","BOSS","R","$","E","BOSS"],"items_purchased_type":["Relic","Card","Card","Card","Relic"],"build_version":"2020-12-22","purchased_purges":3,"victory":true,"max_hp_per_floor":[68,68,68,68,68,68,68,68,68,68,68,68,68,68,68,68,68,68,68,68,68,68,68,68,68,68,68,68,68,68,68,68,68,68,68,68,68,68,68,68,68,73,73,73,73,73,73,73,73,73,73,73,73,73,73,73],"card_choices":[{"not_picked":["PathToVictory","Consecrate","Flying Knee"],"picked":"SKIP","floor":1.0},{"not_picked":[],"picked":"FearNoEvil","floor":2.0},{"not_picked":[],"picked":"DeusExMachina","floor":2.0},{"not_picked":["WheelKick","Perseverance","Weave"],"picked":"SKIP","floor":7.0},{"not_picked":["Flying Knee","Replay:Vibes"],"picked":"Die Die Die","floor":10.0},{"not_picked":["Halt","Crescendo"],"picked":"InnerPeace","floor":13.0},{"not_picked":["Brilliance","DeusExMachina"],"picked":"Night Terror","floor":16.0},{"not_picked":["EmptyBody","PathToVictory","Replay:ManipulateFuture"],"picked":"SKIP","floor":18.0},{"not_picked":["Weave+1","FlurryOfBlows"],"picked":"MentalFortress","floor":19.0},{"not_picked":["SashWhip+1","ClearTheMind"],"picked":"BowlingBash","floor":20.0},{"not_picked":["FlurryOfBlows","EmptyBody"],"picked":"DeusExMachina","floor":23.0},{"not_picked":["Pray+1","JustLucky","Collect"],"picked":"SKIP","floor":25.0},{"not_picked":["ClearTheMind","JustLucky+1","EmptyBody"],"picked":"SKIP","floor":28.0},{"not_picked":["Sanctity+1","Halt"],"picked":"FlurryOfBlows","floor":31.0},{"not_picked":["DeusExMachina","ConjureBlade"],"picked":"Establishment","floor":33.0},{"not_picked":["Weave","Crescendo"],"picked":"Wallop+1","floor":35.0},{"not_picked":["BowlingBash+1","Replay:BluntJabs","FlyingSleeves"],"picked":"SKIP","floor":38.0},{"not_picked":["BowlingBash","Vengeance","Replay:AllIn"],"picked":"SKIP","floor":40.0},{"not_picked":["Replay:ManipulateFuture","Protect","ThirdEye"],"picked":"SKIP","floor":41.0},{"not_picked":["FollowUp","Swivel","BowlingBash"],"picked":"SKIP","floor":42.0},{"not_picked":["FearNoEvil+1","Replay:AtTheReady","Replay:Battleflow"],"picked":"SKIP","floor":44.0},{"not_picked":["Replay:ManipulateFuture+1","Replay:DivineShield","Protect+1"],"picked":"SKIP","floor":45.0},{"not_picked":["WreathOfFlame","WindmillStrike+1","SignatureMove"],"picked":"SKIP","floor":48.0},{"not_picked":["InnerPeace","EmptyFist+1","FlyingSleeves"],"picked":"SKIP","floor":55.0}],"player_experience":758579,"relics_obtained":[{"floor":4.0,"key":"Ring of Searing"},{"floor":4.0,"key":"ReplayTheSpireMod:Ring of Exchange"},{"floor":7.0,"key":"testmod-ArcanaOfDestiny"},{"floor":9.0,"key":"Ginger"},{"floor":10.0,"key":"testmod-Maize"},{"floor":13.0,"key":"Replay:Towering Pillar of Hats"},{"floor":23.0,"key":"Mercury Hourglass"},{"floor":25.0,"key":"Replay:WaspNest"},{"floor":26.0,"key":"aspiration:SeaSaltIceCream"},{"floor":28.0,"key":"White Beast Statue"},{"floor":39.0,"key":"Pocketwatch"},{"floor":40.0,"key":"ReplayFunnel"},{"floor":44.0,"key":"Regal Pillow"},{"floor":48.0,"key":"Happy Flower"},{"floor":55.0,"key":"Pet Ghost"}],"event_choices":[{"damage_healed":0.0,"max_hp_gain":0.0,"max_hp_loss":0.0,"gold_gain":0.0,"event_name":"Accursed Blacksmith","player_choice":"Forge","floor":12.0,"gold_loss":0.0,"damage_taken":0.0,"cards_upgraded":["Die Die Die"]},{"cards_removed":["Replay:Vibes"],"damage_healed":0.0,"max_hp_gain":0.0,"max_hp_loss":0.0,"gold_gain":0.0,"event_name":"Back to Basics","player_choice":"Elegance","floor":22.0,"gold_loss":0.0,"damage_taken":0.0},{"damage_healed":0.0,"max_hp_gain":0.0,"max_hp_loss":0.0,"gold_gain":50.0,"event_name":"Nest","player_choice":"Stole From Cult","floor":27.0,"gold_loss":0.0,"damage_taken":0.0},{"damage_healed":0.0,"max_hp_gain":0.0,"max_hp_loss":0.0,"gold_gain":0.0,"event_name":"Duplicator","player_choice":"Copied","floor":36.0,"gold_loss":0.0,"damage_taken":0.0,"cards_obtained":["MentalFortress"]},{"damage_healed":0.0,"max_hp_gain":0.0,"max_hp_loss":0.0,"gold_gain":0.0,"event_name":"MindBloom","player_choice":"Fight","floor":39.0,"gold_loss":0.0,"damage_taken":0.0}],"is_beta":false,"boss_relics":[{"not_picked":["Replay:Ancient Bell","testmod-Recursion"],"picked":"Pandora\u0027s Box"},{"not_picked":["testmod-Register","ReplayTheSpireMod:CursedCoin"],"picked":"testmod-SaigiyounoYou"}],"items_purged_floors":[3,14,46],"is_endless":false,"potions_floor_spawned":[7,18,25,28,31,33,35,38,39,40,41,42,44,45,48,55],"ascension_level":20}}