{"host":"5cnm2qapaqj5mmu7","time":1611481438,"event":{"mods":["BaseMod","Bestiary","Colored Map","Filter the Spire","Minty Spire (QoL Compilation)","StSLib"],"gold_per_floor":[117,117,136,152,165,165,165,165],"floor_reached":7,"language":"ENG","playtime":339,"items_purged":[],"score":56,"play_id":"5db02ac7-0e45-4e14-878e-4ce298d6d1de","local_time":"20210124104358","is_ascension_mode":true,"campfire_choices":[{"floor":6,"key":"REST"}],"circlet_count":0,"master_deck":["Strike_G","Strike_G","Strike_G","Strike_G","Strike_G","Defend_G","Defend_G","Defend_G","Defend_G","Defend_G","Survivor","Neutralize+1","CurseOfTheBell","Backflip","Heel Hook","Escape Plan","Noxious Fumes"],"relics":["Calling Bell","Snake Skull","The Courier","StoneCalendar"],"acts_visited":["Exordium"],"potions_floor_usage":[],"damage_taken":[{"damage":7,"enemies":"Jaw Worm","floor":1,"turns":5},{"damage":4,"enemies":"Cultist","floor":3,"turns":5},{"damage":9,"enemies":"2 Louse","floor":4,"turns":3},{"damage":24,"enemies":"Exordium Wildlife","floor":5,"turns":7},{"damage":28,"enemies":"Gremlin Nob","floor":7,"turns":5}],"seed_played":"415860816112483756","potions_obtained":[{"floor":5,"key":"BlessingOfTheForge"}],"is_trial":false,"path_per_floor":["M","?","M","M","M","R","E"],"character_chosen":"THE_SILENT","items_purchased":[],"campfire_rested":1,"item_purchase_floors":[],"current_hp_per_floor":[56,56,52,43,19,40,12,12],"gold":165,"neow_bonus":"BOSS_RELIC","is_daily":false,"chose_seed":false,"campfire_upgraded":0,"win_rate":0.0,"timestamp":1611481438,"path_taken":["M","?","M","M","?","R","E"],"items_purchased_type":[],"build_version":"2020-12-22","purchased_purges":0,"victory":false,"max_hp_per_floor":[70,70,70,70,70,70,70,70],"card_choices":[{"not_picked":["Eviscerate","Sucker Punch"],"picked":"Backflip","floor":1},{"not_picked":["Flying Knee","Quick Slash"],"picked":"Heel Hook","floor":3},{"not_picked":["Flying Knee","Finisher"],"picked":"Escape Plan","floor":4},{"not_picked":["Slice","Dash"],"picked":"Noxious Fumes","floor":5}],"player_experience":574133,"relics_obtained":[{"floor":0,"key":"Snake Skull"},{"floor":0,"key":"The Courier"},{"floor":0,"key":"StoneCalendar"}],"event_choices":[{"damage_healed":0,"gold_gain":0,"player_choice":"Upgraded","damage_taken":0,"max_hp_gain":0,"max_hp_loss":0,"event_name":"Upgrade Shrine","floor":2,"gold_loss":0,"cards_upgraded":["Neutralize"]}],"is_beta":false,"boss_relics":[],"items_purged_floors":[],"is_endless":false,"potions_floor_spawned":[5],"killed_by":"Gremlin Nob","ascension_level":6}}