{"host":"CK","time":1611516556,"event":{"mods":["2.2 Compatiblity","BaseMod","Bestiary","Block Reminder","Colored Powertips","DeckTracker","Displayed Cursed Tome","Minty Spire (QoL Compilation)","Permanent Neow","Slay-I","Unknown Chances"],"gold_per_floor":[118,132,145,33,52,78,78,93,116,116,150,169,182,182,182,259,259,278,278,288,367,379,379,390,390,416,416,416],"floor_reached":27,"language":"ENG","playtime":2114,"items_purged":["Defend_B"],"score":589,"play_id":"7c21bed9-144d-4da8-8f82-174fb10a7b4e","local_time":"20210124112916","is_ascension_mode":true,"campfire_choices":[{"data":"Sunder","floor":7.0,"key":"SMITH"},{"data":"Lockon","floor":10.0,"key":"SMITH"},{"data":"Reinforced Body","floor":15.0,"key":"SMITH"},{"floor":23,"key":"REST"}],"circlet_count":0,"master_deck":["AscendersBane","Strike_B+1","Strike_B","Strike_B+1","Strike_B","Defend_B","Defend_B","Defend_B","Zap","Dualcast","Leap","Tempest","Auto Shields","Sunder+1","Ball Lightning","Lockon+1","Coolheaded","Reinforced Body+1","Meteor Strike","Doom and Gloom+1","Undo","Sweeping Beam","Ghostly","Ghostly","Ghostly"],"relics":["Sozu","Pen Nib","Whetstone","Tiny Chest","Philosopher\u0027s Stone","Kunai"],"acts_visited":["Exordium","TheCity"],"potions_floor_usage":[],"damage_taken":[{"damage":2.0,"enemies":"Cultist","floor":1.0,"turns":4.0},{"damage":7.0,"enemies":"2 Louse","floor":2.0,"turns":3.0},{"damage":3.0,"enemies":"Small Slimes","floor":3.0,"turns":4.0},{"damage":23.0,"enemies":"Gremlin Gang","floor":5.0,"turns":4.0},{"damage":6.0,"enemies":"Lagavulin","floor":6.0,"turns":6.0},{"damage":0.0,"enemies":"Large Slime","floor":8.0,"turns":4.0},{"damage":0.0,"enemies":"Gremlin Nob","floor":11.0,"turns":3.0},{"damage":6.0,"enemies":"Looter","floor":12.0,"turns":2.0},{"damage":0.0,"enemies":"Exordium Thugs","floor":13.0,"turns":2.0},{"damage":0,"enemies":"The Guardian","floor":16,"turns":11},{"damage":39,"enemies":"3 Byrds","floor":18,"turns":7},{"damage":0,"enemies":"Chosen","floor":20,"turns":3},{"damage":7,"enemies":"Centurion and Healer","floor":22,"turns":3},{"damage":0,"enemies":"Cultist and Chosen","floor":24,"turns":5},{"damage":37,"enemies":"Gremlin Leader","floor":27,"turns":6}],"seed_played":"-9060095179945171410","potions_obtained":[],"is_trial":false,"path_per_floor":["M","M","M","$","M","E","R","M","T","R","E","M","M","?","R","B",null,"M","?","M","T","M","R","M","?","T","E"],"character_chosen":"DEFECT","items_purchased":["Sunder"],"campfire_rested":1,"item_purchase_floors":[4],"current_hp_per_floor":[62,55,52,52,29,23,23,23,23,23,23,17,17,6,6,6,55,16,16,16,16,9,30,30,30,30,0,0],"gold":416,"neow_bonus":"BOSS_RELIC","is_daily":false,"chose_seed":false,"campfire_upgraded":3,"win_rate":0.0,"timestamp":1611516556,"path_taken":["M","M","M","$","M","E","R","M","T","R","E","M","?","?","R","BOSS","M","?","M","?","M","R","M","?","T","E"],"items_purchased_type":["Card"],"build_version":"2020-12-18","purchased_purges":1,"victory":false,"max_hp_per_floor":[71,71,71,71,71,71,71,71,71,71,71,71,71,71,71,71,71,71,71,71,71,71,71,71,35,35,35,35],"card_choices":[{"not_picked":["Tempest","Stack"],"picked":"Leap","floor":1.0},{"not_picked":["Rebound","Steam"],"picked":"Tempest","floor":2.0},{"not_picked":["Consume","Turbo"],"picked":"Auto Shields","floor":3.0},{"not_picked":["All For One","Stack","Compile Driver"],"picked":"SKIP","floor":5.0},{"not_picked":["FTL","Rebound"],"picked":"Ball Lightning","floor":6.0},{"not_picked":["Rip and Tear","Consume"],"picked":"Lockon","floor":8.0},{"not_picked":["Rebound","Gash","Turbo"],"picked":"SKIP","floor":11.0},{"not_picked":["Gash","Stack"],"picked":"Coolheaded","floor":12.0},{"not_picked":["Steam","Rebound"],"picked":"Reinforced Body","floor":13.0},{"not_picked":["Amplify","Fission"],"picked":"Meteor Strike","floor":16},{"not_picked":["Chill","Conserve Battery"],"picked":"Doom and Gloom+1","floor":18},{"not_picked":["Ball Lightning","Chaos","Cold Snap"],"picked":"SKIP","floor":20},{"not_picked":["Auto Shields","Steam"],"picked":"Sweeping Beam","floor":22},{"not_picked":["Cold Snap","Hello World","Redo"],"picked":"SKIP","floor":24}],"player_experience":1186442,"relics_obtained":[{"floor":6.0,"key":"Pen Nib"},{"floor":9.0,"key":"Whetstone"},{"floor":11.0,"key":"Tiny Chest"},{"floor":21,"key":"Kunai"}],"event_choices":[{"damage_healed":0.0,"max_hp_gain":0.0,"max_hp_loss":0.0,"gold_gain":0.0,"event_name":"Scrap Ooze","player_choice":"Fled","floor":14.0,"gold_loss":0.0,"damage_taken":11.0},{"damage_healed":0,"gold_gain":0,"player_choice":"1 cards matched","damage_taken":0,"max_hp_gain":0,"max_hp_loss":0,"event_name":"Match and Keep!","floor":19,"gold_loss":0,"cards_obtained":["Undo"]},{"damage_healed":0,"gold_gain":0,"player_choice":"Became a Ghost","damage_taken":0,"max_hp_gain":0,"max_hp_loss":36,"event_name":"Ghosts","floor":25,"gold_loss":0,"cards_obtained":["Ghostly","Ghostly","Ghostly"]}],"is_beta":true,"boss_relics":[{"not_picked":["Calling Bell","Empty Cage"],"picked":"Philosopher\u0027s Stone"}],"items_purged_floors":[4],"is_endless":false,"potions_floor_spawned":[1,6,8,13,16,24],"killed_by":"Gremlin Leader","ascension_level":19}}