{"host":"8f5cu9y0fpol72qs","time":1611475365,"event":{"mods":["AlwaysNeverKeys","BaseMod","Colored Map","Colored Powertips","Curses Come First","Highlight Path","Key Reminder","Minty Spire (QoL Compilation)","StSLib"],"gold_per_floor":[114,39,52,0,10,10,38,38,92,112,124,139,173,200,200,274,274,290,309,309,309,209,229,229,255,327,338,365,377,392,417,417,493,493,506,506,506,522,534,534,534],"floor_reached":40,"language":"ENG","playtime":11636,"items_purged":["Strike_R","Bite"],"score":830,"play_id":"c6321c45-dcda-4cfb-b6cf-acee7287036b","local_time":"20210124000245","is_ascension_mode":true,"campfire_choices":[{"data":"Uppercut","floor":6,"key":"SMITH"},{"data":"Panacea","floor":8,"key":"SMITH"},{"data":"Flex","floor":15,"key":"SMITH"},{"data":"Pommel Strike","floor":24,"key":"SMITH"},{"data":"Burning Pact","floor":32,"key":"SMITH"}],"circlet_count":0,"master_deck":["AscendersBane","Defend_R","Defend_R","Defend_R","Defend_R","Bash","Panacea+1","Shrug It Off","Cleave","Uppercut+1","Pommel Strike+1","Flex+1","Twin Strike","Flame Barrier","Reaper","Offering","Bite","Bite","Bite","Bite","Burning Pact+1","Impervious"],"relics":["Burning Blood","Happy Flower","Potion Belt","Pen Nib","Gremlin Horn","Odd Mushroom","Mark of Pain","Oddly Smooth Stone","keyreminder:keyreminder","Orichalcum","Art of War","Sozu"],"acts_visited":["Exordium","TheCity","TheBeyond"],"potions_floor_usage":[7,13,14,16,25,31,31,33,40],"damage_taken":[{"damage":9,"enemies":"Jaw Worm","floor":1,"turns":5},{"damage":6,"enemies":"Cultist","floor":3,"turns":4},{"damage":3,"enemies":"Small Slimes","floor":5,"turns":4},{"damage":22,"enemies":"3 Sentries","floor":7,"turns":6},{"damage":13,"enemies":"Exordium Wildlife","floor":10,"turns":5},{"damage":0,"enemies":"2 Fungi Beasts","floor":11,"turns":3},{"damage":13,"enemies":"Large Slime","floor":12,"turns":6},{"damage":13,"enemies":"Gremlin Nob","floor":13,"turns":3},{"damage":5,"enemies":"The Mushroom Lair","floor":14,"turns":2},{"damage":23,"enemies":"The Guardian","floor":16,"turns":9},{"damage":0,"enemies":"Chosen","floor":18,"turns":4},{"damage":27,"enemies":"Shell Parasite","floor":19,"turns":6},{"damage":19,"enemies":"Centurion and Healer","floor":23,"turns":5},{"damage":46,"enemies":"Slavers","floor":25,"turns":5},{"damage":4,"enemies":"3 Cultists","floor":27,"turns":4},{"damage":19,"enemies":"Book of Stabbing","floor":28,"turns":4},{"damage":30,"enemies":"Snake Plant","floor":29,"turns":4},{"damage":20,"enemies":"Shelled Parasite and Fungi","floor":30,"turns":7},{"damage":27,"enemies":"Slavers","floor":31,"turns":5},{"damage":66,"enemies":"Automaton","floor":33,"turns":9},{"damage":16,"enemies":"Orb Walker","floor":35,"turns":4},{"damage":6,"enemies":"3 Shapes","floor":38,"turns":4},{"damage":11,"enemies":"Spire Growth","floor":39,"turns":4},{"damage":67,"enemies":"Giant Head","floor":40,"turns":8}],"seed_played":"-607232799260424787","potions_obtained":[{"floor":5,"key":"CultistPotion"},{"floor":7,"key":"FearPotion"},{"floor":13,"key":"SteroidPotion"},{"floor":14,"key":"BlessingOfTheForge"},{"floor":16,"key":"FearPotion"},{"floor":18,"key":"Dexterity Potion"},{"floor":25,"key":"Energy Potion"},{"floor":28,"key":"Dexterity Potion"},{"floor":31,"key":"Explosive Potion"}],"is_trial":false,"path_per_floor":["M","$","M","?","M","R","E","R","T","M","M","M","E","?","R","B",null,"M","M","?","?","$","M","R","E","T","M","E","M","M","E","R","B",null,"M","?","?","M","M","E"],"character_chosen":"IRONCLAD","items_purchased":[],"campfire_rested":0,"item_purchase_floors":[],"current_hp_per_floor":[65,65,65,65,68,68,52,52,52,45,51,44,37,38,38,21,62,75,58,58,52,52,52,52,32,32,50,43,28,34,39,39,16,43,49,49,46,52,52,0,0],"gold":534,"neow_bonus":"RANDOM_COLORLESS","is_daily":false,"chose_seed":false,"campfire_upgraded":5,"win_rate":0.0,"timestamp":1611475365,"path_taken":["M","$","M","?","M","R","E","R","T","M","M","?","E","?","R","BOSS","M","M","?","?","$","M","R","E","T","M","E","M","M","E","R","BOSS","M","?","?","M","?","E"],"items_purchased_type":[],"build_version":"2020-12-22","purchased_purges":2,"victory":false,"max_hp_per_floor":[75,75,75,75,75,75,75,75,75,75,75,75,75,75,75,75,75,75,75,75,52,52,52,52,52,52,52,52,52,52,52,52,52,52,52,52,52,52,52,52,52],"card_choices":[{"not_picked":["Purity","Swift Strike"],"picked":"Panacea","floor":0},{"not_picked":["Body Slam","Bloodletting"],"picked":"Shrug It Off","floor":1},{"not_picked":["Headbutt","Clash"],"picked":"Cleave","floor":3},{"not_picked":["Thunderclap","Power Through"],"picked":"Uppercut","floor":5},{"not_picked":["Fire Breathing","Warcry","Combust"],"picked":"SKIP","floor":7},{"not_picked":["Havoc","Fire Breathing"],"picked":"Pommel Strike","floor":10},{"not_picked":["Rupture","Fire Breathing"],"picked":"Flex","floor":11},{"not_picked":["Sever Soul","Rage","Entrench"],"picked":"SKIP","floor":12},{"not_picked":["Iron Wave","Evolve"],"picked":"Twin Strike","floor":13},{"not_picked":["Thunderclap","Heavy Blade"],"picked":"Flame Barrier","floor":14},{"not_picked":["Brutality","Juggernaut"],"picked":"Reaper","floor":16},{"not_picked":["Sword Boomerang","Cleave","Twin Strike"],"picked":"SKIP","floor":18},{"not_picked":["Armaments","Twin Strike","Body Slam"],"picked":"SKIP","floor":19},{"not_picked":["Sword Boomerang","Sentinel","Infernal Blade"],"picked":"SKIP","floor":23},{"not_picked":["Uppercut","Thunderclap","Heavy Blade"],"picked":"SKIP","floor":25},{"not_picked":["Searing Blow","Evolve","Spot Weakness"],"picked":"SKIP","floor":27},{"not_picked":["Anger","Second Wind","Perfected Strike"],"picked":"SKIP","floor":28},{"not_picked":["True Grit","Sword Boomerang"],"picked":"Burning Pact","floor":29},{"not_picked":["Searing Blow","Hemokinesis","Dark Embrace"],"picked":"SKIP","floor":30},{"not_picked":["Rampage","Combust","Feel No Pain"],"picked":"SKIP","floor":31},{"not_picked":["Reaper","Juggernaut"],"picked":"Impervious","floor":33},{"not_picked":["True Grit","Warcry","Flex"],"picked":"SKIP","floor":35},{"not_picked":["Thunderclap","Entrench","Warcry"],"picked":"SKIP","floor":38},{"not_picked":["Bloodletting","Cleave","Pommel Strike"],"picked":"SKIP","floor":39}],"player_experience":883292,"relics_obtained":[{"floor":7,"key":"Potion Belt"},{"floor":9,"key":"Pen Nib"},{"floor":13,"key":"Gremlin Horn"},{"floor":14,"key":"Odd Mushroom"},{"floor":25,"key":"Oddly Smooth Stone"},{"floor":28,"key":"Orichalcum"},{"floor":31,"key":"Art of War"}],"event_choices":[{"damage_healed":0,"gold_gain":0,"player_choice":"Paid Gold","damage_taken":0,"relics_obtained":["Happy Flower"],"max_hp_gain":0,"max_hp_loss":0,"event_name":"WeMeetAgain","floor":4,"gold_loss":52},{"damage_healed":0,"gold_gain":0,"player_choice":"Fought Mushrooms","damage_taken":0,"max_hp_gain":0,"max_hp_loss":0,"event_name":"Mushrooms","floor":14,"gold_loss":0},{"damage_healed":0,"gold_gain":0,"player_choice":"Read","damage_taken":0,"max_hp_gain":0,"max_hp_loss":0,"event_name":"The Library","floor":20,"gold_loss":0,"cards_obtained":["Offering"]},{"damage_healed":0,"gold_gain":0,"player_choice":"Became a vampire","damage_taken":0,"max_hp_gain":0,"max_hp_loss":23,"event_name":"Vampires","floor":21,"gold_loss":0,"cards_obtained":["Bite","Bite","Bite","Bite","Bite"]},{"damage_healed":0,"gold_gain":0,"player_choice":"Ignored","damage_taken":0,"max_hp_gain":0,"max_hp_loss":0,"event_name":"Tomb of Lord Red Mask","floor":36,"gold_loss":0},{"damage_healed":0,"gold_gain":0,"player_choice":"Bought 0 Potions","damage_taken":0,"max_hp_gain":0,"max_hp_loss":0,"event_name":"The Woman in Blue","floor":37,"gold_loss":0}],"is_beta":false,"boss_relics":[{"not_picked":["Runic Cube","Calling Bell"],"picked":"Mark of Pain"},{"not_picked":["Runic Pyramid","Cursed Key"],"picked":"Sozu"}],"items_purged_floors":[2,22],"is_endless":false,"potions_floor_spawned":[5,7,13,14,16,18,25,28,31,35,39],"killed_by":"Giant Head","ascension_level":15}}