{"host":"d8d3jqle49sogkjv","time":1611490887,"event":{"mods":["BaseMod","Colored Map","Colored Powertips","Minty Spire (QoL Compilation)","StSLib"],"gold_per_floor":[10,10,24,38,53,53,66,18,18,31,31,31,79,98,98,201,201,214,214,214,227,227,227],"floor_reached":22,"language":"ENG","playtime":581,"items_purged":[],"score":276,"play_id":"5f52d8bc-f586-4824-bf0f-464f88d75b14","local_time":"20210124132127","is_ascension_mode":true,"campfire_choices":[{"data":"Zap","floor":6,"key":"SMITH"},{"floor":15,"key":"REST"}],"circlet_count":0,"master_deck":["AscendersBane","Strike_B","Strike_B","Defend_B","Defend_B","Defend_B","Defend_B","Zap+1","Dualcast","Loop+1","Recycle","Go for the Eyes","Beam Cell","Doom and Gloom","Conserve Battery","FTL"],"relics":["Cracked Core","Singing Bowl","Art of War","Inserter"],"acts_visited":["Exordium","TheCity"],"potions_floor_usage":[21],"damage_taken":[{"damage":13,"enemies":"Small Slimes","floor":1,"turns":3},{"damage":1,"enemies":"Cultist","floor":3,"turns":4},{"damage":6,"enemies":"Jaw Worm","floor":4,"turns":4},{"damage":11,"enemies":"2 Fungi Beasts","floor":5,"turns":4},{"damage":6,"enemies":"Looter","floor":7,"turns":2},{"damage":0,"enemies":"3 Louse","floor":10,"turns":4},{"damage":12,"enemies":"Blue Slaver","floor":14,"turns":3},{"damage":31,"enemies":"Slime Boss","floor":16,"turns":5},{"damage":32,"enemies":"2 Thieves","floor":18,"turns":4},{"damage":18,"enemies":"Chosen","floor":21,"turns":6},{"damage":23,"enemies":"3 Cultists","floor":22,"turns":3}],"seed_played":"-8479640914403451082","potions_obtained":[{"floor":1,"key":"ColorlessPotion"},{"floor":4,"key":"Block Potion"},{"floor":21,"key":"Fruit Juice"}],"is_trial":false,"path_per_floor":["M","?","M","M","M","R","M","$","T","M","?","?","T","M","R","B",null,"M","?","?","M","M"],"character_chosen":"DEFECT","items_purchased":["Conserve Battery"],"campfire_rested":1,"item_purchase_floors":[8],"current_hp_per_floor":[55,55,54,48,37,37,31,31,31,33,33,33,33,23,46,17,65,35,35,35,22,0,0],"gold":227,"neow_bonus":"TRANSFORM_TWO_CARDS","is_daily":false,"chose_seed":false,"campfire_upgraded":1,"win_rate":0.0,"timestamp":1611490887,"path_taken":["M","?","M","M","?","R","M","?","T","M","?","?","?","M","R","BOSS","M","?","?","M","M"],"items_purchased_type":["Card"],"build_version":"2020-12-22","purchased_purges":0,"victory":false,"max_hp_per_floor":[75,75,75,75,75,75,75,75,75,77,77,77,77,79,79,81,81,83,83,83,88,88,88],"card_choices":[{"not_picked":["Turbo","Cold Snap","Undo"],"picked":"SKIP","floor":1},{"not_picked":["Static Discharge","Redo"],"picked":"Go for the Eyes","floor":3},{"not_picked":["Sweeping Beam","Consume"],"picked":"Beam Cell","floor":4},{"not_picked":["Streamline","Hologram"],"picked":"Doom and Gloom","floor":5},{"not_picked":["Biased Cognition","Steam","Leap"],"picked":"SKIP","floor":7},{"not_picked":["Hello World","Leap","Go for the Eyes"],"picked":"Singing Bowl","floor":10},{"not_picked":["Hologram","Beam Cell","Go for the Eyes"],"picked":"Singing Bowl","floor":14},{"not_picked":["Thunder Strike","Rainbow","Fission"],"picked":"Singing Bowl","floor":16},{"not_picked":["Streamline","Ball Lightning+1","Auto Shields+1"],"picked":"Singing Bowl","floor":18},{"not_picked":["Steam","Reprogram"],"picked":"FTL","floor":21}],"player_experience":427570,"relics_obtained":[{"floor":9,"key":"Singing Bowl"}],"event_choices":[{"damage_healed":0,"gold_gain":0,"player_choice":"Upgraded","damage_taken":0,"max_hp_gain":0,"max_hp_loss":0,"event_name":"Upgrade Shrine","floor":2,"gold_loss":0,"cards_upgraded":["Loop"]},{"damage_healed":0,"gold_gain":0,"player_choice":"Searched \u00272\u0027 times","damage_taken":0,"relics_obtained":["Art of War"],"max_hp_gain":0,"max_hp_loss":0,"event_name":"Dead Adventurer","floor":11,"gold_loss":0},{"damage_healed":0,"gold_gain":0,"player_choice":"Ignored","damage_taken":0,"max_hp_gain":0,"max_hp_loss":0,"event_name":"Golden Idol","floor":12,"gold_loss":0},{"damage_healed":0,"gold_gain":0,"player_choice":"Ignored","damage_taken":0,"max_hp_gain":0,"max_hp_loss":0,"event_name":"Ghosts","floor":19,"gold_loss":0},{"damage_healed":0,"gold_gain":0,"player_choice":"Ignored","damage_taken":0,"max_hp_gain":0,"max_hp_loss":0,"event_name":"Vampires","floor":20,"gold_loss":0}],"is_beta":false,"boss_relics":[{"not_picked":["Snecko Eye","SlaversCollar"],"picked":"Inserter"}],"items_purged_floors":[],"is_endless":false,"potions_floor_spawned":[1,4,7,18,21],"killed_by":"3 Cultists","ascension_level":11}}