{"host":"f5gffvlv6a66yqkd","time":1611509818,"event":{"mods":["2.2 Compatiblity","BaseMod","Colored Map","Custom Start","Dark Map","DeckTracker","Keyboard Shortcuts","Minty Spire (QoL Compilation)","Permanent Neow","Quick Restart","Relic Stats","StSLib","SuperFastMode"],"gold_per_floor":[115,127,146,146,161,161,86,86,86,105,105,30,30,45,45,116,116,136,155,166,81,98,98,125,125,125,125,154,166,176,194,194,271,271,290,305,10,10,35,35,35,70,70,85,102,115,115,134,134,134,134,134,134,50,83,83,83],"floor_reached":56,"language":"KOR","playtime":2161,"items_purged":["Strike_G","Defend_G"],"score":1876,"play_id":"19d248b4-65a9-4afe-8834-f06fe4dc7658","local_time":"20210125023658","is_ascension_mode":true,"campfire_choices":[{"data":"Blade Dance","floor":6.0,"key":"SMITH"},{"data":"Accuracy","floor":8.0,"key":"SMITH"},{"data":"Blade Dance","floor":15.0,"key":"SMITH"},{"data":"After Image","floor":23.0,"key":"SMITH"},{"data":"Backflip","floor":25.0,"key":"SMITH"},{"data":"Backflip","floor":27.0,"key":"SMITH"},{"data":"Cloak And Dagger","floor":32.0,"key":"SMITH"},{"data":"Wraith Form v2","floor":40.0,"key":"SMITH"},{"floor":49.0,"key":"RECALL"},{"data":"Acrobatics","floor":53,"key":"SMITH"}],"circlet_count":0,"master_deck":["AscendersBane","Defend_G","Defend_G","Survivor","Neutralize+1","Accuracy+1","Backflip+1","Blade Dance+1","Blade Dance+1","Die Die Die","Heel Hook","Backflip+1","After Image+1","Backflip","Prepared+1","Acrobatics+1","Escape Plan","Cloak And Dagger+1","Infinite Blades","Wraith Form v2+1","Tactician+1","PiercingWail","Madness","Madness","Underhanded Strike","Escape Plan","PiercingWail+1","Tactician","Escape Plan"],"relics":["Ring of the Snake","Ice Cream","Empty Cage","Incense Burner","MealTicket","Calipers","Pen Nib","WristBlade","Oddly Smooth Stone","Girya","Lizard Tail","HornCleat"],"acts_visited":["Exordium","TheCity","TheBeyond","TheEnding"],"potions_floor_usage":[51,56],"damage_taken":[{"damage":1.0,"enemies":"Small Slimes","floor":1.0,"turns":4.0},{"damage":1.0,"enemies":"2 Louse","floor":2.0,"turns":4.0},{"damage":0.0,"enemies":"Jaw Worm","floor":3.0,"turns":3.0},{"damage":6.0,"enemies":"3 Louse","floor":5.0,"turns":3.0},{"damage":4.0,"enemies":"Exordium Thugs","floor":10.0,"turns":4.0},{"damage":0.0,"enemies":"Gremlin Gang","floor":14.0,"turns":2.0},{"damage":6.0,"enemies":"The Guardian","floor":16.0,"turns":13.0},{"damage":0.0,"enemies":"Chosen","floor":18.0,"turns":2.0},{"damage":4.0,"enemies":"Shell Parasite","floor":19.0,"turns":4.0},{"damage":4.0,"enemies":"Centurion and Healer","floor":20.0,"turns":4.0},{"damage":0.0,"enemies":"3 Cultists","floor":22.0,"turns":4.0},{"damage":6.0,"enemies":"Gremlin Leader","floor":24.0,"turns":5.0},{"damage":0.0,"enemies":"Slavers","floor":28.0,"turns":4.0},{"damage":0.0,"enemies":"Snake Plant","floor":29.0,"turns":5.0},{"damage":19.0,"enemies":"Shelled Parasite and Fungi","floor":30.0,"turns":4.0},{"damage":0.0,"enemies":"Centurion and Healer","floor":31.0,"turns":6.0},{"damage":3.0,"enemies":"Champ","floor":33.0,"turns":9.0},{"damage":8.0,"enemies":"3 Shapes","floor":35.0,"turns":4.0},{"damage":0.0,"enemies":"Orb Walker","floor":36.0,"turns":3.0},{"damage":0.0,"enemies":"Mind Bloom Boss Battle","floor":39.0,"turns":5.0},{"damage":6.0,"enemies":"Nemesis","floor":42.0,"turns":9.0},{"damage":0.0,"enemies":"Maw","floor":44.0,"turns":4.0},{"damage":14.0,"enemies":"4 Shapes","floor":45.0,"turns":4.0},{"damage":1.0,"enemies":"3 Darklings","floor":46.0,"turns":5.0},{"damage":0.0,"enemies":"Jaw Worm Horde","floor":48.0,"turns":4.0},{"damage":26.0,"enemies":"Awakened One","floor":50.0,"turns":13.0},{"damage":24,"enemies":"Donu and Deca","floor":51,"turns":7},{"damage":62,"enemies":"Shield and Spear","floor":55,"turns":8},{"damage":3,"enemies":"The Heart","floor":56,"turns":2}],"seed_played":"-2856208884950660266","potions_obtained":[{"floor":3.0,"key":"Fire Potion"},{"floor":10.0,"key":"Fire Potion"},{"floor":16.0,"key":"SpeedPotion"},{"floor":20.0,"key":"CunningPotion"},{"floor":24.0,"key":"AttackPotion"},{"floor":28.0,"key":"Swift Potion"},{"floor":30.0,"key":"GhostInAJar"},{"floor":33.0,"key":"Strength Potion"},{"floor":35.0,"key":"Energy Potion"},{"floor":39.0,"key":"SteroidPotion"},{"floor":42.0,"key":"GhostInAJar"},{"floor":48.0,"key":"CultistPotion"},{"floor":55,"key":"Poison Potion"}],"is_trial":false,"path_per_floor":["M","M","M","?","M","R","?","R","T","M","?","$","?","M","R","B",null,"M","M","M","?","M","R","E","R","T","R","E","M","M","M","R","B",null,"M","M","$","?","?","R","?","E","T","M","M","M","?","M","R","B","B",null,"R","$","E","B"],"character_chosen":"THE_SILENT","items_purchased":["Oddly Smooth Stone","PiercingWail","Tactician"],"campfire_rested":0,"item_purchase_floors":[37,37,54],"current_hp_per_floor":[43,42,42,42,36,36,36,36,36,32,32,32,32,32,32,26,56,56,52,48,48,48,48,42,42,42,42,42,42,23,23,23,20,55,47,47,62,50,50,50,55,49,49,49,35,34,34,34,34,8,26,56,56,66,4,1,1],"gold":83,"neow_bonus":"TRANSFORM_TWO_CARDS","is_daily":false,"chose_seed":false,"campfire_upgraded":9,"win_rate":0.0,"timestamp":1611509818,"path_taken":["M","M","M","?","M","R","?","R","T","M","?","$","?","?","R","BOSS","M","M","?","?","M","R","E","R","T","R","E","M","M","M","R","BOSS","M","M","$","?","?","R","?","E","T","M","?","M","?","M","R","BOSS","BOSS","R","$","E","BOSS"],"items_purchased_type":["Relic","Card","Card"],"build_version":"2020-12-22","purchased_purges":2,"victory":false,"max_hp_per_floor":[66,66,66,66,66,66,66,66,66,66,66,66,66,66,66,66,66,66,66,66,66,66,66,66,66,66,66,66,66,66,66,66,66,66,66,66,66,66,66,66,66,66,66,66,66,66,66,66,66,66,66,66,66,66,66,66,66],"relic_stats":{"Lizard Tail":33,"counters":[29,148],"MealTicket":25,"Pen Nib":[39],"obtain_stats":[{"Ice Cream":9,"Girya":39,"Lizard Tail":42,"Calipers":26,"HornCleat":55,"WristBlade":34,"Oddly Smooth Stone":37,"MealTicket":24,"Pen Nib":28,"Incense Burner":21,"Empty Cage":17,"Ring of the Snake":0},{"Ice Cream":4,"Girya":20,"Lizard Tail":21,"Calipers":12,"HornCleat":28,"WristBlade":17,"Oddly Smooth Stone":19,"MealTicket":12,"Pen Nib":13,"Incense Burner":10,"Empty Cage":7,"Ring of the Snake":0},{"Ice Cream":14,"Girya":92,"Lizard Tail":101,"Calipers":52,"HornCleat":146,"WristBlade":80,"Oddly Smooth Stone":87,"MealTicket":52,"Pen Nib":56,"Incense Burner":43,"Empty Cage":33,"Ring of the Snake":0}],"Ring of the Snake":[58]},"card_choices":[{"not_picked":["Terror","Sucker Punch"],"picked":"Backflip","floor":1.0},{"not_picked":["Backflip","Dagger Throw"],"picked":"Blade Dance","floor":2.0},{"not_picked":["Terror","Poisoned Stab"],"picked":"Blade Dance","floor":3.0},{"not_picked":["Backflip","Concentrate"],"picked":"Heel Hook","floor":5.0},{"not_picked":["Sucker Punch","Blade Dance","Backstab"],"picked":"SKIP","floor":10.0},{"not_picked":["Poisoned Stab","Dodge and Roll"],"picked":"Backflip","floor":14.0},{"not_picked":["Glass Knife","Grand Finale"],"picked":"After Image","floor":16.0},{"not_picked":["Catalyst","Masterful Stab","Skewer"],"picked":"SKIP","floor":18.0},{"not_picked":["Cloak And Dagger","Underhanded Strike"],"picked":"Backflip","floor":19.0},{"not_picked":["Setup","Distraction"],"picked":"Prepared+1","floor":20.0},{"not_picked":["Dodge and Roll+1","Flechettes","Flying Knee+1"],"picked":"SKIP","floor":22.0},{"not_picked":["Bane","Sucker Punch"],"picked":"Acrobatics","floor":24.0},{"not_picked":["Predator","Dagger Spray","Envenom"],"picked":"SKIP","floor":28.0},{"not_picked":["Sucker Punch","Bane"],"picked":"Escape Plan","floor":29.0},{"not_picked":["Poisoned Stab","Quick Slash"],"picked":"Cloak And Dagger","floor":30.0},{"not_picked":["Prepared","Catalyst"],"picked":"Infinite Blades","floor":31.0},{"not_picked":["Venomology","Unload"],"picked":"Wraith Form v2","floor":33.0},{"not_picked":["Prepared+1","Flying Knee"],"picked":"Tactician+1","floor":35.0},{"not_picked":["Calculated Gamble+1","Dodge and Roll+1","Dash"],"picked":"SKIP","floor":36.0},{"not_picked":["Cloak And Dagger","Deflect","Finisher"],"picked":"SKIP","floor":42.0},{"not_picked":["Cloak And Dagger","Deflect","Finisher"],"picked":"SKIP","floor":42.0},{"not_picked":["Quick Slash","Storm of Steel"],"picked":"Underhanded Strike","floor":44.0},{"not_picked":["Blade Dance+1","Underhanded Strike+1","Sucker Punch"],"picked":"SKIP","floor":45.0},{"not_picked":["Underhanded Strike","Quick Slash"],"picked":"Escape Plan","floor":46.0},{"not_picked":["Dash","Cloak And Dagger+1"],"picked":"PiercingWail+1","floor":48.0},{"not_picked":["Grand Finale","Catalyst"],"picked":"Escape Plan","floor":55}],"player_experience":1608069,"relics_obtained":[{"floor":9.0,"key":"Ice Cream"},{"floor":24.0,"key":"MealTicket"},{"floor":26.0,"key":"Calipers"},{"floor":28.0,"key":"Pen Nib"},{"floor":39.0,"key":"Girya"},{"floor":42.0,"key":"Lizard Tail"},{"floor":55,"key":"HornCleat"}],"event_choices":[{"damage_healed":0.0,"max_hp_gain":0.0,"max_hp_loss":0.0,"gold_gain":0.0,"cards_transformed":["Strike_G"],"event_name":"Living Wall","player_choice":"Change","floor":4.0,"gold_loss":0.0,"damage_taken":0.0,"cards_obtained":["Die Die Die"]},{"cards_removed":["Strike_G"],"damage_healed":0.0,"max_hp_gain":0.0,"max_hp_loss":0.0,"gold_gain":0.0,"event_name":"The Cleric","player_choice":"Card Removal","floor":7.0,"gold_loss":75.0,"damage_taken":0.0},{"damage_healed":0.0,"max_hp_gain":0.0,"max_hp_loss":0.0,"gold_gain":0.0,"event_name":"Dead Adventurer","player_choice":"Searched \u00270\u0027 times","floor":11.0,"gold_loss":0.0,"damage_taken":0.0},{"damage_healed":0.0,"max_hp_gain":0.0,"max_hp_loss":0.0,"gold_gain":0.0,"event_name":"Upgrade Shrine","player_choice":"Upgraded","floor":13.0,"gold_loss":0.0,"damage_taken":0.0,"cards_upgraded":["Neutralize"]},{"damage_healed":0.0,"max_hp_gain":0.0,"max_hp_loss":0.0,"gold_gain":0.0,"event_name":"Addict","player_choice":"Obtained Relic","floor":21.0,"gold_loss":85.0,"damage_taken":0.0,"relics_obtained":["Incense Burner"]},{"damage_healed":0.0,"max_hp_gain":0.0,"max_hp_loss":0.0,"gold_gain":0.0,"event_name":"Winding Halls","player_choice":"Embrace Madness","floor":38.0,"gold_loss":0.0,"damage_taken":12.0,"cards_obtained":["Madness","Madness"]},{"damage_healed":0.0,"max_hp_gain":0.0,"max_hp_loss":0.0,"gold_gain":0.0,"event_name":"MindBloom","player_choice":"Fight","floor":39.0,"gold_loss":0.0,"damage_taken":0.0},{"cards_removed":["Quick Slash"],"damage_healed":5.0,"max_hp_gain":0.0,"max_hp_loss":0.0,"gold_gain":0.0,"event_name":"Bonfire Elementals","player_choice":"Offered Common","floor":41.0,"gold_loss":0.0,"damage_taken":0.0},{"cards_removed":["Quick Slash"],"damage_healed":5.0,"max_hp_gain":0.0,"max_hp_loss":0.0,"gold_gain":0.0,"event_name":"Bonfire Elementals","player_choice":"Offered Special","floor":41.0,"gold_loss":0.0,"damage_taken":0.0},{"damage_healed":0.0,"max_hp_gain":0.0,"max_hp_loss":0.0,"gold_gain":0.0,"event_name":"Tomb of Lord Red Mask","player_choice":"Ignored","floor":47.0,"gold_loss":0.0,"damage_taken":0.0}],"is_beta":false,"boss_relics":[{"not_picked":["Ectoplasm","Velvet Choker"],"picked":"Empty Cage"},{"not_picked":["Runic Dome","Runic Pyramid"],"picked":"WristBlade"}],"items_purged_floors":[12,37],"is_endless":false,"potions_floor_spawned":[3,10,16,20,24,28,30,33,35,39,42,48,55],"killed_by":"The Heart","ascension_level":20}}