{"host":"4mwxwqvoirj3cq7x","time":1611451983,"event":{"mods":["BaseMod","Downfall","Minty Spire (QoL Compilation)","Quick Restart","StSLib","The Marked"],"gold_per_floor":[99,99,99,99,99,119,119,146,246,246,266,4,4,18,32,32,32],"floor_reached":16,"language":"ZHS","playtime":742,"items_purged":["theMarked:Strike"],"score":123,"play_id":"f61c1840-45c5-4e1b-a785-910e5f22105c","local_time":"20210124093303","is_ascension_mode":false,"campfire_choices":[{"floor":1,"key":"RECALL"}],"circlet_count":0,"master_deck":["theMarked:Strike","theMarked:Strike","theMarked:Defend","theMarked:Defend","theMarked:Defend","theMarked:Defend","theMarked:SoldierOfQuellstein","theMarked:Frustration","theMarked:WardOff","theMarked:ComboAttacks+1","theMarked:Electrify","theMarked:FavorableWinds","theMarked:RepellingDischarge","theMarked:BanishingWave","expansioncontent:LastStand","theMarked:MysticalArsenal"],"relics":["theMarked:ArtifactOfAir","downfall:HeartsMalice","The Courier","Mango","FaceOfCleric","Juzu Bracelet","Bag of Preparation"],"acts_visited":["Exordium"],"potions_floor_usage":[6,14,16,16],"damage_taken":[{"damage":0,"enemies":"Cultist","floor":2,"turns":1},{"damage":0,"enemies":"Jaw Worm","floor":3,"turns":1},{"damage":0,"enemies":"Small Slimes","floor":5,"turns":1},{"damage":7,"enemies":"Gremlin Gang","floor":6,"turns":5},{"damage":18,"enemies":"3 Sentries","floor":8,"turns":10},{"damage":48,"enemies":"downfall:Heads","floor":9,"turns":6},{"damage":0,"enemies":"Large Slime","floor":11,"turns":3},{"damage":0,"enemies":"downfall:FleeingMerchant","floor":12,"turns":4},{"damage":1,"enemies":"Lots of Slimes","floor":14,"turns":4},{"damage":2,"enemies":"Blue Slaver","floor":15,"turns":4},{"damage":33,"enemies":"IC_STATUS_ARCHETYPE","floor":16,"turns":8}],"seed_played":"-8387601366794885830","potions_obtained":[{"floor":6,"key":"Fruit Juice"},{"floor":11,"key":"champ:CounterPotion"},{"floor":14,"key":"Swift Potion"},{"floor":15,"key":"Regen Potion"}],"is_trial":false,"path_per_floor":["R","M","M","T","M","M","T","E","?","?","M","$","?","M","M","B"],"character_chosen":"THE_DEFAULT","items_purchased":["Juzu Bracelet","expansioncontent:LastStand"],"campfire_rested":0,"item_purchase_floors":[12,12],"current_hp_per_floor":[70,70,70,70,70,68,68,64,16,16,17,18,15,15,14,0,0],"gold":32,"neow_bonus":"THREE_ENEMY_KILL","is_daily":false,"chose_seed":false,"campfire_upgraded":0,"win_rate":0.0,"timestamp":1611451983,"path_taken":["R","M","M","?","M","?","T","E","?","?","M","$","?","M","M","BOSS"],"items_purchased_type":["Relic","Card"],"build_version":"2020-12-22","purchased_purges":1,"victory":false,"max_hp_per_floor":[70,70,70,70,70,75,75,89,89,89,90,91,91,92,93,93,93],"card_choices":[{"not_picked":["theMarked:Improvise","theMarked:WastefulDefense"],"picked":"theMarked:Frustration","floor":2},{"not_picked":["theMarked:RepellingDischarge","theMarked:BanishingStrike"],"picked":"theMarked:WardOff","floor":3},{"not_picked":["theMarked:EmpowerWeapon","theMarked:Polarize","theMarked:WastefulAttack"],"picked":"SKIP","floor":5},{"not_picked":["theMarked:ResourceFulStrike","theMarked:Frustration","theMarked:Improvise"],"picked":"SKIP","floor":6},{"not_picked":["theMarked:SwordAndMagic","theMarked:ChainLightning"],"picked":"theMarked:ComboAttacks","floor":8},{"not_picked":["theMarked:WastefulAttack","theMarked:BanishingStrike"],"picked":"theMarked:FavorableWinds","floor":9},{"not_picked":["theMarked:EmpowerWeapon","theMarked:ElectricStrings"],"picked":"theMarked:RepellingDischarge","floor":11},{"not_picked":["theMarked:RogueSparks","theMarked:ElectricStrings"],"picked":"theMarked:BanishingWave","floor":12},{"not_picked":["theMarked:ContemptForTheProud","theMarked:ElectricStrings"],"picked":"theMarked:MysticalArsenal","floor":14},{"not_picked":["theMarked:ResourceFulStrike","theMarked:BanishingStrike","theMarked:Parry"],"picked":"SKIP","floor":15}],"player_experience":618620,"relics_obtained":[{"floor":7,"key":"The Courier"},{"floor":8,"key":"Mango"}],"event_choices":[{"damage_healed":0,"gold_gain":0,"player_choice":"Trade","damage_taken":0,"relics_obtained":["FaceOfCleric"],"max_hp_gain":0,"max_hp_loss":0,"event_name":"FaceTrader","floor":10,"gold_loss":0},{"damage_healed":0,"gold_gain":0,"player_choice":"Success","damage_taken":3,"relics_obtained":["Bag of Preparation"],"max_hp_gain":0,"max_hp_loss":0,"event_name":"Scrap Ooze","floor":13,"gold_loss":0}],"is_beta":false,"boss_relics":[],"items_purged_floors":[12],"is_endless":false,"potions_floor_spawned":[6,11,14,15],"killed_by":"IC_STATUS_ARCHETYPE","ascension_level":0}}