{"host":"qy7jow5usmjkdnnq","time":1611525973,"event":{"mods":["BaseMod","Colored Map","Downfall","Minty Spire (QoL Compilation)","Permanent Neow","Relic Stats","StSLib"],"gold_per_floor":[199,35,52,37,54,64,64,82,82,95,120,120,120,154,167,268,268,68,126,126,126,14,115,115,15,52,52,127,173,173,213,232,232,232],"floor_reached":32,"language":"ENG","playtime":3852,"items_purged":["sneckomod:Strike","sneckomod:Strike"],"score":441,"play_id":"141c8152-2b2e-4580-baf5-2e5f6ec79768","local_time":"20210124230613","is_ascension_mode":true,"campfire_choices":[{"floor":1,"key":"RECALL"},{"data":"sneckomod:WideSting","floor":9,"key":"SMITH"},{"floor":25,"key":"REST"},{"floor":30,"key":"REST"}],"circlet_count":0,"master_deck":["sneckomod:Defend","sneckomod:Defend","sneckomod:TailWhip","sneckomod:SnekBite","sneckomod:Unknown","sneckomod:CheapStock+1","sneckomod:QuickMove","sneckomod:WideSting+1","sneckomod:QuickBite","sneckomod:UnknownBlock","sneckomod:Unknown0Cost","sneckomod:UnknownDraw","Well Laid Plans","sneckomod:MorePower","sneckomod:GlitteringGambit+1","sneckomod:Unknown0Cost+1","Neutralize","sneckomod:UnknownStrength+1","sneckomod:ImprovisedGuard+1","Ghostly+1","Ghostly+1","Ghostly+1","Ghostly+1","Ghostly+1","sneckomod:UnknownUncommonAttack+1","sneckomod:Nope+1","J.A.X.+1","sneckomod:DiceCrush","sneckomod:UnknownBlock+1","sneckomod:SerpentIdol+1","sneckomod:Transmogrify+1","Wish+1","sneckomod:QuickBite+1","sneckomod:UnknownCommonSkill+1","sneckomod:UnknownWeak+1"],"relics":["sneckomod:SneckoSoul","Omamori","downfall:BrokenWingStatue","Pen Nib","Fusion Hammer","downfall:HeartBlessingRed","downfall:HeartBlessingGreen","MutagenicStrength","downfall:HeartBlessingBlue","sneckomod:UnknownEgg","Toxic Egg 2","sneckomod:LoadedDie","hexamod:BolsterEngine"],"acts_visited":["Exordium","TheCity"],"potions_floor_usage":[14,16,26,26],"damage_taken":[{"damage":10,"enemies":"downfall:FleeingMerchant","floor":2,"turns":4},{"damage":0,"enemies":"Cultist","floor":3,"turns":4},{"damage":2,"enemies":"downfall:FleeingMerchant","floor":4,"turns":4},{"damage":0,"enemies":"Small Slimes","floor":5,"turns":4},{"damage":0,"enemies":"2 Louse","floor":6,"turns":2},{"damage":3,"enemies":"Blue Slaver","floor":8,"turns":3},{"damage":10,"enemies":"Red Slaver","floor":10,"turns":4},{"damage":20,"enemies":"Gremlin Nob","floor":11,"turns":4},{"damage":3,"enemies":"Lagavulin","floor":14,"turns":8},{"damage":14,"enemies":"Exordium Thugs","floor":15,"turns":6},{"damage":11,"enemies":"IC_STATUS_ARCHETYPE","floor":16,"turns":7},{"damage":25,"enemies":"Shell Parasite","floor":19,"turns":5},{"damage":0,"enemies":"downfall:FleeingMerchant","floor":22,"turns":4},{"damage":11,"enemies":"downfall:Augmenter","floor":23,"turns":8},{"damage":3,"enemies":"Slavers","floor":26,"turns":5},{"damage":39,"enemies":"Gremlin Leader","floor":28,"turns":8},{"damage":1,"enemies":"Spheric Guardian","floor":29,"turns":4},{"damage":8,"enemies":"Snecko","floor":31,"turns":5},{"damage":30,"enemies":"Snake Plant","floor":32,"turns":3}],"seed_played":"-4528954771491100872","potions_obtained":[{"floor":5,"key":"Strength Potion"},{"floor":8,"key":"bronze:BurnAndBuffPotion"},{"floor":10,"key":"BlessingOfTheForge"},{"floor":16,"key":"sneckomod:DiceRollPotion"},{"floor":19,"key":"ColorlessPotion"},{"floor":28,"key":"BlessingOfTheForge"},{"floor":29,"key":"SteroidPotion"}],"is_trial":false,"path_per_floor":["R","$","M","$","M","M","T","M","R","M","E","?","?","E","M","B",null,"R","M","?","?","$","?","T","R","E","R","E","M","R","M","M"],"character_chosen":"THE_SNECKO","items_purchased":["sneckomod:QuickMove","sneckomod:WideSting"],"campfire_rested":2,"item_purchase_floors":[2,2],"current_hp_per_floor":[90,80,80,78,78,78,78,75,75,65,45,45,42,39,25,14,71,71,46,45,39,39,28,28,56,53,53,14,13,31,29,0,0,0],"gold":232,"neow_bonus":"HUNDRED_GOLD","is_daily":false,"chose_seed":false,"campfire_upgraded":1,"win_rate":0.0,"timestamp":1611525973,"path_taken":["R","$","M","?","M","?","T","M","R","M","E","?","?","E","M","BOSS","R","M","?","?","$","?","T","R","E","R","E","?","R","M","M"],"items_purchased_type":["Card","Card"],"build_version":"2020-12-22","purchased_purges":2,"victory":false,"max_hp_per_floor":[90,90,90,90,90,90,90,90,90,90,90,90,90,90,90,90,90,90,90,45,50,50,50,50,60,60,60,60,60,60,60,60,60,60],"relic_stats":{"counters":[19,92],"Pen Nib":[9],"obtain_stats":[{"downfall:HeartBlessingRed":18,"sneckomod:LoadedDie":28,"sneckomod:UnknownEgg":26,"downfall:HeartBlessingGreen":18,"Pen Nib":14,"Omamori":11,"sneckomod:SneckoSoul":0,"Centennial Puzzle":7,"downfall:BrokenWingStatue":12,"downfall:HeartBlessingBlue":25,"MutagenicStrength":23,"Fusion Hammer":17,"Toxic Egg 2":13,"hexamod:BolsterEngine":31},{"downfall:HeartBlessingRed":11,"sneckomod:LoadedDie":16,"sneckomod:UnknownEgg":15,"downfall:HeartBlessingGreen":11,"Pen Nib":9,"Omamori":8,"sneckomod:SneckoSoul":0,"Centennial Puzzle":5,"downfall:BrokenWingStatue":8,"downfall:HeartBlessingBlue":14,"MutagenicStrength":14,"Fusion Hammer":11,"Toxic Egg 2":8,"hexamod:BolsterEngine":18},{"downfall:HeartBlessingRed":50,"sneckomod:LoadedDie":80,"sneckomod:UnknownEgg":72,"downfall:HeartBlessingGreen":50,"Pen Nib":37,"Omamori":29,"sneckomod:SneckoSoul":0,"Centennial Puzzle":18,"downfall:BrokenWingStatue":29,"downfall:HeartBlessingBlue":67,"MutagenicStrength":67,"Fusion Hammer":50,"Toxic Egg 2":29,"hexamod:BolsterEngine":89}]},"card_choices":[{"not_picked":["sneckomod:DiceCrush","sneckomod:SoulRoll"],"picked":"sneckomod:CheapStock","floor":2},{"not_picked":["sneckomod:SnakeSap","sneckomod:RainOfDice"],"picked":"sneckomod:QuickBite","floor":3},{"not_picked":["sneckomod:UnknownCommonSkill","sneckomod:Nope"],"picked":"sneckomod:UnknownBlock","floor":4},{"not_picked":["sneckomod:DiceCrush","sneckomod:Nope"],"picked":"sneckomod:Unknown0Cost","floor":5},{"not_picked":["sneckomod:ImprovisedGuard","sneckomod:SlitherStrike"],"picked":"sneckomod:UnknownDraw","floor":6},{"not_picked":["sneckomod:UnknownUncommonPower","sneckomod:Nope"],"picked":"sneckomod:Memorize","floor":8},{"not_picked":["sneckomod:DiceBlock","sneckomod:UnknownStrike"],"picked":"sneckomod:UnknownWeak","floor":10},{"not_picked":["sneckomod:IronFang","sneckomod:QuickMove"],"picked":"sneckomod:MorePower","floor":11},{"not_picked":["sneckomod:UnknownUncommonPower+1","sneckomod:UnknownClassGREEN+1"],"picked":"sneckomod:Unknown3Cost+1","floor":14},{"not_picked":["sneckomod:IronFang","sneckomod:Unknown1Cost+1","sneckomod:UnknownCommonSkill+1"],"picked":"SKIP","floor":14},{"not_picked":["sneckomod:IronFang","sneckomod:Unknown1Cost+1","sneckomod:UnknownWeak+1"],"picked":"SKIP","floor":15},{"not_picked":["sneckomod:Restock+1","sneckomod:UnknownRareAttack"],"picked":"sneckomod:GlitteringGambit+1","floor":16},{"not_picked":["sneckomod:UnknownUncommonSkill+1","sneckomod:UnknownCommonSkill+1"],"picked":"sneckomod:Unknown0Cost+1","floor":16},{"not_picked":["sneckomod:UnknownVulnerable+1","sneckomod:UnknownColorless+1"],"picked":"sneckomod:UnknownStrength+1","floor":19},{"not_picked":["sneckomod:RainOfDice","sneckomod:SoulDraw+1"],"picked":"sneckomod:ImprovisedGuard+1","floor":19},{"not_picked":["sneckomod:Unknown1Cost+1","sneckomod:UnknownUncommonSkill+1"],"picked":"sneckomod:UnknownUncommonAttack+1","floor":22},{"not_picked":["sneckomod:SoulRoll+1","sneckomod:IronFang","sneckomod:Unknown1Cost+1"],"picked":"SKIP","floor":22},{"not_picked":[],"picked":"J.A.X.+1","floor":23},{"not_picked":["sneckomod:UnknownWeak+1","sneckomod:UnknownClassTHE_CHAMP_GRAY+1"],"picked":"sneckomod:UnknownBlock+1","floor":23},{"not_picked":["sneckomod:UnknownClassGREEN+1","sneckomod:UnknownUncommonPower"],"picked":"sneckomod:SerpentIdol+1","floor":23},{"not_picked":["sneckomod:DiceBlock+1","sneckomod:QuickMove+1"],"picked":"sneckomod:Transmogrify+1","floor":26},{"not_picked":["sneckomod:PureSnecko+1","sneckomod:QuickMove+1"],"picked":"sneckomod:QuickBite+1","floor":28},{"not_picked":["sneckomod:UnknownClassBLUE+1","sneckomod:UnknownUncommonPower+1"],"picked":"sneckomod:UnknownCommonSkill+1","floor":28},{"not_picked":["sneckomod:DangerNoodle","sneckomod:DiceCrush"],"picked":"sneckomod:UnknownWeak+1","floor":29},{"not_picked":["sneckomod:UnknownBlock+1","sneckomod:UnknownClassTHE_CHAMP_GRAY+1","sneckomod:UnknownUncommonSkill+1"],"picked":"SKIP","floor":29},{"not_picked":["sneckomod:QuickBite","sneckomod:Unknown1Cost+1","sneckomod:ImprovisedAttack+1"],"picked":"SKIP","floor":31}],"player_experience":650429,"relics_obtained":[{"floor":7,"key":"Centennial Puzzle"},{"floor":11,"key":"Omamori"},{"floor":14,"key":"Pen Nib"},{"floor":23,"key":"MutagenicStrength"},{"floor":26,"key":"sneckomod:UnknownEgg"},{"floor":28,"key":"Toxic Egg 2"},{"floor":28,"key":"sneckomod:LoadedDie"},{"floor":31,"key":"hexamod:BolsterEngine"}],"event_choices":[{"damage_healed":0,"gold_gain":0,"player_choice":"Success","damage_taken":3,"relics_obtained":["Toxic Egg 2"],"max_hp_gain":0,"max_hp_loss":0,"event_name":"Scrap Ooze","floor":13,"gold_loss":0},{"damage_healed":0,"gold_gain":0,"player_choice":"Became a Ghost","damage_taken":0,"max_hp_gain":0,"max_hp_loss":45,"event_name":"Ghosts","floor":20,"gold_loss":0,"cards_obtained":["Ghostly","Ghostly","Ghostly","Ghostly","Ghostly"]}],"is_beta":false,"boss_relics":[{"not_picked":["SlaversCollar","Tiny House"],"picked":"Fusion Hammer"}],"items_purged_floors":[2,22],"is_endless":false,"potions_floor_spawned":[5,8,10,16,19,28,29],"killed_by":"Snake Plant","ascension_level":5}}