{"host":"khm4we1ijduz33xh","time":1611500282,"event":{"mods":["AchievementEnabler","BaseMod","Colored Map","Minty Spire (QoL Compilation)","Rare Cards Sparkle","StSLib","SuperFastMode"],"gold_per_floor":[113,131,144,40,59,84,84,112,139,139,139,154,154,254,254,380,380,393,412,412,428,105,105,143,143,143,143,242,1,22,22,22,146,146,161,181,244,144,169,169,169],"floor_reached":40,"language":"KOR","playtime":2718,"items_purged":["Strike_R","Strike_R"],"score":707,"play_id":"4aea4f46-cd40-415f-938d-1078e71964e0","local_time":"20210124235802","is_ascension_mode":true,"campfire_choices":[{"data":"1","floor":7,"key":"LIFT"},{"data":"2","floor":10,"key":"LIFT"},{"data":"Body Slam","floor":13,"key":"SMITH"},{"data":"3","floor":15,"key":"LIFT"},{"data":"Rupture","floor":23,"key":"SMITH"},{"data":"Heavy Blade","floor":27,"key":"SMITH"},{"data":"J.A.X.","floor":32,"key":"SMITH"}],"circlet_count":0,"master_deck":["Strike_R","Strike_R","Strike_R+1","Defend_R","Defend_R+1","Defend_R","Defend_R","Bash+1","Bludgeon","Wild Strike","Shrug It Off+1","Shockwave","Heavy Blade+1","Power Through","Body Slam+1","Reaper","Rupture+1","J.A.X.+1","Second Wind+1","Double Tap+1","Inflame","Evolve","Rage+1"],"relics":["Burning Blood","Girya","War Paint","Bronze Scales","Golden Idol","Busted Crown","Toxic Egg 2","Whetstone","Nilry\u0027s Codex","Paper Frog","Meat on the Bone","Fusion Hammer","Calipers"],"acts_visited":["TheCity","TheBeyond"],"potions_floor_usage":[8,16,24,33,40],"damage_taken":[{"damage":9,"enemies":"2 Louse","floor":1,"turns":3},{"damage":12,"enemies":"Jaw Worm","floor":2,"turns":2},{"damage":6,"enemies":"Cultist","floor":3,"turns":3},{"damage":9,"enemies":"2 Fungi Beasts","floor":5,"turns":3},{"damage":26,"enemies":"Gremlin Nob","floor":6,"turns":4},{"damage":19,"enemies":"3 Sentries","floor":8,"turns":6},{"damage":2,"enemies":"3 Louse","floor":12,"turns":3},{"damage":27,"enemies":"Hexaghost","floor":16,"turns":7},{"damage":0,"enemies":"Spheric Guardian","floor":18,"turns":3},{"damage":9,"enemies":"Shell Parasite","floor":19,"turns":4},{"damage":6,"enemies":"Chosen and Byrds","floor":21,"turns":4},{"damage":24,"enemies":"Book of Stabbing","floor":24,"turns":4},{"damage":3,"enemies":"Snake Plant","floor":30,"turns":2},{"damage":87,"enemies":"Champ","floor":33,"turns":10},{"damage":1,"enemies":"Orb Walker","floor":35,"turns":2},{"damage":31,"enemies":"3 Darklings","floor":36,"turns":6},{"damage":3,"enemies":"Mind Bloom Boss Battle","floor":37,"turns":5},{"damage":9,"enemies":"Maw","floor":39,"turns":6},{"damage":81,"enemies":"Giant Head","floor":40,"turns":6}],"seed_played":"8364539223952377342","potions_obtained":[{"floor":1,"key":"PowerPotion"},{"floor":3,"key":"LiquidBronze"},{"floor":8,"key":"SmokeBomb"},{"floor":18,"key":"DuplicationPotion"},{"floor":21,"key":"DistilledChaos"},{"floor":39,"key":"EssenceOfSteel"}],"is_trial":false,"path_per_floor":["M","M","M","$","M","E","R","E","T","R","?","M","R","?","R","B",null,"M","M","?","M","$","R","E","?","T","R","?","$","M","$","R","B",null,"M","M","?","$","M","E"],"character_chosen":"IRONCLAD","items_purchased":["FairyPotion","Toxic Egg 2","Meat on the Bone"],"campfire_rested":0,"item_purchase_floors":[4,22,29],"current_hp_per_floor":[77,71,71,71,68,48,48,35,35,35,35,39,39,39,39,18,74,74,71,71,74,74,74,56,40,40,40,40,40,54,54,54,28,74,74,49,74,74,74,0,0],"gold":169,"neow_bonus":"ONE_RANDOM_RARE_CARD","is_daily":false,"chose_seed":false,"campfire_upgraded":4,"win_rate":0.0,"timestamp":1611500282,"path_taken":["M","M","M","$","M","E","R","E","T","R","?","M","R","?","R","BOSS","M","M","?","M","$","R","E","?","T","R","?","$","?","?","R","BOSS","M","M","?","$","M","E"],"items_purchased_type":["Potion","Relic","Relic"],"build_version":"2020-12-22","purchased_purges":2,"victory":false,"max_hp_per_floor":[80,80,80,80,80,80,80,80,80,80,74,74,74,74,74,74,74,74,74,74,74,74,74,74,74,74,74,74,74,74,74,74,74,74,74,74,74,74,74,74,74],"card_choices":[{"not_picked":["Thunderclap","Bloodletting"],"picked":"Wild Strike","floor":1},{"not_picked":["Wild Strike","Sword Boomerang"],"picked":"Shrug It Off","floor":2},{"not_picked":["Clothesline","Dual Wield"],"picked":"Shockwave","floor":3},{"not_picked":["Iron Wave","Clothesline","Shockwave"],"picked":"SKIP","floor":5},{"not_picked":["Havoc","Anger"],"picked":"Heavy Blade","floor":6},{"not_picked":["Flame Barrier","Double Tap"],"picked":"Power Through","floor":8},{"not_picked":["Pommel Strike","Clash"],"picked":"Body Slam","floor":12},{"not_picked":["Corruption","Fiend Fire"],"picked":"Reaper","floor":16},{"not_picked":[],"picked":"Rupture","floor":18},{"not_picked":["Clash"],"picked":"SKIP","floor":19},{"not_picked":["Havoc"],"picked":"SKIP","floor":21},{"not_picked":["Clash"],"picked":"SKIP","floor":24},{"not_picked":[],"picked":"Second Wind+1","floor":30},{"not_picked":[],"picked":"Double Tap+1","floor":33},{"not_picked":["Iron Wave"],"picked":"SKIP","floor":35},{"not_picked":[],"picked":"Inflame","floor":36},{"not_picked":[],"picked":"Evolve","floor":37},{"not_picked":[],"picked":"Rage+1","floor":39}],"player_experience":236626,"relics_obtained":[{"floor":6,"key":"Girya"},{"floor":8,"key":"War Paint"},{"floor":9,"key":"Bronze Scales"},{"floor":24,"key":"Whetstone"},{"floor":25,"key":"Nilry\u0027s Codex"},{"floor":26,"key":"Paper Frog"},{"floor":37,"key":"Calipers"}],"event_choices":[{"damage_healed":0,"gold_gain":0,"player_choice":"Lose Max HP","damage_taken":0,"relics_obtained":["Golden Idol"],"max_hp_gain":0,"max_hp_loss":6,"event_name":"Golden Idol","floor":11,"gold_loss":0},{"damage_healed":0,"gold_gain":100,"player_choice":"Pray","damage_taken":0,"max_hp_gain":0,"max_hp_loss":0,"event_name":"Golden Shrine","floor":14,"gold_loss":0},{"damage_healed":0,"gold_gain":0,"player_choice":"Obtain J.A.X.","damage_taken":0,"max_hp_gain":0,"max_hp_loss":0,"event_name":"Drug Dealer","floor":20,"gold_loss":0,"cards_obtained":["J.A.X."]},{"damage_healed":0,"gold_gain":0,"player_choice":"Obtained Book","damage_taken":16,"max_hp_gain":0,"max_hp_loss":0,"event_name":"Cursed Tome","floor":25,"gold_loss":0},{"damage_healed":0,"gold_gain":99,"player_choice":"Stole From Cult","damage_taken":0,"max_hp_gain":0,"max_hp_loss":0,"event_name":"Nest","floor":28,"gold_loss":0},{"damage_healed":0,"gold_gain":0,"player_choice":"Fight","damage_taken":0,"max_hp_gain":0,"max_hp_loss":0,"event_name":"MindBloom","floor":37,"gold_loss":0}],"is_beta":false,"boss_relics":[{"not_picked":["Runic Cube","Pandora\u0027s Box"],"picked":"Busted Crown"},{"not_picked":["Black Star","Coffee Dripper"],"picked":"Fusion Hammer"}],"items_purged_floors":[22,38],"is_endless":false,"potions_floor_spawned":[1,3,8,18,21,39],"killed_by":"Giant Head","ascension_level":4}}