{"host":"lnt5dzsuhru0aonl","time":1611500329,"event":{"mods":["2.2 Compatiblity","BaseMod","Colored Map","Colored Powertips","DeckTracker","Keyboard Shortcuts","Minty Spire (QoL Compilation)","Permanent Neow","Rare Cards Sparkle","StSLib","SuperFastMode","everything is the same but u backflip on backflip"],"gold_per_floor":[112,112,129,141,160,160,192,192,192,203,219,231,248,267,267,340,340,350,373,52,66,66,66,86,118,145,218,236,236,23,35,35,107,107,126,179,454,465,121,150,150,177,224,224,249,249,78,89,89,89,89],"floor_reached":52,"language":"KOR","playtime":2022,"items_purged":["Strike_B","Strike_B","Defend_B"],"score":1993,"play_id":"5ce9a98a-8ce9-4222-b7f9-265ae3795f46","local_time":"20210124235849","is_ascension_mode":true,"campfire_choices":[{"data":"Defragment","floor":6,"key":"SMITH"},{"data":"Dualcast","floor":8,"key":"SMITH"},{"floor":15,"key":"REST"},{"data":"Echo Form","floor":23,"key":"SMITH"},{"data":"Coolheaded","floor":29,"key":"SMITH"},{"data":"Static Discharge","floor":32,"key":"SMITH"},{"data":"Buffer","floor":41,"key":"SMITH"},{"data":"Turbo","floor":46,"key":"SMITH"},{"data":"Heatsinks","floor":49,"key":"SMITH"}],"circlet_count":0,"master_deck":["AscendersBane","Defend_B","Defend_B","Defend_B","Zap+1","Dualcast+1","Defragment+1","Ball Lightning","Sweeping Beam","Cold Snap","Lockon","BootSequence","Coolheaded","Echo Form+1","Coolheaded+1","Chill","Biased Cognition","CurseOfTheBell","Machine Learning","Melter+1","Amplify","Static Discharge+1","Buffer+1","Coolheaded+1","Steam+1","Self Repair","Defragment+1","Master of Strategy","Turbo+1","Double Energy+1","Undo+1","Heatsinks+1"],"relics":["Cracked Core","White Beast Statue","Blue Candle","Calling Bell","Lantern","Mercury Hourglass","Bird Faced Urn","Omamori","Runic Capacitor","Bottled Lightning","Boot","Mummified Hand","Membership Card","Cursed Key","Ginger","DollysMirror","Orichalcum","Centennial Puzzle","MealTicket","Smiling Mask","Gambling Chip","ClockworkSouvenir"],"acts_visited":["Exordium","TheCity","TheBeyond"],"potions_floor_usage":[10,12,16,18,25,33,36,45,45,51],"damage_taken":[{"damage":4,"enemies":"Jaw Worm","floor":1,"turns":3},{"damage":2,"enemies":"Cultist","floor":3,"turns":4},{"damage":3,"enemies":"Small Slimes","floor":4,"turns":3},{"damage":8,"enemies":"Blue Slaver","floor":5,"turns":3},{"damage":22,"enemies":"Lagavulin","floor":7,"turns":5},{"damage":9,"enemies":"Exordium Thugs","floor":10,"turns":3},{"damage":0,"enemies":"Lots of Slimes","floor":11,"turns":3},{"damage":0,"enemies":"Exordium Wildlife","floor":12,"turns":2},{"damage":0,"enemies":"Large Slime","floor":13,"turns":2},{"damage":5,"enemies":"Exordium Thugs","floor":14,"turns":5},{"damage":7,"enemies":"Slime Boss","floor":16,"turns":9},{"damage":9,"enemies":"Shell Parasite","floor":18,"turns":5},{"damage":0,"enemies":"Chosen","floor":21,"turns":3},{"damage":38,"enemies":"Shelled Parasite and Fungi","floor":24,"turns":5},{"damage":0,"enemies":"Book of Stabbing","floor":25,"turns":5},{"damage":0,"enemies":"Snake Plant","floor":28,"turns":3},{"damage":0,"enemies":"Centurion and Healer","floor":31,"turns":5},{"damage":35,"enemies":"Collector","floor":33,"turns":7},{"damage":5,"enemies":"Orb Walker","floor":35,"turns":3},{"damage":31,"enemies":"2 Orb Walkers","floor":36,"turns":4},{"damage":19,"enemies":"3 Darklings","floor":38,"turns":5},{"damage":87,"enemies":"Reptomancer","floor":40,"turns":5},{"damage":13,"enemies":"Nemesis","floor":42,"turns":5},{"damage":1,"enemies":"Mind Bloom Boss Battle","floor":45,"turns":6},{"damage":7,"enemies":"4 Shapes","floor":48,"turns":4},{"damage":1,"enemies":"Time Eater","floor":50,"turns":12},{"damage":58,"enemies":"Awakened One","floor":51,"turns":10}],"seed_played":"-4553983250503157409","potions_obtained":[{"floor":1,"key":"Ancient Potion"},{"floor":7,"key":"Fire Potion"},{"floor":10,"key":"Explosive Potion"},{"floor":11,"key":"SneckoOil"},{"floor":12,"key":"Dexterity Potion"},{"floor":13,"key":"Strength Potion"},{"floor":14,"key":"EssenceOfSteel"},{"floor":16,"key":"Weak Potion"},{"floor":18,"key":"DuplicationPotion"},{"floor":21,"key":"FairyPotion"},{"floor":25,"key":"LiquidMemories"},{"floor":33,"key":"FocusPotion"},{"floor":36,"key":"DuplicationPotion"},{"floor":40,"key":"Energy Potion"},{"floor":42,"key":"LiquidMemories"},{"floor":45,"key":"Ancient Potion"},{"floor":48,"key":"Fire Potion"}],"is_trial":false,"path_per_floor":["M","?","M","M","M","R","E","R","T","M","M","M","M","M","R","B",null,"M","T","$","M","?","R","M","E","T","T","M","R","$","M","R","B",null,"M","?","?","M","$","E","R","E","T","?","?","R","$","M","R","B","B",null],"character_chosen":"DEFECT","items_purchased":["Runic Capacitor","Machine Learning","Membership Card","Static Discharge","Self Repair","DollysMirror","Orichalcum","Master of Strategy","Heatsinks","ClockworkSouvenir"],"campfire_rested":1,"item_purchase_floors":[20,20,30,30,39,39,39,39,47,47],"current_hp_per_floor":[60,60,58,55,47,47,25,25,25,16,16,16,16,11,32,25,60,61,61,61,67,47,47,19,27,27,27,35,35,35,47,47,24,63,70,51,51,46,46,31,31,49,49,49,76,76,76,76,76,76,31],"gold":89,"neow_bonus":"UPGRADE_CARD","is_daily":false,"chose_seed":false,"campfire_upgraded":8,"win_rate":0.0,"timestamp":1611500329,"path_taken":["M","?","M","?","M","R","E","R","T","M","M","M","M","M","R","BOSS","M","?","$","M","?","R","M","E","T","?","?","R","$","?","R","BOSS","M","?","?","?","$","E","R","E","T","?","?","R","$","M","R","BOSS","BOSS"],"items_purchased_type":["Relic","Card","Relic","Card","Card","Relic","Relic","Card","Card","Relic"],"build_version":"2020-12-22","purchased_purges":3,"victory":true,"max_hp_per_floor":[71,71,71,71,71,71,71,71,71,71,71,71,71,71,71,71,71,71,71,71,71,76,76,76,76,76,76,76,76,76,76,76,76,76,76,76,76,76,76,76,76,76,76,76,76,76,76,76,76,76,76],"card_choices":[{"not_picked":["Heatsinks","Ball Lightning"],"picked":"Defragment","floor":1},{"not_picked":["Compile Driver","Streamline"],"picked":"Ball Lightning","floor":3},{"not_picked":["Stack","Reinforced Body"],"picked":"Sweeping Beam","floor":4},{"not_picked":["Steam","Beam Cell"],"picked":"Cold Snap","floor":5},{"not_picked":["Auto Shields","BootSequence"],"picked":"Lockon","floor":7},{"not_picked":["Go for the Eyes","Gash"],"picked":"BootSequence","floor":10},{"not_picked":["Conserve Battery","Aggregate"],"picked":"Coolheaded","floor":11},{"not_picked":["Undo","Recycle"],"picked":"Echo Form","floor":12},{"not_picked":["Ball Lightning","Melter"],"picked":"Coolheaded","floor":13},{"not_picked":["Lockon","Recycle"],"picked":"Chill","floor":14},{"not_picked":["Reboot","Rainbow"],"picked":"Biased Cognition","floor":16},{"not_picked":["Recycle","Beam Cell+1","Ball Lightning"],"picked":"SKIP","floor":18},{"not_picked":["Stack","Hologram"],"picked":"Melter+1","floor":21},{"not_picked":["Sweeping Beam","Ball Lightning","Compile Driver"],"picked":"SKIP","floor":24},{"not_picked":["Chaos","Reboot"],"picked":"Amplify","floor":25},{"not_picked":["Consume+1","Tempest","Compile Driver"],"picked":"SKIP","floor":28},{"not_picked":["Go for the Eyes","Rip and Tear","Ball Lightning"],"picked":"SKIP","floor":31},{"not_picked":["All For One","Rainbow"],"picked":"Buffer","floor":33},{"not_picked":["Gash","Streamline","Skim"],"picked":"SKIP","floor":35},{"not_picked":["Cold Snap","Compile Driver+1"],"picked":"Coolheaded+1","floor":36},{"not_picked":["Compile Driver","Redo"],"picked":"Steam+1","floor":38},{"not_picked":["Electrodynamics","Echo Form"],"picked":"Turbo","floor":40},{"not_picked":["Ball Lightning","Rebound"],"picked":"Double Energy+1","floor":42},{"not_picked":["Turbo","BootSequence"],"picked":"Undo+1","floor":45},{"not_picked":["Hologram","Stack","Coolheaded+1"],"picked":"SKIP","floor":48}],"player_experience":756117,"relics_obtained":[{"floor":7,"key":"White Beast Statue"},{"floor":9,"key":"Blue Candle"},{"floor":17,"key":"Lantern"},{"floor":17,"key":"Mercury Hourglass"},{"floor":17,"key":"Bird Faced Urn"},{"floor":19,"key":"Omamori"},{"floor":25,"key":"Bottled Lightning"},{"floor":26,"key":"Boot"},{"floor":27,"key":"Mummified Hand"},{"floor":36,"key":"Ginger"},{"floor":40,"key":"Centennial Puzzle"},{"floor":42,"key":"MealTicket"},{"floor":43,"key":"Smiling Mask"},{"floor":45,"key":"Gambling Chip"}],"event_choices":[{"cards_removed":["Strike_B"],"damage_healed":0,"gold_gain":0,"player_choice":"Offered Basic","damage_taken":0,"max_hp_gain":0,"max_hp_loss":0,"event_name":"Bonfire Elementals","floor":2,"gold_loss":0},{"damage_healed":0,"gold_gain":0,"player_choice":"Shed Blood","damage_taken":25,"max_hp_gain":5,"max_hp_loss":0,"event_name":"Forgotten Altar","floor":22,"gold_loss":0},{"damage_healed":0,"gold_gain":0,"player_choice":"Fight","damage_taken":0,"max_hp_gain":0,"max_hp_loss":0,"event_name":"Mysterious Sphere","floor":36,"gold_loss":0},{"damage_healed":0,"gold_gain":275,"player_choice":"Desecrate","damage_taken":0,"max_hp_gain":0,"max_hp_loss":0,"event_name":"Golden Shrine","floor":37,"gold_loss":0,"cards_obtained":["Regret"]},{"cards_removed":["Strike_B"],"damage_healed":0,"gold_gain":0,"player_choice":"Removed Attack","damage_taken":0,"max_hp_gain":0,"max_hp_loss":0,"event_name":"Falling","floor":44,"gold_loss":0},{"damage_healed":0,"gold_gain":0,"player_choice":"Fight","damage_taken":0,"max_hp_gain":0,"max_hp_loss":0,"event_name":"MindBloom","floor":45,"gold_loss":0}],"is_beta":false,"boss_relics":[{"not_picked":["Coffee Dripper","Sozu"],"picked":"Calling Bell"},{"not_picked":["Tiny House","SacredBark"],"picked":"Cursed Key"}],"items_purged_floors":[20,39,47],"is_endless":false,"potions_floor_spawned":[1,7,10,11,12,13,14,16,18,21,24,25,28,31,33,35,36,38,40,42,45,48],"ascension_level":20}}