{"host":"ox77rn1xcurm2t5a","time":1611514654,"event":{"mods":["2.2 Compatiblity","AchievementEnabler","Act Like it!","Aspiration","BaseMod","Best Route Mod","Better Match","Better Note","Better Sensory Stone","Block Reminder","Colored Map","Colored Powertips","Conjunction","Conspire","Custom Start","Energized Spire","GifTheSpireLib","Gold Saver","Gremlin Skip","Halation","Highlight Path","Hubris","Infinite Spire","Minty Spire (QoL Compilation)","Pale of the Ancients","Quick Restart","Replay The Spire","Reworked Bosses","ShortenTheSpire","Spire Exporter","StSLib","Stuff the Spire","Wandering Minibosses","vexMod"],"gold_per_floor":[117,117,117,117,136,164,164,164,164,164,13,26,56,75,75,154,154,166,166,166],"floor_reached":19,"language":"ENG","playtime":349,"items_purged":["Injury"],"score":340,"play_id":"84c6187d-20c8-4f4e-a26d-c5d9f9193f4d","local_time":"20210124205734","is_ascension_mode":true,"campfire_choices":[{"floor":7,"key":"RECALL"},{"data":"Zap","floor":10,"key":"SMITH"},{"data":"Redo","floor":15,"key":"SMITH"}],"circlet_count":0,"master_deck":["AscendersBane","Strike_B","Strike_B","Strike_B","Strike_B","Defend_B","Defend_B","Defend_B","Defend_B","Zap+1","Dualcast","Ball Lightning","Storm+1","Redo+1","Capacitor+1","Gash","Echo Form+1"],"relics":["Cracked Core","NeowsBlessing","Frozen Egg 2","Vajra","hubris:PeanutButter","SacredBark"],"acts_visited":["Exordium","TheCity"],"potions_floor_usage":[13,13,18],"damage_taken":[{"damage":0,"enemies":"Jaw Worm","floor":1,"turns":1},{"damage":0,"enemies":"Small Slimes","floor":5,"turns":1},{"damage":0,"enemies":"3 Sentries","floor":6,"turns":1},{"damage":0,"enemies":"2 Louse","floor":12,"turns":2},{"damage":18,"enemies":"Gremlin Nob","floor":13,"turns":3},{"damage":1,"enemies":"Red Slaver","floor":14,"turns":3},{"damage":44,"enemies":"The Guardian","floor":16,"turns":10},{"damage":0,"enemies":"Chosen","floor":18,"turns":4},{"damage":56,"enemies":"Shell Parasite","floor":19,"turns":5}],"seed_played":"4830468334325393537","potions_obtained":[{"floor":6,"key":"Swift Potion"},{"floor":12,"key":"Conjunction:LightningMarble"},{"floor":16,"key":"SpeedPotion"}],"is_trial":false,"path_per_floor":["M","?","?","?","M","E","R","?","T","R","$","M","E","M","R","B",null,"M","M"],"character_chosen":"DEFECT","items_purchased":["Storm+1"],"campfire_rested":0,"item_purchase_floors":[11],"current_hp_per_floor":[64,71,71,71,71,71,71,71,71,71,71,71,53,52,52,8,55,55,0,0],"gold":166,"neow_bonus":"THREE_ENEMY_KILL","is_daily":false,"chose_seed":false,"campfire_upgraded":2,"win_rate":0.0,"timestamp":1611514654,"path_taken":["M","?","?","?","M","E","R","?","T","R","$","M","E","?","R","BOSS","M","M"],"items_purchased_type":["Card"],"build_version":"2020-12-22","purchased_purges":1,"victory":false,"max_hp_per_floor":[71,71,71,71,71,71,71,71,71,71,71,71,71,71,71,71,71,71,71,71],"card_choices":[{"not_picked":["Panic Button","StuffTheSpire:Plugnplay","BootSequence"],"picked":"SKIP","floor":1},{"not_picked":["ReplayTheSpireMod:GoodbyeWorld+1","conspire:SharedLibrary+1"],"picked":"Ball Lightning","floor":5},{"not_picked":["Cold Snap","Fission","conspire:Rain"],"picked":"SKIP","floor":6},{"not_picked":["StuffTheSpire:ShieldGenerator","Hologram"],"picked":"Redo","floor":12},{"not_picked":["Tempest","Lockon"],"picked":"Capacitor+1","floor":13},{"not_picked":["Panic Button","ReplaySolidLightProjector"],"picked":"Gash","floor":14},{"not_picked":["Buffer+1","hubris:DoWhile"],"picked":"Echo Form+1","floor":16},{"not_picked":["Hologram","Aggregate","Beam Cell"],"picked":"SKIP","floor":18}],"player_experience":2988233,"relics_obtained":[{"floor":6,"key":"Vajra"},{"floor":13,"key":"hubris:PeanutButter"}],"event_choices":[{"damage_healed":0,"gold_gain":0,"player_choice":"Ignored","damage_taken":0,"max_hp_gain":0,"max_hp_loss":0,"event_name":"Liars Game","floor":4,"gold_loss":0},{"damage_healed":0,"gold_gain":0,"player_choice":"Ignored","damage_taken":0,"max_hp_gain":0,"max_hp_loss":0,"event_name":"Transmorgrifier","floor":8,"gold_loss":0}],"is_beta":false,"boss_relics":[{"not_picked":["energizedSpire:OldTV","ChewingGum"],"picked":"SacredBark"}],"items_purged_floors":[11],"is_endless":false,"potions_floor_spawned":[6,12,16],"killed_by":"Shell Parasite","ascension_level":14}}