{"host":"Teixeira","time":1611471808,"event":{"mods":["2.2 Compatiblity","AchievementEnabler","Aspiration","BaseMod","Better Match","Better Note","Better Sensory Stone","Better Skull","Better Third Choice","Colored Map","Colored Powertips","Downfall","Hermit","Hubris","Infinite Spire","Minty Spire (QoL Compilation)","Permanent Neow","Quick Restart","Rare Cards Sparkle","Relic Filter","Replay The Spire","Spicy Shops","StSLib","SuperFastMode","Wide Potions"],"gold_per_floor":[122,146,146,146,170,209,225,252,277,277,277,316,330,354,354,474,474,498,513,513,513,513,534,534,554,554,567,600,621,665,686,686,806,806,825,23,23,23,23,54,73,106,106,0,0,16,41,64,64,64,64,64,23,66,66],"floor_reached":56,"language":"ENG","playtime":3743,"items_purged":["bronze:Strike","Replay:Hysterical Blindness","bronze:Strike"],"score":1410,"play_id":"409a00b4-2a21-4176-911d-39426a0426a7","local_time":"20210124040328","is_ascension_mode":true,"campfire_choices":[{"data":"Pot Of Greed","floor":11.0,"key":"SMITH"},{"data":"ReplayTheSpireMod:??????????????????????","floor":15.0,"key":"SMITH"},{"data":"bronze:Goto","floor":24.0,"key":"SMITH"},{"data":"Pot Of Greed","floor":32.0,"key":"SMITH"},{"floor":45.0,"key":"RECALL"},{"data":"Delirium","floor":49.0,"key":"PURGE"},{"data":"bronze:HardenedForm","floor":52.0,"key":"SMITH"}],"circlet_count":0,"master_deck":["bronze:Strike","bronze:Defend","bronze:Defend","bronze:Defend","bronze:Defend+1","bronze:Replicate","bronze:Goto+1","bronze:ChosenStrike","bronze:Invalidate+1","bronze:Break+1","ReplayTheSpireMod:??????????????????????+1","bronze:HardenedForm+1","bronze:Flail","Pot Of Greed+1","Pot Of Greed+1","bronze:NullPointer","bronze:CleanCode","bronze:BronzeOrb+1","bronze:Repair+1","Pot Of Greed+1","bronze:Overheat+1","Hallucinations"],"relics":["bronze:BronzeCore","aspiration:Nostalgia","Ring of the Snake","Golden Idol","Potion Belt","Toy Ornithopter","War Paint","Grinning Jar","Art of War","StrikeDummy","Replay:Grab Bag","Cursed Key","Replay:Bronze Core","hubris:Backtick","The Courier","infinitespire:WardingShard","bronze:PlatinumCore","Chameleon Ring","Peace Pipe","Replay:Mystery Machine","aspiration:PoetsPen_weak","BargainBundle","Replay:Rubber Ducky","bronze:SilverBullet","Replay:Ringing Soul","infinitespire:Bottled Soul","hubris:64BitClover","Pantograph","Blue Doll","Blood Vial","Red Mask","infinitespire:Satchel","aspiration:ChemicalBlood"],"acts_visited":["Exordium","TheCity","TheBeyond","TheEnding"],"potions_floor_usage":[55,55,55,55],"damage_taken":[{"damage":0.0,"enemies":"Small Slimes","floor":1.0,"turns":3.0},{"damage":1.0,"enemies":"Jaw Worm","floor":2.0,"turns":2.0},{"damage":0.0,"enemies":"Gremlin Nob","floor":6.0,"turns":2.0},{"damage":0.0,"enemies":"Cultist","floor":7.0,"turns":2.0},{"damage":4.0,"enemies":"Replay:BlueRogue","floor":12.0,"turns":3.0},{"damage":0.0,"enemies":"Large Slime","floor":13.0,"turns":2.0},{"damage":5.0,"enemies":"Exordium Thugs","floor":14.0,"turns":3.0},{"damage":9.0,"enemies":"Hexaghost","floor":16.0,"turns":5.0},{"damage":0.0,"enemies":"Shell Parasite","floor":18.0,"turns":2.0},{"damage":1.0,"enemies":"Chosen","floor":19.0,"turns":3.0},{"damage":0.0,"enemies":"Snake Plant","floor":23.0,"turns":2.0},{"damage":0.0,"enemies":"3 Cultists","floor":25.0,"turns":2.0},{"damage":0.0,"enemies":"Centurion and Healer","floor":27.0,"turns":2.0},{"damage":0.0,"enemies":"Replay:Snechameleon","floor":28.0,"turns":3.0},{"damage":6.0,"enemies":"Snake Plant","floor":29.0,"turns":3.0},{"damage":34.0,"enemies":"Nightmare","floor":30.0,"turns":5.0},{"damage":0.0,"enemies":"Sentry and Sphere","floor":31.0,"turns":3.0},{"damage":2.0,"enemies":"Champ","floor":33.0,"turns":5.0},{"damage":24.0,"enemies":"3 Darklings","floor":35.0,"turns":3.0},{"damage":30.0,"enemies":"R_Hoarder","floor":40.0,"turns":4.0},{"damage":0.0,"enemies":"3 Shapes","floor":41.0,"turns":2.0},{"damage":41.0,"enemies":"Reptomancer","floor":42.0,"turns":5.0},{"damage":0.0,"enemies":"Spire Growth","floor":46.0,"turns":2.0},{"damage":0.0,"enemies":"Jaw Worm Horde","floor":48.0,"turns":2.0},{"damage":0.0,"enemies":"Donu and Deca","floor":50.0,"turns":5.0},{"damage":0.0,"enemies":"Shield and Spear","floor":54.0,"turns":2.0},{"damage":24,"enemies":"The Heart","floor":55,"turns":5}],"seed_played":"-3882726212837912323","potions_obtained":[{"floor":1.0,"key":"PowerPotion"},{"floor":7.0,"key":"Dexterity Potion"},{"floor":12.0,"key":"Guardian:BlockOnCardUsePotion"},{"floor":14.0,"key":"GamblersBrew"},{"floor":18.0,"key":"hexamod:SoulburnPotion"},{"floor":27.0,"key":"Slimebound:ThreeZeroPotion"},{"floor":28.0,"key":"FearPotion"},{"floor":29.0,"key":"SpeedPotion"},{"floor":30.0,"key":"sneckomod:MuddlingPotion"},{"floor":33.0,"key":"Dexterity Potion"},{"floor":41.0,"key":"Dexterity Potion"},{"floor":46.0,"key":"Regen Potion"},{"floor":48.0,"key":"Adrenaline Potion"},{"floor":54.0,"key":"bronze:BurnAndBuffPotion"}],"is_trial":false,"path_per_floor":["M","M","?","?","T","E","M","T","T","?","R","E","M","M","R","B",null,"M","M","AVR","?","?","M","R","M","T","M","E","M","NM","M","R","B",null,"M","$","?","?","AVR","E","M","E","T","?","R","M","T","M","R","B",null,"R","$","E","B",null],"character_chosen":"THE_AUTOMATON","items_purchased":["BargainBundle","Replay:Rubber Ducky","bronze:SilverBullet","Replay:Ringing Soul","infinitespire:Bottled Soul","hubris:64BitClover","Adrenaline Potion"],"campfire_rested":0,"item_purchase_floors":[36,36,36,36,36,36,53],"current_hp_per_floor":[70,69,69,51,51,51,51,51,51,51,51,47,47,42,42,43,70,70,69,69,69,69,69,69,69,69,69,70,64,30,40,40,63,70,56,56,63,66,66,43,53,25,28,28,28,40,43,55,55,82,82,82,82,82,73],"gold":66,"neow_bonus":"NOSTALGIA","is_daily":false,"chose_seed":false,"campfire_upgraded":5,"win_rate":0.0,"timestamp":1611471808,"path_taken":["M","M","?","?","?","E","?","?","T","?","R","E","M","M","R","BOSS","M","M","AVR","?","?","M","R","M","T","M","E","M","NM","M","R","BOSS","M","$","?","?","AVR","E","?","E","T","?","R","M","?","?","R","BOSS","R","$","E","BOSS"],"items_purchased_type":["Relic","Relic","Relic","Relic","Relic","Relic","Potion"],"build_version":"2020-11-17","purchased_purges":3,"victory":true,"max_hp_per_floor":[70,70,70,70,70,70,70,70,70,70,70,70,70,70,70,70,70,70,70,70,70,70,70,70,70,70,70,70,70,70,70,70,70,70,70,70,70,73,73,73,73,76,79,79,79,79,82,82,82,82,82,82,82,82,82],"card_choices":[{"not_picked":["bronze:BitShift","bronze:Deprecate"],"picked":"bronze:ChosenStrike","floor":1.0},{"not_picked":["bronze:OilSpill","bronze:WildBeam"],"picked":"bronze:Invalidate","floor":2.0},{"not_picked":["infinitespire:UltimateForm","infinitespire:DeathsTouch"],"picked":"ReplayTheSpireMod:??????????????????????","floor":4.0},{"not_picked":["bronze:Overheat","bronze:Fortify"],"picked":"bronze:HardenedForm","floor":6.0},{"not_picked":["bronze:ForceShield","bronze:Separator"],"picked":"bronze:Flail","floor":7.0},{"not_picked":["bronze:WhirlingStrike","bronze:BronzeArmor","bronze:CloningBeam"],"picked":"SKIP","floor":12.0},{"not_picked":["bronze:Iterate","bronze:BuggyMess"],"picked":"bronze:NullPointer","floor":13.0},{"not_picked":["bronze:Invalidate","bronze:Philosophize","bronze:Deprecate"],"picked":"SKIP","floor":14.0},{"not_picked":["bronze:BurnOut","bronze:Virus"],"picked":"bronze:CleanCode","floor":16.0},{"not_picked":["bronze:Constructor","bronze:CutThrough"],"picked":"bronze:BronzeOrb+1","floor":18.0},{"not_picked":["bronze:Allocate","bronze:BugBarrage","bronze:BitShift"],"picked":"SKIP","floor":19.0},{"not_picked":["bronze:FollowUp+1","bronze:Overload","bronze:Constructor"],"picked":"SKIP","floor":23.0},{"not_picked":["bronze:WildBeam","bronze:WhirlingStrike","bronze:DelayedSlice"],"picked":"SKIP","floor":25.0},{"not_picked":["bronze:MaxOutput","bronze:DelayedSlice","bronze:Allocate"],"picked":"SKIP","floor":27.0},{"not_picked":["bronze:Constructor","bronze:Flail","bronze:CloningBeam+1"],"picked":"SKIP","floor":28.0},{"not_picked":["bronze:Separator+1","bronze:BuggyMess"],"picked":"bronze:Repair+1","floor":29.0},{"not_picked":["bronze:ForLoop","bronze:BugBarrage+1","bronze:Return"],"picked":"SKIP","floor":30.0},{"not_picked":["bronze:DelayedGuard","bronze:BitShift","bronze:Invalidate"],"picked":"SKIP","floor":31.0},{"not_picked":["bronze:Invalidate","bronze:Flail+1","bronze:Boost"],"picked":"SKIP","floor":35.0},{"not_picked":["bronze:ChosenStrike+1","bronze:BugBarrage+1","bronze:ItsAFeature"],"picked":"SKIP","floor":40.0},{"not_picked":["bronze:Branch","bronze:OilSpill","bronze:BitShift+1"],"picked":"SKIP","floor":41.0},{"not_picked":["bronze:ForLoop","bronze:WhirlingStrike+1"],"picked":"bronze:Overheat+1","floor":42.0},{"not_picked":["bronze:Shield+1","bronze:BugBarrage+1","bronze:Optimize+1"],"picked":"SKIP","floor":46.0},{"not_picked":["bronze:Frontload+1","bronze:NullPointer","bronze:Allocate+1"],"picked":"SKIP","floor":48.0},{"not_picked":["bronze:Shell+1","bronze:CutThrough+1","bronze:WhirlingStrike"],"picked":"SKIP","floor":54.0}],"player_experience":139648,"relics_obtained":[{"floor":5.0,"key":"Potion Belt"},{"floor":6.0,"key":"Toy Ornithopter"},{"floor":8.0,"key":"War Paint"},{"floor":9.0,"key":"Grinning Jar"},{"floor":12.0,"key":"StrikeDummy"},{"floor":26.0,"key":"Chameleon Ring"},{"floor":28.0,"key":"Peace Pipe"},{"floor":30.0,"key":"Replay:Mystery Machine"},{"floor":40.0,"key":"Blue Doll"},{"floor":42.0,"key":"Blood Vial"},{"floor":47.0,"key":"infinitespire:Satchel"},{"floor":54.0,"key":"aspiration:ChemicalBlood"}],"event_choices":[{"damage_healed":0.0,"max_hp_gain":0.0,"max_hp_loss":0.0,"gold_gain":0.0,"event_name":"WeMeetAgain","player_choice":"Gave Potion","floor":10.0,"gold_loss":0.0,"damage_taken":0.0,"relics_obtained":["Art of War"]},{"damage_healed":0.0,"max_hp_gain":0.0,"max_hp_loss":0.0,"gold_gain":0.0,"event_name":"betterNote:BetterNote","player_choice":"Ignored","floor":21.0,"gold_loss":0.0,"damage_taken":0.0,"cards_obtained":["bronze:HardenedForm"]},{"damage_healed":0.0,"max_hp_gain":0.0,"max_hp_loss":0.0,"gold_gain":2.0,"event_name":"betterStone:BetterStone","player_choice":"1","floor":22.0,"gold_loss":0.0,"damage_taken":0.0},{"damage_healed":0.0,"max_hp_gain":0.0,"max_hp_loss":0.0,"gold_gain":0.0,"event_name":"Duplicator","player_choice":"Copied","floor":38.0,"gold_loss":0.0,"damage_taken":0.0,"cards_obtained":["Pot Of Greed"]},{"damage_healed":0.0,"max_hp_gain":0.0,"max_hp_loss":0.0,"gold_gain":0.0,"event_name":"Tomb of Lord Red Mask","player_choice":"Paid","floor":44.0,"gold_loss":106.0,"damage_taken":0.0,"relics_obtained":["Red Mask"]}],"is_beta":true,"boss_relics":[{"not_picked":["Runic Dome","Ectoplasm"],"picked":"Replay:Grab Bag"},{"not_picked":["bronze:MakeshiftBattery","ChewingGum"],"picked":"Cursed Key"},{"not_picked":["aspiration:RandomNobGenerator","ReplayTheSpireMod:Onyx Gauntlets"],"picked":"Replay:Bronze Core"},{"not_picked":["hubris:ScarierMask","Runic Pyramid"],"picked":"hubris:Backtick"},{"not_picked":["Empty Cage","Honey Jar"],"picked":"aspiration:PoetsPen_weak"}],"items_purged_floors":[20,36,39],"is_endless":false,"potions_floor_spawned":[1,7,12,14,18,27,28,29,30,33,41,46,48,54],"ascension_level":1}}