{"host":"jbj9vjxoxc0v9q6j","time":1611527576,"event":{"mods":["BaseMod","Downfall","Hermit","Infinite Spire","Jorbs\u0027s Wanderer Trilogy","Minty Spire (QoL Compilation)","Replay The Spire","Shop Mod","StSLib","The Disciple","The Runesmith","The Servant 0.9.4"],"gold_per_floor":[99,99,109,109,126,136,162,162,26,44,55,55,55,73,93,196,196,196,196,213,63,63,80,80,80,108,108,108,127,140,155,169,266,266,266,285,362,382,396,396,396,406,437,450,450,450,2,2,22,22],"floor_reached":51,"language":"ENG","playtime":6489,"items_purged":["Slimebound:Strike_Slimebound","Slimebound:Defend_Slimebound","Slimebound:Split"],"score":718,"play_id":"6e08c4a2-9fba-4a8d-85c9-85142151376d","local_time":"20210124173256","is_ascension_mode":false,"campfire_choices":[{"data":"Slimebound:CorrosiveSpit","floor":1,"key":"SMITH"},{"data":"Slimebound:SplitBruiser","floor":8,"key":"SMITH"},{"data":"Slimebound:Schlurp","floor":13,"key":"SMITH"},{"data":"Slimebound:SlimeSlap","floor":18,"key":"SMITH"},{"data":"Slimebound:AcidTongue","floor":27,"key":"SMITH"},{"data":"Slimebound:Prepare","floor":35,"key":"SMITH"},{"data":"Slimebound:SamplingLick","floor":45,"key":"SMITH"}],"circlet_count":0,"master_deck":["Slimebound:Tackle","Slimebound:Defend_Slimebound","Slimebound:Defend_Slimebound","Slimebound:CorrosiveSpit+1","Slimebound:SplitBruiser+1","Slimebound:AcidTongue+1","Slimebound:SamplingLick+1","Slimebound:ViciousTackle","Slimebound:Schlurp+1","Slimebound:LeechingTouch","Slimebound:Prepare+1","Slimebound:HauntingLick+1","Ghostly","Slimebound:ViciousTackle+1","Slimebound:Chomp+1","Slimebound:Schlurp+1","Slimebound:Prepare+1","Slimebound:GoopSpray","infinitespire:NeuralNetwork"],"relics":["Empty Cage","Strawberry","Runesmith:AutoHammer","infinitespire:Cupcake","Replay:Bottled Flurry","Replay:Bottled Snecko","Coffee Dripper","Iron Hammer","Mirror","Dream Catcher","Slimebound:SelfDamagePreventRelic","Potion Belt","Molten Egg 2"],"acts_visited":["Exordium","TheCity","TheBeyond"],"potions_floor_usage":[26,33,33,39,50,50],"damage_taken":[{"damage":8,"enemies":"Small Slimes","floor":3,"turns":3},{"damage":1,"enemies":"Jaw Worm","floor":5,"turns":3},{"damage":4,"enemies":"Cultist","floor":6,"turns":3},{"damage":1,"enemies":"downfall:FleeingMerchant","floor":9,"turns":4},{"damage":6,"enemies":"3 Louse","floor":10,"turns":2},{"damage":2,"enemies":"Large Slime","floor":11,"turns":3},{"damage":4,"enemies":"Blue Slaver","floor":14,"turns":3},{"damage":0,"enemies":"Red Slaver","floor":15,"turns":2},{"damage":16,"enemies":"WA_ARCHETYPE_RETAIN","floor":16,"turns":6},{"damage":3,"enemies":"Chosen","floor":20,"turns":3},{"damage":12,"enemies":"Shelled Parasite and Fungi","floor":23,"turns":3},{"damage":18,"enemies":"Slavers","floor":26,"turns":6},{"damage":3,"enemies":"Centurion and Healer","floor":29,"turns":2},{"damage":0,"enemies":"Snake Plant","floor":30,"turns":2},{"damage":6,"enemies":"3 Cultists","floor":31,"turns":4},{"damage":1,"enemies":"Snecko","floor":32,"turns":3},{"damage":11,"enemies":"IC_MUSHROOM_ARCHETYPE","floor":33,"turns":5},{"damage":3,"enemies":"3 Shapes","floor":36,"turns":2},{"damage":6,"enemies":"3 Darklings","floor":38,"turns":4},{"damage":0,"enemies":"Writhing Mass","floor":39,"turns":2},{"damage":3,"enemies":"4 Shapes","floor":42,"turns":3},{"damage":17,"enemies":"Nemesis","floor":43,"turns":9},{"damage":3,"enemies":"Spire Growth","floor":44,"turns":4},{"damage":0,"enemies":"downfall:FleeingMerchant","floor":47,"turns":4},{"damage":0,"enemies":"Transient","floor":49,"turns":5},{"damage":1,"enemies":"DF_ARCHETYPE_ORBS","floor":50,"turns":4}],"seed_played":"5169219914946310150","potions_obtained":[{"floor":3,"key":"Adrenaline Potion"},{"floor":11,"key":"SkillPotion"},{"floor":14,"key":"PowerPotion"},{"floor":15,"key":"AttackPotion"},{"floor":22,"key":"CultistPotion"},{"floor":31,"key":"Dexterity Potion"},{"floor":33,"key":"infinitespire:BlackPotion"},{"floor":38,"key":"sneckomod:MuddlingPotion"},{"floor":44,"key":"champ:CounterPotion"}],"is_trial":false,"path_per_floor":["R","?","M","?","M","M","T","R","$","M","M","T","R","M","M","B",null,"R","?","M","?","?","M","T","AVR","E","R","?","M","M","M","M","B",null,"R","M","T","M","M","?","T","M","E","M","R","T","$","AVR","M","B",null],"character_chosen":"SLIMEBOUND","items_purchased":["Slimebound:Schlurp","Slimebound:SelfDamagePreventRelic","Potion Belt","Molten Egg 2","DistilledChaos","Strength Potion"],"campfire_rested":0,"item_purchase_floors":[9,47,47,47,47,47],"current_hp_per_floor":[65,65,57,57,56,52,59,59,58,52,50,50,50,46,46,30,72,72,72,69,69,69,57,57,57,39,39,39,36,36,30,29,18,72,72,69,69,63,63,63,63,60,43,40,40,40,40,40,40,39],"gold":22,"neow_bonus":"BOSS_RELIC","is_daily":false,"chose_seed":false,"campfire_upgraded":7,"win_rate":0.0,"timestamp":1611527576,"path_taken":["R","?","M","?","M","M","T","R","?","M","M","?","R","M","M","BOSS","R","?","M","?","?","M","T","AVR","E","R","?","M","M","?","M","BOSS","R","M","?","?","M","?","T","M","E","M","R","?","?","AVR","M","BOSS"],"items_purchased_type":["Card","Relic","Relic","Relic","Potion","Potion"],"build_version":"2020-12-22","purchased_purges":3,"victory":true,"max_hp_per_floor":[65,65,65,65,65,65,72,72,72,72,72,72,72,72,72,72,72,72,72,72,72,72,72,72,72,72,72,72,72,72,72,72,72,72,72,72,72,72,72,72,72,72,72,72,72,72,72,72,72,72],"card_choices":[{"not_picked":["Slimebound:SamplingLick","Slimebound:RejuvenatingLick"],"picked":"Slimebound:SplitBruiser","floor":3},{"not_picked":["Slimebound:Prepare","Slimebound:SpikyOuterGoop"],"picked":"Slimebound:AcidTongue","floor":5},{"not_picked":["Slimebound:LeechingTouch","Slimebound:GoopTackle"],"picked":"Slimebound:SamplingLick","floor":6},{"not_picked":["Slimebound:TongueLash","Slimebound:SplitAcid"],"picked":"Slimebound:ViciousTackle","floor":9},{"not_picked":["Slimebound:SplitLeeching","Slimebound:LevelUp"],"picked":"Slimebound:LeechingTouch","floor":10},{"not_picked":["Slimebound:DivideAndConquer","Slimebound:SplitAcid"],"picked":"Slimebound:Prepare","floor":11},{"not_picked":["Slimebound:Chomp","Slimebound:GrowthPunch","Slimebound:LevelUp"],"picked":"SKIP","floor":14},{"not_picked":["Slimebound:SplitLeeching","Slimebound:Prepare","Slimebound:Grow"],"picked":"SKIP","floor":15},{"not_picked":["Slimebound:CheckThePlaybook","Slimebound:MinionMaster"],"picked":"Slimebound:SlimeSlap","floor":16},{"not_picked":["Slimebound:SplitMire","Slimebound:SamplingLick"],"picked":"Slimebound:HauntingLick+1","floor":20},{"not_picked":["Slimebound:ServeAndProtect+1","Slimebound:Replication"],"picked":"Slimebound:ViciousTackle+1","floor":23},{"not_picked":["Slimebound:MegaLick","Slimebound:Repurpose"],"picked":"Slimebound:Chomp+1","floor":26},{"not_picked":["Slimebound:SplitAcid","Slimebound:SlimeSpikes","Slimebound:SpikyOuterGoop"],"picked":"SKIP","floor":29},{"not_picked":["Slimebound:ProtectTheBoss","Slimebound:LevelUp","Slimebound:ItLooksTasty"],"picked":"SKIP","floor":30},{"not_picked":["Slimebound:FinishingTackle","Slimebound:SplitMire","Slimebound:ComboTackle"],"picked":"SKIP","floor":31},{"not_picked":["Slimebound:LeadByExample","Slimebound:Teamwork","Slimebound:LeechingTouch"],"picked":"SKIP","floor":32},{"not_picked":["Slimebound:SplitBruiser","Slimebound:FormOfPuddle","Slimebound:FinishingTackle+1"],"picked":"SKIP","floor":36},{"not_picked":["Slimebound:DivideAndConquer","Slimebound:RollThrough"],"picked":"Slimebound:Schlurp+1","floor":38},{"not_picked":["Slimebound:ComboTackle+1","Slimebound:SplitAcid+1"],"picked":"Slimebound:Prepare+1","floor":39},{"not_picked":["Slimebound:Prepare","Slimebound:SplitMire+1","Slimebound:SpikyOuterGoop+1"],"picked":"SKIP","floor":42},{"not_picked":["Slimebound:LeechingTouch","Slimebound:ProtectTheBoss","Slimebound:Equalize"],"picked":"SKIP","floor":43},{"not_picked":["Slimebound:ItLooksTasty+1","Slimebound:SplitMire"],"picked":"Slimebound:GoopSpray","floor":44},{"not_picked":["Slimebound:ItLooksTasty+1","Slimebound:SplitLeeching","Slimebound:LivingWall+1"],"picked":"SKIP","floor":47},{"not_picked":["Slimebound:HauntingLick","Slimebound:Prepare","Slimebound:SlimeSpikes"],"picked":"SKIP","floor":49}],"player_experience":1945056,"relics_obtained":[{"floor":7,"key":"Strawberry"},{"floor":12,"key":"Runesmith:AutoHammer"},{"floor":24,"key":"Replay:Bottled Flurry"},{"floor":26,"key":"Replay:Bottled Snecko"},{"floor":37,"key":"Iron Hammer"},{"floor":41,"key":"Mirror"},{"floor":43,"key":"Dream Catcher"}],"event_choices":[{"cards_removed":["Slimebound:SlimeSlap"],"damage_healed":0,"gold_gain":0,"player_choice":"Removed Attack","damage_taken":0,"max_hp_gain":0,"max_hp_loss":0,"event_name":"Falling","floor":40,"gold_loss":0}],"is_beta":false,"boss_relics":[{"not_picked":["Tiny House","Calling Bell"],"picked":"infinitespire:Cupcake"},{"not_picked":["Runic Dome","Velvet Choker"],"picked":"Coffee Dripper"}],"items_purged_floors":[9,25,47],"is_endless":false,"potions_floor_spawned":[3,11,14,15,20,31,33,38,44],"ascension_level":0}}