{"host":"ga4s3hj9m6nkn6gp","time":1611488955,"event":{"mods":["AchievementEnabler","BaseMod","Bestiary","Colored Powertips","Highlight Path","Minty Spire (QoL Compilation)","Relic Stats","everything is the same but u backflip on backflip"],"gold_per_floor":[116,116,126,139,155,155,187,187,211,211,211],"floor_reached":10,"language":"ENG","playtime":424,"items_purged":[],"score":136,"play_id":"2e1eb2f1-3639-4363-9efe-980de1b402db","local_time":"20210124124915","is_ascension_mode":true,"campfire_choices":[{"data":"Eviscerate","floor":6.0,"key":"SMITH"},{"data":"Dash","floor":8,"key":"SMITH"}],"circlet_count":0,"master_deck":["AscendersBane","Strike_G","Strike_G","Strike_G","Strike_G","Strike_G","Defend_G","Defend_G","Defend_G","Defend_G","Defend_G","Survivor","Neutralize","Dash+1","Eviscerate+1","Blade Dance","Dash","Slice"],"relics":["Ring of the Snake","CultistMask","Nunchaku","Regal Pillow"],"acts_visited":["Exordium"],"potions_floor_usage":[7,10],"damage_taken":[{"damage":14.0,"enemies":"Jaw Worm","floor":1.0,"turns":7.0},{"damage":1.0,"enemies":"Cultist","floor":3.0,"turns":5.0},{"damage":0.0,"enemies":"2 Louse","floor":4.0,"turns":3.0},{"damage":4.0,"enemies":"Blue Slaver","floor":5.0,"turns":5.0},{"damage":27,"enemies":"3 Sentries","floor":7,"turns":8},{"damage":33,"enemies":"Gremlin Nob","floor":10,"turns":4}],"seed_played":"3935340327361576610","potions_obtained":[{"floor":1.0,"key":"DuplicationPotion"},{"floor":5.0,"key":"Strength Potion"}],"is_trial":false,"path_per_floor":["M","?","M","M","M","R","E","R","T","E"],"character_chosen":"THE_SILENT","items_purchased":[],"campfire_rested":0,"item_purchase_floors":[],"current_hp_per_floor":[51,51,50,50,46,46,19,19,19,0,0],"gold":211,"neow_bonus":"TEN_PERCENT_HP_BONUS","is_daily":false,"chose_seed":false,"campfire_upgraded":2,"win_rate":0.0,"timestamp":1611488955,"path_taken":["M","?","?","M","M","R","E","R","T","E"],"items_purchased_type":[],"build_version":"2020-12-22","purchased_purges":0,"victory":false,"max_hp_per_floor":[72,72,72,72,72,72,72,72,72,72,72],"relic_stats":{"Nunchaku":[0],"Regal Pillow":0,"counters":[6,32],"obtain_stats":[{"Nunchaku":7,"Regal Pillow":9,"CultistMask":2,"Ring of the Snake":0},{"Nunchaku":5,"Regal Pillow":5,"CultistMask":1,"Ring of the Snake":0},{"Nunchaku":28,"Regal Pillow":28,"CultistMask":7,"Ring of the Snake":0}],"Ring of the Snake":[12]},"card_choices":[{"not_picked":["Caltrops","Dagger Spray"],"picked":"Dash","floor":1.0},{"not_picked":["PiercingWail","Bane"],"picked":"Eviscerate","floor":3.0},{"not_picked":["Dash","Dagger Spray"],"picked":"Blade Dance","floor":4.0},{"not_picked":["Acrobatics","Prepared"],"picked":"Dash","floor":5.0},{"not_picked":["Blur","Finisher"],"picked":"Slice","floor":7}],"player_experience":675922,"relics_obtained":[{"floor":7,"key":"Nunchaku"},{"floor":9,"key":"Regal Pillow"}],"event_choices":[{"damage_healed":0.0,"max_hp_gain":0.0,"max_hp_loss":0.0,"gold_gain":0.0,"event_name":"FaceTrader","player_choice":"Trade","floor":2.0,"gold_loss":0.0,"damage_taken":0.0,"relics_obtained":["CultistMask"]}],"is_beta":false,"boss_relics":[],"items_purged_floors":[],"is_endless":false,"potions_floor_spawned":[1,5],"killed_by":"Gremlin Nob","ascension_level":20}}