{"host":"7qoz5gmva6til3yp","time":1611487480,"event":{"mods":["AchievementEnabler","BaseMod","Minty Spire (QoL Compilation)","StSLib","SuperFastMode"],"gold_per_floor":[119,119,119,119,131,161,161,192,192,117,150,50,62,80,80,176,176,186,186,197,214,148,148,181,66,66,66,165,178,178,194,194,297,297,310,310,145,160,70,103,3,30,54,54,86,105,105,117,117,117],"floor_reached":51,"language":"KOR","playtime":1936,"items_purged":["Strike_G","Strike_G","Strike_G","Defend_G","Defend_G","Defend_G"],"score":1344,"play_id":"6d74729b-abba-42dd-a724-c9df047e723c","local_time":"20210124202440","is_ascension_mode":true,"campfire_choices":[{"data":"1","floor":7.0,"key":"LIFT"},{"data":"2","floor":15.0,"key":"LIFT"},{"data":"Envenom","floor":23.0,"key":"SMITH"},{"data":"3","floor":27.0,"key":"LIFT"},{"data":"Prepared","floor":30.0,"key":"SMITH"},{"floor":32.0,"key":"REST"},{"floor":44.0,"key":"REST"},{"data":"Tactician","floor":47,"key":"SMITH"},{"data":"Catalyst","floor":49,"key":"SMITH"}],"circlet_count":0,"master_deck":["AscendersBane","Strike_G+1","Defend_G","Survivor","Neutralize","Blade Dance+1","Envenom+1","After Image","Bouncing Flask+1","Backflip","Acrobatics+1","Grand Finale","Tactician+1","Catalyst+1","Prepared+1","Burst","PiercingWail+1","Backflip"],"relics":["Ring of the Serpent","NeowsBlessing","Girya","Happy Flower","Vajra","FossilizedHelix","Meat on the Bone","SacredBark","Membership Card","Orichalcum","Whetstone","InkBottle","TwistedFunnel","Tough Bandages","Strawberry","Akabeko","Paper Crane"],"acts_visited":["Exordium","TheCity","TheBeyond"],"potions_floor_usage":[50],"damage_taken":[{"damage":0.0,"enemies":"2 Louse","floor":1.0,"turns":1.0},{"damage":0.0,"enemies":"Small Slimes","floor":5.0,"turns":1.0},{"damage":0.0,"enemies":"Gremlin Nob","floor":6.0,"turns":1.0},{"damage":17.0,"enemies":"Lagavulin","floor":8.0,"turns":6.0},{"damage":2.0,"enemies":"3 Sentries","floor":11.0,"turns":6.0},{"damage":0.0,"enemies":"Jaw Worm","floor":13.0,"turns":4.0},{"damage":7.0,"enemies":"Lots of Slimes","floor":14.0,"turns":4.0},{"damage":18.0,"enemies":"Hexaghost","floor":16.0,"turns":8.0},{"damage":3.0,"enemies":"3 Byrds","floor":18.0,"turns":4.0},{"damage":5.0,"enemies":"Shell Parasite","floor":20.0,"turns":5.0},{"damage":19.0,"enemies":"Centurion and Healer","floor":21.0,"turns":6.0},{"damage":71.0,"enemies":"Slavers","floor":24.0,"turns":6.0},{"damage":20.0,"enemies":"Chosen and Byrds","floor":29.0,"turns":5.0},{"damage":6.0,"enemies":"Snake Plant","floor":31.0,"turns":3.0},{"damage":26.0,"enemies":"Automaton","floor":33.0,"turns":8.0},{"damage":22.0,"enemies":"3 Shapes","floor":35.0,"turns":4.0},{"damage":8.0,"enemies":"3 Darklings","floor":38.0,"turns":3.0},{"damage":24.0,"enemies":"Reptomancer","floor":40.0,"turns":5.0},{"damage":29.0,"enemies":"Nemesis","floor":42.0,"turns":7.0},{"damage":0,"enemies":"Giant Head","floor":45,"turns":6},{"damage":0,"enemies":"4 Shapes","floor":46,"turns":3},{"damage":0,"enemies":"Spire Growth","floor":48,"turns":4},{"damage":0,"enemies":"Donu and Deca","floor":50,"turns":5}],"seed_played":"7062559693142586050","potions_obtained":[{"floor":6.0,"key":"DuplicationPotion"},{"floor":11.0,"key":"SkillPotion"},{"floor":14.0,"key":"Energy Potion"},{"floor":20.0,"key":"Strength Potion"},{"floor":21.0,"key":"FairyPotion"},{"floor":24.0,"key":"Fire Potion"},{"floor":29.0,"key":"GhostInAJar"},{"floor":33.0,"key":"CunningPotion"},{"floor":42.0,"key":"Block Potion"},{"floor":46,"key":"CunningPotion"}],"is_trial":false,"path_per_floor":["M","?","?","?","M","E","R","E","T","$","E","$","M","M","R","B",null,"M","?","M","M","$","R","E","$","T","R","?","M","R","M","R","B",null,"M","?","$","M","?","E","$","E","T","R","E","M","R","M","R","B",null],"character_chosen":"THE_SILENT","items_purchased":["Membership Card","Grand Finale","Orichalcum","Catalyst","TwistedFunnel"],"campfire_rested":2,"item_purchase_floors":[22,22,22,25,37],"current_hp_per_floor":[63,63,56,56,56,56,56,39,39,39,37,37,37,42,42,36,62,59,59,54,47,47,47,40,40,40,40,40,32,32,38,59,45,64,42,42,42,46,46,34,34,24,24,47,47,47,47,47,47,47],"gold":117,"neow_bonus":"THREE_ENEMY_KILL","is_daily":false,"chose_seed":false,"campfire_upgraded":4,"win_rate":0.0,"timestamp":1611487480,"path_taken":["M","?","?","?","M","E","R","E","T","$","E","$","M","M","R","BOSS","M","?","M","M","$","R","E","$","T","R","?","M","R","M","R","BOSS","M","?","$","M","?","E","$","E","T","R","E","?","R","M","R","BOSS"],"items_purchased_type":["Relic","Card","Relic","Card","Relic"],"build_version":"2020-12-22","purchased_purges":6,"victory":true,"max_hp_per_floor":[70,70,70,70,70,70,70,70,70,70,70,70,70,70,70,70,70,70,70,70,70,70,70,70,70,70,70,70,70,70,70,70,70,70,70,70,70,70,70,70,70,77,77,77,77,77,77,77,77,77],"card_choices":[{"not_picked":["Cloak And Dagger","Heel Hook"],"picked":"Blade Dance","floor":1.0},{"not_picked":["Acrobatics","Dodge and Roll"],"picked":"Dagger Spray","floor":5.0},{"not_picked":["Underhanded Strike","Doppelganger","Footwork"],"picked":"SKIP","floor":6.0},{"not_picked":["Poisoned Stab","Outmaneuver"],"picked":"Envenom","floor":8.0},{"not_picked":["Poisoned Stab","Leg Sweep","Dagger Throw"],"picked":"SKIP","floor":11.0},{"not_picked":["Dagger Spray","Deadly Poison","Night Terror"],"picked":"SKIP","floor":13.0},{"not_picked":["Endless Agony","Deadly Poison","Dagger Throw"],"picked":"SKIP","floor":14.0},{"not_picked":["Tools of the Trade","Night Terror"],"picked":"After Image","floor":16.0},{"not_picked":["Deflect","Calculated Gamble+1"],"picked":"Bouncing Flask+1","floor":18.0},{"not_picked":["Slice+1","Well Laid Plans+1"],"picked":"Backflip","floor":20.0},{"not_picked":["Infinite Blades+1","Outmaneuver"],"picked":"Acrobatics+1","floor":21.0},{"not_picked":["Reflex+1","Sucker Punch"],"picked":"Tactician","floor":24.0},{"not_picked":["Flechettes","Cloak And Dagger"],"picked":"Prepared","floor":29.0},{"not_picked":["Slice","Dagger Spray","Blade Dance"],"picked":"SKIP","floor":31.0},{"not_picked":["Corpse Explosion","Unload"],"picked":"Burst","floor":33.0},{"not_picked":["Riddle With Holes+1","Bane+1","Skewer"],"picked":"SKIP","floor":35.0},{"not_picked":["Caltrops","Deadly Poison","Blade Dance+1"],"picked":"SKIP","floor":38.0},{"not_picked":["Heel Hook+1","Predator+1"],"picked":"PiercingWail+1","floor":40.0},{"not_picked":["Heel Hook+1","Crippling Poison+1","Dodge and Roll+1"],"picked":"SKIP","floor":42.0},{"not_picked":["Caltrops+1","Noxious Fumes+1","Dagger Spray"],"picked":"SKIP","floor":45},{"not_picked":["After Image","Noxious Fumes+1"],"picked":"Backflip","floor":46},{"not_picked":["Outmaneuver+1","Blade Dance","Quick Slash+1"],"picked":"SKIP","floor":48}],"player_experience":424909,"relics_obtained":[{"floor":6.0,"key":"Happy Flower"},{"floor":8.0,"key":"Vajra"},{"floor":9.0,"key":"FossilizedHelix"},{"floor":11.0,"key":"Meat on the Bone"},{"floor":24.0,"key":"Whetstone"},{"floor":26.0,"key":"InkBottle"},{"floor":40.0,"key":"Tough Bandages"},{"floor":42.0,"key":"Strawberry"},{"floor":43.0,"key":"Akabeko"},{"floor":45,"key":"Paper Crane"}],"event_choices":[{"cards_removed":["Defend_G"],"damage_healed":0.0,"max_hp_gain":0.0,"max_hp_loss":0.0,"gold_gain":0.0,"event_name":"Living Wall","player_choice":"Forget","floor":2.0,"gold_loss":0.0,"damage_taken":0.0},{"damage_healed":0.0,"max_hp_gain":0.0,"max_hp_loss":0.0,"gold_gain":0.0,"event_name":"Scrap Ooze","player_choice":"Success","floor":3.0,"gold_loss":0.0,"damage_taken":7.0,"relics_obtained":["Girya"]},{"damage_healed":0.0,"max_hp_gain":0.0,"max_hp_loss":0.0,"gold_gain":0.0,"event_name":"Liars Game","player_choice":"Ignored","floor":4.0,"gold_loss":0.0,"damage_taken":0.0},{"damage_healed":0.0,"max_hp_gain":0.0,"max_hp_loss":0.0,"gold_gain":0.0,"event_name":"Vampires","player_choice":"Ignored","floor":19.0,"gold_loss":0.0,"damage_taken":0.0},{"damage_healed":0.0,"max_hp_gain":0.0,"max_hp_loss":0.0,"gold_gain":99.0,"event_name":"Nest","player_choice":"Stole From Cult","floor":28.0,"gold_loss":0.0,"damage_taken":0.0},{"cards_removed":["Dagger Spray"],"damage_healed":0.0,"max_hp_gain":0.0,"max_hp_loss":0.0,"gold_gain":0.0,"event_name":"Falling","player_choice":"Removed Attack","floor":36.0,"gold_loss":0.0,"damage_taken":0.0},{"cards_removed":["Strike_G"],"damage_healed":0.0,"max_hp_gain":0.0,"max_hp_loss":0.0,"gold_gain":0.0,"event_name":"Designer","player_choice":"Upgrade and Remove","floor":39.0,"gold_loss":90.0,"damage_taken":0.0,"cards_upgraded":["Blade Dance"]}],"is_beta":false,"boss_relics":[{"not_picked":["Snecko Eye","Sozu"],"picked":"SacredBark"},{"not_picked":["Coffee Dripper","HoveringKite"],"picked":"Ring of the Serpent"}],"items_purged_floors":[10,12,22,25,37,41],"is_endless":false,"potions_floor_spawned":[6,11,14,20,21,24,29,33,42,45,46,48],"ascension_level":10}}