{"host":"szzymzkf8nw8othj","time":1611452260,"event":{"mods":["AchievementEnabler","BaseMod","Downfall","Minty Spire (QoL Compilation)","Replay The Spire","StSLib","The Animator"],"gold_per_floor":[99,99,99,301,301,301,301,301,301,301,333,345,45,45,64,166,166,166,182,15,115,131,150,177,327,327,344,360,394,394,423,442,540,540,540,560,78,92,77,77,159,187,24,38,38,0,0,0,13,13,13,13],"floor_reached":50,"language":"ENG","playtime":6161,"items_purged":["champ:Defend","champ:Defend"],"score":579,"play_id":"7817b447-e006-409c-9901-c9405bcb0763","local_time":"20210123203740","is_ascension_mode":false,"campfire_choices":[{"floor":1,"key":"RECALL"},{"floor":13,"key":"REST"},{"data":"champ:Parry","floor":18,"key":"SMITH"},{"floor":26,"key":"REST"},{"floor":30,"key":"REST"},{"data":"champ:ShieldThrow","floor":35,"key":"SMITH"},{"data":"champ:DefensiveStyle","floor":45,"key":"SMITH"}],"circlet_count":0,"master_deck":["champ:Strike","champ:Strike","champ:Strike","champ:Defend+1","champ:Defend+1","champ:Taunt+1","champ:SkillfulDodge","champ:DefensiveShout+1","champ:ShieldWall","champ:Parry+1","champ:RisingSlash","champ:UltimateStance+1","champ:Devastate+1","champ:ShieldWall","champ:SkillfulDodge+1","champ:DefensiveStyle+1","champ:ShieldSigil+1","champ:Duel","champ:ShieldThrow+1","champ:RisingSlash+1"],"relics":["champ:ChampionCrown","downfall:HeartsMalice","StoneCalendar","downfall:HeartBlessingRed","downfall:HeartBlessingGreen","downfall:HeartBlessingBlue","champ:LiftRelic","sneckomod:SneckoTalon","Toy Ornithopter","FossilizedHelix","ReplayFunnel","SlaversCollar","Bottled Lightning","Snack Pack","War Paint","Ancient Tea Set","Replay:Baseball","Guide Book"],"acts_visited":["Exordium","TheCity","TheBeyond"],"potions_floor_usage":[20,20,21,22,23,23,27,29,31,38,38,39,49,50,50],"damage_taken":[{"damage":0,"enemies":"2 Louse","floor":2,"turns":1},{"damage":0,"enemies":"Small Slimes","floor":9,"turns":1},{"damage":0,"enemies":"Cultist","floor":10,"turns":1},{"damage":49,"enemies":"3 Sentries","floor":11,"turns":9},{"damage":18,"enemies":"Exordium Thugs","floor":12,"turns":3},{"damage":18,"enemies":"Red Slaver","floor":15,"turns":3},{"damage":62,"enemies":"DF_ARCHETYPE_STREAMLINE","floor":16,"turns":9},{"damage":23,"enemies":"Shell Parasite","floor":19,"turns":5},{"damage":10,"enemies":"downfall:FleeingMerchant","floor":20,"turns":4},{"damage":22,"enemies":"downfall:LadyInBlue","floor":21,"turns":6},{"damage":22,"enemies":"Snecko","floor":22,"turns":5},{"damage":41,"enemies":"Snake Plant","floor":23,"turns":4},{"damage":48,"enemies":"Cultist and Chosen","floor":27,"turns":7},{"damage":14,"enemies":"Centurion and Healer","floor":28,"turns":4},{"damage":21,"enemies":"Replay:Snechameleon","floor":29,"turns":5},{"damage":50,"enemies":"Slavers","floor":31,"turns":6},{"damage":0,"enemies":"Snecko","floor":32,"turns":3},{"damage":20,"enemies":"WA_ARCHETYPE_CALM","floor":33,"turns":8},{"damage":0,"enemies":"Orb Walker","floor":36,"turns":2},{"damage":0,"enemies":"downfall:FleeingMerchant","floor":37,"turns":4},{"damage":18,"enemies":"3 Darklings","floor":38,"turns":3},{"damage":0,"enemies":"downfall:FleeingMerchant","floor":39,"turns":4},{"damage":15,"enemies":"Giant Head","floor":42,"turns":8},{"damage":0,"enemies":"downfall:FleeingMerchant","floor":43,"turns":4},{"damage":22,"enemies":"Maw","floor":44,"turns":7},{"damage":0,"enemies":"downfall:FleeingMerchant","floor":46,"turns":1},{"damage":7,"enemies":"Writhing Mass","floor":49,"turns":4},{"damage":161,"enemies":"IC_BLOCK_ARCHETYPE","floor":50,"turns":6}],"seed_played":"7842241124734939133","potions_obtained":[{"floor":11,"key":"SteroidPotion"},{"floor":12,"key":"Elixir"},{"floor":19,"key":"LifebloodPotion"},{"floor":21,"key":"Guardian:BlockOnCardUsePotion"},{"floor":21,"key":"LiquidMemories"},{"floor":22,"key":"Adrenaline Potion"},{"floor":28,"key":"Adrenaline Potion"},{"floor":29,"key":"DuplicationPotion"},{"floor":33,"key":"Fire Potion"},{"floor":38,"key":"Elixir"},{"floor":44,"key":"SmokeBomb"}],"is_trial":false,"path_per_floor":["R","M","?","?","?","?","T","?","M","M","E","M","R","?","M","B",null,"R","M","$","?","M","M","T","?","R","M","M","E","R","E","M","B",null,"R","M","$","M","$","?","T","E","$","M","R","$","?","?","M","B"],"character_chosen":"THE_CHAMP","items_purchased":["EssenceOfSteel","Bottled Lightning","Block Potion","Reflective Coating","Ancient Tea Set","Replay:Baseball","Guide Book","PowerPotion","Block Potion"],"campfire_rested":3,"item_purchase_floors":[20,37,37,37,43,46,46,46,46],"current_hp_per_floor":[90,90,90,90,90,90,90,90,90,90,61,43,83,83,75,43,100,100,87,87,65,58,47,54,54,86,53,39,33,65,30,30,30,107,107,107,107,99,104,104,104,106,107,97,97,97,97,97,97,0,0,0],"gold":13,"neow_bonus":"THREE_ENEMY_KILL","is_daily":false,"chose_seed":false,"campfire_upgraded":3,"win_rate":0.0,"timestamp":1611452260,"path_taken":["R","M","?","?","?","?","T","?","?","M","E","M","R","?","M","BOSS","R","M","$","?","?","M","T","?","R","M","?","E","R","E","M","BOSS","R","M","$","?","?","?","T","E","$","M","R","$","?","?","M","BOSS"],"items_purchased_type":["Potion","Relic","Potion","Potion","Relic","Relic","Relic","Potion","Potion"],"build_version":"2020-12-22","purchased_purges":2,"victory":false,"max_hp_per_floor":[90,90,90,90,90,90,90,90,90,90,90,90,100,100,100,100,100,100,100,100,100,100,100,107,107,107,107,107,107,107,107,107,107,107,107,107,107,107,107,107,107,107,107,107,107,107,107,107,107,107,107,107],"card_choices":[{"not_picked":["champ:BladeFlurry","champ:Encircle"],"picked":"champ:SkillfulDodge","floor":2},{"not_picked":["champ:IronFortress","champ:BerserkersShout"],"picked":"champ:DefensiveShout","floor":4},{"not_picked":["champ:Circumvent","champ:BladeFlurry"],"picked":"champ:ShieldWall","floor":9},{"not_picked":["champ:TornadoPunch","champ:GutPunch"],"picked":"champ:Parry","floor":10},{"not_picked":["champ:EndlessRage","champ:TornadoPunch"],"picked":"champ:RisingSlash","floor":11},{"not_picked":["champ:TornadoPunch","champ:AdrenalArmor","champ:CalledShot"],"picked":"SKIP","floor":12},{"not_picked":["champ:Haymaker","champ:EnGarde"],"picked":"champ:UltimateStance","floor":15},{"not_picked":["champ:CheapShot","champ:Improvising"],"picked":"champ:Devastate","floor":16},{"not_picked":["champ:BladeFlurry","champ:Backstep"],"picked":"champ:ShieldWall","floor":19},{"not_picked":["champ:DefensiveShout","champ:GutPunch"],"picked":"champ:SkillfulDodge","floor":20},{"not_picked":["champ:Circumvent","champ:BladeFlurry"],"picked":"champ:DefensiveStyle","floor":21},{"not_picked":["champ:StanceDance","champ:AdrenalArmor"],"picked":"champ:ShieldSigil+1","floor":22},{"not_picked":["champ:Circumvent+1","champ:FlashCut","champ:SwordSigil"],"picked":"SKIP","floor":23},{"not_picked":["champ:PreciseThrust","champ:SkillfulDodge","champ:EnGarde"],"picked":"SKIP","floor":27},{"not_picked":["champ:EnGarde","champ:BladeFlurry","champ:UltimateStance"],"picked":"SKIP","floor":28},{"not_picked":["champ:FocusedBerserking+1","champ:CheapShot","champ:FlashCut"],"picked":"SKIP","floor":29},{"not_picked":["champ:Backstep","champ:Endure"],"picked":"champ:Duel","floor":31},{"not_picked":["champ:FanOfKnives","champ:GladiatorStyle","champ:PreciseThrust"],"picked":"SKIP","floor":32},{"not_picked":["champ:SteelEdge","champ:StrikeOfGenius"],"picked":"champ:ShieldThrow","floor":33},{"not_picked":["champ:DefensiveShout+1","champ:Circumvent+1","champ:Endure"],"picked":"SKIP","floor":36},{"not_picked":["champ:BerserkersShout","champ:FanOfKnives+1"],"picked":"champ:RisingSlash+1","floor":37},{"not_picked":["champ:FocusedDefense","champ:ArenaPreparation","champ:ViciousMockery+1"],"picked":"SKIP","floor":38},{"not_picked":["champ:VampiricStrike","champ:EnragedBash","champ:EnGarde+1"],"picked":"SKIP","floor":39},{"not_picked":["champ:Circumvent+1","champ:ArenaPreparation+1","champ:FanOfKnives+1"],"picked":"SKIP","floor":42},{"not_picked":["champ:EndlessRage","champ:PreciseThrust","champ:TornadoPunch"],"picked":"SKIP","floor":43},{"not_picked":["champ:PreciseThrust","champ:Encircle","champ:CheapShot"],"picked":"SKIP","floor":44},{"not_picked":["champ:FancyFootwork","champ:BerserkersShout","champ:StanceDance+1"],"picked":"SKIP","floor":46},{"not_picked":["champ:EndlessRage","champ:IronFortress+1","champ:Shatter+1"],"picked":"SKIP","floor":49}],"player_experience":779402,"relics_obtained":[{"floor":11,"key":"StoneCalendar"},{"floor":21,"key":"Toy Ornithopter"},{"floor":24,"key":"Strawberry"},{"floor":29,"key":"FossilizedHelix"},{"floor":31,"key":"ReplayFunnel"},{"floor":41,"key":"Snack Pack"},{"floor":42,"key":"War Paint"}],"event_choices":[{"cards_removed":["downfall:Malfunctioning"],"damage_healed":0,"gold_gain":0,"player_choice":"Card Removal","damage_taken":0,"max_hp_gain":0,"max_hp_loss":0,"event_name":"The Cleric","floor":5,"gold_loss":0},{"cards_removed":["champ:Execute"],"damage_healed":0,"gold_gain":0,"player_choice":"Removed Attack","damage_taken":0,"max_hp_gain":0,"max_hp_loss":0,"event_name":"Falling","floor":48,"gold_loss":0}],"is_beta":false,"boss_relics":[{"not_picked":["Runic Dome","Black Star"],"picked":"sneckomod:SneckoTalon"},{"not_picked":["ChewingGum","Empty Cage"],"picked":"SlaversCollar"}],"items_purged_floors":[20,37],"is_endless":false,"potions_floor_spawned":[11,12,19,22,28,29,33,38,44],"killed_by":"IC_BLOCK_ARCHETYPE","ascension_level":0}}