{"host":"srk2drlvga69hbot","time":1611507657,"event":{"mods":["BaseMod","Bestiary","Block Reminder","Colored Map","Colored Powertips","Dark Map","DeckTracker","Highlight Path","Minty Spire (QoL Compilation)","Quick Restart","Rare Cards Sparkle","Relic Stats","SuperFastMode","Unceasing Turn Reminder"],"gold_per_floor":[111,111,36,61,236,236,255,255,255,255,0,24,24,24,24,154,154,175,115,115],"floor_reached":19,"language":"ZHS","playtime":1269,"items_purged":["Strike_G","Doubt"],"score":202,"play_id":"4d9f604b-aea6-46e0-ae93-88b724a4c4cd","local_time":"20210125010057","is_ascension_mode":true,"campfire_choices":[{"data":"Concentrate","floor":6,"key":"SMITH"},{"data":"Tactician","floor":8,"key":"SMITH"},{"data":"Prepared","floor":10,"key":"SMITH"},{"floor":15,"key":"REST"}],"circlet_count":0,"master_deck":["Strike_G","Strike_G","Strike_G","Strike_G","Defend_G","Defend_G","Defend_G","Defend_G","Defend_G","Survivor","Neutralize","Prepared+1","Concentrate+1","Tactician+1","Escape Plan"],"relics":["Runic Pyramid","Golden Idol","StoneCalendar","Medical Kit","Orichalcum","Black Star"],"acts_visited":["Exordium","TheCity"],"potions_floor_usage":[],"damage_taken":[{"damage":0,"enemies":"Jaw Worm","floor":1,"turns":4},{"damage":0,"enemies":"Small Slimes","floor":4,"turns":5},{"damage":1,"enemies":"2 Louse","floor":7,"turns":4},{"damage":1,"enemies":"2 Fungi Beasts","floor":12,"turns":5},{"damage":45,"enemies":"The Guardian","floor":16,"turns":22},{"damage":36,"enemies":"Spheric Guardian","floor":18,"turns":8},{"damage":23,"enemies":"2 Thieves","floor":19,"turns":2}],"seed_played":"-8790548570153915297","potions_obtained":[{"floor":4,"key":"Weak Potion"},{"floor":12,"key":"CultistPotion"}],"is_trial":false,"path_per_floor":["M","?","$","M","?","R","M","R","T","R","$","M","?","?","R","B",null,"M","M"],"character_chosen":"THE_SILENT","items_purchased":["Medical Kit"],"campfire_rested":1,"item_purchase_floors":[11],"current_hp_per_floor":[63,46,46,46,46,46,45,45,45,45,45,44,44,37,58,13,56,20,0,0],"gold":115,"neow_bonus":"BOSS_RELIC","is_daily":false,"chose_seed":false,"campfire_upgraded":3,"win_rate":0.0,"timestamp":1611507657,"path_taken":["M","?","$","M","?","R","M","R","T","R","$","M","?","?","R","BOSS","M","M"],"items_purchased_type":["Relic"],"build_version":"2020-12-22","purchased_purges":2,"victory":false,"max_hp_per_floor":[70,70,70,70,70,70,70,70,70,70,70,70,70,70,70,70,70,70,70,70],"relic_stats":{"counters":[7,50],"Golden Idol":44,"StoneCalendar":[66],"Black Star":0,"Orichalcum":[42],"Medical Kit":[0],"obtain_stats":[{"Golden Idol":2,"StoneCalendar":9,"Black Star":17,"Orichalcum":13,"Medical Kit":11,"Ring of the Snake":0,"Runic Pyramid":0},{"Golden Idol":1,"StoneCalendar":3,"Black Star":5,"Orichalcum":4,"Medical Kit":3,"Ring of the Snake":0,"Runic Pyramid":0},{"Golden Idol":4,"StoneCalendar":13,"Black Star":40,"Orichalcum":18,"Medical Kit":13,"Ring of the Snake":0,"Runic Pyramid":0}]},"card_choices":[{"not_picked":["PiercingWail","Cloak And Dagger"],"picked":"Prepared","floor":1},{"not_picked":["Poisoned Stab","Cloak And Dagger"],"picked":"Concentrate","floor":4},{"not_picked":["Underhanded Strike","Phantasmal Killer"],"picked":"Tactician","floor":7},{"not_picked":["Concentrate","Bouncing Flask"],"picked":"Escape Plan","floor":12},{"not_picked":["Bane","Outmaneuver","Catalyst"],"picked":"SKIP","floor":18}],"player_experience":221362,"relics_obtained":[{"floor":9,"key":"StoneCalendar"}],"event_choices":[{"damage_healed":0,"gold_gain":0,"player_choice":"Take Damage","damage_taken":17,"relics_obtained":["Golden Idol"],"max_hp_gain":0,"max_hp_loss":0,"event_name":"Golden Idol","floor":2,"gold_loss":0},{"damage_healed":0,"gold_gain":175,"player_choice":"AGREE","damage_taken":0,"max_hp_gain":0,"max_hp_loss":0,"event_name":"Liars Game","floor":5,"gold_loss":0,"cards_obtained":["Doubt"]},{"damage_healed":0,"gold_gain":0,"player_choice":"Box","damage_taken":0,"relics_obtained":["Orichalcum"],"max_hp_gain":0,"max_hp_loss":0,"event_name":"Big Fish","floor":13,"gold_loss":0,"cards_obtained":["Regret"]},{"cards_removed":["Regret"],"damage_healed":0,"gold_gain":0,"player_choice":"Card Removal","damage_taken":7,"max_hp_gain":0,"max_hp_loss":0,"event_name":"Golden Wing","floor":14,"gold_loss":0}],"is_beta":false,"boss_relics":[{"not_picked":["Snecko Eye","SacredBark"],"picked":"Black Star"}],"items_purged_floors":[3,11],"is_endless":false,"potions_floor_spawned":[4,12],"killed_by":"2 Thieves","ascension_level":6}}