{"host":"zxd7sxkt31l2m2hb","time":1611532338,"event":{"mods":["AchievementEnabler","BaseMod","BetterRewards","Colored Map","Colored Powertips","Highlight Path","Minty Spire (QoL Compilation)","StSLib","SuperFastMode","The Jungle","slay the spire mod where everything is the same but ironclad has a cowboy hat"],"gold_per_floor":[112,0,0,0,18,18,18,18,18,18,18,18,18,33,33,138,138,151,76,76,12,12,12,12,12,65,65,5,5,5,25,25,127,127,147,147,225,235,262,262,262,262,287,287,287,73,73,30,30,30],"floor_reached":51,"language":"DEU","playtime":1042,"items_purged":["Choke+1"],"score":794,"play_id":"4550a29e-c1c5-4a9c-af68-7824cd9677e3","local_time":"20210125005218","daily_mods":["SealedDeck","Vintage","Colorless Cards","Heirloom","Time Dilation","Flight"],"is_ascension_mode":false,"campfire_choices":[{"data":"Trip","floor":6,"key":"SMITH"},{"data":"Dagger Throw","floor":8,"key":"SMITH"},{"data":"Calculated Gamble","floor":10,"key":"SMITH"},{"data":"Prepared","floor":11,"key":"SMITH"},{"data":"Blur","floor":13,"key":"SMITH"},{"data":"Underhanded Strike","floor":15,"key":"SMITH"},{"data":"Choke","floor":23,"key":"SMITH"},{"data":"Deep Breath","floor":24,"key":"SMITH"},{"data":"Blind","floor":29,"key":"SMITH"},{"data":"Cloak And Dagger","floor":30,"key":"SMITH"},{"data":"Escape Plan","floor":32,"key":"SMITH"},{"data":"Slice","floor":40,"key":"SMITH"},{"data":"Slice","floor":41,"key":"SMITH"},{"data":"Adrenaline","floor":42,"key":"SMITH"},{"data":"Panache","floor":47,"key":"SMITH"},{"data":"Slice","floor":49,"key":"SMITH"}],"circlet_count":0,"master_deck":["Deflect","Deep Breath+1","Calculated Gamble+1","Slice+1","Slice+1","Prepared+1","Trip+1","Adrenaline+1","Escape Plan+1","Blind+1","Good Instincts","Panache+1","Slice+1"],"relics":["Unceasing Top","Gambling Chip","Darkstone Periapt","The Courier","Tingsha","Potion Belt","Empty Cage","Pantograph","Art of War","Tiny Chest","Busted Crown","Tough Bandages","Letter Opener","Pear","Pen Nib","Bag of Preparation"],"acts_visited":["Exordium","TheCity","TheBeyond"],"potions_floor_usage":[],"damage_taken":[{"damage":0,"enemies":"Cultist","floor":1,"turns":2},{"damage":0,"enemies":"Jaw Worm","floor":5,"turns":1},{"damage":0,"enemies":"2 Louse","floor":14,"turns":2},{"damage":23,"enemies":"The Guardian","floor":16,"turns":5},{"damage":0,"enemies":"Shell Parasite","floor":18,"turns":1},{"damage":0,"enemies":"3 Byrds","floor":31,"turns":1},{"damage":0,"enemies":"Automaton","floor":33,"turns":4},{"damage":0,"enemies":"Orb Walker","floor":35,"turns":1},{"damage":0,"enemies":"3 Shapes","floor":38,"turns":1},{"damage":0,"enemies":"Donu and Deca","floor":50,"turns":1}],"seed_played":"3804815512678630576","potions_obtained":[{"floor":5,"key":"Swift Potion"},{"floor":14,"key":"BlessingOfTheForge"},{"floor":31,"key":"SpeedPotion"},{"floor":35,"key":"Poison Potion"}],"is_trial":true,"path_per_floor":["M","$","?","?","M","R","?","R","T","R","R","$","R","M","R","B",null,"M","?","?","$","$","R","R","?","T","?","$","R","R","M","R","B",null,"M","?","T","M","T","R","R","R","T","?","?","$","R","$","R","B",null],"character_chosen":"THE_SILENT","items_purchased":["Trip","Underhanded Strike","Escape Plan","Good Instincts","Panache","Slice"],"campfire_rested":0,"item_purchase_floors":[2,2,21,46,46,48],"current_hp_per_floor":[70,70,70,75,75,75,75,75,75,75,75,75,75,75,75,52,75,75,75,61,61,61,61,61,61,61,61,61,61,61,61,61,80,80,80,80,80,90,90,90,90,90,90,85,85,85,85,85,85,85],"gold":30,"neow_bonus":"","is_daily":false,"chose_seed":false,"campfire_upgraded":16,"win_rate":0.0,"timestamp":1611532338,"path_taken":["M","?","?","?","M","R","?","R","T","R","R","$","R","?","R","BOSS","M","?","?","$","$","R","R","?","T","?","$","R","R","?","R","BOSS","M","?","?","?","?","R","R","R","T","?","?","$","R","$","R","BOSS"],"items_purchased_type":["Card","Card","Card","Card","Card","Card"],"build_version":"2020-12-22","purchased_purges":1,"victory":true,"max_hp_per_floor":[70,70,70,75,75,75,75,75,75,75,75,75,75,75,75,75,75,75,75,80,80,80,80,80,80,80,80,80,80,80,80,80,80,80,80,80,80,90,90,90,90,90,90,85,85,85,85,85,85,85],"card_choices":[{"not_picked":["Envenom","Violence"],"picked":"Adrenaline","floor":16}],"player_experience":93193,"relics_obtained":[{"floor":1,"key":"Darkstone Periapt"},{"floor":5,"key":"The Courier"},{"floor":9,"key":"Tingsha"},{"floor":14,"key":"Potion Belt"},{"floor":18,"key":"Pantograph"},{"floor":26,"key":"Art of War"},{"floor":31,"key":"Tiny Chest"},{"floor":35,"key":"Tough Bandages"},{"floor":37,"key":"Letter Opener"},{"floor":38,"key":"Pear"},{"floor":39,"key":"Pen Nib"},{"floor":43,"key":"Bag of Preparation"}],"event_choices":[{"damage_healed":0,"gold_gain":0,"player_choice":"Fled","damage_taken":0,"max_hp_gain":0,"max_hp_loss":0,"event_name":"Scrap Ooze","floor":3,"gold_loss":0},{"damage_healed":0,"gold_gain":0,"player_choice":"Donut","damage_taken":0,"max_hp_gain":5,"max_hp_loss":0,"event_name":"Big Fish","floor":4,"gold_loss":0},{"damage_healed":0,"gold_gain":0,"player_choice":"Ignored","damage_taken":0,"max_hp_gain":0,"max_hp_loss":0,"event_name":"Golden Idol","floor":7,"gold_loss":0},{"cards_removed":["Blur"],"damage_healed":0,"gold_gain":0,"player_choice":"Gave Gold","damage_taken":0,"max_hp_gain":0,"max_hp_loss":0,"event_name":"Beggar","floor":19,"gold_loss":75},{"damage_healed":0,"gold_gain":0,"player_choice":"Shed Blood","damage_taken":19,"max_hp_gain":5,"max_hp_loss":0,"event_name":"Forgotten Altar","floor":20,"gold_loss":0},{"damage_healed":0,"gold_gain":0,"player_choice":"Read","damage_taken":0,"max_hp_gain":0,"max_hp_loss":0,"event_name":"The Library","floor":25,"gold_loss":0,"cards_obtained":["Blind"]},{"damage_healed":0,"gold_gain":0,"player_choice":"Ignored","damage_taken":0,"max_hp_gain":0,"max_hp_loss":0,"event_name":"Vampires","floor":27,"gold_loss":0},{"damage_healed":0,"gold_gain":0,"player_choice":"Ignored","damage_taken":0,"max_hp_gain":0,"max_hp_loss":0,"event_name":"Tomb of Lord Red Mask","floor":36,"gold_loss":0},{"damage_healed":0,"gold_gain":0,"player_choice":"Max HP","damage_taken":0,"max_hp_gain":0,"max_hp_loss":5,"event_name":"Winding Halls","floor":44,"gold_loss":0},{"cards_removed":["Cloak And Dagger"],"damage_healed":0,"gold_gain":0,"player_choice":"Card Removal","damage_taken":0,"max_hp_gain":0,"max_hp_loss":0,"event_name":"Wheel of Change","floor":45,"gold_loss":0}],"is_beta":false,"boss_relics":[{"not_picked":["Calling Bell","SlaversCollar"],"picked":"Empty Cage"},{"not_picked":["SacredBark","Black Star"],"picked":"Busted Crown"}],"items_purged_floors":[28],"is_endless":false,"potions_floor_spawned":[5,14,31,35],"ascension_level":0}}