{"host":"irwdypew7j0recua","time":1611469811,"event":{"mods":["AchievementEnabler","BaseMod","Better Third Choice","Better Vampires","BetterRewards","Conspire","Custom Start","Downfall","Googly Eyes","Hermit","Infinite Spire","KomeijiMod","Marisa????????","Minty Spire (QoL Compilation)","Quick Restart","Rare Cards Sparkle","Reworked Bosses","Shop Mod","Spicy Shops","StSLib","The Construct","The Cursed","The Necromancer","WarShipGirlsR/????R mod"],"gold_per_floor":[119,137,137,137,153,178,22,22,46,46,46,46,46,221,221,221,221],"floor_reached":16,"language":"ENG","playtime":333,"items_purged":[],"score":88,"play_id":"04b03137-9a30-4581-a551-13720f07cc1e","local_time":"20210124043011","is_ascension_mode":false,"campfire_choices":[{"data":"Riddle With Holes","floor":11,"key":"SMITH"},{"data":"Acrobatics","floor":13,"key":"SMITH"},{"floor":15,"key":"REST"}],"circlet_count":0,"master_deck":["Strike_G","Strike_G","Strike_G","Strike_G","Strike_G","Defend_G","Defend_G","Defend_G","Defend_G","Defend_G","Survivor","Neutralize","Riddle With Holes+1","Slice","Acrobatics+1","Footwork+1","Doubt"],"relics":["Ring of the Snake","NeowsBlessing","Golden Idol","Blood Vial","Juzu Bracelet","Lantern","conspire:TopHat"],"acts_visited":["Exordium"],"potions_floor_usage":[16,16],"damage_taken":[{"damage":0,"enemies":"Jaw Worm","floor":1,"turns":1},{"damage":0,"enemies":"2 Louse","floor":2,"turns":1},{"damage":0,"enemies":"Small Slimes","floor":5,"turns":1},{"damage":20,"enemies":"3 Louse","floor":6,"turns":3},{"damage":60,"enemies":"Hexaghost","floor":16,"turns":11}],"seed_played":"6921538952880801523","potions_obtained":[{"floor":1,"key":"ExcitationPotion"},{"floor":2,"key":"hexamod:SoulburnPotion"},{"floor":5,"key":"SteroidPotion"}],"is_trial":false,"path_per_floor":["M","M","?","?","M","M","$","?","T","?","R","?","R","?","R","B"],"character_chosen":"THE_SILENT","items_purchased":["Juzu Bracelet"],"campfire_rested":1,"item_purchase_floors":[7],"current_hp_per_floor":[70,70,53,53,55,37,37,37,37,37,37,37,37,37,58,0,0],"gold":221,"neow_bonus":"THREE_ENEMY_KILL","is_daily":false,"chose_seed":false,"campfire_upgraded":2,"win_rate":0.0,"timestamp":1611469811,"path_taken":["M","M","?","?","M","M","$","?","T","?","R","?","R","?","R","BOSS"],"items_purchased_type":["Relic"],"build_version":"2020-12-22","purchased_purges":0,"victory":false,"max_hp_per_floor":[70,70,70,70,70,70,70,70,70,70,70,70,70,70,70,70,70],"card_choices":[{"not_picked":["Choke","Leg Sweep"],"picked":"Riddle With Holes","floor":1},{"not_picked":["Predator","Well Laid Plans"],"picked":"Slice","floor":2},{"not_picked":["Predator","Quick Slash"],"picked":"Acrobatics","floor":5},{"not_picked":["Flechettes","Dodge and Roll"],"picked":"Footwork","floor":6}],"player_experience":177815,"relics_obtained":[{"floor":9,"key":"Lantern"},{"floor":10,"key":"conspire:TopHat"}],"event_choices":[{"damage_healed":0,"gold_gain":0,"player_choice":"Take Damage","damage_taken":17,"relics_obtained":["Golden Idol"],"max_hp_gain":0,"max_hp_loss":0,"event_name":"Golden Idol","floor":3,"gold_loss":0},{"damage_healed":0,"gold_gain":0,"player_choice":"Box","damage_taken":0,"relics_obtained":["Blood Vial"],"max_hp_gain":0,"max_hp_loss":0,"event_name":"Big Fish","floor":4,"gold_loss":0,"cards_obtained":["Regret"]},{"damage_healed":0,"gold_gain":0,"player_choice":"Upgraded","damage_taken":0,"max_hp_gain":0,"max_hp_loss":0,"event_name":"Upgrade Shrine","floor":12,"gold_loss":0,"cards_upgraded":["Footwork"]},{"damage_healed":0,"gold_gain":175,"player_choice":"AGREE","damage_taken":46,"max_hp_gain":0,"max_hp_loss":0,"event_name":"betterThird:BetterSerpent","floor":14,"gold_loss":0}],"is_beta":false,"boss_relics":[],"items_purged_floors":[],"is_endless":false,"potions_floor_spawned":[1,2,5],"killed_by":"Hexaghost","ascension_level":0}}