{"host":"zhec3g4cvsmevugl","time":1611468324,"event":{"mods":["BaseMod","BetterRewards","Minty Spire (QoL Compilation)","Relic Stats","Slay-I","StSLib"],"gold_per_floor":[118,137,152,152,152,152,182,182,182,182,208,220,234,244,244,349,349,364,364,378,389,389,417,433,452,452,469,487,487,487,502,502,502,502],"floor_reached":33,"language":"ENG","playtime":1326,"items_purged":[],"score":383,"play_id":"ed930455-24df-429d-ab6f-37f538a357df","local_time":"20210124140524","is_ascension_mode":false,"campfire_choices":[{"floor":6,"key":"RECALL"},{"floor":8,"key":"REST"},{"data":"Perfected Strike","floor":10,"key":"SMITH"},{"data":"Perfected Strike","floor":15,"key":"SMITH"},{"floor":29,"key":"REST"},{"floor":32,"key":"REST"}],"circlet_count":0,"master_deck":["Strike_R+1","Strike_R+1","Strike_R+1","Strike_R+1","Strike_R+1","Defend_R+1","Defend_R+1","Defend_R+1","Defend_R+1","Bash","Apotheosis+1","Wild Strike","Perfected Strike+1","Perfected Strike","Pummel","Flex","Perfected Strike+1","Feed","Rage","Anger+1","Blood for Blood","Reckless Charge","Shrug It Off","Inflame+1","Flame Barrier","Hemokinesis"],"relics":["Burning Blood","Membership Card","Ancient Tea Set","Potion Belt","Mummified Hand","Lizard Tail","Black Star","Bag of Marbles","PreservedInsect","Self Forming Clay","MutagenicStrength"],"acts_visited":["Exordium","TheCity"],"potions_floor_usage":[16,23,24,24,24,24],"damage_taken":[{"damage":5,"enemies":"Jaw Worm","floor":1,"turns":4},{"damage":4,"enemies":"Small Slimes","floor":2,"turns":4},{"damage":1,"enemies":"Cultist","floor":3,"turns":3},{"damage":32,"enemies":"Lagavulin","floor":7,"turns":6},{"damage":14,"enemies":"Gremlin Nob","floor":11,"turns":3},{"damage":16,"enemies":"Blue Slaver","floor":12,"turns":3},{"damage":3,"enemies":"3 Louse","floor":13,"turns":3},{"damage":11,"enemies":"Exordium Wildlife","floor":14,"turns":3},{"damage":36,"enemies":"Hexaghost","floor":16,"turns":8},{"damage":10,"enemies":"Chosen","floor":18,"turns":4},{"damage":12,"enemies":"2 Thieves","floor":20,"turns":3},{"damage":32,"enemies":"Centurion and Healer","floor":21,"turns":4},{"damage":34,"enemies":"Gremlin Leader","floor":23,"turns":9},{"damage":22,"enemies":"Shelled Parasite and Fungi","floor":24,"turns":3},{"damage":6,"enemies":"3 Cultists","floor":25,"turns":4},{"damage":0,"enemies":"Snecko","floor":27,"turns":3},{"damage":22,"enemies":"Shelled Parasite and Fungi","floor":28,"turns":5},{"damage":22,"enemies":"Centurion and Healer","floor":31,"turns":4},{"damage":107,"enemies":"Champ","floor":33,"turns":11}],"seed_played":"7526282316215992278","potions_obtained":[{"floor":7,"key":"SteroidPotion"},{"floor":12,"key":"Block Potion"},{"floor":14,"key":"Weak Potion"},{"floor":20,"key":"Weak Potion"},{"floor":21,"key":"SteroidPotion"},{"floor":23,"key":"Fruit Juice"}],"is_trial":false,"path_per_floor":["M","M","M","?","?","R","E","R","T","R","E","M","M","M","R","B",null,"M","?","M","M","?","E","M","M","T","M","M","R","?","M","R","B"],"character_chosen":"IRONCLAD","items_purchased":["Apotheosis","Membership Card","Ancient Tea Set"],"campfire_rested":3,"item_purchase_floors":[0,0,0],"current_hp_per_floor":[67,69,74,74,80,80,54,78,78,78,70,60,63,58,58,28,80,76,76,70,44,44,16,52,55,55,61,45,72,72,56,83,0,0],"gold":502,"neow_bonus":"","is_daily":false,"chose_seed":false,"campfire_upgraded":2,"win_rate":0.0,"timestamp":1611468324,"path_taken":["M","M","M","?","?","R","E","R","T","R","E","M","?","M","R","BOSS","M","?","M","M","?","E","?","M","T","M","M","R","?","M","R","BOSS"],"items_purchased_type":["Card","Relic","Relic"],"build_version":"2020-12-22","purchased_purges":0,"victory":false,"max_hp_per_floor":[80,80,80,80,80,80,80,80,80,80,80,80,80,80,80,80,80,80,80,80,80,80,80,89,92,92,92,92,92,92,92,92,92,92],"relic_stats":{"Lizard Tail":42,"counters":[71,285],"Mummified Hand":[8],"Self Forming Clay":[39],"PreservedInsect":0,"Black Star":1,"obtain_stats":[{"Darkstone Periapt":0,"Regal Pillow":22,"Lantern":6,"Gremlin Horn":36,"Black Blood":17,"Bag of Preparation":17,"Cursed Key":0,"Ancient Tea Set":0,"Old Coin":30,"ClockworkSouvenir":36,"Blood Vial":14,"Dream Catcher":20,"Centennial Puzzle":28,"Lizard Tail":11,"Mummified Hand":14,"Strawberry":3,"Necronomicon":20,"Red Mask":23,"Kunai":26,"InkBottle":9,"Paper Frog":17,"Potion Belt":36,"Girya":0,"NeowsBlessing":0,"Happy Flower":10,"Self Forming Clay":26,"Oddly Smooth Stone":23,"The Courier":25,"Pen Nib":36,"PreservedInsect":23,"Omamori":0,"War Paint":46,"Akabeko":48,"Du-Vu Doll":0,"Calling Bell":17,"Peace Pipe":43,"Anchor":5,"Busted Crown":34,"MutagenicStrength":21,"Turnip":13,"Art of War":9,"Black Star":17,"Bag of Marbles":23,"Membership Card":0,"Toy Ornithopter":40,"Pocketwatch":17,"Meat on the Bone":0},{"Darkstone Periapt":0,"Regal Pillow":10,"Lantern":40,"Gremlin Horn":17,"Black Blood":44,"Bag of Preparation":8,"Cursed Key":0,"Ancient Tea Set":52,"Old Coin":14,"ClockworkSouvenir":17,"Blood Vial":36,"Dream Catcher":45,"Centennial Puzzle":50,"Lizard Tail":57,"Mummified Hand":43,"Strawberry":32,"Necronomicon":10,"Red Mask":48,"Kunai":12,"InkBottle":3,"Paper Frog":8,"Potion Belt":17,"Girya":26,"NeowsBlessing":30,"Happy Flower":33,"Self Forming Clay":67,"Oddly Smooth Stone":11,"The Courier":12,"Pen Nib":17,"PreservedInsect":65,"Omamori":26,"War Paint":23,"Akabeko":25,"Du-Vu Doll":0,"Calling Bell":8,"Peace Pipe":21,"Anchor":29,"Busted Crown":16,"MutagenicStrength":10,"Turnip":6,"Art of War":40,"Black Star":61,"Bag of Marbles":65,"Membership Card":26,"Toy Ornithopter":20,"Pocketwatch":8,"Meat on the Bone":26},{"Darkstone Periapt":0,"Regal Pillow":34,"Lantern":141,"Gremlin Horn":58,"Black Blood":158,"Bag of Preparation":26,"Cursed Key":0,"Ancient Tea Set":198,"Old Coin":44,"ClockworkSouvenir":58,"Blood Vial":114,"Dream Catcher":163,"Centennial Puzzle":183,"Lizard Tail":218,"Mummified Hand":149,"Strawberry":106,"Necronomicon":34,"Red Mask":171,"Kunai":40,"InkBottle":7,"Paper Frog":26,"Potion Belt":58,"Girya":91,"NeowsBlessing":104,"Happy Flower":107,"Self Forming Clay":262,"Oddly Smooth Stone":38,"The Courier":40,"Pen Nib":58,"PreservedInsect":255,"Omamori":91,"War Paint":78,"Akabeko":85,"Du-Vu Doll":0,"Calling Bell":26,"Peace Pipe":73,"Anchor":100,"Busted Crown":54,"MutagenicStrength":34,"Turnip":17,"Art of War":141,"Black Star":235,"Bag of Marbles":255,"Membership Card":91,"Toy Ornithopter":68,"Pocketwatch":26,"Meat on the Bone":91}],"Burning Blood":276},"card_choices":[{"not_picked":["Anger","Dropkick"],"picked":"Wild Strike","floor":1},{"not_picked":["Combust","Rupture"],"picked":"Perfected Strike","floor":2},{"not_picked":["Twin Strike","Uppercut","Rupture"],"picked":"SKIP","floor":3},{"not_picked":["Carnage","Havoc"],"picked":"Perfected Strike","floor":7},{"not_picked":["Whirlwind","Berserk"],"picked":"Pummel","floor":11},{"not_picked":["Bloodletting","Heavy Blade","Entrench"],"picked":"SKIP","floor":12},{"not_picked":["Infernal Blade","Metallicize"],"picked":"Flex","floor":13},{"not_picked":["Clash","Power Through"],"picked":"Perfected Strike","floor":14},{"not_picked":["Immolate","Offering"],"picked":"Feed","floor":16},{"not_picked":["Warcry","Headbutt"],"picked":"Rage","floor":18},{"not_picked":["Carnage","Body Slam"],"picked":"Anger+1","floor":20},{"not_picked":["Dark Embrace","Clash+1"],"picked":"Blood for Blood","floor":21},{"not_picked":["Thunderclap","Sword Boomerang"],"picked":"Reckless Charge","floor":23},{"not_picked":["Headbutt","Havoc"],"picked":"Shrug It Off","floor":24},{"not_picked":["Burning Pact","Anger"],"picked":"Inflame+1","floor":25},{"not_picked":["Sever Soul+1","Dual Wield"],"picked":"Flame Barrier","floor":27},{"not_picked":["Perfected Strike","Headbutt","Armaments"],"picked":"SKIP","floor":28},{"not_picked":["Twin Strike","Reckless Charge"],"picked":"Hemokinesis","floor":31}],"player_experience":220835,"relics_obtained":[{"floor":7,"key":"Potion Belt"},{"floor":9,"key":"Mummified Hand"},{"floor":11,"key":"Lizard Tail"},{"floor":23,"key":"Bag of Marbles"},{"floor":23,"key":"PreservedInsect"},{"floor":26,"key":"Self Forming Clay"}],"event_choices":[{"damage_healed":0,"gold_gain":0,"player_choice":"Grow","damage_taken":0,"max_hp_gain":0,"max_hp_loss":0,"event_name":"Living Wall","floor":4,"gold_loss":0,"cards_upgraded":["Apotheosis"]},{"damage_healed":6,"gold_gain":0,"player_choice":"Full Heal","damage_taken":0,"max_hp_gain":0,"max_hp_loss":0,"event_name":"Wheel of Change","floor":5,"gold_loss":0},{"damage_healed":0,"gold_gain":0,"player_choice":"Ignored","damage_taken":0,"max_hp_gain":0,"max_hp_loss":0,"event_name":"Ghosts","floor":19,"gold_loss":0},{"damage_healed":0,"gold_gain":0,"player_choice":"Simplicity","damage_taken":0,"max_hp_gain":0,"max_hp_loss":0,"event_name":"Back to Basics","floor":22,"gold_loss":0,"cards_upgraded":["Strike_R","Strike_R","Strike_R","Strike_R","Strike_R","Defend_R","Defend_R","Defend_R","Defend_R"]},{"damage_healed":0,"gold_gain":0,"player_choice":"Inject Mutagens","damage_taken":0,"relics_obtained":["MutagenicStrength"],"max_hp_gain":0,"max_hp_loss":0,"event_name":"Drug Dealer","floor":30,"gold_loss":0}],"is_beta":false,"boss_relics":[{"not_picked":["Fusion Hammer","Empty Cage"],"picked":"Black Star"}],"items_purged_floors":[],"is_endless":false,"potions_floor_spawned":[7,12,14,20,21,23],"killed_by":"Champ","ascension_level":0}}