{"host":"rolltorest","time":1611529857,"event":{"mods":["BaseMod","Minty Spire (QoL Compilation)","Relic Stats","Slay the Relics Exporter","StSLib"],"gold_per_floor":[117,42,42,60,78,110,140,186,246,258,289,301,344,97,97,169,169,186,186,196,213,263,263,292,292,374,408,94,94,94],"floor_reached":29,"language":"ENG","playtime":760,"items_purged":["Rampage"],"score":612,"play_id":"4c99d6ee-5511-4e12-a885-522d2eb72c37","local_time":"20210124151057","is_ascension_mode":true,"campfire_choices":[{"data":"Carnage","floor":10,"key":"SMITH"},{"data":"Combust","floor":12,"key":"SMITH"},{"floor":15,"key":"REST"},{"floor":23,"key":"REST"},{"data":"Corruption","floor":25,"key":"SMITH"}],"circlet_count":0,"master_deck":["AscendersBane","Bash","Combust+1","Carnage+1","Shrug It Off","Clothesline","Burning Pact","Battle Trance","Evolve","Reaper","Disarm","Wild Strike","Impervious","Rage","Corruption+1","Rupture","True Grit+1","Thunderclap","Offering","Double Tap","Demon Form","Immolate+1","Hemokinesis+1"],"relics":["Velvet Choker","MawBank","Bottled Tornado","Boot","Orichalcum","Pandora\u0027s Box","Nloth\u0027s Gift","Torii","Molten Egg 2","Art of War","Membership Card"],"acts_visited":["Exordium","TheCity"],"potions_floor_usage":[8,13,13],"damage_taken":[{"damage":1,"enemies":"2 Louse","floor":1,"turns":4},{"damage":1,"enemies":"Cultist","floor":4,"turns":3},{"damage":7,"enemies":"Small Slimes","floor":5,"turns":2},{"damage":29,"enemies":"Lagavulin","floor":6,"turns":4},{"damage":6,"enemies":"2 Fungi Beasts","floor":7,"turns":3},{"damage":9,"enemies":"Gremlin Nob","floor":8,"turns":3},{"damage":12,"enemies":"Exordium Thugs","floor":11,"turns":3},{"damage":2,"enemies":"Lagavulin","floor":13,"turns":2},{"damage":20,"enemies":"Slime Boss","floor":16,"turns":7},{"damage":16,"enemies":"Shell Parasite","floor":18,"turns":4},{"damage":28,"enemies":"Chosen","floor":20,"turns":5},{"damage":7,"enemies":"3 Cultists","floor":21,"turns":4},{"damage":27,"enemies":"Book of Stabbing","floor":24,"turns":5},{"damage":13,"enemies":"Slavers","floor":27,"turns":5},{"damage":27,"enemies":"Book of Stabbing","floor":29,"turns":3}],"seed_played":"7761766376521955885","potions_obtained":[{"floor":1,"key":"Regen Potion"},{"floor":5,"key":"Energy Potion"},{"floor":8,"key":"Fire Potion"},{"floor":18,"key":"FearPotion"},{"floor":21,"key":"SteroidPotion"}],"is_trial":false,"path_per_floor":["M","?","?","M","M","E","M","E","T","R","M","R","E","$","R","B",null,"M","?","M","M","?","R","E","R","T","E","$","E"],"character_chosen":"IRONCLAD","items_purchased":["Evolve","Orichalcum","Membership Card","Immolate+1","Hemokinesis+1"],"campfire_rested":2,"item_purchase_floors":[14,14,28,28,28],"current_hp_per_floor":[67,67,67,66,59,30,24,27,27,27,15,15,13,13,35,15,60,50,50,29,32,32,54,37,37,37,27,27,0,0],"gold":94,"neow_bonus":"BOSS_RELIC","is_daily":false,"chose_seed":false,"campfire_upgraded":3,"win_rate":0.0,"timestamp":1611529857,"path_taken":["M","?","?","M","M","E","M","E","T","R","?","R","E","?","R","BOSS","M","?","?","M","?","R","E","R","T","E","?","E"],"items_purchased_type":["Card","Relic","Relic","Card","Card"],"build_version":"2020-12-18","purchased_purges":1,"victory":false,"max_hp_per_floor":[75,75,75,75,75,75,75,75,75,75,75,75,75,75,75,75,75,75,75,75,75,75,75,75,75,75,75,75,75,75],"relic_stats":{"Torii":10,"counters":[15,57],"Pandora\u0027s Box":["Disarm","Wild Strike","Impervious","Rampage","Rage","Corruption","Rupture"],"Nloth\u0027s Gift":3,"Art of War":[1],"Orichalcum":[102],"MawBank":96,"Boot":[9],"obtain_stats":[{"Torii":24,"Velvet Choker":0,"Bottled Tornado":8,"Orichalcum":14,"MawBank":6,"Boot":9,"Ancient Tea Set":13,"Burning Blood":0,"Pandora\u0027s Box":17,"Molten Egg 2":26,"Nloth\u0027s Gift":19,"Art of War":27,"Membership Card":28},{"Torii":13,"Velvet Choker":0,"Bottled Tornado":6,"Orichalcum":8,"MawBank":4,"Boot":6,"Ancient Tea Set":8,"Burning Blood":0,"Pandora\u0027s Box":9,"Molten Egg 2":13,"Nloth\u0027s Gift":10,"Art of War":14,"Membership Card":14},{"Torii":49,"Velvet Choker":0,"Bottled Tornado":19,"Orichalcum":24,"MawBank":13,"Boot":19,"Ancient Tea Set":24,"Burning Blood":0,"Pandora\u0027s Box":31,"Molten Egg 2":49,"Nloth\u0027s Gift":35,"Art of War":54,"Membership Card":54}]},"card_choices":[{"not_picked":["Seeing Red","Rage"],"picked":"Combust","floor":1},{"not_picked":["Infernal Blade","Fire Breathing"],"picked":"Carnage","floor":4},{"not_picked":["Heavy Blade","Dark Embrace","Pummel"],"picked":"SKIP","floor":5},{"not_picked":["Flex","Warcry","Metallicize"],"picked":"SKIP","floor":6},{"not_picked":["Clash","Body Slam"],"picked":"Shrug It Off","floor":7},{"not_picked":["Perfected Strike","Dropkick"],"picked":"Clothesline","floor":8},{"not_picked":["Dropkick","True Grit"],"picked":"Burning Pact","floor":11},{"not_picked":["Flex","Iron Wave"],"picked":"Battle Trance","floor":13},{"not_picked":["Barricade","Fiend Fire"],"picked":"Reaper","floor":16},{"not_picked":["Bloodletting","Anger+1"],"picked":"True Grit+1","floor":18},{"not_picked":["Armaments","Reckless Charge"],"picked":"Thunderclap","floor":20},{"not_picked":["Clash","Intimidate"],"picked":"Offering","floor":21},{"not_picked":["Carnage","Rampage"],"picked":"Double Tap","floor":24},{"not_picked":["Twin Strike+1","Wild Strike+1"],"picked":"Demon Form","floor":27}],"player_experience":1774223,"relics_obtained":[{"floor":6,"key":"MawBank"},{"floor":8,"key":"Bottled Tornado"},{"floor":9,"key":"Boot"},{"floor":13,"key":"Ancient Tea Set"},{"floor":24,"key":"Torii"},{"floor":26,"key":"Molten Egg 2"},{"floor":27,"key":"Art of War"}],"event_choices":[{"cards_removed":["Strike_R"],"damage_healed":0,"gold_gain":0,"player_choice":"Card Removal","damage_taken":0,"max_hp_gain":0,"max_hp_loss":0,"event_name":"The Cleric","floor":2,"gold_loss":75},{"cards_removed":["Defend_R"],"damage_healed":0,"gold_gain":0,"player_choice":"Offered Basic","damage_taken":0,"max_hp_gain":0,"max_hp_loss":0,"event_name":"Bonfire Elementals","floor":3,"gold_loss":0},{"damage_healed":0,"gold_gain":0,"player_choice":"Traded Relic","damage_taken":0,"relics_obtained":["Nloth\u0027s Gift"],"max_hp_gain":0,"max_hp_loss":0,"event_name":"N\u0027loth","floor":19,"relics_lost":["Ancient Tea Set"],"gold_loss":0},{"damage_healed":0,"gold_gain":50,"player_choice":"Stole From Cult","damage_taken":0,"max_hp_gain":0,"max_hp_loss":0,"event_name":"Nest","floor":22,"gold_loss":0}],"is_beta":true,"boss_relics":[{"not_picked":["Runic Cube","Astrolabe"],"picked":"Pandora\u0027s Box"}],"items_purged_floors":[28],"is_endless":false,"potions_floor_spawned":[1,5,6,8,18,21],"killed_by":"Book of Stabbing","ascension_level":20}}