{"host":"iqi2f1z1yw5mc6j3","time":1611472951,"event":{"mods":["BaseMod","Colored Powertips","Minty Spire (QoL Compilation)"],"gold_per_floor":[114,114,114,127,147,147,171,194,219,233,233,253,268,288,288,412,412,430,450,27,46,46,8,27,47,47,59,59],"floor_reached":27,"language":"ENG","playtime":3496,"items_purged":["Defend_G"],"score":213,"play_id":"a7fda8cd-0b15-411f-9a19-67edfacc08bd","local_time":"20210124022231","is_ascension_mode":false,"campfire_choices":[{"data":"Survivor","floor":6,"key":"SMITH"},{"floor":11,"key":"REST"},{"data":"Endless Agony","floor":15,"key":"SMITH"}],"circlet_count":0,"master_deck":["Strike_G","Strike_G","Strike_G","Strike_G","Strike_G","Defend_G","Defend_G","Defend_G+1","Defend_G","Survivor+1","Neutralize","Tools of the Trade","Distraction","Dagger Throw","Acrobatics","Riddle With Holes","Crippling Poison+1","Heel Hook","Backflip","Terror","Endless Agony+1","Bullet Time","Backflip","Dash+1","Poisoned Stab","Underhanded Strike","Well Laid Plans","Sucker Punch+1","Blade Dance"],"relics":["Ring of the Snake","Golden Idol","War Paint","Sozu","Tingsha","MawBank"],"acts_visited":["Exordium","TheCity"],"potions_floor_usage":[4,5,8,12,14,14,16],"damage_taken":[{"damage":0,"enemies":"Small Slimes","floor":1,"turns":4},{"damage":2,"enemies":"Jaw Worm","floor":4,"turns":9},{"damage":0,"enemies":"Cultist","floor":5,"turns":4},{"damage":4,"enemies":"3 Louse","floor":7,"turns":4},{"damage":5,"enemies":"Lots of Slimes","floor":8,"turns":6},{"damage":14,"enemies":"Large Slime","floor":10,"turns":6},{"damage":2,"enemies":"Looter","floor":12,"turns":4},{"damage":2,"enemies":"3 Louse","floor":13,"turns":5},{"damage":0,"enemies":"Exordium Wildlife","floor":14,"turns":7},{"damage":46,"enemies":"Hexaghost","floor":16,"turns":13},{"damage":4,"enemies":"Spheric Guardian","floor":18,"turns":12},{"damage":12,"enemies":"Chosen","floor":19,"turns":5},{"damage":5,"enemies":"Centurion and Healer","floor":21,"turns":5},{"damage":34,"enemies":"3 Cultists","floor":24,"turns":6},{"damage":1,"enemies":"Chosen and Byrds","floor":25,"turns":4},{"damage":9,"enemies":"Centurion and Healer","floor":27,"turns":4}],"seed_played":"7989797933049535416","potions_obtained":[{"floor":1,"key":"SpeedPotion"},{"floor":4,"key":"EntropicBrew"},{"floor":7,"key":"ColorlessPotion"},{"floor":10,"key":"Poison Potion"},{"floor":14,"key":"SteroidPotion"}],"is_trial":false,"path_per_floor":["M","?","?","M","M","R","M","M","T","M","R","M","M","M","R","B",null,"M","M","$","M","?","$","M","M","T","M"],"character_chosen":"THE_SILENT","items_purchased":["Tingsha","Poisoned Stab","Well Laid Plans"],"campfire_rested":1,"item_purchase_floors":[20,20,23],"current_hp_per_floor":[70,70,70,68,68,68,64,59,59,45,66,64,62,62,62,16,70,66,54,54,49,49,49,15,14,14,5,5],"gold":59,"neow_bonus":"ONE_RANDOM_RARE_CARD","is_daily":false,"chose_seed":false,"campfire_upgraded":2,"win_rate":0.0,"timestamp":1611472951,"path_taken":["M","?","?","M","M","R","M","?","T","M","R","M","M","M","R","BOSS","M","M","$","M","?","$","M","M","T","M"],"items_purchased_type":["Relic","Card","Card"],"build_version":"2020-12-22","purchased_purges":1,"victory":false,"max_hp_per_floor":[70,70,70,70,70,70,70,70,70,70,70,70,70,70,70,70,70,70,70,70,70,70,70,70,70,70,70,70],"card_choices":[{"not_picked":["Predator","Deflect"],"picked":"Distraction","floor":1},{"not_picked":["Deflect","Quick Slash"],"picked":"Dagger Throw","floor":4},{"not_picked":["Slice","Deflect"],"picked":"Acrobatics","floor":5},{"not_picked":["Catalyst","Slice"],"picked":"Riddle With Holes","floor":7},{"not_picked":["Deadly Poison","Distraction"],"picked":"Crippling Poison","floor":8},{"not_picked":["Quick Slash","Riddle With Holes"],"picked":"Heel Hook","floor":10},{"not_picked":["Footwork","Riddle With Holes"],"picked":"Backflip","floor":12},{"not_picked":["Dagger Throw","Caltrops"],"picked":"Terror","floor":13},{"not_picked":["Backflip","Poisoned Stab"],"picked":"Endless Agony","floor":14},{"not_picked":["A Thousand Cuts","Unload"],"picked":"Bullet Time","floor":16},{"not_picked":["Choke","Bane"],"picked":"Backflip","floor":18},{"not_picked":["Bane","Dagger Spray+1"],"picked":"Dash","floor":19},{"not_picked":["Dagger Throw","Deflect"],"picked":"Underhanded Strike","floor":21},{"not_picked":["Poisoned Stab+1","Dodge and Roll"],"picked":"Sucker Punch+1","floor":24},{"not_picked":["Finisher+1","Infinite Blades"],"picked":"Blade Dance","floor":25}],"player_experience":33442,"relics_obtained":[{"floor":9,"key":"War Paint"},{"floor":26,"key":"MawBank"}],"event_choices":[{"damage_healed":0,"gold_gain":0,"player_choice":"Take Wound","damage_taken":0,"relics_obtained":["Golden Idol"],"max_hp_gain":0,"max_hp_loss":0,"event_name":"Golden Idol","floor":2,"gold_loss":0,"cards_obtained":["Injury"]},{"cards_removed":["Injury"],"damage_healed":0,"gold_gain":0,"player_choice":"Removed Curses","damage_taken":0,"max_hp_gain":0,"max_hp_loss":0,"event_name":"Fountain of Cleansing","floor":3,"gold_loss":0},{"damage_healed":0,"gold_gain":0,"player_choice":"Forge","damage_taken":0,"max_hp_gain":0,"max_hp_loss":0,"event_name":"Accursed Blacksmith","floor":22,"gold_loss":0,"cards_upgraded":["Dash"]}],"is_beta":false,"boss_relics":[{"not_picked":["Coffee Dripper","Black Star"],"picked":"Sozu"}],"items_purged_floors":[20],"is_endless":false,"potions_floor_spawned":[1,4,7,10,14,18,19,24],"killed_by":"Centurion and Healer","ascension_level":0}}