{"host":"fryfo77ohj8mj5x2","time":1611515095,"event":{"mods":["BaseMod","Downfall","Minty Spire (QoL Compilation)","Rare Cards Sparkle","Replay The Spire","StSLib","The Jungle"],"gold_per_floor":[114,114,20,120,132,132,307,307,307,326,326,20,36,48,48,48,48],"floor_reached":16,"language":"ENG","playtime":1302,"items_purged":[],"score":190,"play_id":"6d746d57-082a-408f-ac3d-1ff15add6d4f","local_time":"20210124130455","is_ascension_mode":false,"campfire_choices":[{"floor":6,"key":"RECALL"},{"data":"Life Link","floor":15,"key":"SMITH"}],"circlet_count":0,"master_deck":["Strike_R","Strike_R","Strike_R","Defend_R","Defend_R","Defend_R","Bash","ReplayTheSpireMod:Muscle Training+1","Replay:BasicMightCard","downfall:Haunted","downfall:Haunted","downfall:Aged","Corruption","Languid","Languid","Pommel Strike","Doubt","Life Link+1","Reaper+1","Body Slam+1"],"relics":["Replay:Drink Me","Du-Vu Doll","Mummified Hand","Molten Egg 2","Bird Faced Urn"],"acts_visited":["Exordium"],"potions_floor_usage":[16],"damage_taken":[{"damage":2.0,"enemies":"Jaw Worm","floor":1.0,"turns":6.0},{"damage":10,"enemies":"2 Louse","floor":5,"turns":4},{"damage":2,"enemies":"Small Slimes","floor":10,"turns":3},{"damage":3,"enemies":"3 Louse","floor":13,"turns":5},{"damage":14,"enemies":"Blue Slaver","floor":14,"turns":4},{"damage":66,"enemies":"The Guardian","floor":16,"turns":10}],"seed_played":"7358930591117720215","potions_obtained":[{"floor":1.0,"key":"champ:CounterPotion"}],"is_trial":false,"path_per_floor":["M","?","$","?","M","R","?","T","T","M","?","$","M","M","R","B"],"character_chosen":"IRONCLAD","items_purchased":["Replay:BasicMightCard","Bird Faced Urn"],"campfire_rested":0,"item_purchase_floors":[3,12],"current_hp_per_floor":[58,58,58,63,53,53,53,53,53,51,51,51,54,54,54,0,0],"gold":48,"neow_bonus":"BOSS_RELIC","is_daily":false,"chose_seed":false,"campfire_upgraded":1,"win_rate":0.0,"timestamp":1611515095,"path_taken":["M","?","$","?","M","R","?","?","T","M","?","?","M","M","R","BOSS"],"items_purchased_type":["Card","Relic"],"build_version":"2020-12-22","purchased_purges":0,"victory":false,"max_hp_per_floor":[60,60,60,65,65,65,65,65,65,65,65,65,65,65,65,65,65],"card_choices":[{"not_picked":["Clothesline","Sentinel"],"picked":"ReplayTheSpireMod:Muscle Training","floor":1.0},{"not_picked":["True Grit","Headbutt"],"picked":"Pommel Strike","floor":5},{"not_picked":["Armaments","Iron Wave+1"],"picked":"Life Link","floor":10},{"not_picked":["Iron Wave+1","Feel No Pain"],"picked":"Reaper+1","floor":13},{"not_picked":["Hemokinesis+1","Second Wind"],"picked":"Body Slam+1","floor":14}],"player_experience":138091,"relics_obtained":[{"floor":8,"key":"Mummified Hand"},{"floor":9,"key":"Molten Egg 2"}],"event_choices":[{"damage_healed":0,"gold_gain":175,"player_choice":"AGREE","damage_taken":0,"max_hp_gain":0,"max_hp_loss":0,"event_name":"Liars Game","floor":7,"gold_loss":0,"cards_obtained":["Doubt"]},{"damage_healed":0,"gold_gain":0,"player_choice":"Leave","damage_taken":0,"max_hp_gain":0,"max_hp_loss":0,"event_name":"The Cleric","floor":11,"gold_loss":0}],"is_beta":false,"boss_relics":[],"items_purged_floors":[],"is_endless":false,"potions_floor_spawned":[1],"killed_by":"The Guardian","ascension_level":0}}