{"host":"y3h3n3f7seyagppx","time":1611513061,"event":{"mods":["AlwaysNeverKeys","BaseMod","Better Vampires","Colored Powertips","DeckTracker","Emptier Cage","Minty Spire (QoL Compilation)","Permanent Neow","Quick Restart","Rare Cards Sparkle","Relic Sorter","Relic Stats","StSLib","Transform Curses"],"gold_per_floor":[19,39,39,108,73,104,123,142,212,239,11,38,49,78,78,153,153,172,172,11,26,26,26,45,74,74,94,94,94,109,140,140,213,213,223,548,315,368,368,402,421,452,452,477,491,59,79,110,110,110,110,110,110,3,38,38],"floor_reached":57,"language":"ENG","playtime":8519,"items_purged":["Searing Blow+1","Bash"],"score":3041,"play_id":"d9f79442-593c-444e-abd2-f7c0b61ed370","local_time":"20210124133101","is_ascension_mode":true,"campfire_choices":[{"data":"Uppercut","floor":15,"key":"SMITH"},{"data":"Corruption","floor":23,"key":"SMITH"},{"data":"Dark Embrace","floor":28,"key":"SMITH"},{"data":"Inflame","floor":32,"key":"SMITH"},{"data":"Feel No Pain","floor":49,"key":"SMITH"},{"data":"Flame Barrier","floor":53,"key":"SMITH"}],"circlet_count":0,"master_deck":["AscendersBane","Defend_R","Defend_R","Defend_R","Defend_R","Seeing Red","Power Through","Uppercut+1","Twin Strike","Evolve","Corruption+1","Feed+1","Power Through","Inflame+1","Reaper+1","Fire Breathing+1","Feel No Pain+1","Shrug It Off","Shrug It Off+1","Flame Barrier+1","Shrug It Off","Dark Embrace+1","Feel No Pain+1","Ghostly Armor+1","Impervious","Shrug It Off","Offering","Body Slam+1","Dropkick+1","Flame Barrier","Dual Wield+1","Sentinel+1","Body Slam+1","Shrug It Off+1","Feel No Pain+1","Uppercut+1","Flame Barrier+1","Entrench+1"],"relics":["Burning Blood","InkBottle","Nunchaku","Unceasing Top","Toy Ornithopter","Kunai","StoneCalendar","MealTicket","Orichalcum","Tiny Chest","Astrolabe","Orrery","Molten Egg 2","Bottled Tornado","Mercury Hourglass","Magic Flower","Black Star","Old Coin","Centennial Puzzle","Prayer Wheel","Blood Vial","Mummified Hand","Toxic Egg 2","CaptainsWheel","Du-Vu Doll","Vajra","ClockworkSouvenir","Whetstone","Paper Frog","Akabeko"],"acts_visited":["Exordium","TheCity","TheBeyond","TheEnding"],"potions_floor_usage":[6,10,12,16,25,27,48],"damage_taken":[{"damage":7,"enemies":"Cultist","floor":1,"turns":5},{"damage":8,"enemies":"Small Slimes","floor":2,"turns":4},{"damage":15,"enemies":"Lagavulin","floor":6,"turns":6},{"damage":0,"enemies":"Jaw Worm","floor":7,"turns":3},{"damage":2,"enemies":"Large Slime","floor":8,"turns":9},{"damage":46,"enemies":"Gremlin Nob","floor":10,"turns":5},{"damage":1,"enemies":"Lagavulin","floor":12,"turns":7},{"damage":8,"enemies":"Red Slaver","floor":13,"turns":2},{"damage":24,"enemies":"Gremlin Nob","floor":14,"turns":6},{"damage":20,"enemies":"Hexaghost","floor":16,"turns":9},{"damage":29,"enemies":"Spheric Guardian","floor":18,"turns":6},{"damage":4,"enemies":"Shell Parasite","floor":21,"turns":6},{"damage":21,"enemies":"Shelled Parasite and Fungi","floor":24,"turns":7},{"damage":18,"enemies":"Slavers","floor":25,"turns":4},{"damage":11,"enemies":"Snake Plant","floor":27,"turns":6},{"damage":0,"enemies":"Sentry and Sphere","floor":30,"turns":5},{"damage":3,"enemies":"Gremlin Leader","floor":31,"turns":6},{"damage":10,"enemies":"Automaton","floor":33,"turns":11},{"damage":43,"enemies":"3 Darklings","floor":35,"turns":7},{"damage":6,"enemies":"Mind Bloom Boss Battle","floor":36,"turns":4},{"damage":21,"enemies":"2 Orb Walkers","floor":38,"turns":5},{"damage":2,"enemies":"Reptomancer","floor":40,"turns":2},{"damage":6,"enemies":"3 Shapes","floor":41,"turns":2},{"damage":3,"enemies":"Nemesis","floor":42,"turns":7},{"damage":6,"enemies":"Maw","floor":45,"turns":4},{"damage":6,"enemies":"Sphere and 2 Shapes","floor":47,"turns":2},{"damage":8,"enemies":"Reptomancer","floor":48,"turns":4},{"damage":13,"enemies":"Awakened One","floor":50,"turns":6},{"damage":14,"enemies":"Time Eater","floor":51,"turns":11},{"damage":6,"enemies":"Shield and Spear","floor":55,"turns":3},{"damage":12,"enemies":"The Heart","floor":56,"turns":6}],"seed_played":"8492589567336513573","potions_obtained":[{"floor":2,"key":"PowerPotion"},{"floor":7,"key":"Dexterity Potion"},{"floor":8,"key":"GamblersBrew"},{"floor":16,"key":"PowerPotion"},{"floor":18,"key":"Fruit Juice"},{"floor":25,"key":"SteroidPotion"},{"floor":27,"key":"BloodPotion"},{"floor":38,"key":"ColorlessPotion"},{"floor":47,"key":"DistilledChaos"},{"floor":48,"key":"Fire Potion"}],"is_trial":false,"path_per_floor":["M","M","?","?","?","E","M","M","T","E","$","E","M","E","R","B",null,"M","?","$","M","?","R","M","E","T","M","R","T","M","E","R","B",null,"M","?","$","?","?","E","M","E","T","T","M","$","M","E","R","B","B",null,"R","$","E","B",null],"character_chosen":"IRONCLAD","items_purchased":["Fire Potion","MealTicket","Orrery","Centennial Puzzle","ClockworkSouvenir","Nunchaku","FairyPotion"],"campfire_rested":0,"item_purchase_floors":[11,11,20,37,46,46,54],"current_hp_per_floor":[67,65,47,47,65,56,62,66,66,31,31,41,42,27,27,18,65,45,21,36,50,50,50,44,49,49,63,63,63,72,92,92,106,106,109,112,112,106,106,115,121,124,124,124,124,124,127,130,130,134,134,134,134,134,138,138],"gold":38,"neow_bonus":"TRANSFORM_TWO_CARDS","is_daily":false,"chose_seed":false,"campfire_upgraded":6,"win_rate":0.0,"timestamp":1611513061,"path_taken":["M","?","?","?","?","E","M","?","T","E","$","E","M","E","R","BOSS","M","?","$","M","?","R","M","E","T","?","R","?","M","E","R","BOSS","M","?","$","?","?","E","M","E","T","?","M","?","M","E","R","BOSS","BOSS","R","$","E","BOSS"],"items_purchased_type":["Potion","Relic","Relic","Relic","Relic","Relic","Potion"],"build_version":"2020-12-22","purchased_purges":2,"victory":true,"max_hp_per_floor":[75,75,75,75,75,75,75,75,75,75,75,75,78,81,81,81,81,84,89,89,92,92,92,92,95,95,103,103,103,106,106,106,106,106,109,112,112,112,112,115,121,124,124,124,124,124,127,130,130,134,134,134,134,134,138,138],"relic_stats":{"counters":[31,170],"Astrolabe":["Fire Breathing","Searing Blow","Feel No Pain"],"Magic Flower":[37],"StoneCalendar":[231],"Whetstone":["Reaper","Feed"],"Orichalcum":[168],"Burning Blood":153,"Mercury Hourglass":[396],"Blood Vial":0,"Nunchaku":[6],"Centennial Puzzle":[33],"Mummified Hand":[65],"MealTicket":15,"Tiny Chest":2,"Prayer Wheel":3,"Black Star":4,"Kunai":[21],"obtain_stats":[{"Magic Flower":31,"Vajra":44,"StoneCalendar":10,"Whetstone":48,"Bottled Tornado":26,"Burning Blood":0,"Old Coin":36,"ClockworkSouvenir":46,"Blood Vial":40,"Centennial Puzzle":37,"Nunchaku":46,"Mummified Hand":40,"MealTicket":11,"Tiny Chest":14,"Prayer Wheel":38,"Kunai":9,"Toxic Egg 2":42,"InkBottle":48,"Paper Frog":55,"Astrolabe":17,"Orichalcum":12,"Akabeko":55,"Mercury Hourglass":29,"Du-Vu Doll":43,"CaptainsWheel":42,"Orrery":20,"Molten Egg 2":25,"Black Star":34,"Unceasing Top":3,"Toy Ornithopter":6},{"Magic Flower":17,"Vajra":24,"StoneCalendar":6,"Whetstone":27,"Bottled Tornado":14,"Burning Blood":0,"Old Coin":20,"ClockworkSouvenir":25,"Blood Vial":22,"Centennial Puzzle":20,"Nunchaku":25,"Mummified Hand":22,"MealTicket":6,"Tiny Chest":9,"Prayer Wheel":21,"Kunai":5,"Toxic Egg 2":24,"InkBottle":27,"Paper Frog":30,"Astrolabe":10,"Orichalcum":7,"Akabeko":30,"Mercury Hourglass":15,"Du-Vu Doll":24,"CaptainsWheel":24,"Orrery":11,"Molten Egg 2":14,"Black Star":18,"Unceasing Top":2,"Toy Ornithopter":3},{"Magic Flower":96,"Vajra":134,"StoneCalendar":32,"Whetstone":144,"Bottled Tornado":79,"Burning Blood":0,"Old Coin":118,"ClockworkSouvenir":138,"Blood Vial":125,"Centennial Puzzle":118,"Nunchaku":138,"Mummified Hand":125,"MealTicket":32,"Tiny Chest":47,"Prayer Wheel":123,"Kunai":27,"Toxic Egg 2":134,"InkBottle":144,"Paper Frog":164,"Astrolabe":56,"Orichalcum":39,"Akabeko":164,"Mercury Hourglass":85,"Du-Vu Doll":134,"CaptainsWheel":134,"Orrery":62,"Molten Egg 2":79,"Black Star":107,"Unceasing Top":9,"Toy Ornithopter":15}],"InkBottle":[16],"Unceasing Top":[10],"Toy Ornithopter":27},"card_choices":[{"not_picked":["Pommel Strike","Wild Strike"],"picked":"Uppercut","floor":1},{"not_picked":["Pummel","Thunderclap"],"picked":"Twin Strike","floor":2},{"not_picked":["True Grit","Sword Boomerang","Iron Wave"],"picked":"SKIP","floor":6},{"not_picked":["Sword Boomerang","Combust"],"picked":"Evolve","floor":7},{"not_picked":["Dual Wield","Iron Wave","Twin Strike"],"picked":"SKIP","floor":8},{"not_picked":["Armaments","True Grit"],"picked":"Corruption","floor":10},{"not_picked":["Reckless Charge","Havoc"],"picked":"Feed","floor":12},{"not_picked":["Anger","Hemokinesis"],"picked":"Power Through","floor":13},{"not_picked":["Dark Embrace","Intimidate"],"picked":"Inflame","floor":14},{"not_picked":["Fiend Fire","Bludgeon"],"picked":"Reaper","floor":16},{"not_picked":["Whirlwind","Headbutt"],"picked":"Shrug It Off","floor":18},{"not_picked":["Searing Blow","Flex+1"],"picked":"Shrug It Off+1","floor":20},{"not_picked":["Perfected Strike","Intimidate"],"picked":"Flame Barrier","floor":20},{"not_picked":["Headbutt","Havoc"],"picked":"Shrug It Off","floor":20},{"not_picked":["Metallicize","Twin Strike"],"picked":"Dark Embrace","floor":21},{"not_picked":["Wild Strike","Feed"],"picked":"Ghostly Armor+1","floor":24},{"not_picked":["Havoc","Flex","Rupture"],"picked":"SKIP","floor":25},{"not_picked":["Sword Boomerang+1","Iron Wave+1","Clothesline+1"],"picked":"SKIP","floor":27},{"not_picked":["Clothesline+1","Cleave+1"],"picked":"Impervious","floor":30},{"not_picked":["Havoc","Wild Strike+1"],"picked":"Shrug It Off","floor":31},{"not_picked":["Feed+1","Bludgeon+1"],"picked":"Offering","floor":33},{"not_picked":["Armaments","Sword Boomerang+1"],"picked":"Body Slam+1","floor":35},{"not_picked":["Heavy Blade+1","Thunderclap+1"],"picked":"Dropkick+1","floor":36},{"not_picked":["Cleave+1","Wild Strike+1"],"picked":"Flame Barrier","floor":38},{"not_picked":["Heavy Blade+1","Fiend Fire+1"],"picked":"Dual Wield+1","floor":40},{"not_picked":["Carnage+1","Sever Soul+1"],"picked":"Sentinel+1","floor":41},{"not_picked":["Clash+1","Clothesline+1"],"picked":"Body Slam+1","floor":41},{"not_picked":["Wild Strike+1","Cleave+1"],"picked":"Shrug It Off+1","floor":42},{"not_picked":["Rampage+1","Armaments+1"],"picked":"Feel No Pain","floor":45},{"not_picked":["Sever Soul+1","Heavy Blade+1"],"picked":"Uppercut+1","floor":45},{"not_picked":["Twin Strike+1","Clash+1"],"picked":"Flame Barrier+1","floor":47},{"not_picked":["Blood for Blood+1","Limit Break+1","Clothesline+1"],"picked":"SKIP","floor":47},{"not_picked":["Blood for Blood+1","Limit Break+1","Clothesline+1"],"picked":"SKIP","floor":47},{"not_picked":["Cleave+1","Twin Strike+1","Body Slam+1"],"picked":"SKIP","floor":48},{"not_picked":["Brutality","Armaments+1"],"picked":"Entrench+1","floor":55}],"player_experience":21527134,"relics_obtained":[{"floor":6,"key":"Toy Ornithopter"},{"floor":9,"key":"Kunai"},{"floor":10,"key":"StoneCalendar"},{"floor":12,"key":"Orichalcum"},{"floor":14,"key":"Tiny Chest"},{"floor":25,"key":"Molten Egg 2"},{"floor":26,"key":"Bottled Tornado"},{"floor":29,"key":"Mercury Hourglass"},{"floor":31,"key":"Magic Flower"},{"floor":36,"key":"Old Coin"},{"floor":38,"key":"Prayer Wheel"},{"floor":40,"key":"Blood Vial"},{"floor":40,"key":"Mummified Hand"},{"floor":42,"key":"Toxic Egg 2"},{"floor":42,"key":"CaptainsWheel"},{"floor":43,"key":"Du-Vu Doll"},{"floor":44,"key":"Vajra"},{"floor":48,"key":"InkBottle"},{"floor":48,"key":"Whetstone"},{"floor":55,"key":"Paper Frog"},{"floor":55,"key":"Akabeko"}],"event_choices":[{"damage_healed":0,"gold_gain":0,"player_choice":"Success","damage_taken":18,"relics_obtained":["Unceasing Top"],"max_hp_gain":0,"max_hp_loss":0,"event_name":"Scrap Ooze","floor":3,"gold_loss":0},{"damage_healed":0,"gold_gain":69,"player_choice":"Gained Gold","damage_taken":0,"max_hp_gain":0,"max_hp_loss":0,"event_name":"Golden Wing","floor":4,"gold_loss":0},{"damage_healed":18,"gold_gain":0,"player_choice":"Healed","damage_taken":0,"max_hp_gain":0,"max_hp_loss":0,"event_name":"The Cleric","floor":5,"gold_loss":35},{"damage_healed":0,"gold_gain":0,"player_choice":"Shed Blood","damage_taken":29,"max_hp_gain":5,"max_hp_loss":0,"event_name":"Forgotten Altar","floor":19,"gold_loss":0},{"damage_healed":0,"gold_gain":0,"player_choice":"Copied","damage_taken":0,"max_hp_gain":0,"max_hp_loss":0,"event_name":"Duplicator","floor":22,"gold_loss":0,"cards_obtained":["Feel No Pain"]},{"damage_healed":0,"gold_gain":0,"player_choice":"Fight","damage_taken":0,"max_hp_gain":0,"max_hp_loss":0,"event_name":"MindBloom","floor":36,"gold_loss":0},{"damage_healed":0,"gold_gain":0,"player_choice":"Fight","damage_taken":0,"max_hp_gain":0,"max_hp_loss":0,"event_name":"Mysterious Sphere","floor":38,"gold_loss":0},{"damage_healed":0,"gold_gain":0,"player_choice":"Ignored","damage_taken":0,"max_hp_gain":0,"max_hp_loss":0,"event_name":"Tomb of Lord Red Mask","floor":39,"gold_loss":0}],"is_beta":false,"boss_relics":[{"not_picked":["Ectoplasm","Velvet Choker"],"picked":"Astrolabe"},{"not_picked":["Pandora\u0027s Box","Tiny House"],"picked":"Black Star"}],"items_purged_floors":[37,46],"is_endless":false,"potions_floor_spawned":[2,7,8,16,18,25,27,36,38,40,41,47,48,55],"ascension_level":20}}