{"host":"sup1rd0ujr5jgopq","time":1611525845,"event":{"mods":["BaseMod","Colored Map","Downfall","Minty Spire (QoL Compilation)","StSLib"],"gold_per_floor":[99,109,120,120,140,154,178,205,205,234,253,253,38,68,78,183,183,83,98,183,183,202,219,219,319,80,280,290,302,187,212,225,325,325,125,273,287,302,152,152,197,250,268,268,284,284,318,318,328,328,328,358,39,39,39,39,39,39,39],"floor_reached":57,"playtime":8156,"items_purged":["Pain","Slimebound:Defend_Slimebound","Slimebound:Defend_Slimebound","Slimebound:Strike_Slimebound"],"score":1071,"play_id":"c9f82a9a-f92f-4875-920b-51f81a4d1705","local_time":"20210124170405","is_ascension_mode":true,"campfire_choices":[{"data":"Slimebound:Teamwork","floor":1.0,"key":"SMITH"},{"data":"Slimebound:CorrosiveSpit","floor":9.0,"key":"SMITH"},{"floor":12.0,"key":"RECALL"},{"data":"Slimebound:MassRepurpose","floor":18.0,"key":"SMITH"},{"data":"Slimebound:Teamwork","floor":35.0,"key":"SMITH"},{"data":"Slimebound:SamplingLick","floor":40.0,"key":"SMITH"},{"data":"Slimebound:LeechEnergy","floor":46.0,"key":"SMITH"},{"data":"Slimebound:ForwardTackle","floor":54.0,"key":"SMITH"}],"circlet_count":0,"master_deck":["Slimebound:Strike_Slimebound","Slimebound:Strike_Slimebound+1","Slimebound:Tackle","Slimebound:Defend_Slimebound","Slimebound:Defend_Slimebound","Slimebound:Split+1","Slimebound:CorrosiveSpit+1","Slimebound:Teamwork+1","Slimebound:LivingWall","Slimebound:SamplingLick+1","Slimebound:Repurpose","Slimebound:ForwardTackle+1","Slimebound:Chomp","Slimebound:Prepare","Slimebound:SlimeSpikes","Slimebound:SplitMire","Slimebound:RollThrough+1","Slimebound:RainOfGoop","Slimebound:MassRepurpose+1","Slimebound:SpikyOuterGoop","Slimebound:LeechEnergy+1","Slimebound:SplitMire","Slimebound:Schlurp","Slimebound:SelfFormingGoo+1","Slimebound:SpikyOuterGoop+1","Slimebound:FormOfPuddle","Slimebound:PressTheAttack+1","Slimebound:LevelUp+1","Slimebound:Teamwork+1","Slimebound:Prepare+1","Slimebound:Gluttony+1","Slimebound:SamplingLick+1","Slimebound:SlimeTap+1","Slimebound:LeechEnergy+1","Slimebound:DuplicatedForm+1","Slimebound:MassRepurpose+1","Slimebound:AcidTongue+1","Slimebound:SplitLeeching+1","Slimebound:LivingWall+1","Slimebound:Prepare+1","Slimebound:FlameTackle"],"relics":["Slimebound:AbsorbEndCombat","Nunchaku","Lantern","Slimebound:MaxSlimesRelic","Happy Flower","MealTicket","bronze:MakeshiftBattery","downfall:HeartBlessingRed","Matryoshka","Anchor","FossilizedHelix","Frozen Egg 2","Bottled Flame","Slimebound:TarBlob","downfall:HeartBlessingGreen","downfall:HeartBlessingBlue","Centennial Puzzle","Whetstone","CaptainsWheel","Strawberry","Bag of Preparation","Mercury Hourglass","Bottled Lightning"],"acts_visited":["TheCity","TheBeyond","TheEnding"],"potions_floor_usage":[56],"damage_taken":[{"damage":1.0,"enemies":"Small Slimes","floor":2.0,"turns":3.0},{"damage":0.0,"enemies":"Cultist","floor":3.0,"turns":3.0},{"damage":0.0,"enemies":"Jaw Worm","floor":5.0,"turns":3.0},{"damage":4.0,"enemies":"Red Slaver","floor":6.0,"turns":4.0},{"damage":16.0,"enemies":"3 Sentries","floor":8.0,"turns":10.0},{"damage":7.0,"enemies":"Gremlin Nob","floor":10.0,"turns":4.0},{"damage":3.0,"enemies":"Blue Slaver","floor":11.0,"turns":2.0},{"damage":0.0,"enemies":"downfall:FleeingMerchant","floor":13.0,"turns":4.0},{"damage":16.0,"enemies":"Lagavulin","floor":14.0,"turns":4.0},{"damage":0.0,"enemies":"Exordium Wildlife","floor":15.0,"turns":3.0},{"damage":13.0,"enemies":"SI_SHIV_ARCHETYPE","floor":16.0,"turns":6.0},{"damage":0.0,"enemies":"Spheric Guardian","floor":19.0,"turns":2.0},{"damage":3.0,"enemies":"Shell Parasite","floor":22.0,"turns":3.0},{"damage":6.0,"enemies":"Snake Plant","floor":23.0,"turns":3.0},{"damage":14.0,"enemies":"IC_STATUS_ARCHETYPE","floor":25.0,"turns":5.0},{"damage":3.0,"enemies":"downfall:FleeingMerchant","floor":26.0,"turns":4.0},{"damage":5.0,"enemies":"Centurion and Healer","floor":28.0,"turns":5.0},{"damage":0.0,"enemies":"Cultist and Chosen","floor":29.0,"turns":6.0},{"damage":0.0,"enemies":"downfall:FleeingMerchant","floor":30.0,"turns":4.0},{"damage":0.0,"enemies":"Book of Stabbing","floor":31.0,"turns":5.0},{"damage":0.0,"enemies":"Shelled Parasite and Fungi","floor":32.0,"turns":4.0},{"damage":37.0,"enemies":"DF_ARCHETYPE_CLAW","floor":33.0,"turns":7.0},{"damage":0.0,"enemies":"downfall:FleeingMerchant","floor":36.0,"turns":1.0},{"damage":0.0,"enemies":"Orb Walker","floor":37.0,"turns":4.0},{"damage":0.0,"enemies":"3 Darklings","floor":38.0,"turns":5.0},{"damage":16.0,"enemies":"2 Orb Walkers","floor":42.0,"turns":5.0},{"damage":0.0,"enemies":"Writhing Mass","floor":43.0,"turns":5.0},{"damage":0.0,"enemies":"Spire Growth","floor":45.0,"turns":5.0},{"damage":0.0,"enemies":"Nemesis","floor":47.0,"turns":7.0},{"damage":0.0,"enemies":"Sphere and 2 Shapes","floor":49.0,"turns":4.0},{"damage":32.0,"enemies":"WA_ARCHETYPE_DIVINITY","floor":50.0,"turns":11.0},{"damage":1.0,"enemies":"downfall:CharBossMerchant","floor":52.0,"turns":7.0},{"damage":0.0,"enemies":"downfall:NeowBoss","floor":55.0,"turns":15.0},{"damage":22,"enemies":"downfall:NeowBossFinal","floor":56,"turns":9},{"damage":0,"enemies":"downfall:NeowBossFinal","floor":57,"turns":1}],"seed_played":"6522512796128035300","potions_obtained":[{"floor":2.0,"key":"Slimebound:SlimyTonguePotion"},{"floor":5.0,"key":"ColorlessPotion"},{"floor":6.0,"key":"PowerPotion"},{"floor":25.0,"key":"EntropicBrew"}],"is_trial":false,"path_per_floor":["R","M","M","?","M","M","T","E","R","E","M","R","$","E","M","B",null,"R","M","?","?","M","M","T","?","$","?","M","M","$","E","M","B",null,"R","$","M","M","$","R","T","?","M","?","M","R","E","T","M","B",null,"E","$","R","B","B","B"],"character_chosen":"SLIMEBOUND","items_purchased":["Happy Flower","Slimebound:SplitMire","Slimebound:SelfFormingGoo+1","Slimebound:Gluttony+1","Bottled Lightning","Slimebound:FlameTackle"],"campfire_rested":0,"item_purchase_floors":[13,13,26,36,53,53],"current_hp_per_floor":[65,65,65,65,65,65,65,55,55,52,51,51,59,51,59,54,65,65,65,53,53,54,52,52,44,60,60,60,65,65,65,65,36,65,75,75,75,75,75,75,75,59,65,65,73,73,82,82,82,65,82,82,82,82,82,77,77,77,77],"gold":39,"neow_bonus":"ONE_RANDOM_RARE_CARD","is_daily":false,"chose_seed":false,"campfire_upgraded":7,"win_rate":0.0,"timestamp":1611525845,"path_taken":["R","M","M","?","M","M","T","E","R","E","M","R","?","E","M","BOSS","R","M","?","?","?","M","T","?","$","?","?","M","$","E","M","BOSS","R","$","M","M","$","R","T","?","M","?","?","R","E","?","M","BOSS","E","$","R","BOSS","BOSS","BOSS"],"items_purchased_type":["Relic","Card","Card","Card","Relic","Card"],"build_version":"2020-12-13","purchased_purges":4,"victory":false,"max_hp_per_floor":[65,65,65,65,65,65,65,65,65,65,65,65,65,65,65,65,65,65,65,65,65,65,65,65,65,65,65,65,65,65,65,65,65,65,75,75,75,75,75,75,75,75,75,75,75,75,82,82,82,82,82,82,82,82,82,82,82,82,82],"card_choices":[{"not_picked":["Slimebound:Equalize","Slimebound:ServeAndProtect"],"picked":"Slimebound:LivingWall","floor":2.0},{"not_picked":["Slimebound:ProtectTheBoss","Slimebound:LevelUp"],"picked":"Slimebound:SamplingLick","floor":3.0},{"not_picked":["Slimebound:SlimeBrawl","Slimebound:LevelUp"],"picked":"Slimebound:Repurpose","floor":5.0},{"not_picked":["Slimebound:ViciousTackle","Slimebound:SamplingLick","Slimebound:ServeAndProtect"],"picked":"SKIP","floor":6.0},{"not_picked":["Slimebound:FinishingTackle","Slimebound:WasteNot"],"picked":"Slimebound:ForwardTackle","floor":8.0},{"not_picked":["Slimebound:TongueLash","Slimebound:DisruptingSlam"],"picked":"Slimebound:Chomp","floor":10.0},{"not_picked":["Slimebound:HauntingLick","Slimebound:SplitMire"],"picked":"Slimebound:Prepare","floor":11.0},{"not_picked":["Slimebound:SplitLeeching","Slimebound:Equalize"],"picked":"Slimebound:SlimeSpikes","floor":13.0},{"not_picked":["Slimebound:SplitBruiser","Slimebound:ProtectTheBoss"],"picked":"Slimebound:RollThrough","floor":14.0},{"not_picked":["Slimebound:Prepare","Slimebound:LeadByExample"],"picked":"Slimebound:RainOfGoop","floor":15.0},{"not_picked":["Slimebound:LeechLife","Slimebound:Overexert"],"picked":"Slimebound:MassRepurpose","floor":16.0},{"not_picked":["Slimebound:LivingWall+1","Slimebound:SamplingLick","Slimebound:RollThrough"],"picked":"SKIP","floor":19.0},{"not_picked":["Slimebound:LevelUp","Slimebound:SlimeBrawl+1"],"picked":"Slimebound:SpikyOuterGoop","floor":22.0},{"not_picked":["Slimebound:SlimeTap+1","Slimebound:RainOfGoop"],"picked":"Slimebound:LeechEnergy+1","floor":23.0},{"not_picked":["Slimebound:FinishingTackle","Slimebound:SamplingLick"],"picked":"Slimebound:SplitMire","floor":25.0},{"not_picked":["Slimebound:Dissolve","Slimebound:SplitBruiser"],"picked":"Slimebound:Schlurp","floor":26.0},{"not_picked":["Slimebound:ForwardTackle","Slimebound:ComboTackle"],"picked":"Slimebound:SpikyOuterGoop+1","floor":28.0},{"not_picked":["Slimebound:ComboTackle","Slimebound:GoopTackle"],"picked":"Slimebound:FormOfPuddle","floor":29.0},{"not_picked":["Slimebound:GoopTackle","Slimebound:DisruptingSlam","Slimebound:SplitAcid"],"picked":"SKIP","floor":30.0},{"not_picked":["Slimebound:HauntingLick","Slimebound:SlimeSpikes"],"picked":"Slimebound:PressTheAttack+1","floor":31.0},{"not_picked":["Slimebound:LeechingTouch","Slimebound:FlameTackle"],"picked":"Slimebound:LevelUp+1","floor":32.0},{"not_picked":["Slimebound:CheckThePlaybook","Slimebound:WasteNot"],"picked":"Slimebound:Teamwork","floor":33.0},{"not_picked":["Slimebound:FlameTackle+1","Slimebound:SplitAcid"],"picked":"Slimebound:Prepare+1","floor":36.0},{"not_picked":["Slimebound:ComboTackle+1","Slimebound:LivingWall"],"picked":"Slimebound:SamplingLick+1","floor":37.0},{"not_picked":["Slimebound:RollThrough","Slimebound:HauntingLick"],"picked":"Slimebound:SlimeTap+1","floor":38.0},{"not_picked":["Slimebound:RollThrough+1","Slimebound:AcidTongue+1"],"picked":"Slimebound:LeechEnergy","floor":42.0},{"not_picked":["Slimebound:SplitAcid","Slimebound:PressTheAttack+1"],"picked":"Slimebound:DuplicatedForm+1","floor":43.0},{"not_picked":["Slimebound:LeechingTouch+1","Slimebound:SamplingLick"],"picked":"Slimebound:AcidTongue+1","floor":45.0},{"not_picked":["Slimebound:SpikyOuterGoop+1","Slimebound:Dissolve"],"picked":"Slimebound:SplitLeeching+1","floor":47.0},{"not_picked":["Slimebound:Nibble+1","Slimebound:SlimeBarrage"],"picked":"Slimebound:LivingWall+1","floor":49.0},{"not_picked":["Slimebound:RollThrough+1","Slimebound:FinishingTackle+1"],"picked":"Slimebound:Prepare+1","floor":52.0}],"player_experience":83368,"relics_obtained":[{"floor":7.0,"key":"Nunchaku"},{"floor":8.0,"key":"Lantern"},{"floor":10.0,"key":"Slimebound:MaxSlimesRelic"},{"floor":14.0,"key":"MealTicket"},{"floor":24.0,"key":"Anchor"},{"floor":25.0,"key":"FossilizedHelix"},{"floor":25.0,"key":"Frozen Egg 2"},{"floor":31.0,"key":"Bottled Flame"},{"floor":41.0,"key":"Centennial Puzzle"},{"floor":41.0,"key":"Whetstone"},{"floor":42.0,"key":"CaptainsWheel"},{"floor":47.0,"key":"Strawberry"},{"floor":48.0,"key":"Bag of Preparation"},{"floor":52.0,"key":"Mercury Hourglass"}],"event_choices":[{"damage_healed":0.0,"max_hp_gain":0.0,"max_hp_loss":0.0,"gold_gain":200.0,"event_name":"Wheel of Change","player_choice":"Gold","floor":27.0,"gold_loss":0.0,"damage_taken":0.0},{"damage_healed":0.0,"max_hp_gain":0.0,"max_hp_loss":0.0,"gold_gain":0.0,"event_name":"Mysterious Sphere","player_choice":"Fight","floor":42.0,"gold_loss":0.0,"damage_taken":0.0}],"is_beta":false,"boss_relics":[{"not_picked":["Velvet Choker","Black Star"],"picked":"bronze:MakeshiftBattery"},{"not_picked":["SacredBark","Fusion Hammer"],"picked":"Slimebound:TarBlob"}],"items_purged_floors":[26,30,36,39],"is_endless":false,"potions_floor_spawned":[2,5,6,11,14,15,19,23,25,32,33,38,42,43,45],"killed_by":"downfall:NeowBossFinal","ascension_level":1}}