{"host":"njruw0b0uprlitpx","time":1611517581,"event":{"mods":["2.2 Compatiblity","Astrologer","Bartender","BaseMod","Better Altar","Better Match","Better Note","Better Sensory Stone","Better Skull","Better Third Choice","BetterRewards","Block Reminder","Colored Map","Colored Powertips","Energized Spire","Jedi Mod","Keyboard Shortcuts","Minty Spire (QoL Compilation)","Quick Restart","Rare Cards Sparkle","Relic Stats","Replay The Spire","SacredBarkPlus","Spicy Shops","StSLib","SuperFastMode","The Blackbeard","The Construct","The Dragon Tamer","The Mystic"],"gold_per_floor":[113,113,113,144,0,33,97,97,121,121,1,1,26,43,43,140,140,152,152,3,20,20,20,20,20,20,20,20,20,20,20,20,20,20,20,20,20,20,20,20,20,20,20,20,20,20,20,20,20,20],"floor_reached":51,"language":"ENG","playtime":2660,"items_purged":["Looming Evil","Strike_R"],"score":1028,"play_id":"e031e1d2-be43-4f52-a543-996aa6222e82","local_time":"20210124134621","is_ascension_mode":false,"campfire_choices":[{"data":"Bash","floor":10,"key":"SMITH"},{"data":"ReplayTheSpireMod:Muscle Training","floor":12,"key":"SMITH"},{"data":"Entrench","floor":15,"key":"SMITH"},{"data":"Armaments","floor":23,"key":"SMITH"},{"data":"Hemokinesis","floor":32,"key":"SMITH"},{"data":"Rage","floor":41,"key":"SMITH"},{"floor":45,"key":"REST"},{"floor":49,"key":"DIG"}],"circlet_count":0,"master_deck":["Strike_R","Strike_R","Strike_R","Strike_R+1","Defend_R","Defend_R+1","Bash+1","jedi:harder+1","Warcry+1","Shrug It Off","Spot Weakness","jedi:unlimitedpower","Juggernaut+1","ReplayTheSpireMod:Muscle Training+1","Power Through+1","Clumsy","Barricade+1","Uppercut+1","Whirlwind","Entrench+1","Corruption+1","Hemokinesis+1","Armaments+1","Rage+1","Headbutt","Metallicize","Twin Strike+1","Demon Form+1","Madness","Madness","AscendersBane","Limit Break+1","Fiend Fire+1","Rage","Sword Boomerang"],"relics":["Burning Blood","Golden Egg","Thread and Needle","Strange Spoon","Ring of Fury","ReplayTheSpireMod:Ring of Challenge","Bag of Marbles","Centennial Puzzle","ReplayTheSpireMod:CursedCoin","Simple Rune","jedi:paperlyon","PreservedInsect","jedi:ominousloannote","King of Hearts","Question Card","Matryoshka","Sozu","White Beast Statue","Garlic","Gremlin Horn","Replay:Accelerometer"],"acts_visited":["Exordium","TheCity","TheBeyond"],"potions_floor_usage":[16,24,24,33,33,33],"damage_taken":[{"damage":0.0,"enemies":"Small Slimes","floor":1.0,"turns":4.0},{"damage":4.0,"enemies":"Jaw Worm","floor":4.0,"turns":2.0},{"damage":9,"enemies":"Replay:BlueRogue","floor":6,"turns":3},{"damage":2,"enemies":"2 Louse","floor":7,"turns":2},{"damage":4,"enemies":"Lagavulin","floor":13,"turns":5},{"damage":5,"enemies":"Exordium Wildlife","floor":14,"turns":2},{"damage":12,"enemies":"Hexaghost","floor":16,"turns":5},{"damage":6,"enemies":"2 Thieves","floor":18,"turns":2},{"damage":0,"enemies":"Spheric Guardian","floor":22,"turns":3},{"damage":13,"enemies":"Book of Stabbing","floor":24,"turns":1},{"damage":14,"enemies":"Shelled Parasite and Fungi","floor":25,"turns":3},{"damage":7,"enemies":"Snake Plant","floor":28,"turns":3},{"damage":10,"enemies":"3 Cultists","floor":30,"turns":4},{"damage":2,"enemies":"Snecko","floor":31,"turns":3},{"damage":0,"enemies":"Champ","floor":33,"turns":5},{"damage":3,"enemies":"Orb Walker","floor":35,"turns":2},{"damage":13,"enemies":"Reptomancer","floor":40,"turns":3},{"damage":12,"enemies":"3 Darklings","floor":42,"turns":3},{"damage":5,"enemies":"Spire Growth","floor":44,"turns":3},{"damage":10,"enemies":"Writhing Mass","floor":46,"turns":3},{"damage":33,"enemies":"Time Eater","floor":50,"turns":6}],"seed_played":"-969148219387182920","potions_obtained":[{"floor":4.0,"key":"HeartOfIron"},{"floor":6,"key":"ElixirPotion"},{"floor":13,"key":"SneckoOil"},{"floor":25,"key":"LifebloodPotion"},{"floor":28,"key":"Block Potion"},{"floor":30,"key":"BloodPotion"},{"floor":33,"key":"Milkshake"}],"is_trial":false,"path_per_floor":["M","?","?","M","$","E","M","?","T","R","$","R","E","M","R","B",null,"M","?","$","$","M","R","E","M","T","$","M","$","M","M","R","B",null,"M","?","?","$","?","E","R","M","T","M","R","M","?","$","R_BF","B",null],"character_chosen":"IRONCLAD","items_purchased":["Golden Egg","jedi:harder","Strange Spoon","Replay:Undeath\u0027s Touch","Warcry","jedi:unlimitedpower","ReplayTheSpireMod:CursedCoin","Barricade","Uppercut","PreservedInsect","jedi:ominousloannote","King of Hearts","EssenceOfSteel","SkillPotion"],"campfire_rested":1,"item_purchase_floors":[0,0,0,0,0,5,11,11,11,20,21,21,21,21],"current_hp_per_floor":[80,73,73,75,75,72,76,76,76,76,76,76,78,79,79,73,80,80,80,80,80,80,80,73,65,65,65,64,64,60,64,64,80,80,80,70,70,70,70,63,63,57,57,58,80,76,76,76,76,49],"gold":20,"neow_bonus":"","is_daily":false,"chose_seed":false,"campfire_upgraded":6,"win_rate":0.0,"timestamp":1611517581,"path_taken":["M","?","?","M","?","E","M","?","T","R","$","R","E","M","R","BOSS","M","?","?","$","M","R","E","M","T","$","?","$","?","M","R","BOSS","M","?","?","$","?","E","R","M","T","M","R","M","?","$","R_BF","BOSS"],"items_purchased_type":["Relic","Card","Relic","Card","Card","Card","Relic","Card","Card","Relic","Relic","Relic","Potion","Potion"],"build_version":"2020-12-22","purchased_purges":2,"victory":true,"max_hp_per_floor":[80,80,80,80,80,80,80,80,80,80,80,80,80,80,80,80,80,80,80,80,80,80,80,80,80,80,80,80,80,80,80,80,80,80,80,80,80,80,80,80,80,80,80,80,80,80,80,80,80,80],"relic_stats":{"Sozu":13,"Strange Spoon":[36],"Centennial Puzzle":[15],"Gremlin Horn":[0,0],"counters":[55,180],"PreservedInsect":714,"Question Card":10,"obtain_stats":[{"Ice Cream":24,"Golden Egg":43,"Replay:Accelerometer":49,"Gremlin Horn":43,"Whetstone":39,"construct:ClockworkPhoenix":0,"HollowMod:StagPassRelic":6,"Ring of Searing":31,"Centennial Puzzle":43,"DollysMirror":29,"Prayer Wheel":0,"Replay:Bottled Flurry":44,"Kunai":7,"HollowMod:PaleOreRelic":9,"Replay:Wax Seal":48,"Happy Flower":4,"ReplayTheSpireMod:CursedCoin":45,"Replay:Grab Bag":17,"HollowMod:JonisBlessing":4,"Oddly Smooth Stone":14,"Pen Nib":8,"Question Card":26,"jedi:heavyjacket":45,"Replay:Baseball":26,"energizedSpire:NeverEndingSparkler":34,"Pandora\u0027s Box":17,"ReplayTheSpireMod:DimensionalGlitch":34,"Meat on the Bone":3,"Mango":39,"theForsaken:Lifeblossom":0,"StoneCalendar":37,"jedi:Pinwheel":43,"jedi:archwizardhat":3,"ClockworkSouvenir":5,"Replay:Rubber Ducky":9,"energizedSpire:CursedPentagram":17,"Mummified Hand":47,"Pantograph":27,"Genji_Glove":11,"jedi:matchstick":30,"energizedSpire:HugeHouse":17,"Chemical X":37,"Ring of Panic":31,"BargainBundle":0,"construct:ClawGrip":17,"Lee\u0027s Waffle":44,"ReplayTheSpireMod:Ninjato":0,"The Courier":10,"jedi:crownofsimplicity":45,"Medical Kit":37,"White Beast Statue":0,"Anchor":29,"Turnip":41,"Garlic":43,"Membership Card":0,"jedi:arcanewood":4,"FossilizedHelix":38,"TungstenRod":0},{"Ice Cream":30,"Golden Egg":40,"Replay:Accelerometer":54,"Gremlin Horn":52,"Whetstone":38,"construct:ClockworkPhoenix":0,"HollowMod:StagPassRelic":20,"Ring of Searing":9,"Centennial Puzzle":46,"DollysMirror":33,"Prayer Wheel":17,"Replay:Bottled Flurry":41,"Kunai":3,"HollowMod:PaleOreRelic":21,"Replay:Wax Seal":16,"Happy Flower":18,"ReplayTheSpireMod:CursedCoin":41,"Replay:Grab Bag":25,"HollowMod:JonisBlessing":18,"Oddly Smooth Stone":24,"Pen Nib":21,"Question Card":31,"jedi:heavyjacket":47,"Replay:Baseball":9,"energizedSpire:NeverEndingSparkler":10,"Pandora\u0027s Box":5,"ReplayTheSpireMod:DimensionalGlitch":36,"Meat on the Bone":1,"Mango":13,"theForsaken:Lifeblossom":17,"StoneCalendar":38,"jedi:Pinwheel":13,"jedi:archwizardhat":18,"ClockworkSouvenir":2,"Replay:Rubber Ducky":3,"energizedSpire:CursedPentagram":25,"Mummified Hand":48,"Pantograph":32,"Genji_Glove":4,"jedi:matchstick":34,"energizedSpire:HugeHouse":25,"Chemical X":11,"Ring of Panic":9,"BargainBundle":17,"construct:ClawGrip":25,"Lee\u0027s Waffle":46,"ReplayTheSpireMod:Ninjato":17,"The Courier":4,"jedi:crownofsimplicity":41,"Medical Kit":11,"White Beast Statue":17,"Anchor":33,"Turnip":39,"Garlic":52,"Membership Card":17,"jedi:arcanewood":18,"FossilizedHelix":12,"TungstenRod":17},{"Ice Cream":92,"Golden Egg":126,"Replay:Accelerometer":174,"Gremlin Horn":168,"Whetstone":121,"construct:ClockworkPhoenix":0,"HollowMod:StagPassRelic":59,"Ring of Searing":29,"Centennial Puzzle":146,"DollysMirror":103,"Prayer Wheel":50,"Replay:Bottled Flurry":131,"Kunai":8,"HollowMod:PaleOreRelic":63,"Replay:Wax Seal":45,"Happy Flower":52,"ReplayTheSpireMod:CursedCoin":131,"Replay:Grab Bag":77,"HollowMod:JonisBlessing":52,"Oddly Smooth Stone":71,"Pen Nib":63,"Question Card":96,"jedi:heavyjacket":148,"Replay:Baseball":29,"energizedSpire:NeverEndingSparkler":34,"Pandora\u0027s Box":18,"ReplayTheSpireMod:DimensionalGlitch":117,"Meat on the Bone":2,"Mango":40,"theForsaken:Lifeblossom":50,"StoneCalendar":121,"jedi:Pinwheel":40,"jedi:archwizardhat":52,"ClockworkSouvenir":4,"Replay:Rubber Ducky":8,"energizedSpire:CursedPentagram":77,"Mummified Hand":150,"Pantograph":100,"Genji_Glove":12,"jedi:matchstick":106,"energizedSpire:HugeHouse":77,"Chemical X":36,"Ring of Panic":29,"BargainBundle":50,"construct:ClawGrip":77,"Lee\u0027s Waffle":146,"ReplayTheSpireMod:Ninjato":50,"The Courier":12,"jedi:crownofsimplicity":131,"Medical Kit":36,"White Beast Statue":50,"Anchor":103,"Turnip":123,"Garlic":168,"Membership Card":50,"jedi:arcanewood":52,"FossilizedHelix":38,"TungstenRod":50}],"Burning Blood":232},"card_choices":[{"not_picked":["Havoc","ReplayTheSpireMod:Strike From Hell"],"picked":"Shrug It Off","floor":1.0},{"not_picked":["Perfected Strike","Clash"],"picked":"Spot Weakness","floor":4.0},{"not_picked":["Power Through","Metallicize"],"picked":"Juggernaut","floor":6},{"not_picked":["Dropkick","Flex"],"picked":"ReplayTheSpireMod:Muscle Training","floor":7},{"not_picked":["Clash","Shrug It Off"],"picked":"Whirlwind","floor":13},{"not_picked":["ReplayReversal","Sword Boomerang"],"picked":"Entrench","floor":14},{"not_picked":["Barricade","Reaper"],"picked":"Corruption","floor":16},{"not_picked":["Cleave","True Grit"],"picked":"Hemokinesis","floor":18},{"not_picked":["Pommel Strike","Wild Strike"],"picked":"Armaments","floor":22},{"not_picked":["Corruption","ReplayTheSpireMod:Strike From Hell"],"picked":"Rage","floor":24},{"not_picked":["Sword Boomerang","Havoc","Clothesline"],"picked":"Headbutt","floor":25},{"not_picked":["Pommel Strike","Sword Boomerang","Warcry"],"picked":"Metallicize","floor":28},{"not_picked":["Infernal Blade","Wild Strike","Blood for Blood"],"picked":"Twin Strike+1","floor":30},{"not_picked":["ReplayTheSpireMod:Strike From Hell","Flex","Run Through","Shrug It Off"],"picked":"SKIP","floor":31},{"not_picked":["Impervious","Fiend Fire","Brutality"],"picked":"Demon Form","floor":33},{"not_picked":["Wild Strike","Sever Soul+1","jedi:controlledanger","Shrug It Off+1"],"picked":"SKIP","floor":35},{"not_picked":["ReplayTheSpireMod:Strike From Hell","Life Link","Second Wind+1"],"picked":"Fiend Fire","floor":40},{"not_picked":["Sword Boomerang","Warcry","Shrug It Off"],"picked":"Rage","floor":42},{"not_picked":["Shrug It Off","Clash+1","Iron Wave+1"],"picked":"Sword Boomerang","floor":44},{"not_picked":["Headbutt","Run Through","Spot Weakness","jedi:hate+1"],"picked":"SKIP","floor":46}],"player_experience":1533501,"relics_obtained":[{"floor":3.0,"key":"Ring of Fury"},{"floor":3.0,"key":"ReplayTheSpireMod:Ring of Challenge"},{"floor":6,"key":"Bag of Marbles"},{"floor":9,"key":"Centennial Puzzle"},{"floor":13,"key":"Simple Rune"},{"floor":24,"key":"Question Card"},{"floor":26,"key":"Matryoshka"},{"floor":40,"key":"White Beast Statue"},{"floor":43,"key":"Garlic"},{"floor":43,"key":"Gremlin Horn"},{"floor":49,"key":"Replay:Accelerometer"}],"event_choices":[{"cards_removed":["Defend_R"],"damage_healed":0.0,"max_hp_gain":0.0,"max_hp_loss":0.0,"gold_gain":0.0,"event_name":"Golden Wing","player_choice":"Card Removal","floor":2.0,"gold_loss":0.0,"damage_taken":7.0},{"cards_removed":["Corruption"],"damage_healed":0,"gold_gain":0,"player_choice":"Give","damage_taken":0,"max_hp_gain":0,"max_hp_loss":0,"event_name":"betterNote:BetterNote","floor":19,"gold_loss":0,"cards_obtained":["None"]},{"damage_healed":0,"gold_gain":0,"player_choice":"Embrace Madness","damage_taken":10,"max_hp_gain":0,"max_hp_loss":0,"event_name":"Winding Halls","floor":36,"gold_loss":0,"cards_obtained":["Madness","Madness"]},{"damage_healed":0,"gold_gain":3,"player_choice":"3","damage_taken":0,"max_hp_gain":0,"max_hp_loss":0,"event_name":"betterStone:BetterStone","floor":37,"gold_loss":0,"cards_obtained":["Limit Break"]},{"cards_removed":["Replay:Undeath\u0027s Touch"],"damage_healed":0,"gold_gain":0,"player_choice":"Removed Attack","damage_taken":0,"max_hp_gain":0,"max_hp_loss":0,"event_name":"Falling","floor":39,"gold_loss":0},{"damage_healed":0,"gold_gain":0,"player_choice":"Ignored","damage_taken":0,"max_hp_gain":0,"max_hp_loss":0,"event_name":"Mysterious Sphere","floor":47,"gold_loss":0}],"is_beta":false,"boss_relics":[{"not_picked":["Runic Dome","Runic Cube"],"picked":"jedi:paperlyon"},{"not_picked":["energizedSpire:DecayingSkull","Pandora\u0027s Box"],"picked":"Sozu"}],"items_purged_floors":[5,21],"is_endless":false,"potions_floor_spawned":[4,6,13,14,22,25,28,30,33,40,42,44,46],"ascension_level":0}}