{"host":"313mh4uoe5sucao3","time":1611478588,"event":{"mods":["Arknights The Spire","BaseMod","Dota2Spire","Downfall","Good Game Mod","Hero for Fun","Minty Spire (QoL Compilation)","Quick Restart","Shop Mod","StSLib","Td1madao Mod","The Bladedancer","UnlockEverythingMod","[IsaacMod]ÒÔÈö¼âËþ"],"gold_per_floor":[110,110,110,0,0,30,42,42,95,112,122,137,137,162,162,162,162],"floor_reached":16,"language":"ZHS","playtime":1422,"items_purged":["SuicideKing"],"score":100,"play_id":"e0c1baed-c057-4fa7-88d2-00f868cb5820","local_time":"20210124165628","is_ascension_mode":false,"campfire_choices":[{"floor":15.0,"key":"REST"}],"circlet_count":0,"master_deck":["Strike_C","Strike_C","Strike_C","Strike_C","Defend_C","Defend_C","Defend_C+1","Defend_C","Knight Kick","Chip","sneckomod:Unknown3Cost+1","Pod Fire","Black Contract","Light Attack","Cooling Song","Reflection Mechanism","Injury"],"relics":["Apod","REME:ComplimentaryCards","HushsDoor","SteamSale","Shuriken","Golden Idol","Odd Mushroom"],"acts_visited":["Exordium"],"potions_floor_usage":[16],"damage_taken":[{"damage":1.0,"enemies":"Jaw Worm","floor":1.0,"turns":5.0},{"damage":30.0,"enemies":"Lagavulin","floor":6.0,"turns":8.0},{"damage":0.0,"enemies":"Cultist","floor":7.0,"turns":3.0},{"damage":10.0,"enemies":"Small Slimes","floor":10.0,"turns":2.0},{"damage":3.0,"enemies":"Red Slaver","floor":11.0,"turns":2.0},{"damage":9.0,"enemies":"Large Slime","floor":12.0,"turns":5.0},{"damage":4.0,"enemies":"The Mushroom Lair","floor":14.0,"turns":5.0},{"damage":45,"enemies":"Slime Boss","floor":16,"turns":9}],"seed_played":"-7589890773116240418","potions_obtained":[{"floor":7.0,"key":"LiquidMemories"},{"floor":10.0,"key":"Regen Potion"},{"floor":12.0,"key":"SpeedPotion"},{"floor":14.0,"key":"Dota2Spire:Clarity"}],"is_trial":false,"path_per_floor":["M","?","?","$","?","E","M","$","T","M","M","M","?","?","R","B"],"character_chosen":"TD1MADAO_CLASS","items_purchased":["Black Contract"],"campfire_rested":1,"item_purchase_floors":[4],"current_hp_per_floor":[76,61,61,61,61,31,31,31,31,21,18,23,23,19,42,0,0],"gold":162,"neow_bonus":"TEN_PERCENT_HP_BONUS","is_daily":false,"chose_seed":false,"campfire_upgraded":0,"win_rate":0.0,"timestamp":1611478588,"path_taken":["M","?","?","?","?","E","M","$","T","M","?","M","?","?","R","BOSS"],"items_purchased_type":["Card"],"build_version":"2020-12-22","purchased_purges":1,"victory":false,"max_hp_per_floor":[77,77,77,77,77,77,77,77,77,77,77,77,77,77,77,77,77],"card_choices":[{"not_picked":[],"picked":"SuicideKing","floor":0.0},{"not_picked":["Winding Magic","Preparedness"],"picked":"Pod Fire","floor":1.0},{"not_picked":["Provocative","De Ware Chip","Backup"],"picked":"SKIP","floor":6.0},{"not_picked":["Oblique Hack","Floating Swing Kick"],"picked":"Light Attack","floor":7.0},{"not_picked":["Rupture","Trader"],"picked":"Cooling Song","floor":10.0},{"not_picked":["Provocative","Black Shadow"],"picked":"Reflection Mechanism","floor":11.0},{"not_picked":["White Contract","Provocative","Transfer Energy"],"picked":"SKIP","floor":12.0}],"player_experience":17522,"relics_obtained":[{"floor":6.0,"key":"Shuriken"},{"floor":14.0,"key":"Odd Mushroom"}],"event_choices":[{"damage_healed":0.0,"max_hp_gain":0.0,"max_hp_loss":0.0,"gold_gain":0.0,"event_name":"Shining Light","player_choice":"Entered Light","floor":2.0,"gold_loss":0.0,"damage_taken":15.0,"cards_upgraded":["Defend_C","sneckomod:Unknown3Cost"]},{"damage_healed":0.0,"max_hp_gain":0.0,"max_hp_loss":0.0,"gold_gain":0.0,"event_name":"World of Goop","player_choice":"Left Gold","floor":5.0,"gold_loss":0.0,"damage_taken":0.0},{"damage_healed":0.0,"max_hp_gain":0.0,"max_hp_loss":0.0,"gold_gain":0.0,"event_name":"Golden Idol","player_choice":"Take Wound","floor":13.0,"gold_loss":0.0,"damage_taken":0.0,"relics_obtained":["Golden Idol"],"cards_obtained":["Injury"]},{"damage_healed":0.0,"max_hp_gain":0.0,"max_hp_loss":0.0,"gold_gain":0.0,"event_name":"Mushrooms","player_choice":"Fought Mushrooms","floor":14.0,"gold_loss":0.0,"damage_taken":0.0}],"is_beta":false,"boss_relics":[],"items_purged_floors":[4],"is_endless":false,"potions_floor_spawned":[7,10,12,14],"killed_by":"Slime Boss","ascension_level":0}}