{"host":"srk2drlvga69hbot","time":1611526219,"event":{"mods":["BaseMod","Bestiary","Block Reminder","Colored Map","Colored Powertips","Dark Map","DeckTracker","Highlight Path","Minty Spire (QoL Compilation)","Quick Restart","Rare Cards Sparkle","Relic Stats","SuperFastMode","Unceasing Turn Reminder"],"gold_per_floor":[109,109,121,196,196,222,222,222,246,270,270,270,270],"floor_reached":12,"language":"ZHS","playtime":170,"items_purged":[],"score":136,"play_id":"179af397-ea31-4765-80ee-9a32be141ffc","local_time":"20210125061019","is_ascension_mode":true,"campfire_choices":[{"data":"Neutralize","floor":7,"key":"SMITH"},{"data":"Survivor","floor":11,"key":"SMITH"}],"circlet_count":0,"master_deck":["Strike_G","Strike_G","Strike_G","Defend_G","Defend_G","Defend_G","Defend_G","Defend_G","Survivor+1","Neutralize+1","Escape Plan","Underhanded Strike","Acrobatics"],"relics":["Ring of the Snake","NeowsBlessing","Potion Belt","Golden Idol","Smiling Mask"],"acts_visited":["Exordium"],"potions_floor_usage":[10],"damage_taken":[{"damage":0,"enemies":"Small Slimes","floor":1,"turns":1},{"damage":0,"enemies":"Cultist","floor":3,"turns":1},{"damage":0,"enemies":"3 Sentries","floor":6,"turns":1},{"damage":4,"enemies":"Jaw Worm","floor":10,"turns":4},{"damage":42,"enemies":"Gremlin Nob","floor":12,"turns":5}],"seed_played":"6951806997822733224","potions_obtained":[{"floor":1,"key":"Swift Potion"},{"floor":10,"key":"Fruit Juice"}],"is_trial":false,"path_per_floor":["M","?","M","?","?","E","R","?","T","M","R","E"],"character_chosen":"THE_SILENT","items_purchased":[],"campfire_rested":0,"item_purchase_floors":[],"current_hp_per_floor":[63,63,63,52,45,45,45,45,45,46,46,4,4],"gold":270,"neow_bonus":"THREE_ENEMY_KILL","is_daily":false,"chose_seed":false,"campfire_upgraded":2,"win_rate":0.0,"timestamp":1611526219,"path_taken":["M","?","?","?","?","E","R","?","T","M","R","E"],"items_purchased_type":[],"build_version":"2020-12-22","purchased_purges":0,"victory":false,"max_hp_per_floor":[70,70,70,70,70,70,70,65,65,70,70,70,70],"relic_stats":{"counters":[5,12],"Golden Idol":5,"Smiling Mask":0,"obtain_stats":[{"Potion Belt":6,"NeowsBlessing":0,"Golden Idol":8,"Smiling Mask":9,"Ring of the Snake":0},{"Potion Belt":3,"NeowsBlessing":0,"Golden Idol":3,"Smiling Mask":3,"Ring of the Snake":0},{"Potion Belt":3,"NeowsBlessing":0,"Golden Idol":3,"Smiling Mask":3,"Ring of the Snake":0}],"Ring of the Snake":[10]},"card_choices":[{"not_picked":["Endless Agony","Quick Slash"],"picked":"Escape Plan","floor":1},{"not_picked":["Deadly Poison","Caltrops"],"picked":"Underhanded Strike","floor":3},{"not_picked":["PiercingWail","Poisoned Stab","Flechettes"],"picked":"SKIP","floor":6},{"not_picked":["Prepared","Outmaneuver"],"picked":"Acrobatics","floor":10}],"player_experience":233953,"relics_obtained":[{"floor":6,"key":"Potion Belt"},{"floor":9,"key":"Smiling Mask"}],"event_choices":[{"cards_removed":["Strike_G"],"damage_healed":0,"gold_gain":0,"player_choice":"Offered Basic","damage_taken":0,"max_hp_gain":0,"max_hp_loss":0,"event_name":"Bonfire Elementals","floor":2,"gold_loss":0},{"damage_healed":0,"gold_gain":75,"player_choice":"Gather Gold","damage_taken":11,"max_hp_gain":0,"max_hp_loss":0,"event_name":"World of Goop","floor":4,"gold_loss":0},{"cards_removed":["Strike_G"],"damage_healed":0,"gold_gain":0,"player_choice":"Card Removal","damage_taken":7,"max_hp_gain":0,"max_hp_loss":0,"event_name":"Golden Wing","floor":5,"gold_loss":0},{"damage_healed":0,"gold_gain":0,"player_choice":"Lose Max HP","damage_taken":0,"relics_obtained":["Golden Idol"],"max_hp_gain":0,"max_hp_loss":5,"event_name":"Golden Idol","floor":8,"gold_loss":0}],"is_beta":false,"boss_relics":[],"items_purged_floors":[],"is_endless":false,"potions_floor_spawned":[1,10],"killed_by":"Gremlin Nob","ascension_level":7}}