{"host":"p9t7qd83igtcp2bh","time":1611467262,"event":{"mods":["2.2 Compatiblity","AchievementEnabler","BaseMod","Colored Map","Colored Powertips","Custom Start","DeckTracker","Keyboard Shortcuts","Minty Spire (QoL Compilation)","Permanent Neow","StSLib","SuperFastMode","everything is the same but u backflip on backflip"],"gold_per_floor":[15,15,15,39,60,60,60,83,110,110,34,57,78,101,101,191,191,206,57,57,70,70,113,126,126,126,126,176,176,210,228,228,319,319,332,390,173,197,97,97,138,138,162,183,222,222,222,240,240,240,240,240,240,108,149,149],"floor_reached":57,"language":"KOR","playtime":1364,"items_purged":["Strike_R","Strike_R+1","Defend_R"],"score":2880,"play_id":"8792ee81-d8bf-4e3c-aa52-b95c101db93b","local_time":"20210124144742","is_ascension_mode":true,"campfire_choices":[{"data":"Body Slam","floor":6.0,"key":"SMITH"},{"data":"Shockwave","floor":10.0,"key":"SMITH"},{"data":"Inflame","floor":15.0,"key":"SMITH"},{"data":"Dark Embrace","floor":25.0,"key":"SMITH"},{"data":"Power Through","floor":27.0,"key":"SMITH"},{"floor":29.0,"key":"REST"},{"data":"Barricade","floor":32,"key":"SMITH"},{"data":"Feel No Pain","floor":40,"key":"SMITH"},{"floor":42,"key":"RECALL"},{"data":"Offering","floor":46,"key":"SMITH"},{"data":"Second Wind","floor":49,"key":"SMITH"},{"data":"Feel No Pain","floor":53,"key":"SMITH"}],"circlet_count":0,"master_deck":["AscendersBane","Defend_R+1","Bash+1","Power Through+1","Body Slam+1","Shockwave+1","Inflame+1","Havoc","Dark Embrace+1","Second Wind+1","Offering+1","Barricade+1","Feel No Pain+1","Feel No Pain+1"],"relics":["Burning Blood","Golden Idol","Oddly Smooth Stone","Sozu","Red Skull","The Courier","Whetstone","Runic Pyramid","Bird Faced Urn","Shuriken","Thread and Needle","Bag of Preparation","Incense Burner"],"acts_visited":["Exordium","TheCity","TheBeyond","TheEnding"],"potions_floor_usage":[],"damage_taken":[{"damage":14.0,"enemies":"Jaw Worm","floor":1.0,"turns":4.0},{"damage":0.0,"enemies":"2 Louse","floor":4.0,"turns":4.0},{"damage":0.0,"enemies":"Cultist","floor":5.0,"turns":3.0},{"damage":3.0,"enemies":"Looter","floor":8.0,"turns":3.0},{"damage":12.0,"enemies":"2 Fungi Beasts","floor":12.0,"turns":4.0},{"damage":4.0,"enemies":"3 Louse","floor":13.0,"turns":4.0},{"damage":0.0,"enemies":"Exordium Wildlife","floor":14.0,"turns":3.0},{"damage":37.0,"enemies":"Hexaghost","floor":16.0,"turns":9.0},{"damage":6.0,"enemies":"Spheric Guardian","floor":18.0,"turns":4.0},{"damage":12.0,"enemies":"2 Thieves","floor":21.0,"turns":3.0},{"damage":37.0,"enemies":"Slavers","floor":23.0,"turns":6.0},{"damage":0.0,"enemies":"Chosen and Byrds","floor":24.0,"turns":5.0},{"damage":38,"enemies":"Gremlin Leader","floor":30,"turns":4},{"damage":6,"enemies":"Centurion and Healer","floor":31,"turns":4},{"damage":10,"enemies":"Collector","floor":33,"turns":8},{"damage":6,"enemies":"3 Shapes","floor":35,"turns":4},{"damage":6,"enemies":"2 Orb Walkers","floor":36,"turns":4},{"damage":6,"enemies":"Orb Walker","floor":38,"turns":2},{"damage":6,"enemies":"Reptomancer","floor":41,"turns":3},{"damage":6,"enemies":"Jaw Worm Horde","floor":44,"turns":4},{"damage":0,"enemies":"Giant Head","floor":45,"turns":4},{"damage":0,"enemies":"Sphere and 2 Shapes","floor":48,"turns":6},{"damage":0,"enemies":"Donu and Deca","floor":50,"turns":5},{"damage":1,"enemies":"Awakened One","floor":51,"turns":7},{"damage":4,"enemies":"Shield and Spear","floor":55,"turns":4},{"damage":6,"enemies":"The Heart","floor":56,"turns":6}],"seed_played":"8786402172691725333","potions_obtained":[{"floor":1.0,"key":"SkillPotion"},{"floor":5.0,"key":"DuplicationPotion"}],"is_trial":false,"path_per_floor":["M","?","?","M","M","R","?","M","T","R","$","M","M","M","R","B",null,"M","$","?","M","?","E","M","R","T","R","?","R","E","M","R","B",null,"M","?","$","M","$","R","E","R","T","M","E","R","?","M","R","B","B",null,"R","$","E","B",null],"character_chosen":"IRONCLAD","items_purchased":["Inflame","Dark Embrace","Feel No Pain","Feel No Pain","Bag of Preparation"],"campfire_rested":1,"item_purchase_floors":[11,19,37,37,54],"current_hp_per_floor":[60,60,40,46,52,52,52,55,55,55,55,49,51,57,57,26,58,58,58,58,52,52,21,27,27,27,27,27,47,15,15,15,11,54,54,54,54,62,62,62,68,68,68,68,68,68,68,68,68,68,68,68,68,68,68,68],"gold":149,"neow_bonus":"REMOVE_TWO","is_daily":false,"chose_seed":false,"campfire_upgraded":10,"win_rate":0.0,"timestamp":1611467262,"path_taken":["M","?","?","M","M","R","?","M","T","R","$","M","?","M","R","BOSS","M","$","?","M","?","E","M","R","T","R","?","R","E","M","R","BOSS","M","?","$","M","$","R","E","R","T","M","E","R","?","M","R","BOSS","BOSS","R","$","E","BOSS"],"items_purchased_type":["Card","Card","Card","Card","Relic"],"build_version":"2020-12-22","purchased_purges":3,"victory":true,"max_hp_per_floor":[75,68,68,68,68,68,68,68,68,68,68,68,68,68,68,68,68,68,68,68,68,68,68,68,68,68,68,68,68,68,68,68,68,68,68,68,68,68,68,68,68,68,68,68,68,68,68,68,68,68,68,68,68,68,68,68],"card_choices":[{"not_picked":["Cleave","Entrench"],"picked":"Power Through","floor":1.0},{"not_picked":["Twin Strike","Flex"],"picked":"Body Slam","floor":4.0},{"not_picked":["Rampage","Flex"],"picked":"Shockwave","floor":5.0},{"not_picked":["Clash","Body Slam","Flex"],"picked":"SKIP","floor":8.0},{"not_picked":["Searing Blow","Whirlwind","Berserk"],"picked":"SKIP","floor":12.0},{"not_picked":["Hemokinesis","Havoc","Clothesline"],"picked":"SKIP","floor":13.0},{"not_picked":["Hemokinesis","Clothesline"],"picked":"Havoc","floor":13.0},{"not_picked":["Heavy Blade","True Grit","Thunderclap"],"picked":"SKIP","floor":14.0},{"not_picked":["Clothesline","Heavy Blade","Pommel Strike+1"],"picked":"SKIP","floor":18.0},{"not_picked":["Flex","Iron Wave","Fiend Fire"],"picked":"SKIP","floor":21.0},{"not_picked":["Armaments","Dropkick","Rupture"],"picked":"SKIP","floor":23.0},{"not_picked":["Infernal Blade","Sword Boomerang","Flame Barrier"],"picked":"SKIP","floor":24.0},{"not_picked":["Rage","Shrug It Off"],"picked":"Barricade","floor":30},{"not_picked":["Flame Barrier","Sword Boomerang","Wild Strike"],"picked":"SKIP","floor":31},{"not_picked":["Cleave","Thunderclap+1","Havoc"],"picked":"SKIP","floor":35},{"not_picked":["Blood for Blood","Perfected Strike","Immolate"],"picked":"SKIP","floor":38},{"not_picked":["Wild Strike+1","Whirlwind","Blood for Blood"],"picked":"SKIP","floor":41},{"not_picked":["Wild Strike+1","Whirlwind","Blood for Blood"],"picked":"SKIP","floor":41},{"not_picked":["Disarm","Body Slam","Pommel Strike"],"picked":"SKIP","floor":44},{"not_picked":["Pommel Strike","Fire Breathing","Battle Trance"],"picked":"SKIP","floor":45},{"not_picked":["Shrug It Off","Perfected Strike","Flex"],"picked":"SKIP","floor":48},{"not_picked":["Brutality","Infernal Blade","Armaments+1"],"picked":"SKIP","floor":55}],"player_experience":676855,"relics_obtained":[{"floor":9.0,"key":"Oddly Smooth Stone"},{"floor":23.0,"key":"Red Skull"},{"floor":26.0,"key":"The Courier"},{"floor":30,"key":"Whetstone"},{"floor":36,"key":"Bird Faced Urn"},{"floor":41,"key":"Shuriken"},{"floor":45,"key":"Thread and Needle"},{"floor":55,"key":"Incense Burner"}],"event_choices":[{"damage_healed":0.0,"max_hp_gain":0.0,"max_hp_loss":7.0,"gold_gain":0.0,"event_name":"Golden Idol","player_choice":"Lose Max HP","floor":2.0,"gold_loss":0.0,"damage_taken":0.0,"relics_obtained":["Golden Idol"]},{"damage_healed":0.0,"max_hp_gain":0.0,"max_hp_loss":0.0,"gold_gain":0.0,"event_name":"Shining Light","player_choice":"Entered Light","floor":3.0,"gold_loss":0.0,"damage_taken":20.0,"cards_upgraded":["Strike_R","Defend_R"]},{"damage_healed":0.0,"max_hp_gain":0.0,"max_hp_loss":0.0,"gold_gain":0.0,"event_name":"The Cleric","player_choice":"Leave","floor":7.0,"gold_loss":0.0,"damage_taken":0.0},{"damage_healed":0.0,"max_hp_gain":0.0,"max_hp_loss":0.0,"gold_gain":0.0,"cards_transformed":["Strike_R","Strike_R"],"event_name":"Drug Dealer","player_choice":"Became Test Subject","floor":20.0,"gold_loss":0.0,"damage_taken":0.0,"cards_obtained":["Second Wind","Offering"]},{"cards_removed":["Defend_R"],"damage_healed":0.0,"max_hp_gain":0.0,"max_hp_loss":0.0,"gold_gain":0.0,"event_name":"Back to Basics","player_choice":"Elegance","floor":22.0,"gold_loss":0.0,"damage_taken":0.0},{"damage_healed":0.0,"max_hp_gain":0.0,"max_hp_loss":0.0,"gold_gain":50.0,"event_name":"Nest","player_choice":"Stole From Cult","floor":28.0,"gold_loss":0.0,"damage_taken":0.0},{"damage_healed":0,"gold_gain":0,"player_choice":"Fight","damage_taken":0,"max_hp_gain":0,"max_hp_loss":0,"event_name":"Mysterious Sphere","floor":36,"gold_loss":0},{"damage_healed":0,"gold_gain":0,"player_choice":"Memory 1","damage_taken":0,"max_hp_gain":0,"max_hp_loss":0,"event_name":"SensoryStone","floor":47,"gold_loss":0}],"is_beta":false,"boss_relics":[{"not_picked":["Ectoplasm","Pandora\u0027s Box"],"picked":"Sozu"},{"not_picked":["Coffee Dripper","SacredBark"],"picked":"Runic Pyramid"}],"items_purged_floors":[19,37,39],"is_endless":false,"potions_floor_spawned":[1,5,12,14,21,24,30,35,41,44,48,55],"ascension_level":20}}