{"host":"wj6vwlg8bkoql3lv","time":1611476395,"event":{"mods":["AchievementEnabler","Bard","Bartender","BaseMod","Better Altar","Better Match","Better Note","Better Sensory Stone","Better Skull","Better Third Choice","Better Vampires","Card Forge","Colored Map","Custom Start","Decade(???)","Downfall","Energized Spire","Friendly Minions","Hermit","Hubris","Infinite Spire","JesterMod","Jorbs\u0027s Wanderer Trilogy","Marisa????????","Minty Spire (QoL Compilation)","Permanent Neow","Potionbrewer","Quick Restart","Random Character Button","Replay The Spire","Robot Space Explorer","SIMod","Shade Mod","StSLib","The Blue Laboratory","The Bug Knight","The Construct","The Cursed","The Death Knight","The Disciple","The Gatherer","The Hayseed","The Hierophant","The Jungle","The Marked","The Mystic","The Runesmith","The Senshi","The Servant 0.9.4","TheFirefly","Transform Curses"],"gold_per_floor":[110,129,143,158,172,172,172,172],"floor_reached":7,"language":"ENG","playtime":795,"items_purged":[],"score":45,"play_id":"4a524687-f4f3-46c2-8578-d12cef9120cc","local_time":"20210124081955","is_ascension_mode":false,"campfire_choices":[{"data":"Runesmith:BackupBattery","floor":6,"key":"SMITH"}],"circlet_count":0,"master_deck":["Runesmith:Strike_RS","Runesmith:Strike_RS","Runesmith:Strike_RS","Runesmith:Strike_RS","Runesmith:Defend_RS","Runesmith:Defend_RS","Runesmith:Defend_RS","Runesmith:Defend_RS","Runesmith:CraftFirestone","Runesmith:Fortify","Runesmith:CraftVitae","Runesmith:EarthShield","Runesmith:HeatedChisel","Runesmith:UnstableHammer","Runesmith:BackupBattery+1"],"relics":["Runesmith:BrokenRuby","Hammer of Thor","Seething Fire","Anvil of the Gods"],"acts_visited":["Exordium"],"potions_floor_usage":[7,7],"damage_taken":[{"damage":12,"enemies":"infinitespire:Voidling","floor":1,"turns":5},{"damage":0,"enemies":"2 Louse","floor":2,"turns":3},{"damage":0,"enemies":"Jaw Worm","floor":3,"turns":5},{"damage":0,"enemies":"Red Slaver","floor":4,"turns":4},{"damage":0,"enemies":"Large Slime","floor":5,"turns":6},{"damage":82,"enemies":"Gremlin Nob","floor":7,"turns":6}],"seed_played":"1772464803329111648","potions_obtained":[{"floor":0,"key":"Swift Potion"},{"floor":0,"key":"SmokeBomb"},{"floor":0,"key":"construct:ShiftPotion"},{"floor":2,"key":"Dexterity Potion"},{"floor":4,"key":"Adrenaline Potion"}],"is_trial":false,"path_per_floor":["M","M","M","M","M","R","E"],"character_chosen":"RUNESMITH_CLASS","items_purchased":[],"campfire_rested":0,"item_purchase_floors":[],"current_hp_per_floor":[67,67,67,67,67,67,0,0],"gold":172,"neow_bonus":"THREE_SMALL_POTIONS","is_daily":false,"chose_seed":false,"campfire_upgraded":1,"win_rate":0.0,"timestamp":1611476395,"path_taken":["M","M","M","M","M","R","E"],"items_purchased_type":[],"build_version":"2020-12-22","purchased_purges":0,"victory":false,"max_hp_per_floor":[70,70,70,70,70,70,70,70],"card_choices":[{"not_picked":["Runesmith:HeatExchange","Runesmith:CraftProtectio"],"picked":"Runesmith:CraftVitae","floor":1},{"not_picked":["Runesmith:FieryHammer","Runesmith:StaticCage"],"picked":"Runesmith:EarthShield","floor":2},{"not_picked":["Runesmith:DoubleUp","Runesmith:WhiteBalance"],"picked":"Runesmith:HeatedChisel","floor":3},{"not_picked":["Runesmith:Overpower","Runesmith:CraftIncendium"],"picked":"Runesmith:UnstableHammer","floor":4},{"not_picked":["Runesmith:Overpower","Runesmith:EnergizedChisel"],"picked":"Runesmith:BackupBattery","floor":5}],"player_experience":168294,"relics_obtained":[],"event_choices":[],"is_beta":false,"boss_relics":[],"items_purged_floors":[],"is_endless":false,"potions_floor_spawned":[2,3,4],"killed_by":"Gremlin Nob","ascension_level":0}}