{"host":"ees9py5fbpv5lclk","time":1611517988,"event":{"mods":["AchievementEnabler","BaseMod","Challenge The Spire","Colored Map","Colored Powertips","Conspire","Downfall","Hermit","Hero for Fun","Infinite Spire","Minty Spire (QoL Compilation)","Replay The Spire","Shop Mod","Spicy Shops","StSLib","SuperFastMode","The Bug Knight","The Cursed","The Dragon Tamer","The Servant 0.9.4"],"gold_per_floor":[17,36,51,51,68,96,131,168,168,195,195,223,238,276,276,381,381,399,401,423,204,217,258,288,316,395,145,181,213,245,279,279,381,381,406,426,228,244,244],"floor_reached":38,"language":"ENG","playtime":740,"items_purged":["Defend_Y","Get_Hopes_Up","Defend_Y"],"score":1039,"play_id":"f1bf6192-63de-47d4-8910-e19d589fb93f","local_time":"20210124145308","daily_mods":["Heirloom","Flight","DeadlyEvents","Elite Swarm","challengethespire:Platinum Difficulty"],"is_ascension_mode":false,"campfire_choices":[{"data":"Serious_Punch","floor":11,"key":"SMITH"},{"data":"Wear_Disguise","floor":15,"key":"SMITH"},{"data":"Slap","floor":32,"key":"SMITH"}],"circlet_count":0,"master_deck":["Strike_Y+1","Strike_Y+1","Strike_Y+1","Strike_Y+1","Strike_Y+1","Defend_Y","Defend_Y","Defend_Y","Slap","Oh","Serious_Punch+1","Terrifying_Presence+1","Serious_Side_Hops+1","Wear_Disguise+1","Slap+1","Slap","Slap+1","Consecutive_Normal_Punch","Slap+1","Slap+1","Slap+1"],"relics":["Cape","StoneCalendar","Replay:Bandana","Question Card","Toy Ornithopter","Bag of Marbles","Golden Egg","Centennial Puzzle","Torii","SacredBark","MerchantsRug","infinitespire:Joker Card","Kunai","Replay:Bottled Snecko","Replay:Bottled Eggs","conspire:GiftBox","infinitespire:Broken Mirror","Slimebound:StickyStick","Replay:Accelerometer"],"acts_visited":["Exordium","TheCity","TheBeyond"],"potions_floor_usage":[],"damage_taken":[{"damage":0,"enemies":"conspire:RoseBush","floor":1,"turns":1},{"damage":0,"enemies":"Cultist","floor":2,"turns":1},{"damage":0,"enemies":"2 Louse","floor":3,"turns":2},{"damage":0,"enemies":"Exordium Thugs","floor":5,"turns":1},{"damage":0,"enemies":"Gremlin Nob","floor":6,"turns":1},{"damage":0,"enemies":"Replay:BlueRogue","floor":7,"turns":1},{"damage":0,"enemies":"HollowMod:MossKnight","floor":8,"turns":1},{"damage":0,"enemies":"Lagavulin","floor":10,"turns":1},{"damage":0,"enemies":"HollowMod:MossKnight","floor":12,"turns":1},{"damage":0,"enemies":"2 Fungi Beasts","floor":13,"turns":2},{"damage":0,"enemies":"3 Sentries","floor":14,"turns":2},{"damage":0,"enemies":"The Guardian","floor":16,"turns":1},{"damage":0,"enemies":"2 Thieves","floor":18,"turns":1},{"damage":0,"enemies":"Spheric Guardian","floor":19,"turns":1},{"damage":0,"enemies":"Centurion and Healer","floor":20,"turns":1},{"damage":0,"enemies":"Snake Plant","floor":22,"turns":1},{"damage":0,"enemies":"Slavers","floor":23,"turns":2},{"damage":0,"enemies":"Book of Stabbing","floor":24,"turns":1},{"damage":0,"enemies":"Replay:Snechameleon","floor":25,"turns":1},{"damage":0,"enemies":"Nightmare","floor":28,"turns":1},{"damage":0,"enemies":"HollowMod:Nosk","floor":29,"turns":2},{"damage":0,"enemies":"Book of Stabbing","floor":30,"turns":1},{"damage":0,"enemies":"conspire:SneckoGhost","floor":31,"turns":1},{"damage":0,"enemies":"Champ","floor":33,"turns":1},{"damage":0,"enemies":"3 Shapes","floor":35,"turns":1},{"damage":0,"enemies":"3 Darklings","floor":36,"turns":2},{"damage":0,"enemies":"Spire Growth","floor":38,"turns":1}],"seed_played":"-6011682842753550497","potions_obtained":[{"floor":1,"key":"FairyPotion"},{"floor":2,"key":"Dexterity Potion"},{"floor":5,"key":"Regen Potion"},{"floor":23,"key":"Dexterity Potion"},{"floor":38,"key":"DistilledChaos"}],"is_trial":true,"path_per_floor":["M","M","M","?","M","E","E","E","T","E","R","E","M","E","R","B",null,"M","M","M","$","M","E","E","E","T","$","NM","E","E","E","R","B",null,"M","M","$","M"],"character_chosen":"OPM","items_purchased":["MerchantsRug","Slap","Slap","Slap"],"campfire_rested":0,"item_purchase_floors":[21,21,27,37],"current_hp_per_floor":[999,999,999,999,999,999,999,999,999,999,999,999,999,999,999,999,999,999,999,999,999,999,999,999,999,999,999,999,999,999,999,999,999,999,999,999,999,999,999],"gold":244,"neow_bonus":"","is_daily":false,"chose_seed":false,"campfire_upgraded":3,"win_rate":0.0,"timestamp":1611517988,"path_taken":["M","M","M","?","M","E","E","E","T","E","R","E","M","E","R","BOSS","M","M","M","$","M","E","E","E","T","$","NM","E","E","E","R","BOSS","M","M","$","M"],"items_purchased_type":["Relic","Card","Card","Card"],"build_version":"2020-12-22","purchased_purges":3,"victory":false,"max_hp_per_floor":[999,999,999,999,999,999,999,999,999,999,999,999,999,999,999,999,999,999,999,999,999,999,999,999,999,999,999,999,999,999,999,999,999,999,999,999,999,999,999],"card_choices":[{"not_picked":["Hop","Yawn"],"picked":"Slap","floor":1},{"not_picked":["Side_Hop","Ignore","Yawn"],"picked":"SKIP","floor":2},{"not_picked":["Wear_Disguise","Side_Hop","Ignore"],"picked":"SKIP","floor":3},{"not_picked":["Slap","Hop"],"picked":"Oh","floor":5},{"not_picked":["Oh","Serious_Punch"],"picked":"Get_Hopes_Up","floor":6},{"not_picked":["Oh","Hip_Strike"],"picked":"Serious_Punch","floor":7},{"not_picked":["Get_Hopes_Up","Oh","Hip_Strike","Serious_Punch"],"picked":"SKIP","floor":8},{"not_picked":["Get_Hopes_Up","Oh","Hip_Strike"],"picked":"Terrifying_Presence","floor":10},{"not_picked":["Hip_Strike","Oh","Get_Hopes_Up"],"picked":"Serious_Side_Hops","floor":12},{"not_picked":["Slap","Yawn","Ignore"],"picked":"Wear_Disguise","floor":13},{"not_picked":["Serious_Side_Hops","Terrifying_Presence","Serious_Punch","Oh"],"picked":"SKIP","floor":14},{"not_picked":["Ignore","Side_Hop","Hop"],"picked":"Slap","floor":18},{"not_picked":["Side_Hop","Slap+1","Ignore","Yawn"],"picked":"SKIP","floor":19},{"not_picked":["Hop","Side_Hop","Yawn+1"],"picked":"Slap","floor":20},{"not_picked":["Ignore+1","Side_Hop+1","Yawn+1"],"picked":"Consecutive_Normal_Punch","floor":22},{"not_picked":["Hip_Strike","Get_Hopes_Up","Serious_Side_Hops","Terrifying_Presence"],"picked":"SKIP","floor":23},{"not_picked":["Serious_Punch","Serious_Side_Hops","Oh","Get_Hopes_Up"],"picked":"SKIP","floor":24},{"not_picked":["Terrifying_Presence","Get_Hopes_Up","Serious_Side_Hops","Oh"],"picked":"SKIP","floor":25},{"not_picked":["Serious_Side_Hops","Hip_Strike","Oh","Terrifying_Presence"],"picked":"SKIP","floor":28},{"not_picked":["Serious_Punch","Oh","Hip_Strike","Terrifying_Presence"],"picked":"SKIP","floor":29},{"not_picked":["Terrifying_Presence","Oh","Serious_Punch","Get_Hopes_Up"],"picked":"SKIP","floor":30},{"not_picked":["Hip_Strike","Serious_Punch","Oh","Get_Hopes_Up"],"picked":"SKIP","floor":31},{"not_picked":["Wear_Disguise","Normal_Punch","Consecutive_Normal_Punch","Do_Nothing+1"],"picked":"SKIP","floor":35},{"not_picked":["Toss_Stone","Yawn","Ignore+1"],"picked":"Slap+1","floor":36}],"player_experience":131794,"relics_obtained":[{"floor":6,"key":"Replay:Bandana"},{"floor":7,"key":"Question Card"},{"floor":8,"key":"Toy Ornithopter"},{"floor":9,"key":"Bag of Marbles"},{"floor":10,"key":"Golden Egg"},{"floor":12,"key":"Centennial Puzzle"},{"floor":14,"key":"Torii"},{"floor":23,"key":"infinitespire:Joker Card"},{"floor":24,"key":"Kunai"},{"floor":25,"key":"Replay:Bottled Snecko"},{"floor":26,"key":"Replay:Bottled Eggs"},{"floor":28,"key":"conspire:GiftBox"},{"floor":29,"key":"infinitespire:Broken Mirror"},{"floor":30,"key":"Slimebound:StickyStick"},{"floor":31,"key":"Replay:Accelerometer"}],"event_choices":[{"damage_healed":0,"gold_gain":0,"player_choice":"Forge","damage_taken":0,"max_hp_gain":0,"max_hp_loss":0,"event_name":"Accursed Blacksmith","floor":4,"gold_loss":0,"cards_upgraded":["Strike_Y"]}],"is_beta":false,"boss_relics":[{"not_picked":["Honey Jar","Runic Pyramid"],"picked":"SacredBark"},{"not_picked":["sneckomod:SneckoTalon","Ring of Chaos","Busted Crown"]}],"items_purged_floors":[21,27,37],"is_endless":false,"potions_floor_spawned":[1,2,5,10,13,18,19,23,25,28,38],"killed_by":"Spire Growth","ascension_level":0}}