{"host":"k3wxykm6pazc337o","time":1611496009,"event":{"mods":["BaseMod","Colored Powertips","Evolution","HololiveMod","Mimic Mod","Minty Spire (QoL Compilation)","Quick Restart","Relic Filter","Reliquary","StSLib","The Construct"],"gold_per_floor":[119,194,194,205,225,253,253,281,281,185,185,205,239,250,250,345,345,361,381,381,381],"floor_reached":20,"language":"ENG","playtime":2048,"items_purged":[],"score":194,"play_id":"aa2e0ab0-9d48-4713-a196-4d0c7ba33b51","local_time":"20210125004649","is_ascension_mode":false,"campfire_choices":[{"data":"construct:Isolate","floor":7,"key":"SMITH"},{"floor":11,"key":"REST"},{"data":"construct:ScopeCore","floor":15,"key":"SMITH"}],"circlet_count":0,"master_deck":["construct:Strike_Gold","construct:Strike_Gold","construct:Strike_Gold","construct:Strike_Gold","construct:Strike_Gold","construct:Defend_Gold","construct:Defend_Gold","construct:Defend_Gold","construct:Defend_Gold","construct:Defend_Gold","construct:AttackMode","construct:DefenseMode","construct:CripplingShot","Impatience","construct:Analyze","construct:Isolate+1","Dramatic Entrance","construct:FocusedBeam","construct:ScopeCore+1","construct:SpinDrive","construct:Boost","construct:Backup"],"relics":["construct:Cogwheel","EVO:Axolotl","FossilizedHelix","Oddly Smooth Stone","PreservedInsect","Letter Opener","Black Star"],"acts_visited":["Exordium","TheCity"],"potions_floor_usage":[],"damage_taken":[{"damage":0.0,"enemies":"Cultist","floor":1.0,"turns":4.0},{"damage":1,"enemies":"Jaw Worm","floor":4,"turns":4},{"damage":0,"enemies":"2 Louse","floor":5,"turns":3},{"damage":26,"enemies":"3 Sentries","floor":6,"turns":9},{"damage":13,"enemies":"Lagavulin","floor":8,"turns":7},{"damage":0,"enemies":"2 Fungi Beasts","floor":12,"turns":3},{"damage":3,"enemies":"3 Sentries","floor":13,"turns":5},{"damage":0,"enemies":"3 Louse","floor":14,"turns":1},{"damage":16,"enemies":"The Guardian","floor":16,"turns":10},{"damage":18,"enemies":"Spheric Guardian","floor":18,"turns":5},{"damage":23,"enemies":"3 Byrds","floor":19,"turns":6},{"damage":56,"enemies":"Shelled Parasite and Fungi","floor":20,"turns":5}],"seed_played":"2571046587775527856","potions_obtained":[{"floor":4,"key":"Energy Potion"},{"floor":12,"key":"construct:ShiftPotion"},{"floor":18,"key":"FearPotion"}],"is_trial":false,"path_per_floor":["M","?","?","M","M","E","R","E","T","$","R","M","E","M","R","B",null,"M","M","M"],"character_chosen":"THE_CONSTRUCT_MOD","items_purchased":["Dramatic Entrance"],"campfire_rested":1,"item_purchase_floors":[10],"current_hp_per_floor":[93,82,82,81,81,55,55,42,42,42,69,69,66,66,66,50,93,75,52,0,0],"gold":381,"neow_bonus":"TEN_PERCENT_HP_BONUS","is_daily":false,"chose_seed":false,"campfire_upgraded":2,"win_rate":0.0,"timestamp":1611496009,"path_taken":["M","?","?","?","M","E","R","E","T","$","R","M","E","M","R","BOSS","M","M","M"],"items_purchased_type":["Card"],"build_version":"2020-12-22","purchased_purges":0,"victory":false,"max_hp_per_floor":[93,93,93,93,93,93,93,93,93,93,93,93,93,93,93,93,93,93,93,93,93],"card_choices":[{"not_picked":["construct:SuppressiveFire","construct:Zapper","construct:Backfire"],"picked":"SKIP","floor":1.0},{"not_picked":["construct:SuppressiveFire","construct:Zapper","construct:Backfire"],"picked":"SKIP","floor":1.0},{"not_picked":["construct:BatteryAcid","construct:VentSteam"],"picked":"construct:Analyze","floor":4},{"not_picked":["construct:Reinforce","construct:Analyze","construct:Accumulate"],"picked":"SKIP","floor":5},{"not_picked":["construct:ModeShift","construct:ElectricArmor"],"picked":"construct:Isolate","floor":6},{"not_picked":["construct:Backfire","construct:SiegeForm","construct:SuppressiveFire"],"picked":"SKIP","floor":8},{"not_picked":["construct:Forcefield","construct:SuppressiveFire"],"picked":"construct:FocusedBeam","floor":12},{"not_picked":["construct:UnbalancingBlast","construct:BatteryAcid"],"picked":"construct:ScopeCore","floor":13},{"not_picked":["construct:Analyze","construct:ShiftStrike","construct:Chainstrike"],"picked":"SKIP","floor":14},{"not_picked":["construct:GoldenBullet","construct:PanicFire"],"picked":"construct:SpinDrive","floor":16},{"not_picked":["construct:Disrupt+1","construct:FierceBash"],"picked":"construct:Boost","floor":18},{"not_picked":["construct:Anticipate","construct:FocusedBeam"],"picked":"construct:Backup","floor":19}],"player_experience":69521,"relics_obtained":[{"floor":6,"key":"FossilizedHelix"},{"floor":8,"key":"Oddly Smooth Stone"},{"floor":9,"key":"PreservedInsect"},{"floor":13,"key":"Letter Opener"}],"event_choices":[{"damage_healed":0.0,"max_hp_gain":0.0,"max_hp_loss":0.0,"gold_gain":75.0,"event_name":"World of Goop","player_choice":"Gather Gold","floor":2.0,"gold_loss":0.0,"damage_taken":11.0},{"damage_healed":0.0,"max_hp_gain":0.0,"max_hp_loss":0.0,"gold_gain":0.0,"event_name":"Match and Keep!","player_choice":"2 cards matched","floor":3.0,"gold_loss":0.0,"damage_taken":0.0,"cards_obtained":["construct:CripplingShot","Impatience"]}],"is_beta":false,"boss_relics":[{"not_picked":["reliquary:RedCape","Runic Dome"],"picked":"Black Star"}],"items_purged_floors":[],"is_endless":false,"potions_floor_spawned":[4,12,18,19],"killed_by":"Shelled Parasite and Fungi","ascension_level":0}}