{"host":"ynimr9ugvc6f046i","time":1611498447,"event":{"mods":["2.2 Compatiblity","BaseMod","Colored Map","DeckTracker","Highlight Path","Keyboard Shortcuts","Minty Spire (QoL Compilation)","Permanent Neow","Quick Restart","StSLib","SuperFastMode"],"gold_per_floor":[17,17,292,309,5,37,37,48,48,60,71,91,102,2,2,76,76,89,89,103,28,41,74,74,103,103,132,132,143,173,192,192,266,266,282,282,295,306,318,345,358,387,464,484,484,500,500,500,500,500,500,500,500,78,104,104],"floor_reached":57,"language":"KOR","playtime":2547,"items_purged":["Regret","Defend_G","Defend_G"],"score":3571,"play_id":"6a14e410-cf5c-4e41-bcb4-1fa4a390f427","local_time":"20210124232727","is_ascension_mode":true,"campfire_choices":[{"data":"Reflex","floor":7.0,"key":"SMITH"},{"data":"Acrobatics","floor":15.0,"key":"SMITH"},{"data":"Tactician","floor":24.0,"key":"SMITH"},{"data":"Acrobatics","floor":28.0,"key":"SMITH"},{"data":"Prepared","floor":32.0,"key":"SMITH"},{"data":"Strike_G","floor":49,"key":"PURGE"},{"data":"Defend_G","floor":53,"key":"PURGE"}],"circlet_count":0,"master_deck":["AscendersBane","Defend_G","Defend_G","Survivor","Neutralize","Reflex+1","Tactician+1","Acrobatics+1","Acrobatics+1","Concentrate","After Image","Blur","Prepared+1","Adrenaline","Reflex","Grand Finale"],"relics":["Ring of the Snake","Tingsha","Torii","Bottled Lightning","Runic Pyramid","Letter Opener","Sundial","Question Card","Ornamental Fan","Juzu Bracelet","Coffee Dripper","Peace Pipe","Bottled Tornado","Membership Card","Toy Ornithopter","Vajra","Gremlin Horn"],"acts_visited":["Exordium","TheCity","TheBeyond","TheEnding"],"potions_floor_usage":[40,40,56,56],"damage_taken":[{"damage":4.0,"enemies":"Jaw Worm","floor":1.0,"turns":8.0},{"damage":3.0,"enemies":"Small Slimes","floor":4.0,"turns":4.0},{"damage":0.0,"enemies":"3 Sentries","floor":6.0,"turns":2.0},{"damage":11.0,"enemies":"Cultist","floor":8.0,"turns":5.0},{"damage":15.0,"enemies":"Gremlin Gang","floor":10.0,"turns":9.0},{"damage":1.0,"enemies":"2 Fungi Beasts","floor":11.0,"turns":4.0},{"damage":0.0,"enemies":"Exordium Thugs","floor":12.0,"turns":1.0},{"damage":2.0,"enemies":"Red Slaver","floor":13.0,"turns":4.0},{"damage":15.0,"enemies":"Hexaghost","floor":16.0,"turns":11.0},{"damage":0.0,"enemies":"Chosen","floor":18.0,"turns":4.0},{"damage":12.0,"enemies":"2 Thieves","floor":20.0,"turns":2.0},{"damage":0.0,"enemies":"Snake Plant","floor":22.0,"turns":3.0},{"damage":2.0,"enemies":"Gremlin Leader","floor":23.0,"turns":4.0},{"damage":0.0,"enemies":"Book of Stabbing","floor":25.0,"turns":4.0},{"damage":1.0,"enemies":"Slavers","floor":27.0,"turns":2.0},{"damage":0.0,"enemies":"Cultist and Chosen","floor":29.0,"turns":3.0},{"damage":0.0,"enemies":"Book of Stabbing","floor":30.0,"turns":3.0},{"damage":0.0,"enemies":"3 Cultists","floor":31.0,"turns":1.0},{"damage":0.0,"enemies":"Champ","floor":33.0,"turns":7.0},{"damage":0.0,"enemies":"3 Darklings","floor":35.0,"turns":2.0},{"damage":0.0,"enemies":"3 Shapes","floor":37.0,"turns":1.0},{"damage":0.0,"enemies":"Maw","floor":38.0,"turns":1.0},{"damage":0.0,"enemies":"Jaw Worm Horde","floor":39.0,"turns":2.0},{"damage":0,"enemies":"Nemesis","floor":40,"turns":5},{"damage":0,"enemies":"3 Darklings","floor":41,"turns":1},{"damage":0,"enemies":"Reptomancer","floor":42,"turns":5},{"damage":0,"enemies":"Sphere and 2 Shapes","floor":44,"turns":1},{"damage":0,"enemies":"Writhing Mass","floor":46,"turns":1},{"damage":0,"enemies":"Time Eater","floor":50,"turns":7},{"damage":0,"enemies":"Donu and Deca","floor":51,"turns":2},{"damage":0,"enemies":"Shield and Spear","floor":55,"turns":1},{"damage":0,"enemies":"The Heart","floor":56,"turns":5}],"seed_played":"4243038369233976786","potions_obtained":[{"floor":1.0,"key":"GhostInAJar"},{"floor":8.0,"key":"SpeedPotion"},{"floor":12.0,"key":"Block Potion"},{"floor":22.0,"key":"DistilledChaos"},{"floor":27.0,"key":"CultistPotion"},{"floor":35.0,"key":"EntropicBrew"},{"floor":44,"key":"Fire Potion"}],"is_trial":false,"path_per_floor":["M","?","?","M","$","E","R","M","T","M","M","M","M","$","R","B",null,"M","?","M","?","M","E","R","E","T","E","R","M","E","M","R","B",null,"M","?","M","M","M","E","M","E","T","M","?","M","?","?","R","B","B",null,"R","$","E","B",null],"character_chosen":"THE_SILENT","items_purchased":["Grand Finale","Swift Potion","Membership Card","Swift Potion","Toy Ornithopter","Vajra"],"campfire_rested":0,"item_purchase_floors":[5,5,54,54,54,54],"current_hp_per_floor":[55,55,55,52,52,52,52,41,41,26,25,25,23,23,23,8,52,52,52,40,40,40,38,38,38,38,37,37,37,37,37,37,37,59,59,59,59,59,59,59,59,59,59,59,59,59,59,59,59,59,59,62,62,62,62,63],"gold":104,"neow_bonus":"ONE_RARE_RELIC","is_daily":false,"chose_seed":false,"campfire_upgraded":5,"win_rate":0.0,"timestamp":1611498447,"path_taken":["M","?","?","M","$","E","R","M","T","?","M","M","?","$","R","BOSS","M","?","?","?","M","E","R","E","T","E","R","M","E","M","R","BOSS","M","?","M","M","M","E","M","E","T","M","?","M","?","?","R","BOSS","BOSS","R","$","E","BOSS"],"items_purchased_type":["Card","Potion","Relic","Potion","Relic","Relic"],"build_version":"2020-12-22","purchased_purges":3,"victory":true,"max_hp_per_floor":[66,66,66,66,66,66,66,66,66,66,66,66,66,66,66,66,66,66,66,66,66,66,66,66,66,66,66,66,66,66,66,66,66,66,66,66,66,66,66,66,66,66,66,66,66,66,63,63,63,63,63,63,63,63,63,63],"card_choices":[{"not_picked":["Footwork","Sucker Punch"],"picked":"Reflex","floor":1.0},{"not_picked":["Blade Dance","Bane"],"picked":"Tactician","floor":4.0},{"not_picked":["Riddle With Holes","Sucker Punch"],"picked":"Acrobatics","floor":6.0},{"not_picked":["Dodge and Roll","Endless Agony","Deflect"],"picked":"SKIP","floor":8.0},{"not_picked":["Bane","Outmaneuver"],"picked":"Acrobatics","floor":10.0},{"not_picked":["Setup","Blade Dance","Outmaneuver"],"picked":"SKIP","floor":11.0},{"not_picked":["Dagger Throw","Underhanded Strike","Expertise"],"picked":"SKIP","floor":12.0},{"not_picked":["Bane","Sucker Punch"],"picked":"Concentrate","floor":13.0},{"not_picked":["Bullet Time","A Thousand Cuts"],"picked":"After Image","floor":16.0},{"not_picked":["PiercingWail","Acrobatics+1","Sucker Punch"],"picked":"SKIP","floor":18.0},{"not_picked":["Cloak And Dagger","Dodge and Roll","Sucker Punch"],"picked":"SKIP","floor":20.0},{"not_picked":["Deadly Poison","Eviscerate","Flying Knee"],"picked":"SKIP","floor":22.0},{"not_picked":["Cloak And Dagger","Corpse Explosion","Deadly Poison"],"picked":"SKIP","floor":23.0},{"not_picked":["Catalyst","Setup","Storm of Steel"],"picked":"SKIP","floor":25.0},{"not_picked":["Dodge and Roll","Eviscerate","Dagger Spray","Concentrate+1"],"picked":"SKIP","floor":27.0},{"not_picked":["Footwork","Outmaneuver","Blur","Choke"],"picked":"SKIP","floor":29.0},{"not_picked":["Footwork","Outmaneuver","Choke"],"picked":"Blur","floor":29.0},{"not_picked":["Acrobatics","Catalyst","Caltrops"],"picked":"Prepared","floor":30.0},{"not_picked":["Choke","Deflect","Concentrate","All Out Attack"],"picked":"SKIP","floor":31.0},{"not_picked":["Malaise","Unload","Glass Knife"],"picked":"Adrenaline","floor":33.0},{"not_picked":["Caltrops+1","Bane","Dagger Throw","Flying Knee"],"picked":"SKIP","floor":35.0},{"not_picked":["Skewer","Distraction","Well Laid Plans","Terror"],"picked":"SKIP","floor":37.0},{"not_picked":["Poisoned Stab","Noxious Fumes","Bouncing Flask","Underhanded Strike"],"picked":"SKIP","floor":38.0},{"not_picked":["Blade Dance","Dodge and Roll","Flying Knee"],"picked":"Reflex","floor":39.0},{"not_picked":["Leg Sweep+1","Flying Knee","Phantasmal Killer","Glass Knife"],"picked":"SKIP","floor":40},{"not_picked":["Leg Sweep+1","Flying Knee","Phantasmal Killer","Glass Knife"],"picked":"SKIP","floor":40},{"not_picked":["Well Laid Plans","Predator","Dash","Escape Plan"],"picked":"SKIP","floor":41},{"not_picked":["Expertise","Storm of Steel","Dodge and Roll","Bullet Time"],"picked":"SKIP","floor":42},{"not_picked":["Deflect","Underhanded Strike","Dash","Setup"],"picked":"SKIP","floor":44},{"not_picked":["Deflect","Underhanded Strike","Dash","Setup"],"picked":"SKIP","floor":44},{"not_picked":["Deflect+1","Sucker Punch+1","Concentrate+1","Backstab+1"],"picked":"SKIP","floor":46},{"not_picked":["Crippling Poison","Bullet Time","Doppelganger","Quick Slash"],"picked":"SKIP","floor":55}],"player_experience":533037,"relics_obtained":[{"floor":6.0,"key":"Torii"},{"floor":9.0,"key":"Bottled Lightning"},{"floor":23.0,"key":"Letter Opener"},{"floor":25.0,"key":"Sundial"},{"floor":26.0,"key":"Question Card"},{"floor":27.0,"key":"Ornamental Fan"},{"floor":30.0,"key":"Juzu Bracelet"},{"floor":40,"key":"Peace Pipe"},{"floor":42,"key":"Bottled Tornado"},{"floor":55,"key":"Gremlin Horn"}],"event_choices":[{"cards_removed":["Strike_G"],"damage_healed":0.0,"max_hp_gain":0.0,"max_hp_loss":0.0,"gold_gain":0.0,"event_name":"Living Wall","player_choice":"Forget","floor":2.0,"gold_loss":0.0,"damage_taken":0.0},{"damage_healed":0.0,"max_hp_gain":0.0,"max_hp_loss":0.0,"gold_gain":275.0,"event_name":"Golden Shrine","player_choice":"Desecrate","floor":3.0,"gold_loss":0.0,"damage_taken":0.0,"cards_obtained":["Regret"]},{"cards_removed":["Strike_G"],"damage_healed":0.0,"max_hp_gain":0.0,"max_hp_loss":0.0,"gold_gain":0.0,"event_name":"Bonfire Elementals","player_choice":"Offered Basic","floor":19.0,"gold_loss":0.0,"damage_taken":0.0},{"cards_removed":["Strike_G"],"damage_healed":0.0,"max_hp_gain":0.0,"max_hp_loss":0.0,"gold_gain":0.0,"event_name":"Beggar","player_choice":"Gave Gold","floor":21.0,"gold_loss":75.0,"damage_taken":0.0},{"damage_healed":0.0,"max_hp_gain":0.0,"max_hp_loss":0.0,"gold_gain":0.0,"event_name":"Upgrade Shrine","player_choice":"Upgraded","floor":36.0,"gold_loss":0.0,"damage_taken":0.0,"cards_upgraded":["Grand Finale"]},{"cards_removed":["Grand Finale"],"damage_healed":0,"gold_gain":0,"player_choice":"Removed Attack","damage_taken":0,"max_hp_gain":0,"max_hp_loss":0,"event_name":"Falling","floor":45,"gold_loss":0},{"damage_healed":0,"gold_gain":0,"player_choice":"Max HP","damage_taken":0,"max_hp_gain":0,"max_hp_loss":3,"event_name":"Winding Halls","floor":47,"gold_loss":0},{"damage_healed":0,"gold_gain":0,"player_choice":"Ignored","damage_taken":0,"max_hp_gain":0,"max_hp_loss":0,"event_name":"Tomb of Lord Red Mask","floor":48,"gold_loss":0}],"is_beta":false,"boss_relics":[{"not_picked":["Calling Bell","Sozu"],"picked":"Runic Pyramid"},{"not_picked":["Tiny House","WristBlade"],"picked":"Coffee Dripper"}],"items_purged_floors":[5,14,54],"is_endless":false,"potions_floor_spawned":[1,8,12,13,22,27,29,33,35,38,42,44,55],"ascension_level":20}}