{"host":"aqym1xxr3lb31d9m","time":1611513614,"event":{"mods":["BaseMod","Block Reminder","Colored Map","Colored Powertips","DeckTracker","Highlight Path","Minty Spire (QoL Compilation)","Quick Restart","Random Character Button","StSLib","SuperFastMode","UnlockEverythingMod"],"gold_per_floor":[112,112,132,132,144,144,157,184,184,201,201,257,229,240,240,317,317,331,349,264,264,264,264],"floor_reached":22,"language":"JPN","playtime":617,"items_purged":[],"score":352,"play_id":"ecf79248-3800-48e8-aee5-d85d4c65bcfa","local_time":"20210125034014","is_ascension_mode":true,"campfire_choices":[{"data":"Ball Lightning","floor":6,"key":"SMITH"},{"data":"Zap","floor":11,"key":"SMITH"},{"data":"Beam Cell","floor":15,"key":"SMITH"}],"circlet_count":0,"master_deck":["AscendersBane","Strike_B","Strike_B","Strike_B","Strike_B","Defend_B","Defend_B","Defend_B","Defend_B","Zap+1","Dualcast","Meteor Strike","Doom and Gloom","Ball Lightning+1","Genetic Algorithm","Streamline","Compile Driver","Cold Snap","Beam Cell+1","Core Surge","Sweeping Beam+1","BootSequence"],"relics":["Cracked Core","Happy Flower","Gremlin Horn","Philosopher\u0027s Stone","MealTicket"],"acts_visited":["Exordium","TheCity"],"potions_floor_usage":[10,22,22],"damage_taken":[{"damage":2,"enemies":"Cultist","floor":1,"turns":4},{"damage":9,"enemies":"Jaw Worm","floor":3,"turns":4},{"damage":6,"enemies":"2 Louse","floor":5,"turns":3},{"damage":2,"enemies":"2 Fungi Beasts","floor":7,"turns":3},{"damage":5,"enemies":"3 Louse","floor":10,"turns":3},{"damage":4,"enemies":"Looter","floor":14,"turns":4},{"damage":26,"enemies":"Slime Boss","floor":16,"turns":7},{"damage":28,"enemies":"2 Thieves","floor":18,"turns":3},{"damage":18,"enemies":"Chosen","floor":19,"turns":4},{"damage":25,"enemies":"Snake Plant","floor":22,"turns":2}],"seed_played":"-3801102669662620339","potions_obtained":[{"floor":1,"key":"GamblersBrew"},{"floor":7,"key":"Fire Potion"},{"floor":14,"key":"Regen Potion"}],"is_trial":false,"path_per_floor":["M","$","M","?","M","R","M","T","T","M","R","?","$","M","R","B",null,"M","M","?","?","M"],"character_chosen":"DEFECT","items_purchased":["Cold Snap"],"campfire_rested":0,"item_purchase_floors":[13],"current_hp_per_floor":[62,62,53,53,47,47,45,45,45,40,40,40,40,36,36,10,56,28,10,10,10,0,0],"gold":264,"neow_bonus":"ONE_RANDOM_RARE_CARD","is_daily":false,"chose_seed":false,"campfire_upgraded":3,"win_rate":0.0,"timestamp":1611513614,"path_taken":["M","$","M","?","M","R","M","?","T","M","R","?","$","M","R","BOSS","M","M","?","?","M"],"items_purchased_type":["Card"],"build_version":"2020-12-22","purchased_purges":0,"victory":false,"max_hp_per_floor":[71,71,71,71,71,71,71,71,71,71,71,71,71,71,71,71,71,71,71,71,71,71,71],"card_choices":[{"not_picked":["Barrage","Self Repair"],"picked":"Doom and Gloom","floor":1},{"not_picked":["Conserve Battery","Chill"],"picked":"Ball Lightning","floor":3},{"not_picked":["Rip and Tear","Capacitor"],"picked":"Genetic Algorithm","floor":5},{"not_picked":["Rebound","Stack"],"picked":"Streamline","floor":7},{"not_picked":["Steam","Redo"],"picked":"Compile Driver","floor":10},{"not_picked":["Barrage","Stack"],"picked":"Beam Cell","floor":14},{"not_picked":["Rainbow","Multi-Cast"],"picked":"Core Surge","floor":16},{"not_picked":["Force Field","Streamline"],"picked":"Sweeping Beam+1","floor":18},{"not_picked":["Rebound","Stack"],"picked":"BootSequence","floor":19}],"player_experience":4040163,"relics_obtained":[{"floor":8,"key":"Happy Flower"},{"floor":9,"key":"Gremlin Horn"}],"event_choices":[{"damage_healed":0,"gold_gain":0,"player_choice":"Ignored","damage_taken":0,"max_hp_gain":0,"max_hp_loss":0,"event_name":"Liars Game","floor":4,"gold_loss":0},{"damage_healed":0,"gold_gain":56,"player_choice":"Gained Gold","damage_taken":0,"max_hp_gain":0,"max_hp_loss":0,"event_name":"Golden Wing","floor":12,"gold_loss":0},{"damage_healed":0,"gold_gain":0,"player_choice":"Obtained Relic","damage_taken":0,"relics_obtained":["MealTicket"],"max_hp_gain":0,"max_hp_loss":0,"event_name":"Addict","floor":20,"gold_loss":85},{"damage_healed":0,"gold_gain":0,"player_choice":"Ignored","damage_taken":0,"max_hp_gain":0,"max_hp_loss":0,"event_name":"Cursed Tome","floor":21,"gold_loss":0}],"is_beta":false,"boss_relics":[{"not_picked":["Inserter","SacredBark"],"picked":"Philosopher\u0027s Stone"}],"items_purged_floors":[],"is_endless":false,"potions_floor_spawned":[1,7,14],"killed_by":"Snake Plant","ascension_level":20}}