{"host":"lh7nevhqohhhg5q0","time":1611452563,"event":{"mods":["Act Like it!","BaseMod","Better Altar","Better Match","Better Note","Better Sensory Stone","Better Skull","Better Third Choice","BetterRewards","Colored Powertips","Googly Eyes","Hermit","Marisa????????","Minty Spire (QoL Compilation)","Permanent Neow","Replay The Spire","StSLib","The Cursed","The Servant 0.9.4"],"gold_per_floor":[114,114,43,102,115,115,143,143,196,233,260,272,317,329,341,454,466,493,278,289,388,388,421,421,453,476,42,58,85,32,62,62,164,164,174,449,449,299,311,344,363,395,443,443,454,454,485,505,505,505],"floor_reached":51,"language":"ENG","playtime":4304,"items_purged":["Delirium","Decay","Parasite","CommonCold"],"score":1623,"play_id":"f53f3c30-6b97-44b9-9303-a893b70a6dbf","local_time":"20210123204243","is_ascension_mode":true,"campfire_choices":[{"data":"TheCursedMod:CircleOfBlood","floor":6.0,"key":"SMITH"},{"data":"TheCursedMod:AshesToAshes","floor":8.0,"key":"SMITH"},{"data":"TheCursedMod:NeowsMight","floor":12.0,"key":"SMITH"},{"floor":15.0,"key":"REST"},{"data":"Pot Of Greed","floor":24.0,"key":"SMITH"},{"data":"Pot Of Greed","floor":32.0,"key":"SMITH"},{"data":"TheCursedMod:CursedSpellbook","floor":44.0,"key":"SMITH"},{"data":"TheCursedMod:Hemoplague","floor":46.0,"key":"SMITH"},{"data":"1","floor":49.0,"key":"LIFT"}],"circlet_count":0,"master_deck":["TheCursedMod:CursedWand","TheCursedMod:Stigma","TheCursedMod:CircleOfFlame+1","TheCursedMod:Mangle","TheCursedMod:Mangle+1","TheCursedMod:Mangle","TheCursedMod:AshesToAshes+1","TheCursedMod:NeowsMight+1","TheCursedMod:ParallelWorld","Flash of Steel+1","TheCursedMod:Stretching","TheCursedMod:CircleOfBlood+1","ReplayTheSpireMod:Splinters","TheCursedMod:Mangle","TheCursedMod:SurpriseAttack","TheCursedMod:SurpriseAttack","TheCursedMod:StingEye","TheCursedMod:CollectTribute","Pot Of Greed+1","Pot Of Greed+1","TheCursedMod:Torture","TheCursedMod:TacticalStrike+1","TheCursedMod:CursedSpellbook+1","Pot Of Greed+1","TheCursedMod:HellfireBreathing+1","TheCursedMod:Hemoplague+1","Regret"],"relics":["TheCursedMod:Tack","Gremlin Food","Ornamental Fan","Torii","Matryoshka","ReplayTheSpireMod:Ninjato","MawBank","Potion Belt","Blue Doll","Replay:Rubber Ducky","Ancient Tea Set","Replay:Ancient Bell","Grinning Jar","Replay:Bottled Flurry","Mango","Nunchaku","MutagenicStrength","HornCleat","Replay:Mystery Machine","Juzu Bracelet","Pen Nib","TheCursedMod:MagicCandle","Lantern","ReplayTheSpireMod:CursedCoin","Replay:Baseball","Strawberry","Replay:WaspNest","Boot","Girya"],"acts_visited":["Exordium","TheCity","TheBeyond"],"potions_floor_usage":[],"damage_taken":[{"damage":0.0,"enemies":"Small Slimes","floor":1.0,"turns":1.0},{"damage":0.0,"enemies":"2 Louse","floor":5.0,"turns":1.0},{"damage":2.0,"enemies":"Gremlin Nob","floor":7.0,"turns":2.0},{"damage":0.0,"enemies":"3 Sentries","floor":10.0,"turns":2.0},{"damage":0.0,"enemies":"Jaw Worm","floor":11.0,"turns":1.0},{"damage":0.0,"enemies":"Gremlin Nob","floor":13.0,"turns":1.0},{"damage":0.0,"enemies":"Slime Boss","floor":16.0,"turns":1.0},{"damage":8.0,"enemies":"Spheric Guardian","floor":18.0,"turns":3.0},{"damage":0.0,"enemies":"2 Thieves","floor":20.0,"turns":1.0},{"damage":0.0,"enemies":"Book of Stabbing","floor":23.0,"turns":1.0},{"damage":0.0,"enemies":"Slavers","floor":25.0,"turns":1.0},{"damage":0.0,"enemies":"Snecko","floor":28.0,"turns":2.0},{"damage":0.0,"enemies":"Replay:Snechameleon","floor":29.0,"turns":1.0},{"damage":0.0,"enemies":"Book of Stabbing","floor":31.0,"turns":1.0},{"damage":0.0,"enemies":"Champ","floor":33.0,"turns":1.0},{"damage":2.0,"enemies":"Orb Walker","floor":35.0,"turns":1.0},{"damage":5.0,"enemies":"3 Shapes","floor":39.0,"turns":1.0},{"damage":0.0,"enemies":"Nemesis","floor":40.0,"turns":1.0},{"damage":0.0,"enemies":"Maw","floor":41.0,"turns":2.0},{"damage":0.0,"enemies":"Giant Head","floor":42.0,"turns":1.0},{"damage":0.0,"enemies":"Writhing Mass","floor":45.0,"turns":1.0},{"damage":0.0,"enemies":"R_Hoarder","floor":47.0,"turns":3.0},{"damage":10.0,"enemies":"Transient","floor":48.0,"turns":5.0},{"damage":0,"enemies":"Awakened One","floor":50,"turns":3}],"seed_played":"-3955701989086324981","potions_obtained":[{"floor":1.0,"key":"Toxic Potion"},{"floor":4.0,"key":"Doom Potion"},{"floor":11.0,"key":"PowerPotion"},{"floor":13.0,"key":"Adrenaline Potion"},{"floor":16.0,"key":"Milkshake"}],"is_trial":false,"path_per_floor":["M","?","$","?","M","R","E","R","T","E","M","R","E","?","R","B",null,"M","$","M","?","?","E","R","E","T","$","M","E","$","E","R","B",null,"M","?","?","$","M","E","M","E","T","R","M","R","E","M","R","B",null],"character_chosen":"THE_CURSED","items_purchased":["Gremlin Food","Ornamental Fan","TheCursedMod:CircleOfBlood","Nunchaku","TheCursedMod:HellfireBreathing+1","TheCursedMod:MagicCandle","ReplayTheSpireMod:CursedCoin","TheCursedMod:Hemoplague"],"campfire_rested":1,"item_purchase_floors":[0,0,3,19,27,27,30,30],"current_hp_per_floor":[42,27,27,27,33,33,59,59,59,59,63,63,75,33,55,75,89,81,81,89,89,89,89,89,89,89,89,89,89,86,86,86,86,86,86,86,86,86,81,93,93,93,93,93,93,93,93,83,83,93],"gold":505,"neow_bonus":"","is_daily":false,"chose_seed":false,"campfire_upgraded":7,"win_rate":0.0,"timestamp":1611452563,"path_taken":["M","?","$","?","M","R","E","R","T","E","M","R","E","?","R","BOSS","M","$","M","?","?","E","R","E","T","$","M","E","$","E","R","BOSS","M","?","?","?","M","E","M","E","T","R","M","R","E","M","R","BOSS"],"items_purchased_type":["Relic","Relic","Card","Relic","Card","Relic","Relic","Card"],"build_version":"2020-12-22","purchased_purges":4,"victory":true,"max_hp_per_floor":[75,75,75,75,75,75,75,75,75,75,75,75,75,75,75,75,89,89,89,89,89,89,89,89,89,89,89,89,89,86,86,86,86,86,86,86,86,86,86,93,93,93,93,93,93,93,93,93,93,93],"card_choices":[{"not_picked":["TheCursedMod:FleshFromBone","TheCursedMod:CursedStaff"],"picked":"TheCursedMod:Stretching","floor":1.0},{"not_picked":["TheCursedMod:FleshFromBone","TheCursedMod:Torture"],"picked":"TheCursedMod:Mangle","floor":4.0},{"not_picked":["TheCursedMod:CircleOfFlame","TheCursedMod:CursedStaff","TheCursedMod:EmpowerCircles"],"picked":"SKIP","floor":5.0},{"not_picked":["TheCursedMod:FuryStrike","TheCursedMod:WearCloak"],"picked":"TheCursedMod:SurpriseAttack","floor":7.0},{"not_picked":["TheCursedMod:CursedRelics","TheCursedMod:WearCloak","TheCursedMod:FleshFromBone"],"picked":"SKIP","floor":10.0},{"not_picked":["TheCursedMod:SpitefulStrike","TheCursedMod:TroublousMinions"],"picked":"TheCursedMod:SurpriseAttack","floor":11.0},{"not_picked":["TheCursedMod:RavingStaff","TheCursedMod:BlessingInDisguise"],"picked":"TheCursedMod:StingEye","floor":13.0},{"not_picked":["TheCursedMod:ForbiddenAlchemy","TheCursedMod:DemonicPact"],"picked":"TheCursedMod:CollectTribute","floor":16.0},{"not_picked":["Hallucinations","Spreading Infection"],"picked":"Decay","floor":17.0},{"not_picked":["Normality","Voices"],"picked":"Parasite","floor":17.0},{"not_picked":["Voices","Replay:Sluggish"],"picked":"Delirium","floor":17.0},{"not_picked":["TheCursedMod:ManaCirculation","TheCursedMod:SpitefulStrike"],"picked":"TheCursedMod:Torture","floor":18.0},{"not_picked":["TheCursedMod:SaltUponWound","TheCursedMod:Obscuration","TheCursedMod:CircleOfFlame+1"],"picked":"SKIP","floor":20.0},{"not_picked":["TheCursedMod:Torture+1","TheCursedMod:ReleasedStrength"],"picked":"TheCursedMod:TacticalStrike+1","floor":23.0},{"not_picked":["TheCursedMod:AshesToAshes","TheCursedMod:RavingStaff"],"picked":"TheCursedMod:CursedSpellbook","floor":25.0},{"not_picked":["TheCursedMod:SoulCrush+1","TheCursedMod:CursedShiv","TheCursedMod:Torture"],"picked":"SKIP","floor":28.0},{"not_picked":["TheCursedMod:VitalStrike","TheCursedMod:TacticalStrike","TheCursedMod:HellfireBreathing"],"picked":"SKIP","floor":29.0},{"not_picked":["TheCursedMod:ManaCirculation","TheCursedMod:Hemoplague","TheCursedMod:CircleOfAmplification"],"picked":"SKIP","floor":31.0},{"not_picked":["TheCursedMod:RapidMovement+1","TheCursedMod:FleshFromBone","TheCursedMod:Evocation+1"],"picked":"SKIP","floor":35.0},{"not_picked":["TheCursedMod:Torture+1","TheCursedMod:CircleOfWindfury","TheCursedMod:Stretching+1"],"picked":"SKIP","floor":39.0},{"not_picked":["TheCursedMod:Stigma+1","TheCursedMod:CircleOfFlame+1","TheCursedMod:CursedShiv+1"],"picked":"SKIP","floor":40.0},{"not_picked":["TheCursedMod:CursedBoomerang","TheCursedMod:Stretching","TheCursedMod:SpitefulPlan"],"picked":"SKIP","floor":41.0},{"not_picked":["TheCursedMod:LuckyCharm","TheCursedMod:CollectTribute","TheCursedMod:WearCloak+1"],"picked":"SKIP","floor":42.0},{"not_picked":["TheCursedMod:CircleOfFlame","TheCursedMod:Stigma+1","TheCursedMod:Wield"],"picked":"SKIP","floor":45.0},{"not_picked":["TheCursedMod:Grudge+1","TheCursedMod:CursedBlade+1","TheCursedMod:UltimatePain"],"picked":"SKIP","floor":47.0},{"not_picked":["TheCursedMod:CursedMace+1","TheCursedMod:CursedAmulet","TheCursedMod:Stretching+1"],"picked":"SKIP","floor":48.0}],"player_experience":56324,"relics_obtained":[{"floor":4.0,"key":"Matryoshka"},{"floor":7.0,"key":"ReplayTheSpireMod:Ninjato"},{"floor":9.0,"key":"MawBank"},{"floor":9.0,"key":"Potion Belt"},{"floor":10.0,"key":"Blue Doll"},{"floor":13.0,"key":"Replay:Rubber Ducky"},{"floor":23.0,"key":"HornCleat"},{"floor":25.0,"key":"Replay:Mystery Machine"},{"floor":26.0,"key":"Juzu Bracelet"},{"floor":26.0,"key":"Pen Nib"},{"floor":29.0,"key":"Lantern"},{"floor":31.0,"key":"Replay:Baseball"},{"floor":40.0,"key":"Strawberry"},{"floor":42.0,"key":"Replay:WaspNest"},{"floor":43.0,"key":"Boot"},{"floor":47.0,"key":"Girya"}],"event_choices":[{"damage_healed":0.0,"max_hp_gain":0.0,"max_hp_loss":0.0,"gold_gain":0.0,"event_name":"Shining Light","player_choice":"Entered Light","floor":2.0,"gold_loss":0.0,"damage_taken":15.0,"cards_upgraded":["TheCursedMod:Mangle","TheCursedMod:CircleOfFlame"]},{"damage_healed":0.0,"max_hp_gain":0.0,"max_hp_loss":0.0,"gold_gain":0.0,"event_name":"betterThird:BetterScrap","player_choice":"Relic ","floor":14.0,"gold_loss":0.0,"damage_taken":42.0,"cards_obtained":["Juggernaut"]},{"damage_healed":0.0,"max_hp_gain":0.0,"max_hp_loss":0.0,"gold_gain":99.0,"event_name":"betterThird:BetterNest","player_choice":"Steal","floor":21.0,"gold_loss":0.0,"damage_taken":0.0},{"damage_healed":0.0,"max_hp_gain":0.0,"max_hp_loss":0.0,"gold_gain":0.0,"event_name":"Drug Dealer","player_choice":"Inject Mutagens","floor":22.0,"gold_loss":0.0,"damage_taken":0.0,"relics_obtained":["MutagenicStrength"]},{"damage_healed":0.0,"max_hp_gain":0.0,"max_hp_loss":0.0,"gold_gain":275.0,"event_name":"Golden Shrine","player_choice":"Desecrate","floor":36.0,"gold_loss":0.0,"damage_taken":0.0,"cards_obtained":["Regret"]},{"damage_healed":0.0,"max_hp_gain":0.0,"max_hp_loss":0.0,"gold_gain":0.0,"event_name":"Upgrade Shrine","player_choice":"Upgraded","floor":37.0,"gold_loss":0.0,"damage_taken":0.0,"cards_upgraded":["Pot Of Greed"]}],"is_beta":false,"boss_relics":[{"not_picked":["SlaversCollar","Sozu"],"picked":"Replay:Ancient Bell"},{"not_picked":["Regal Pillow","War Paint"],"picked":"Grinning Jar"},{"not_picked":["Meat on the Bone","Mirror"],"picked":"Replay:Bottled Flurry"},{"not_picked":["Peace Pipe","CaptainsWheel"],"picked":"Mango"},{"not_picked":["Replay:Grab Bag","ChewingGum","TheCursedMod:OminousMark"]}],"items_purged_floors":[19,27,30,38],"is_endless":false,"potions_floor_spawned":[1,11,13,16,25,28,29,31,40,42,47],"ascension_level":1}}