{"host":"qyjrmrr57odine7m","time":1611509252,"event":{"mods":["AchievementEnabler","BaseMod","Bestiary","Block Reminder","Card Forge","Highlight Path","Minty Spire (QoL Compilation)","Permanent Neow","Rare Cards Sparkle","StSLib"],"gold_per_floor":[114,114,67,67,82,117,117,131,131,162,337,363,387,400,400,495,495,511,511,525,543,576,608,608,608,635,663,683,703,737,755,755,858,858,872,1094,1107,1044,1061,1091,1091,1091,1091,1119,1153,1185,1185,1185,1185,1185],"floor_reached":51,"language":"ENG","playtime":3359,"items_purged":[],"score":1462,"play_id":"6995a764-e8db-4e2f-bcf7-dd55e475803f","local_time":"20210124172732","is_ascension_mode":true,"campfire_choices":[{"floor":7.0,"key":"REST"},{"floor":15.0,"key":"REST"},{"floor":25.0,"key":"REST"},{"floor":32.0,"key":"REST"},{"floor":41,"key":"REST"},{"floor":47,"key":"REST"},{"floor":49,"key":"REST"}],"circlet_count":0,"master_deck":["AscendersBane","Defend_B+1","Defend_B+1","Streamline+1","Sweeping Beam+1","Streamline+1","Reinforced Body+1","Leap+1","Machine Learning+1","Sweeping Beam+1","Fusion+1","Good Instincts+1","Trip+1","Rip and Tear+1","Reprogram+1"],"relics":["Hammer of Thor","Seething Fire","Anvil of the Gods","Velvet Choker","WingedGreaves","Frozen Egg 2","StoneCalendar","HornCleat","CaptainsWheel","Odd Mushroom","Sozu","MutagenicStrength","Red Mask","Whetstone","PreservedInsect","Matryoshka","The Courier","Fusion Hammer","Mummified Hand","Dream Catcher","Ginger","MealTicket","Bottled Tornado","Centennial Puzzle"],"acts_visited":["Exordium","TheCity","TheBeyond"],"potions_floor_usage":[],"damage_taken":[{"damage":0.0,"enemies":"Cultist","floor":1.0,"turns":4.0},{"damage":0.0,"enemies":"Small Slimes","floor":5.0,"turns":2.0},{"damage":12.0,"enemies":"Lagavulin","floor":6.0,"turns":7.0},{"damage":0.0,"enemies":"2 Louse","floor":8.0,"turns":2.0},{"damage":16.0,"enemies":"Gremlin Nob","floor":10.0,"turns":3.0},{"damage":0.0,"enemies":"3 Sentries","floor":12.0,"turns":4.0},{"damage":0.0,"enemies":"The Mushroom Lair","floor":13.0,"turns":2.0},{"damage":0.0,"enemies":"2 Fungi Beasts","floor":14.0,"turns":2.0},{"damage":0.0,"enemies":"Slime Boss","floor":16.0,"turns":7.0},{"damage":6.0,"enemies":"Shell Parasite","floor":18.0,"turns":3.0},{"damage":0.0,"enemies":"Chosen","floor":20.0,"turns":3.0},{"damage":0.0,"enemies":"Centurion and Healer","floor":21.0,"turns":5.0},{"damage":0.0,"enemies":"Masked Bandits","floor":22.0,"turns":3.0},{"damage":19.0,"enemies":"Slavers","floor":23.0,"turns":7.0},{"damage":4.0,"enemies":"Gremlin Leader","floor":27.0,"turns":4.0},{"damage":4.0,"enemies":"Snecko","floor":28.0,"turns":4.0},{"damage":18.0,"enemies":"Snake Plant","floor":29.0,"turns":4.0},{"damage":54.0,"enemies":"Book of Stabbing","floor":30.0,"turns":5.0},{"damage":26.0,"enemies":"Cultist and Chosen","floor":31.0,"turns":7.0},{"damage":46.0,"enemies":"Automaton","floor":33.0,"turns":10.0},{"damage":0,"enemies":"3 Shapes","floor":35,"turns":5},{"damage":12,"enemies":"Orb Walker","floor":37,"turns":3},{"damage":24,"enemies":"Sphere and 2 Shapes","floor":39,"turns":4},{"damage":0,"enemies":"Nemesis","floor":40,"turns":7},{"damage":0,"enemies":"Giant Head","floor":44,"turns":7},{"damage":17,"enemies":"Nemesis","floor":45,"turns":7},{"damage":0,"enemies":"Giant Head","floor":46,"turns":5},{"damage":27,"enemies":"Awakened One","floor":50,"turns":13}],"seed_played":"-4189827675725405593","potions_obtained":[{"floor":6.0,"key":"AttackPotion"},{"floor":8.0,"key":"Weak Potion"},{"floor":12.0,"key":"Block Potion"}],"is_trial":false,"path_per_floor":["M","?","$","?","M","E","R","M","T","E","?","E","?","M","R","B",null,"M","?","M","M","?","E","?","R","T","E","M","M","E","M","R","B",null,"M","?","M","$","M","E","R","?","T","E","E","E","R","?","R","B",null],"character_chosen":"DEFECT","items_purchased":["Streamline","Fusion"],"campfire_rested":7,"item_purchase_floors":[3,38],"current_hp_per_floor":[68,68,68,68,68,56,75,75,75,59,59,59,59,59,75,75,75,69,69,69,75,75,75,75,75,75,75,75,75,31,25,47,21,62,62,62,50,50,26,26,48,38,38,38,21,21,43,43,65,38],"gold":1185,"neow_bonus":"BOSS_RELIC","is_daily":false,"chose_seed":false,"campfire_upgraded":0,"win_rate":0.0,"timestamp":1611509252,"path_taken":["M","?","?","?","?","E","R","M","T","E","?","E","?","M","R","BOSS","M","?","M","M","?","E","?","R","T","E","M","M","E","M","R","BOSS","M","?","M","$","M","E","R","?","T","E","E","E","R","?","R","BOSS"],"items_purchased_type":["Card","Card"],"build_version":"2020-12-22","purchased_purges":0,"victory":true,"max_hp_per_floor":[75,75,75,75,75,75,75,75,75,75,75,75,75,75,75,75,75,75,75,75,75,75,75,75,75,75,75,75,75,75,75,75,75,75,75,75,75,75,75,75,75,75,75,75,75,75,75,75,75,75],"card_choices":[{"not_picked":["Scrape","Turbo"],"picked":"Redo","floor":1.0},{"not_picked":["Hologram","Stack"],"picked":"Sweeping Beam","floor":5.0},{"not_picked":["Conserve Battery","All For One","Reprogram"],"picked":"SKIP","floor":6.0},{"not_picked":["Stack","Turbo"],"picked":"Streamline","floor":8.0},{"not_picked":["Compile Driver","Capacitor+1","Hyperbeam"],"picked":"SKIP","floor":10.0},{"not_picked":["Fusion","Steam"],"picked":"Ball Lightning","floor":12.0},{"not_picked":["Sweeping Beam","Steam","Force Field"],"picked":"SKIP","floor":14.0},{"not_picked":["Meteor Strike","All For One"],"picked":"Echo Form+1","floor":16.0},{"not_picked":["Melter","Steam","Gash"],"picked":"SKIP","floor":18.0},{"not_picked":["Ball Lightning+1","Stack"],"picked":"Self Repair+1","floor":20.0},{"not_picked":["Conserve Battery","Storm+1","Multi-Cast"],"picked":"SKIP","floor":21.0},{"not_picked":["Compile Driver","Blizzard"],"picked":"Reinforced Body+1","floor":22.0},{"not_picked":["Loop+1","Genetic Algorithm","Sweeping Beam"],"picked":"SKIP","floor":23.0},{"not_picked":["Reinforced Body","Rebound"],"picked":"Capacitor+1","floor":27.0},{"not_picked":["Hologram","Rebound+1","Compile Driver+1"],"picked":"SKIP","floor":28.0},{"not_picked":["Compile Driver+1","Sweeping Beam"],"picked":"Thunder Strike","floor":29.0},{"not_picked":["Rebound","Auto Shields"],"picked":"Leap","floor":30.0},{"not_picked":["Consume","Ball Lightning","Rebound"],"picked":"SKIP","floor":31.0},{"not_picked":["All For One","Rainbow"],"picked":"Machine Learning+1","floor":33.0},{"not_picked":["Consume","Steam Power","Coolheaded"],"picked":"SKIP","floor":35},{"not_picked":["Melter","Doom and Gloom+1"],"picked":"Sweeping Beam","floor":37},{"not_picked":["Stack","Sweeping Beam+1","Hologram"],"picked":"SKIP","floor":39},{"not_picked":["Reprogram","Turbo+1","Chill+1"],"picked":"SKIP","floor":40},{"not_picked":["Jack Of All Trades","Deep Breath"],"picked":"Good Instincts","floor":42},{"not_picked":["Dark Shackles","Finesse"],"picked":"Impatience","floor":42},{"not_picked":["Forethought","Enlightenment"],"picked":"Trip","floor":42},{"not_picked":["Barrage","Rebound+1","Stack+1"],"picked":"SKIP","floor":44},{"not_picked":["Scrape+1","Rebound+1"],"picked":"Rip and Tear","floor":45},{"not_picked":["Recycle+1","Stack","Go for the Eyes"],"picked":"SKIP","floor":46}],"player_experience":1266585,"relics_obtained":[{"floor":2.0,"key":"WingedGreaves"},{"floor":6.0,"key":"Frozen Egg 2"},{"floor":9.0,"key":"StoneCalendar"},{"floor":10.0,"key":"HornCleat"},{"floor":12.0,"key":"CaptainsWheel"},{"floor":13.0,"key":"Odd Mushroom"},{"floor":22.0,"key":"Red Mask"},{"floor":23.0,"key":"Whetstone"},{"floor":26.0,"key":"PreservedInsect"},{"floor":27.0,"key":"Matryoshka"},{"floor":30.0,"key":"The Courier"},{"floor":40,"key":"Mummified Hand"},{"floor":43,"key":"Dream Catcher"},{"floor":43,"key":"Ginger"},{"floor":44,"key":"MealTicket"},{"floor":45,"key":"Bottled Tornado"},{"floor":46,"key":"Centennial Puzzle"}],"event_choices":[{"damage_healed":0.0,"max_hp_gain":0.0,"max_hp_loss":0.0,"gold_gain":0.0,"event_name":"Wheel of Change","player_choice":"Relic","floor":2.0,"gold_loss":0.0,"damage_taken":0.0},{"damage_healed":0.0,"max_hp_gain":0.0,"max_hp_loss":0.0,"gold_gain":0.0,"event_name":"Upgrade Shrine","player_choice":"Ignored","floor":4.0,"gold_loss":0.0,"damage_taken":0.0},{"damage_healed":0.0,"max_hp_gain":0.0,"max_hp_loss":0.0,"gold_gain":175.0,"event_name":"Liars Game","player_choice":"AGREE","floor":11.0,"gold_loss":0.0,"damage_taken":0.0,"cards_obtained":["Doubt"]},{"damage_healed":0.0,"max_hp_gain":0.0,"max_hp_loss":0.0,"gold_gain":0.0,"event_name":"Mushrooms","player_choice":"Fought Mushrooms","floor":13.0,"gold_loss":0.0,"damage_taken":0.0},{"damage_healed":0.0,"max_hp_gain":0.0,"max_hp_loss":0.0,"gold_gain":0.0,"event_name":"Drug Dealer","player_choice":"Inject Mutagens","floor":19.0,"gold_loss":0.0,"damage_taken":0.0,"relics_obtained":["MutagenicStrength"]},{"damage_healed":0.0,"max_hp_gain":0.0,"max_hp_loss":0.0,"gold_gain":0.0,"event_name":"Masked Bandits","player_choice":"Fought Bandits","floor":22.0,"gold_loss":0.0,"damage_taken":0.0},{"damage_healed":0.0,"max_hp_gain":0.0,"max_hp_loss":0.0,"gold_gain":0.0,"event_name":"Vampires","player_choice":"Ignored","floor":24.0,"gold_loss":0.0,"damage_taken":0.0},{"damage_healed":0,"gold_gain":222,"player_choice":"Wore Mask","damage_taken":0,"max_hp_gain":0,"max_hp_loss":0,"event_name":"Tomb of Lord Red Mask","floor":36,"gold_loss":0},{"damage_healed":0,"gold_gain":0,"player_choice":"Memory 3","damage_taken":10,"max_hp_gain":0,"max_hp_loss":0,"event_name":"SensoryStone","floor":42,"gold_loss":0},{"cards_removed":["Reprogram"],"damage_healed":0,"gold_gain":0,"player_choice":"Removed Skill","damage_taken":0,"max_hp_gain":0,"max_hp_loss":0,"event_name":"Falling","floor":48,"gold_loss":0}],"is_beta":false,"boss_relics":[{"not_picked":["Astrolabe","Empty Cage"],"picked":"Sozu"},{"not_picked":["Tiny House","Snecko Eye"],"picked":"Fusion Hammer"}],"items_purged_floors":[],"is_endless":false,"potions_floor_spawned":[6,8,12,16,18,20,27,28,31,35,40,46],"ascension_level":10}}