{"host":"jpzdg3po3tjxdjri","time":1611499902,"event":{"mods":["BaseMod","Better Third Choice","Colored Map","Colored Powertips","Minty Spire (QoL Compilation)","StSLib"],"gold_per_floor":[117,18,38,38,48,48,63,63,63,93,93,110,110,149,149,149,149],"floor_reached":16,"language":"ENG","playtime":494,"items_purged":[],"score":160,"play_id":"d09f0f45-3bbe-4499-a02e-0bd09db71d91","local_time":"20210124145142","is_ascension_mode":true,"campfire_choices":[{"data":"Eruption","floor":6,"key":"SMITH"},{"data":"TalkToTheHand","floor":8,"key":"SMITH"},{"floor":15,"key":"REST"}],"circlet_count":0,"master_deck":["Strike_P","Strike_P","Strike_P","Strike_P","Defend_P","Defend_P","Defend_P","Defend_P","Eruption+1","Vigilance","SpiritShield","FearNoEvil","TalkToTheHand+1","ThirdEye","FlurryOfBlows","BootSequence","Wallop+1","WheelKick+1","PathToVictory","PathToVictory","LikeWater+1"],"relics":["PureWater","Molten Egg 2","Shuriken","Frozen Egg 2","Blue Candle","Golden Idol","TeardropLocket"],"acts_visited":["Exordium"],"potions_floor_usage":[10,14],"damage_taken":[{"damage":2,"enemies":"Jaw Worm","floor":1,"turns":6},{"damage":0,"enemies":"2 Louse","floor":3,"turns":3},{"damage":0,"enemies":"Cultist","floor":5,"turns":2},{"damage":5,"enemies":"Blue Slaver","floor":7,"turns":4},{"damage":14,"enemies":"Gremlin Nob","floor":10,"turns":5},{"damage":0,"enemies":"Looter","floor":12,"turns":3},{"damage":3,"enemies":"3 Sentries","floor":14,"turns":7},{"damage":75,"enemies":"Slime Boss","floor":16,"turns":9}],"seed_played":"-2072770634332853590","potions_obtained":[{"floor":1,"key":"Energy Potion"},{"floor":5,"key":"FairyPotion"},{"floor":7,"key":"BlessingOfTheForge"},{"floor":14,"key":"LiquidBronze"}],"is_trial":false,"path_per_floor":["M","$","M","?","M","R","M","R","T","E","T","M","?","E","R","B"],"character_chosen":"WATCHER","items_purchased":["TalkToTheHand","ThirdEye"],"campfire_rested":1,"item_purchase_floors":[2,2],"current_hp_per_floor":[63,63,63,42,42,42,37,37,37,23,23,23,5,2,23,0,0],"gold":149,"neow_bonus":"ONE_RANDOM_RARE_CARD","is_daily":false,"chose_seed":false,"campfire_upgraded":2,"win_rate":0.0,"timestamp":1611499902,"path_taken":["M","$","M","?","M","R","M","R","T","E","?","M","?","E","R","BOSS"],"items_purchased_type":["Card","Card"],"build_version":"2020-12-22","purchased_purges":0,"victory":false,"max_hp_per_floor":[72,72,72,72,72,72,72,72,72,72,72,72,72,72,72,72,72],"card_choices":[{"not_picked":["WaveOfTheHand","SashWhip"],"picked":"FearNoEvil","floor":1},{"not_picked":["ClearTheMind","CrushJoints"],"picked":"FlurryOfBlows","floor":3},{"not_picked":["Protect","Crescendo"],"picked":"Wallop+1","floor":5},{"not_picked":["EmptyMind","SandsOfTime+1"],"picked":"WheelKick+1","floor":7},{"not_picked":["SashWhip+1","Indignation"],"picked":"PathToVictory","floor":10},{"not_picked":["EmptyBody","Protect"],"picked":"PathToVictory","floor":12},{"not_picked":["DeceiveReality","FearNoEvil+1"],"picked":"LikeWater+1","floor":14}],"player_experience":859509,"relics_obtained":[{"floor":9,"key":"Shuriken"},{"floor":10,"key":"Frozen Egg 2"},{"floor":11,"key":"Blue Candle"},{"floor":14,"key":"TeardropLocket"}],"event_choices":[{"damage_healed":0,"gold_gain":0,"player_choice":"Take Damage","damage_taken":18,"relics_obtained":["Golden Idol"],"max_hp_gain":0,"max_hp_loss":0,"event_name":"Golden Idol","floor":13,"gold_loss":0}],"is_beta":false,"boss_relics":[],"items_purged_floors":[],"is_endless":false,"potions_floor_spawned":[1,5,7,14],"killed_by":"Slime Boss","ascension_level":9}}