{"host":"FirstDane","time":1611453495,"event":{"mods":["BaseMod","Bestiary","Highlight Path","Minty Spire (QoL Compilation)","Relic Stats","Slay the Relics Exporter"],"gold_per_floor":[17,29,40,90,108,108,137,137,137,154,174,208,208,218,218,297,297,311,236,236,84,100,100,100,130,130,149,149,176,176,194,194,268,268,284,284,35,53,53,53,84,109,132,147,147,162,162,181,181,181,181,181,181,21,49,49],"floor_reached":57,"language":"ENG","playtime":4660,"items_purged":["Strike_G","Strike_G"],"score":2664,"play_id":"e2040986-0284-468c-8de3-5414ceac62d1","local_time":"20210123195815","is_ascension_mode":true,"campfire_choices":[{"data":"Catalyst","floor":6,"key":"SMITH"},{"data":"Bouncing Flask","floor":8,"key":"SMITH"},{"floor":13,"key":"REST"},{"data":"Terror","floor":15,"key":"SMITH"},{"data":"Wraith Form v2","floor":23,"key":"SMITH"},{"data":"Malaise","floor":28,"key":"SMITH"},{"data":"Noxious Fumes","floor":32,"key":"SMITH"},{"data":"Well Laid Plans","floor":40,"key":"SMITH"},{"floor":47,"key":"RECALL"},{"data":"Deadly Poison","floor":49,"key":"SMITH"},{"data":"Footwork","floor":53,"key":"SMITH"}],"circlet_count":0,"master_deck":["AscendersBane","Defend_G","Survivor","Neutralize","Dagger Throw","Quick Slash","Bouncing Flask+1","Flying Knee","Terror+1","Catalyst+1","Deflect","Backstab","Well Laid Plans+1","Wraith Form v2+1","Noxious Fumes+1","Bane","Malaise+1","Acrobatics+1","PiercingWail+1","Leg Sweep+1","Corpse Explosion","PiercingWail","Deadly Poison+1","Footwork+1","Leg Sweep+1","Master of Strategy","Dark Shackles","Panacea","Backflip+1","Wraith Form v2+1","Backflip","Venomology"],"relics":["Ring of the Snake","Happy Flower","Mercury Hourglass","Sundial","Velvet Choker","Unceasing Top","Eternal Feather","Anchor","Empty Cage","TwistedFunnel","HornCleat","Thread and Needle","War Paint","Letter Opener"],"acts_visited":["Exordium","TheCity","TheBeyond","TheEnding"],"potions_floor_usage":[5,10,12,18,29,35,51,56,56],"damage_taken":[{"damage":1,"enemies":"2 Louse","floor":1,"turns":5},{"damage":0,"enemies":"Cultist","floor":2,"turns":3},{"damage":2,"enemies":"Jaw Worm","floor":3,"turns":4},{"damage":7,"enemies":"3 Louse","floor":5,"turns":5},{"damage":24,"enemies":"Gremlin Nob","floor":7,"turns":4},{"damage":8,"enemies":"Blue Slaver","floor":10,"turns":6},{"damage":6,"enemies":"Exordium Thugs","floor":11,"turns":4},{"damage":19,"enemies":"3 Sentries","floor":12,"turns":7},{"damage":0,"enemies":"Large Slime","floor":14,"turns":4},{"damage":8,"enemies":"Hexaghost","floor":16,"turns":7},{"damage":1,"enemies":"2 Thieves","floor":18,"turns":4},{"damage":6,"enemies":"Shell Parasite","floor":22,"turns":6},{"damage":0,"enemies":"Gremlin Leader","floor":25,"turns":5},{"damage":0,"enemies":"Snecko","floor":27,"turns":4},{"damage":14,"enemies":"Slavers","floor":29,"turns":7},{"damage":1,"enemies":"Centurion and Healer","floor":31,"turns":5},{"damage":3,"enemies":"Automaton","floor":33,"turns":9},{"damage":0,"enemies":"Orb Walker","floor":35,"turns":3},{"damage":0,"enemies":"3 Shapes","floor":38,"turns":4},{"damage":6,"enemies":"Nemesis","floor":41,"turns":9},{"damage":0,"enemies":"Mind Bloom Boss Battle","floor":42,"turns":5},{"damage":0,"enemies":"Sphere and 2 Shapes","floor":44,"turns":4},{"damage":0,"enemies":"3 Darklings","floor":46,"turns":4},{"damage":0,"enemies":"4 Shapes","floor":48,"turns":3},{"damage":4,"enemies":"Time Eater","floor":50,"turns":10},{"damage":2,"enemies":"Donu and Deca","floor":51,"turns":7},{"damage":2,"enemies":"Shield and Spear","floor":55,"turns":6},{"damage":28,"enemies":"The Heart","floor":56,"turns":11}],"seed_played":"8798098444751771894","potions_obtained":[{"floor":1,"key":"EssenceOfSteel"},{"floor":2,"key":"LiquidBronze"},{"floor":7,"key":"Regen Potion"},{"floor":11,"key":"SteroidPotion"},{"floor":16,"key":"EssenceOfSteel"},{"floor":27,"key":"Block Potion"},{"floor":31,"key":"Explosive Potion"},{"floor":35,"key":"CultistPotion"},{"floor":44,"key":"Dexterity Potion"},{"floor":46,"key":"LiquidMemories"},{"floor":55,"key":"Fire Potion"}],"is_trial":false,"path_per_floor":["M","M","M","?","M","R","E","R","T","M","M","E","R","M","R","B",null,"M","$","?","$","M","R","?","E","T","M","R","E","?","M","R","B",null,"M","?","$","M","?","R","E","?","T","M","?","M","R","M","R","B","B",null,"R","$","E","B",null],"character_chosen":"THE_SILENT","items_purchased":["Acrobatics","TwistedFunnel","Footwork","War Paint"],"campfire_rested":1,"item_purchase_floors":[21,37,37,54],"current_hp_per_floor":[58,58,56,56,49,49,25,25,25,31,25,6,25,25,25,17,54,53,53,53,53,47,47,47,47,47,47,59,45,45,44,56,53,63,63,63,63,63,53,66,60,60,60,60,60,60,66,66,66,62,60,65,66,66,64,36],"gold":49,"neow_bonus":"TRANSFORM_TWO_CARDS","is_daily":false,"chose_seed":false,"campfire_upgraded":9,"win_rate":0.0,"timestamp":1611453495,"path_taken":["M","M","M","?","M","R","E","R","T","M","?","E","R","M","R","BOSS","M","$","?","$","M","R","?","E","T","M","R","E","?","M","R","BOSS","M","?","?","M","?","R","E","?","T","M","?","M","R","M","R","BOSS","BOSS","R","$","E","BOSS"],"items_purchased_type":["Card","Relic","Card","Relic"],"build_version":"2020-12-18","purchased_purges":2,"victory":true,"max_hp_per_floor":[66,66,66,66,66,66,66,66,66,66,66,66,66,66,66,66,66,66,66,66,66,66,66,66,66,66,66,66,66,66,66,66,66,66,66,66,66,66,66,66,66,66,66,66,66,66,66,66,66,66,66,66,66,66,66,66],"relic_stats":{"Happy Flower":[44],"counters":[28,154],"Sundial":[14],"Eternal Feather":44,"Letter Opener":[30],"War Paint":["Leg Sweep","Acrobatics"],"obtain_stats":[{"TwistedFunnel":37,"Happy Flower":7,"Velvet Choker":17,"Eternal Feather":26,"Thread and Needle":42,"Letter Opener":55,"War Paint":54,"Empty Cage":34,"Mercury Hourglass":9,"Anchor":29,"HornCleat":41,"Sundial":12,"Unceasing Top":25,"Ring of the Snake":0},{"TwistedFunnel":18,"Happy Flower":5,"Velvet Choker":10,"Eternal Feather":13,"Thread and Needle":21,"Letter Opener":27,"War Paint":26,"Empty Cage":17,"Mercury Hourglass":5,"Anchor":15,"HornCleat":20,"Sundial":8,"Unceasing Top":13,"Ring of the Snake":0},{"TwistedFunnel":91,"Happy Flower":21,"Velvet Choker":48,"Eternal Feather":63,"Thread and Needle":109,"Letter Opener":143,"War Paint":137,"Empty Cage":88,"Mercury Hourglass":21,"Anchor":74,"HornCleat":104,"Sundial":37,"Unceasing Top":63,"Ring of the Snake":0}],"Unceasing Top":[1],"Ring of the Snake":[56],"Mercury Hourglass":[516]},"card_choices":[{"not_picked":["Infinite Blades","Cloak And Dagger"],"picked":"Bouncing Flask","floor":1},{"not_picked":["Slice","Caltrops"],"picked":"Flying Knee","floor":2},{"not_picked":["Poisoned Stab","Dodge and Roll"],"picked":"Terror","floor":3},{"not_picked":["Quick Slash","Riddle With Holes"],"picked":"Catalyst","floor":5},{"not_picked":["Escape Plan","Dodge and Roll"],"picked":"Deflect","floor":7},{"not_picked":["Riddle With Holes","Dodge and Roll","Acrobatics"],"picked":"SKIP","floor":10},{"not_picked":["Grand Finale","Tactician","Dagger Spray"],"picked":"SKIP","floor":11},{"not_picked":["Dagger Spray","Dagger Throw"],"picked":"Backstab","floor":12},{"not_picked":["Caltrops","Masterful Stab"],"picked":"Well Laid Plans","floor":14},{"not_picked":["Malaise","Phantasmal Killer"],"picked":"Wraith Form v2","floor":16},{"not_picked":["Deadly Poison","Choke"],"picked":"Noxious Fumes","floor":18},{"not_picked":["Setup","Dodge and Roll"],"picked":"PiercingWail+1","floor":22},{"not_picked":["Flying Knee+1","Deflect","Cloak And Dagger"],"picked":"SKIP","floor":25},{"not_picked":["Poisoned Stab","Eviscerate+1","Storm of Steel"],"picked":"SKIP","floor":27},{"not_picked":["Distraction","Infinite Blades","Dodge and Roll"],"picked":"SKIP","floor":29},{"not_picked":["Masterful Stab+1","Acrobatics","Flying Knee"],"picked":"SKIP","floor":31},{"not_picked":["Envenom","Doppelganger"],"picked":"Corpse Explosion","floor":33},{"not_picked":["Sucker Punch","Heel Hook+1"],"picked":"PiercingWail","floor":35},{"not_picked":["Sucker Punch","Expertise+1"],"picked":"Leg Sweep+1","floor":38},{"not_picked":["Magnetism","Jack Of All Trades"],"picked":"Master of Strategy","floor":39},{"not_picked":["The Bomb","Jack Of All Trades"],"picked":"Dark Shackles","floor":39},{"not_picked":["Jack Of All Trades","Sadistic Nature"],"picked":"Panacea","floor":39},{"not_picked":["Reflex","Sucker Punch+1"],"picked":"Backflip+1","floor":41},{"not_picked":["Distraction","Masterful Stab","Poisoned Stab+1"],"picked":"SKIP","floor":44},{"not_picked":["PiercingWail","Acrobatics"],"picked":"Backflip","floor":46},{"not_picked":["Bane","Well Laid Plans+1","Terror"],"picked":"SKIP","floor":48},{"not_picked":["Blade Dance","Dagger Spray"],"picked":"Venomology","floor":55}],"player_experience":3967573,"relics_obtained":[{"floor":7,"key":"Happy Flower"},{"floor":9,"key":"Mercury Hourglass"},{"floor":12,"key":"Sundial"},{"floor":25,"key":"Unceasing Top"},{"floor":26,"key":"Eternal Feather"},{"floor":29,"key":"Anchor"},{"floor":41,"key":"HornCleat"},{"floor":42,"key":"Thread and Needle"},{"floor":55,"key":"Letter Opener"}],"event_choices":[{"damage_healed":0,"gold_gain":50,"player_choice":"Pray","damage_taken":0,"max_hp_gain":0,"max_hp_loss":0,"event_name":"Golden Shrine","floor":4,"gold_loss":0},{"damage_healed":0,"gold_gain":0,"cards_transformed":["Strike_G","Strike_G"],"player_choice":"Became Test Subject","damage_taken":0,"max_hp_gain":0,"max_hp_loss":0,"event_name":"Drug Dealer","floor":20,"gold_loss":0,"cards_obtained":["Bane","Malaise"]},{"damage_healed":0,"gold_gain":0,"player_choice":"Read","damage_taken":0,"max_hp_gain":0,"max_hp_loss":0,"event_name":"The Library","floor":24,"gold_loss":0,"cards_obtained":["Leg Sweep"]},{"damage_healed":0,"gold_gain":0,"player_choice":"Ignored","damage_taken":0,"max_hp_gain":0,"max_hp_loss":0,"event_name":"Cursed Tome","floor":30,"gold_loss":0},{"damage_healed":0,"gold_gain":0,"cards_transformed":["Defend_G"],"player_choice":"Transformed","damage_taken":0,"max_hp_gain":0,"max_hp_loss":0,"event_name":"Transmorgrifier","floor":36,"gold_loss":0,"cards_obtained":["Deadly Poison"]},{"damage_healed":0,"gold_gain":0,"player_choice":"Memory 3","damage_taken":10,"max_hp_gain":0,"max_hp_loss":0,"event_name":"SensoryStone","floor":39,"gold_loss":0},{"damage_healed":0,"gold_gain":0,"player_choice":"Fight","damage_taken":0,"max_hp_gain":0,"max_hp_loss":0,"event_name":"MindBloom","floor":42,"gold_loss":0},{"damage_healed":0,"gold_gain":0,"player_choice":"Copied","damage_taken":0,"max_hp_gain":0,"max_hp_loss":0,"event_name":"Duplicator","floor":45,"gold_loss":0,"cards_obtained":["Wraith Form v2"]}],"is_beta":true,"boss_relics":[{"not_picked":["Sozu","Astrolabe"],"picked":"Velvet Choker"},{"not_picked":["Black Star","Fusion Hammer"],"picked":"Empty Cage"}],"items_purged_floors":[19,21],"is_endless":false,"potions_floor_spawned":[1,2,7,11,16,27,31,35,44,46,48,55],"ascension_level":20}}