{"host":"5p9hybygolzp0efr","time":1611470098,"event":{"mods":["AchievementEnabler","BaseMod","Bestiary","Colored Map","Minty Spire (QoL Compilation)","Permanent Neow","Relic Stats"],"gold_per_floor":[117,67,67,85,101,101,114,125,125,141,174,48,79,90,90,192,192,192,192],"floor_reached":18,"language":"ENG","playtime":790,"items_purged":["Defend_P"],"score":280,"play_id":"760706e7-d09d-4c69-bc60-406937c78dc6","local_time":"20210124143458","is_ascension_mode":true,"campfire_choices":[{"data":"Eruption","floor":6,"key":"SMITH"},{"data":"Vigilance","floor":15,"key":"SMITH"}],"circlet_count":0,"master_deck":["Strike_P","Strike_P","Strike_P","Defend_P","Defend_P","Eruption+1","Vigilance+1","Wireheading","FearNoEvil","Tantrum","EmptyFist","BattleHymn","ThirdEye","FollowUp","MentalFortress","LikeWater","TalkToTheHand","Nirvana","LessonLearned"],"relics":["Philosopher\u0027s Stone","Orichalcum","Smiling Mask","Blue Candle","SlaversCollar"],"acts_visited":["Exordium","TheCity"],"potions_floor_usage":[],"damage_taken":[{"damage":0,"enemies":"Cultist","floor":1,"turns":2},{"damage":2,"enemies":"2 Louse","floor":4,"turns":2},{"damage":0,"enemies":"Jaw Worm","floor":5,"turns":2},{"damage":9,"enemies":"Gremlin Gang","floor":7,"turns":4},{"damage":2,"enemies":"Red Slaver","floor":8,"turns":2},{"damage":6,"enemies":"2 Fungi Beasts","floor":10,"turns":3},{"damage":9,"enemies":"3 Sentries","floor":11,"turns":4},{"damage":1,"enemies":"Lagavulin","floor":13,"turns":5},{"damage":12,"enemies":"3 Louse","floor":14,"turns":3},{"damage":0,"enemies":"Slime Boss","floor":16,"turns":6},{"damage":7,"enemies":"3 Byrds","floor":18,"turns":2}],"seed_played":"3226020078241982053","potions_obtained":[{"floor":1,"key":"Fruit Juice"},{"floor":4,"key":"FearPotion"},{"floor":7,"key":"EssenceOfSteel"}],"is_trial":false,"path_per_floor":["M","?","?","M","M","R","M","M","T","M","E","$","E","M","R","B",null,"M"],"character_chosen":"WATCHER","items_purchased":["LikeWater"],"campfire_rested":0,"item_purchase_floors":[12],"current_hp_per_floor":[72,72,72,70,70,70,61,59,59,53,44,44,43,31,31,31,62,55,55],"gold":192,"neow_bonus":"BOSS_RELIC","is_daily":false,"chose_seed":false,"campfire_upgraded":2,"win_rate":0.0,"timestamp":1611470098,"path_taken":["M","?","?","M","?","R","M","M","T","M","E","$","E","M","R","BOSS","M"],"items_purchased_type":["Card"],"build_version":"2020-12-22","purchased_purges":1,"victory":false,"max_hp_per_floor":[72,72,72,72,72,72,72,72,72,72,72,72,72,72,72,72,72,72,72],"relic_stats":{"counters":[11,35],"Blue Candle":[0],"Orichalcum":[6],"Smiling Mask":25,"obtain_stats":[{"SlaversCollar":17,"Blue Candle":13,"Philosopher\u0027s Stone":0,"PureWater":0,"Orichalcum":9,"Smiling Mask":11},{"SlaversCollar":10,"Blue Candle":8,"Philosopher\u0027s Stone":0,"PureWater":0,"Orichalcum":5,"Smiling Mask":7},{"SlaversCollar":33,"Blue Candle":24,"Philosopher\u0027s Stone":0,"PureWater":0,"Orichalcum":12,"Smiling Mask":19}]},"card_choices":[{"not_picked":["WreathOfFlame","EmptyFist"],"picked":"Wireheading","floor":1},{"not_picked":["Consecrate","FearNoEvil"],"picked":"Tantrum","floor":4},{"not_picked":["ThirdEye","Fasting2"],"picked":"EmptyFist","floor":5},{"not_picked":["WaveOfTheHand","Perseverance"],"picked":"BattleHymn","floor":7},{"not_picked":["Prostrate","Perseverance"],"picked":"ThirdEye","floor":8},{"not_picked":["Crescendo","Vengeance"],"picked":"FollowUp","floor":10},{"not_picked":["ForeignInfluence","ClearTheMind"],"picked":"MentalFortress","floor":11},{"not_picked":["Alpha","EmptyBody"],"picked":"TalkToTheHand","floor":13},{"not_picked":["Wallop","SashWhip"],"picked":"Nirvana","floor":14},{"not_picked":["Wish","Vault"],"picked":"LessonLearned","floor":16}],"player_experience":531221,"relics_obtained":[{"floor":9,"key":"Orichalcum"},{"floor":11,"key":"Smiling Mask"},{"floor":13,"key":"Blue Candle"}],"event_choices":[{"cards_removed":["Defend_P"],"damage_healed":0,"gold_gain":0,"player_choice":"Card Removal","damage_taken":0,"max_hp_gain":0,"max_hp_loss":0,"event_name":"The Cleric","floor":2,"gold_loss":50},{"damage_healed":0,"gold_gain":0,"cards_transformed":["Strike_P"],"player_choice":"Transformed","damage_taken":0,"max_hp_gain":0,"max_hp_loss":0,"event_name":"Transmorgrifier","floor":3,"gold_loss":0,"cards_obtained":["FearNoEvil"]}],"is_beta":false,"boss_relics":[{"not_picked":["Snecko Eye","Coffee Dripper"],"picked":"SlaversCollar"}],"items_purged_floors":[12],"is_endless":false,"potions_floor_spawned":[1,4,7,10,13,16],"killed_by":"3 Byrds","ascension_level":5}}