{"host":"fmb9x04chdot191d","time":1611481722,"event":{"mods":["2.2 Compatiblity","AchievementEnabler","BaseMod","BetterRewards","Colored Map","Downfall","Hermit","Highlight Path","Marisa（霧雨　魔理沙）","Minty Spire (QoL Compilation)","Permanent Neow","Quick Restart","Rare Cards Sparkle","StSLib","The Servant 0.9.4","[IsaacMod]以撒尖塔"],"gold_per_floor":[116,116,132,132,132,132,186,186,186,200,220,230,288,302,302,405,405,421,421,440,365,290,309,309,321,321,321,321],"floor_reached":27,"language":"ENG","playtime":1365,"items_purged":["Defend_P"],"score":240,"play_id":"a011dca8-90d1-4727-bfc9-a79b7cbad843","local_time":"20210124224842","is_ascension_mode":false,"campfire_choices":[{"data":"EpicFetus","floor":6.0,"key":"SMITH"},{"data":"WindmillStrike","floor":8.0,"key":"SMITH"},{"floor":15,"key":"REST"},{"data":"DeusExMachina","floor":24,"key":"SMITH"}],"circlet_count":0,"master_deck":["Strike_P","Strike_P","Strike_P","Defend_P","Defend_P","Defend_P","Eruption","Vigilance","EpicFetus+1","Worship","Ragnarok","WindmillStrike+1","Worship","WreathOfFlame","DeusExMachina+1","Consecrate","FearNoEvil+1"],"relics":["PureWater","HushsDoor","D6","NeowsBlessing","Orichalcum","StoneCalendar","Bottled Lightning","UnicornStump","Philosopher\u0027s Stone"],"acts_visited":["Exordium","TheCity"],"potions_floor_usage":[13,16,20],"damage_taken":[{"damage":0.0,"enemies":"Cultist","floor":1.0,"turns":1.0},{"damage":0.0,"enemies":"Small Slimes","floor":3.0,"turns":1.0},{"damage":0.0,"enemies":"Gremlin Nob","floor":7.0,"turns":1.0},{"damage":0.0,"enemies":"2 Louse","floor":10.0,"turns":1.0},{"damage":4.0,"enemies":"Exordium Wildlife","floor":11.0,"turns":4.0},{"damage":0.0,"enemies":"Looter","floor":12.0,"turns":1.0},{"damage":14,"enemies":"Lagavulin Event","floor":13,"turns":3},{"damage":0,"enemies":"Gremlin Gang","floor":14,"turns":1},{"damage":10,"enemies":"Slime Boss","floor":16,"turns":6},{"damage":0,"enemies":"Chosen","floor":18,"turns":3},{"damage":9,"enemies":"Shell Parasite","floor":20,"turns":2},{"damage":0,"enemies":"Snecko","floor":23,"turns":2},{"damage":16,"enemies":"Sentry and Sphere","floor":25,"turns":3},{"damage":91,"enemies":"Book of Stabbing","floor":27,"turns":4}],"seed_played":"-2687522231883630438","potions_obtained":[{"floor":10.0,"key":"FairyPotion"},{"floor":11.0,"key":"Swift Potion"},{"floor":13,"key":"Fruit Juice"},{"floor":16,"key":"AttackPotion"},{"floor":20,"key":"StancePotion"},{"floor":25,"key":"Guardian:BlockOnCardUsePotion"}],"is_trial":false,"path_per_floor":["M","?","M","?","?","R","E","R","T","M","M","M","?","M","R","B",null,"M","?","M","?","$","M","R","M","T","E"],"character_chosen":"WATCHER","items_purchased":[],"campfire_rested":1,"item_purchase_floors":[],"current_hp_per_floor":[72,72,72,72,54,54,54,54,54,54,50,50,41,41,64,54,77,77,63,54,54,54,54,54,38,38,0,0],"gold":321,"neow_bonus":"THREE_ENEMY_KILL","is_daily":false,"chose_seed":false,"campfire_upgraded":3,"win_rate":0.0,"timestamp":1611481722,"path_taken":["M","?","M","?","?","R","E","R","T","?","M","M","?","M","R","BOSS","M","?","M","?","?","M","R","M","T","E"],"items_purchased_type":[],"build_version":"2020-12-22","purchased_purges":1,"victory":false,"max_hp_per_floor":[72,72,72,72,72,72,72,72,72,72,72,72,77,77,77,77,77,77,82,82,82,82,82,82,82,82,82,82],"card_choices":[{"not_picked":[],"picked":"EpicFetus","floor":0.0},{"not_picked":["ThirdEye","WaveOfTheHand"],"picked":"Bomb","floor":1.0},{"not_picked":["ClearTheMind","Study"],"picked":"Worship","floor":3.0},{"not_picked":["DeusExMachina","WaveOfTheHand"],"picked":"Ragnarok","floor":7.0},{"not_picked":["ThirdEye","Crescendo"],"picked":"WindmillStrike","floor":7.0},{"not_picked":["Crescendo","FollowUp"],"picked":"Bomb","floor":10.0},{"not_picked":["DeceiveReality","EmptyBody"],"picked":"Worship","floor":11.0},{"not_picked":["WheelKick","WaveOfTheHand"],"picked":"Bomb","floor":12.0},{"not_picked":["CrushJoints","EmptyFist"],"picked":"WreathOfFlame","floor":13},{"not_picked":["Consecrate","Evaluate","LikeWater"],"picked":"SKIP","floor":14},{"not_picked":["Judgement","Ragnarok"],"picked":"DeusExMachina","floor":16},{"not_picked":["Nirvana","FollowUp","EmptyBody+1"],"picked":"SKIP","floor":18},{"not_picked":["BowlingBash+1","Weave"],"picked":"Consecrate","floor":20},{"not_picked":["Evaluate","CarveReality","ThirdEye"],"picked":"SKIP","floor":23},{"not_picked":["CarveReality","InnerPeace"],"picked":"FearNoEvil+1","floor":25}],"player_experience":65088,"relics_obtained":[{"floor":7.0,"key":"StoneCalendar"},{"floor":9.0,"key":"Bottled Lightning"},{"floor":13,"key":"UnicornStump"}],"event_choices":[{"damage_healed":0.0,"max_hp_gain":0.0,"max_hp_loss":0.0,"gold_gain":0.0,"event_name":"Liars Game","player_choice":"Ignored","floor":4.0,"gold_loss":0.0,"damage_taken":0.0},{"damage_healed":0.0,"max_hp_gain":0.0,"max_hp_loss":0.0,"gold_gain":0.0,"event_name":"Scrap Ooze","player_choice":"Success","floor":5.0,"gold_loss":0.0,"damage_taken":18.0,"relics_obtained":["Orichalcum"]},{"damage_healed":0,"gold_gain":30,"player_choice":"Searched \u00272\u0027 times","damage_taken":0,"max_hp_gain":0,"max_hp_loss":0,"event_name":"Dead Adventurer","floor":13,"gold_loss":0},{"damage_healed":0,"gold_gain":0,"player_choice":"Shed Blood","damage_taken":19,"max_hp_gain":5,"max_hp_loss":0,"event_name":"Forgotten Altar","floor":19,"gold_loss":0},{"cards_removed":["Strike_P"],"damage_healed":0,"gold_gain":0,"player_choice":"Gave Gold","damage_taken":0,"max_hp_gain":0,"max_hp_loss":0,"event_name":"Beggar","floor":21,"gold_loss":75}],"is_beta":false,"boss_relics":[{"not_picked":["Coffee Dripper","Tiny House"],"picked":"Philosopher\u0027s Stone"},{"not_picked":[]}],"items_purged_floors":[22],"is_endless":false,"potions_floor_spawned":[10,11,13,16,20,25],"killed_by":"Book of Stabbing","ascension_level":0}}