{"host":"6r341r9cz00j2qc1","time":1611453574,"event":{"mods":["BaseMod","Better Third Choice","GungeonMod","Hermit","Lobotomy","LobotomyExtend","Minty Spire (QoL Compilation)","Replay The Spire","Shop Mod","StSLib"],"gold_per_floor":[277,277,296,309,327,327,357,357,357,390,390,409,429,429,429,528,528,539,593,619,635,646,646,656,674,283,359,373,373,387,413,437,437,437,449,449,304,304,304,304],"floor_reached":16,"language":"ENG","playtime":2971,"items_purged":[],"score":288,"play_id":"05093f04-6654-4e9b-822a-086c1cccb066","local_time":"20210124025934","is_ascension_mode":false,"campfire_choices":[{"floor":6,"key":"REST"},{"floor":8,"key":"REST"},{"floor":11,"key":"REST"},{"floor":15,"key":"REST"},{"floor":23,"key":"REST"},{"floor":6,"key":"REST"},{"floor":11,"key":"REST"},{"floor":13,"key":"REST"},{"floor":15,"key":"DIG"}],"circlet_count":0,"master_deck":["DespairKnight","BigBird","hermit:Strike_Hermit","hermit:Strike_Hermit","hermit:Strike_Hermit","hermit:Defend_Hermit","hermit:Defend_Hermit","hermit:Defend_Hermit","hermit:Defend_Hermit","hermit:Snapshot","hermit:Covet","OldLady","hermit:Headshot","PunishingBird","hermit:HighCaliber","hermit:BodyArmor","hermit:Quickdraw","Scorched","hermit:TakeCover","hermit:CursedWeapon","Wellcheers","hermit:Malice","Iron Wave","hermit:FromBeyond","hermit:Cheat+1","hermit:Misfire+1","Bloodbath","hermit:SprayPray","hermit:SprayPray","OSAHOGD","hermit:Feint","Pot Of Greed","Pot Of Greed","Pot Of Greed","ReplayTheSpireMod:Private Reserves","hermit:BodyArmor","QueenOfHatred","hermit:Quickdraw","hermit:WideOpen","Pot Of Greed","hermit:BodyArmor","Overencumbered"],"relics":["hermit:Momento","CogitoBucket","Tiny Chest","Replay:Mystery Machine","DemoMod:DecoyRelic","SkinProphecy","DemoMod:Metronome","DemoMod:MonsterBlood","LetterFromLob","Lamp_r","SwordSharpenedByTears_r","MerchantsRug","Grinning Jar","Dream Catcher","Happy Flower","Shovel","HellTrain","ReplayTheSpireMod:CursedCoin","DemoMod:VorpalBullet","DemoMod:LamentConfigurum"],"acts_visited":["Exordium","TheCity"],"potions_floor_usage":[7,10,12,13,16,8,8,12,12],"damage_taken":[{"damage":3,"enemies":"Jaw Worm","floor":1,"turns":3},{"damage":0,"enemies":"Cultist","floor":3,"turns":3},{"damage":2,"enemies":"Small Slimes","floor":4,"turns":3},{"damage":8,"enemies":"Red Slaver","floor":5,"turns":2},{"damage":36,"enemies":"Lagavulin","floor":7,"turns":4},{"damage":37,"enemies":"Gremlin Nob","floor":10,"turns":4},{"damage":40,"enemies":"Lots of Slimes","floor":12,"turns":3},{"damage":7,"enemies":"Looter","floor":13,"turns":3},{"damage":10,"enemies":"Slime Boss","floor":16,"turns":10},{"damage":12,"enemies":"3 Byrds","floor":18,"turns":5},{"damage":12,"enemies":"Spheric Guardian","floor":21,"turns":3},{"damage":7,"enemies":"Snake Plant","floor":22,"turns":4},{"damage":3,"enemies":"2 Louse","floor":1,"turns":2},{"damage":92,"enemies":"Jaw Worm","floor":2,"turns":12},{"damage":2,"enemies":"Small Slimes","floor":5,"turns":1},{"damage":7,"enemies":"Exordium Thugs","floor":7,"turns":2},{"damage":2,"enemies":"Lagavulin","floor":8,"turns":3},{"damage":1,"enemies":"Exordium Wildlife","floor":12,"turns":4},{"damage":113,"enemies":"Fading Forest","floor":16,"turns":10}],"seed_played":"-7392526097553968344","potions_obtained":[{"floor":4,"key":"Adrenaline Potion"},{"floor":5,"key":"Swift Potion"},{"floor":10,"key":"Adrenaline Potion"},{"floor":12,"key":"Regen Potion"},{"floor":13,"key":"LiquidBronze"},{"floor":16,"key":"hermit:BlackBile"},{"floor":5,"key":"Swift Potion"},{"floor":7,"key":"Explosive Potion"},{"floor":8,"key":"DemoMod:LeadSkinPotion"},{"floor":12,"key":"Fire Potion"}],"is_trial":false,"path_per_floor":["M","?","M","M","M","R","E","R","T","E","R","M","M","?","R","B",null,"M","T","T","M","M","R","M","M","M","$","?","M","R","M","E","T","?","R","M","R","$","R","B"],"character_chosen":"HERMIT","items_purchased":["MerchantsRug","Grinning Jar","ReplayTheSpireMod:Private Reserves","ReplayTheSpireMod:CursedCoin","DemoMod:VorpalBullet"],"campfire_rested":8,"item_purchase_floors":[3,3,3,14,14],"current_hp_per_floor":[72,65,65,63,55,75,39,61,61,24,46,6,4,4,27,26,79,66,66,73,57,42,70,91,18,18,18,12,42,32,35,35,35,66,68,100,100,100,0,0],"gold":304,"neow_bonus":"","is_daily":false,"chose_seed":false,"campfire_upgraded":0,"win_rate":0.0,"timestamp":1611453574,"path_taken":["M","?","?","M","?","R","E","R","T","E","R","?","M","?","R","BOSS","M","?","?","M","?","R","M","M","M","$","?","M","R","M","E","T","?","R","M","R","?","R","BOSS"],"items_purchased_type":["Relic","Relic","Card","Relic","Relic"],"build_version":"2020-12-22","purchased_purges":0,"victory":false,"max_hp_per_floor":[75,75,75,75,75,75,75,75,75,75,75,75,77,77,77,79,79,81,81,88,90,94,94,96,98,98,98,100,100,102,104,104,104,104,108,108,108,108,110,110],"card_choices":[{"not_picked":["Funeral","CrumblingArmor","SingingMachine"],"picked":"Singing Bowl","floor":1},{"not_picked":["OSAHOGD","SpiderBud"],"picked":"OldLady","floor":1},{"not_picked":["hermit:Roulette","hermit:PistolWhip"],"picked":"hermit:Headshot","floor":1},{"not_picked":["DespairKnight","BeautyBeast"],"picked":"PunishingBird","floor":3},{"not_picked":["hermit:EyeOfTheStorm","hermit:LowProfile"],"picked":"hermit:HighCaliber","floor":3},{"not_picked":["Murderer","Wellcheers","MHz"],"picked":"Singing Bowl","floor":4},{"not_picked":["hermit:TrackingShot","hermit:CalledShot"],"picked":"hermit:BodyArmor","floor":4},{"not_picked":["CherryBlossoms","MHz","VoidDream"],"picked":"Singing Bowl","floor":5},{"not_picked":["Murderer","BeautyBeast"],"picked":"ShyLook","floor":5},{"not_picked":["hermit:GhostlyPresence","hermit:TrackingShot"],"picked":"hermit:Quickdraw","floor":5},{"not_picked":["DreamingCurrent","VoidDream","Murderer"],"picked":"Singing Bowl","floor":7},{"not_picked":["Alriune","CrumblingArmor"],"picked":"Scorched","floor":7},{"not_picked":["hermit:Misfire","hermit:SprayPray"],"picked":"hermit:Dissolve","floor":7},{"not_picked":["FairyFestival","SpiderBud","BeautyBeast"],"picked":"Singing Bowl","floor":10},{"not_picked":["UniverseFragment","Scarecrow"],"picked":"DespairKnight","floor":10},{"not_picked":["hermit:Combo","hermit:Enervate"],"picked":"hermit:TakeCover","floor":10},{"not_picked":["CherryBlossoms","FairyFestival","HappyTeddy"],"picked":"Singing Bowl","floor":12},{"not_picked":["hermit:Virtue","hermit:ShadowCloak"],"picked":"hermit:CursedWeapon","floor":12},{"not_picked":["GreedKing","BlackSwan","MeatLantern"],"picked":"Singing Bowl","floor":13},{"not_picked":["OSAHOGD","UniverseFragment"],"picked":"Wellcheers","floor":13},{"not_picked":["hermit:CalledShot","hermit:Vantage"],"picked":"hermit:Malice","floor":13},{"not_picked":["FairyFestival","ShyLook","CrumblingArmor"],"picked":"Singing Bowl","floor":16},{"not_picked":["hermit:BlackWind","hermit:HighNoon"],"picked":"hermit:FromBeyond","floor":16},{"not_picked":["SpiderBud","VoidDream","BeautyBeast"],"picked":"Singing Bowl","floor":18},{"not_picked":["hermit:Ricochet","hermit:Brawl"],"picked":"hermit:Cheat+1","floor":18},{"not_picked":["FairyFestival","Murderer","MHz"],"picked":"Singing Bowl","floor":21},{"not_picked":["LittleHelper","Laetitia"],"picked":"BigBird","floor":21},{"not_picked":["hermit:FlashPowder","hermit:SprayPray"],"picked":"hermit:Misfire+1","floor":21},{"not_picked":["GalaxyChild","OSAHOGD"],"picked":"Bloodbath","floor":22},{"not_picked":["hermit:Virtue","hermit:CalledShot"],"picked":"hermit:SprayPray","floor":22},{"not_picked":["Murderer","Alriune","ShyLook"],"picked":"Singing Bowl","floor":1},{"not_picked":["hermit:BigShot","hermit:Roulette"],"picked":"hermit:SprayPray","floor":1},{"not_picked":["RedShoes","MeatLantern","QueenBee"],"picked":"Singing Bowl","floor":2},{"not_picked":["SnowQueen","GreedKing"],"picked":"OSAHOGD","floor":2},{"not_picked":["hermit:Roulette","hermit:Manifest"],"picked":"hermit:Feint","floor":2},{"not_picked":["FairyFestival","BeautyBeast","HappyTeddy"],"picked":"Singing Bowl","floor":5},{"not_picked":["hermit:Gestalt","hermit:Misfire"],"picked":"hermit:BodyArmor","floor":5},{"not_picked":["Porccubus","VoidDream","Rudolta"],"picked":"Singing Bowl","floor":7},{"not_picked":["SpiderBud","WallGazer"],"picked":"QueenOfHatred","floor":7},{"not_picked":["hermit:Gestalt","hermit:Roulette"],"picked":"hermit:Quickdraw","floor":7},{"not_picked":["CherryBlossoms","ShyLook","Mercenary"],"picked":"Singing Bowl","floor":8},{"not_picked":["hermit:Enervate","hermit:DeadOrAlive"],"picked":"hermit:WideOpen","floor":8},{"not_picked":["CherryBlossoms","Mercenary","Alriune"],"picked":"Singing Bowl","floor":12},{"not_picked":["hermit:Dive","hermit:TrackingShot","hermit:Snipe"],"picked":"SKIP","floor":12},{"not_picked":["hermit:Vantage","hermit:HoleUp"],"picked":"hermit:BodyArmor","floor":13}],"player_experience":451101,"relics_obtained":[{"floor":1,"key":"LetterFromLob"},{"floor":7,"key":"Tiny Chest"},{"floor":9,"key":"Replay:Mystery Machine"},{"floor":10,"key":"DemoMod:DecoyRelic"},{"floor":19,"key":"DemoMod:Metronome"},{"floor":20,"key":"DemoMod:MonsterBlood"},{"floor":1,"key":"LetterFromLob"},{"floor":8,"key":"Dream Catcher"},{"floor":9,"key":"Happy Flower"},{"floor":10,"key":"Shovel"},{"floor":15,"key":"DemoMod:LamentConfigurum"}],"event_choices":[{"damage_healed":0,"gold_gain":0,"player_choice":"Damaged","damage_taken":7,"max_hp_gain":0,"max_hp_loss":0,"event_name":"Wheel of Change","floor":2,"gold_loss":0},{"cards_removed":["ShyLook"],"damage_healed":0,"gold_gain":0,"player_choice":"Took Card","damage_taken":0,"max_hp_gain":0,"max_hp_loss":0,"event_name":"NoteForYourself","floor":14,"gold_loss":0,"cards_obtained":["Iron Wave"]},{"damage_healed":0,"gold_gain":76,"player_choice":"Gained Gold","damage_taken":0,"max_hp_gain":0,"max_hp_loss":0,"event_name":"Golden Wing","floor":4,"gold_loss":0},{"damage_healed":0,"gold_gain":0,"player_choice":"Relic","damage_taken":0,"max_hp_gain":0,"max_hp_loss":0,"event_name":"Wheel of Change","floor":10,"gold_loss":0}],"is_beta":false,"boss_relics":[{"not_picked":["Coffee Dripper","Replay:Drink Me","Kintsugi"]}],"items_purged_floors":[],"is_endless":false,"potions_floor_spawned":[4,5,10,12,13,16,5,7,8,12],"killed_by":"Fading Forest","ascension_level":0}}