{"host":"bplbr8uekuotory4","time":1611492860,"event":{"mods":["Act Like it!","BaseMod","GungeonMod","Hermit","KinomotoSakuraMod(木之本樱)","Marisa（F雨　魔理沙）","Minty Spire (QoL Compilation)","Prisma Mod","Quick Restart","Reimu（博丽灵梦）","Replay The Spire","SOS（斯巴达之子）","Spicy Shops","StSLib","TestMod","The Blackbeard","The Cursed","The Mystic","The Poker Player","The Saiyan","The Senshi","The Servant 0.9.4","Yuri Mod","[IsaacMod]以撒尖塔"],"gold_per_floor":[109,124,124,124,134,166,166],"floor_reached":6,"language":"ZHS","playtime":77,"items_purged":[],"score":78,"play_id":"9797dd5c-4e50-4148-abde-9639c3d521b0","local_time":"20210124205420","is_ascension_mode":true,"campfire_choices":[],"circlet_count":0,"master_deck":["AscendersBane","Strike_G","Strike_G","Strike_G","Strike_G","Defend_G","Defend_G","Defend_G","Defend_G","Defend_G","Survivor","Neutralize","Draining Mist","All Out Attack","Masterful Stab"],"relics":["Ring of the Snake","testmod-TestBox","HushsDoor","DeathBook","testmod-InfectionSource","NeowsBlessing","Onion Ring"],"acts_visited":["Exordium"],"potions_floor_usage":[],"damage_taken":[{"damage":0,"enemies":"Small Slimes","floor":1,"turns":1},{"damage":0,"enemies":"Jaw Worm","floor":2,"turns":1},{"damage":0,"enemies":"2 Louse","floor":5,"turns":1},{"damage":5,"enemies":"Gremlin Nob","floor":6,"turns":3}],"seed_played":"-4946323953358373588","potions_obtained":[{"floor":2,"key":"Energy Potion"}],"is_trial":false,"path_per_floor":["M","M","?","?","M","E"],"character_chosen":"THE_SILENT","items_purchased":[],"campfire_rested":0,"item_purchase_floors":[],"current_hp_per_floor":[59,59,52,52,52,47,47],"gold":166,"neow_bonus":"THREE_ENEMY_KILL","is_daily":false,"chose_seed":false,"campfire_upgraded":0,"win_rate":0.0,"timestamp":1611492860,"path_taken":["M","M","?","?","M","E"],"items_purchased_type":[],"build_version":"2020-12-22","purchased_purges":0,"victory":false,"max_hp_per_floor":[66,66,66,66,66,66,66],"card_choices":[{"not_picked":[],"picked":"Bomb","floor":0},{"not_picked":["Deadly Poison","Acrobatics"],"picked":"Draining Mist","floor":1},{"not_picked":["Hidden Blade","Dodge and Roll"],"picked":"All Out Attack","floor":2},{"not_picked":["Backflip","Underhanded Strike"],"picked":"Masterful Stab","floor":5},{"not_picked":["Calculated Gamble","ReplayTheSpireMod:Exploit Weakness","PiercingWail"],"picked":"SKIP","floor":6}],"player_experience":1156097,"relics_obtained":[{"floor":6,"key":"Onion Ring"}],"event_choices":[{"cards_removed":["Strike_G"],"damage_healed":0,"gold_gain":0,"player_choice":"Card Removal","damage_taken":7,"max_hp_gain":0,"max_hp_loss":0,"event_name":"Golden Wing","floor":3,"gold_loss":0}],"is_beta":false,"boss_relics":[],"items_purged_floors":[],"is_endless":false,"potions_floor_spawned":[2],"killed_by":"Gremlin Nob","ascension_level":14}}