{"host":"guzbs4v8630hpsy6","time":1611491852,"event":{"mods":["2.2 Compatiblity","AchievementEnabler","BaseMod","Block Reminder","DeckTracker","Highlight Path","Minty Spire (QoL Compilation)","Relic Stats","SuperFastMode"],"gold_per_floor":[112,137,157,157,169,169,199,164,164,164,90,107,107,126,126,230,230,242,242,262,187,187,222,234,246,258,99,112,147,246,273,273,273,273],"floor_reached":33,"language":"ENG","playtime":926,"items_purged":["Zap+1","Strike_B"],"score":406,"play_id":"955ae874-5ba5-41c0-835d-01076b38781a","local_time":"20210124203732","is_ascension_mode":true,"campfire_choices":[{"data":"Zap","floor":6,"key":"SMITH"},{"data":"Cold Snap","floor":10,"key":"SMITH"},{"data":"Sunder","floor":13,"key":"SMITH"},{"data":"Genetic Algorithm","floor":15,"key":"SMITH"},{"floor":25,"key":"REST"},{"floor":32,"key":"REST"}],"circlet_count":0,"master_deck":["Strike_B","Defend_B","Defend_B","Defend_B","Defend_B","Dualcast","Cold Snap+1","Static Discharge","Sunder+1","Genetic Algorithm+1","Compile Driver","Buffer","Coolheaded","Glacier","Hologram","Hyperbeam","Gash","Sunder","Sunder"],"relics":["Cracked Core","Lantern","Tiny Chest","Omamori","Snecko Eye","HornCleat","MawBank","Centennial Puzzle","Toxic Egg 2"],"acts_visited":["Exordium","TheCity"],"potions_floor_usage":[7,16,29],"damage_taken":[{"damage":0.0,"enemies":"Cultist","floor":1.0,"turns":3.0},{"damage":2.0,"enemies":"Jaw Worm","floor":3.0,"turns":3.0},{"damage":2,"enemies":"Small Slimes","floor":5,"turns":3},{"damage":32,"enemies":"Gremlin Nob","floor":7,"turns":5},{"damage":1,"enemies":"Blue Slaver","floor":12,"turns":2},{"damage":9,"enemies":"Exordium Wildlife","floor":14,"turns":5},{"damage":40,"enemies":"Hexaghost","floor":16,"turns":8},{"damage":11,"enemies":"2 Thieves","floor":18,"turns":4},{"damage":13,"enemies":"Spheric Guardian","floor":20,"turns":4},{"damage":17,"enemies":"Book of Stabbing","floor":23,"turns":5},{"damage":0,"enemies":"Snake Plant","floor":28,"turns":3},{"damage":7,"enemies":"Slavers","floor":29,"turns":4},{"damage":20,"enemies":"Gremlin Leader","floor":31,"turns":6},{"damage":57,"enemies":"Collector","floor":33,"turns":9}],"seed_played":"-5674515670457587108","potions_obtained":[{"floor":3.0,"key":"SkillPotion"},{"floor":5,"key":"BlessingOfTheForge"},{"floor":12,"key":"GamblersBrew"},{"floor":14,"key":"EssenceOfDarkness"},{"floor":18,"key":"Dexterity Potion"},{"floor":23,"key":"Explosive Potion"},{"floor":31,"key":"Dexterity Potion"}],"is_trial":false,"path_per_floor":["M","T","M","?","M","R","E","?","T","R","$","M","R","M","R","B",null,"M","?","M","$","T","E","?","R","T","$","M","E","?","E","R","B"],"character_chosen":"DEFECT","items_purchased":["Sunder","Sunder"],"campfire_rested":2,"item_purchase_floors":[11,27],"current_hp_per_floor":[75,75,73,73,71,71,39,59,59,59,59,58,58,49,49,9,64,53,37,24,24,24,7,7,33,33,33,33,26,26,6,32,0,0],"gold":273,"neow_bonus":"TEN_PERCENT_HP_BONUS","is_daily":false,"chose_seed":false,"campfire_upgraded":4,"win_rate":0.0,"timestamp":1611491852,"path_taken":["M","?","M","?","M","R","E","?","T","R","?","M","R","M","R","BOSS","M","?","M","$","?","E","?","R","T","$","M","E","?","E","R","BOSS"],"items_purchased_type":["Card","Card"],"build_version":"2020-12-22","purchased_purges":2,"victory":false,"max_hp_per_floor":[82,82,82,82,82,82,82,82,82,82,82,82,82,82,82,82,82,82,87,87,87,87,87,87,87,87,87,87,87,87,87,87,87,87],"relic_stats":{"Centennial Puzzle":[6],"counters":[14,64],"Snecko Eye":[61,61,76,69],"Tiny Chest":1,"MawBank":48,"obtain_stats":[{"Lantern":2,"Centennial Puzzle":29,"HornCleat":22,"Snecko Eye":17,"Tiny Chest":7,"Omamori":9,"Toxic Egg 2":31,"Cracked Core":0,"MawBank":23},{"Lantern":1,"Centennial Puzzle":12,"HornCleat":9,"Snecko Eye":7,"Tiny Chest":4,"Omamori":4,"Toxic Egg 2":13,"Cracked Core":0,"MawBank":10},{"Lantern":3,"Centennial Puzzle":49,"HornCleat":37,"Snecko Eye":29,"Tiny Chest":14,"Omamori":14,"Toxic Egg 2":55,"Cracked Core":0,"MawBank":42}]},"card_choices":[{"not_picked":["Rebound","Darkness","Lockon"],"picked":"SKIP","floor":1.0},{"not_picked":["Beam Cell","Hologram","Rebound"],"picked":"SKIP","floor":3.0},{"not_picked":["Stack","Turbo"],"picked":"Cold Snap","floor":5},{"not_picked":["Hologram","Blizzard"],"picked":"Static Discharge","floor":7},{"not_picked":["Glacier","Barrage"],"picked":"Genetic Algorithm","floor":12},{"not_picked":["Storm","Turbo"],"picked":"Compile Driver","floor":14},{"not_picked":["Machine Learning","Creative AI"],"picked":"Buffer","floor":16},{"not_picked":["Streamline","Sweeping Beam"],"picked":"Coolheaded","floor":18},{"not_picked":["Storm","Capacitor"],"picked":"Glacier","floor":20},{"not_picked":["Barrage","Double Energy+1"],"picked":"Hologram","floor":23},{"not_picked":["Storm+1","Gash","Aggregate"],"picked":"SKIP","floor":28},{"not_picked":["Beam Cell","Static Discharge"],"picked":"Sunder","floor":29},{"not_picked":["Stack+1","FTL+1","Hello World+1"],"picked":"SKIP","floor":31}],"player_experience":515834,"relics_obtained":[{"floor":2.0,"key":"Lantern"},{"floor":7,"key":"Tiny Chest"},{"floor":9,"key":"Omamori"},{"floor":22,"key":"HornCleat"},{"floor":23,"key":"MawBank"},{"floor":29,"key":"Centennial Puzzle"},{"floor":31,"key":"Toxic Egg 2"}],"event_choices":[{"damage_healed":0.0,"max_hp_gain":0.0,"max_hp_loss":0.0,"gold_gain":0.0,"event_name":"Liars Game","player_choice":"Ignored","floor":4.0,"gold_loss":0.0,"damage_taken":0.0},{"damage_healed":20,"gold_gain":0,"player_choice":"Healed","damage_taken":0,"max_hp_gain":0,"max_hp_loss":0,"event_name":"The Cleric","floor":8,"gold_loss":35},{"damage_healed":0,"gold_gain":0,"player_choice":"Shed Blood","damage_taken":21,"max_hp_gain":5,"max_hp_loss":0,"event_name":"Forgotten Altar","floor":19,"gold_loss":0},{"damage_healed":0,"gold_gain":0,"cards_transformed":["Strike_B","Strike_B"],"player_choice":"Became Test Subject","damage_taken":0,"max_hp_gain":0,"max_hp_loss":0,"event_name":"Drug Dealer","floor":24,"gold_loss":0,"cards_obtained":["Hyperbeam","Gash"]},{"damage_healed":0,"gold_gain":99,"player_choice":"Stole From Cult","damage_taken":0,"max_hp_gain":0,"max_hp_loss":0,"event_name":"Nest","floor":30,"gold_loss":0}],"is_beta":false,"boss_relics":[{"not_picked":["SlaversCollar","Tiny House"],"picked":"Snecko Eye"}],"items_purged_floors":[21,27],"is_endless":false,"potions_floor_spawned":[3,5,12,14,18,23,31],"killed_by":"Collector","ascension_level":7}}