{"host":"jfbo3eu2ui08ej1u","time":1611528873,"event":{"mods":["2.2 Compatiblity","AchievementEnabler","Act Like it!","Aspiration","BaseMod","Better Altar","Better Match","Better Note","Better Sensory Stone","Better Skull","Better Third Choice","Block Reminder","Colored Map","Colored Powertips","Conspire","DeckTracker","Displayed Cursed Tome","Energized Spire","Fox Events","GifTheSpireLib","Hubris","Infinite Spire","Marked Mod","Minty Spire (QoL Compilation)","Pale of the Ancients","Poor People Problems","Quick Restart","Relic Filter","Reliquary","Reorder Act Four","Replay The Spire","Shop Mod","Spicy Shops","Spire Arcade","StSLib","Stuff the Spire","The Blue Laboratory","The Disciple","The Forsaken","The Hierophant","The Marked","Uncapped","Unceasing Turn Reminder","Wandering Minibosses"],"gold_per_floor":[113,102,102,89,116,52,52,84,161,161,175,193,193,51,51,129,156,170,170,184,184,184,184,210,210,340,370,295,73,149,165,165,239,316,336,14,33,33,33,33],"floor_reached":39,"language":"ENG","playtime":1297,"items_purged":["Strike_P"],"score":2034,"play_id":"3b1bfd0e-4798-4e3c-95d4-82f9316db9d3","local_time":"20210124175433","is_ascension_mode":true,"campfire_choices":[{"floor":7.0,"key":"REST"},{"floor":10.0,"key":"REST"},{"floor":15.0,"key":"REST"},{"floor":23.0,"key":"REST"},{"floor":25.0,"key":"REST"},{"floor":32.0,"key":"REST"}],"circlet_count":0,"master_deck":["AscendersBane","Strike_P","Strike_P","Strike_P","Defend_P","Defend_P","Defend_P","Defend_P","Eruption","Vigilance","TalkToTheHand","EmptyFist","BowlingBash","Halt","ClearTheMind+1","FollowUp","LikeWater","TalkToTheHand","Judgement","BowlingBash","Conclude","CutThroughFate+1","WindmillStrike","Adaptation","MarkedMod:NorthStar","FlurryOfBlows","Establishment","FlurryOfBlows","Consecrate","Replay:Hum+1"],"relics":["infinitespire:Cubic Diamond","foxEvents:LuckyCharm","infinitespire:Lucky Rock","energizedSpire:HugeHouse","aspiration:Stabinomicon","infinitespire:Broken Mirror","reliquary:PorcupineQuills","MealTicket","wanderingMiniBosses:ThiefScarf","PureWater","Bronze Scales","hubris:Metronome","reliquary:IridiumChain","aspiration:DSix"],"acts_visited":["Exordium","TheCity","TheBeyond"],"potions_floor_usage":[39],"damage_taken":[{"damage":2.0,"enemies":"Jaw Worm","floor":1.0,"turns":3.0},{"damage":6.0,"enemies":"2 Louse","floor":2.0,"turns":6.0},{"damage":15.0,"enemies":"conspire:RoseBush","floor":4.0,"turns":11.0},{"damage":32.0,"enemies":"Colosseum Slavers","floor":5.0,"turns":6.0},{"damage":11.0,"enemies":"Gremlin Nob","floor":8.0,"turns":3.0},{"damage":25.0,"enemies":"Large Slime","floor":11.0,"turns":5.0},{"damage":0.0,"enemies":"Blue Slaver","floor":12.0,"turns":2.0},{"damage":32.0,"enemies":"The Guardian","floor":16.0,"turns":12.0},{"damage":9.0,"enemies":"Shell Parasite","floor":18.0,"turns":5.0},{"damage":0.0,"enemies":"3 Byrds","floor":20.0,"turns":3.0},{"damage":21.0,"enemies":"Slavers","floor":24.0,"turns":5.0},{"damage":28.0,"enemies":"Book of Stabbing","floor":27.0,"turns":4.0},{"damage":12.0,"enemies":"Snake Plant","floor":30.0,"turns":6.0},{"damage":0.0,"enemies":"Snecko","floor":31.0,"turns":2.0},{"damage":24.0,"enemies":"Pondfish","floor":33.0,"turns":8.0},{"damage":41,"enemies":"3 Darklings","floor":35,"turns":4},{"damage":22,"enemies":"Orb Walker","floor":37,"turns":3},{"damage":9,"enemies":"4 Shapes","floor":39,"turns":1}],"seed_played":"-3722264823509716370","potions_obtained":[{"floor":11.0,"key":"blueLaboratory:HorrorPotion"},{"floor":12.0,"key":"blueLaboratory:BottledHope"},{"floor":18.0,"key":"Weak Potion"},{"floor":24.0,"key":"Swift Potion"},{"floor":37,"key":"Fire Potion"}],"is_trial":false,"path_per_floor":["M","M","?","M","?","$","R","E","T","R","M","M","?","$","R","B",null,"M","?","M","?","?","R","E","R","T","E","?","$","M","M","R","B",null,"M","$","M","?","M"],"character_chosen":"WATCHER","items_purchased":["ClearTheMind+1","TalkToTheHand","blueLaboratory:FruitPunch","Adaptation","hubris:Metronome","Consecrate"],"campfire_rested":6,"item_purchase_floors":[6,14,14,29,36,36],"current_hp_per_floor":[59,53,53,38,6,6,26,15,15,35,10,10,20,20,40,10,51,42,42,42,21,21,40,19,38,38,10,10,25,13,13,32,8,51,10,25,3,3,0,0],"gold":33,"neow_bonus":"THREE_CARDS","is_daily":false,"chose_seed":false,"campfire_upgraded":0,"win_rate":0.0,"timestamp":1611528873,"path_taken":["M","M","?","M","?","$","R","E","T","R","M","M","?","$","R","BOSS","M","?","M","?","?","R","E","R","T","E","?","$","?","M","R","BOSS","M","$","M","?","?"],"items_purchased_type":["Card","Card","Potion","Card","Relic","Card"],"build_version":"2020-12-22","purchased_purges":1,"victory":false,"max_hp_per_floor":[68,68,68,68,68,68,68,68,68,68,68,68,68,68,68,70,65,65,65,65,65,65,65,65,65,65,65,65,65,65,65,65,65,65,65,65,65,65,65,65],"card_choices":[{"not_picked":["JustLucky","ThirdEye"],"picked":"CrushJoints","floor":0.0},{"not_picked":["MarkedMod:Acupuncture","SashWhip"],"picked":"TalkToTheHand","floor":1.0},{"not_picked":["FlyingSleeves","Evaluate"],"picked":"EmptyFist","floor":2.0},{"not_picked":["Wireheading","SignatureMove"],"picked":"BowlingBash","floor":4.0},{"not_picked":["Crescendo","MarkedMod:Acupuncture"],"picked":"Halt","floor":5.0},{"not_picked":["Collect","MarkedMod:Acupuncture"],"picked":"FollowUp","floor":8.0},{"not_picked":["Halt","JustLucky"],"picked":"LikeWater","floor":11.0},{"not_picked":["Consecrate","SashWhip","Replay:DivineShield"],"picked":"SKIP","floor":12.0},{"not_picked":["ConjureBlade","DevaForm"],"picked":"Judgement","floor":16.0},{"not_picked":["Crescendo+1","EmptyFist"],"picked":"Conclude","floor":18.0},{"not_picked":["EmptyBody","DeceiveReality"],"picked":"CutThroughFate+1","floor":20.0},{"not_picked":["Study","MarkedMod:FirstStrike"],"picked":"WindmillStrike","floor":24.0},{"not_picked":["Prostrate+1","MarkedMod:Acupuncture","Evaluate"],"picked":"SKIP","floor":27.0},{"not_picked":["Replay:ManipulateFuture+1","BowlingBash+1"],"picked":"MarkedMod:NorthStar","floor":30.0},{"not_picked":["MarkedMod:FirstStrike","Replay:ManipulateFuture"],"picked":"FlurryOfBlows","floor":31.0},{"not_picked":["Scrawl","MarkedMod:ChiBlock"],"picked":"Establishment","floor":33.0},{"not_picked":["MarkedMod:FirstStrike","SignatureMove"],"picked":"FlurryOfBlows","floor":35},{"not_picked":["Worship","Meditate"],"picked":"Replay:Hum+1","floor":37}],"player_experience":1219719,"relics_obtained":[{"floor":5.0,"key":"foxEvents:LuckyCharm"},{"floor":8.0,"key":"infinitespire:Lucky Rock"},{"floor":9.0,"key":"Bronze Scales"},{"floor":24.0,"key":"infinitespire:Broken Mirror"},{"floor":26.0,"key":"reliquary:PorcupineQuills"},{"floor":27.0,"key":"MealTicket"},{"floor":30.0,"key":"wanderingMiniBosses:ThiefScarf"},{"floor":30.0,"key":"PureWater"},{"floor":30.0,"key":"Bronze Scales"}],"event_choices":[{"damage_healed":0.0,"max_hp_gain":0.0,"max_hp_loss":0.0,"gold_gain":0.0,"event_name":"Cursed Tome","player_choice":"Obtained Book","floor":21.0,"gold_loss":0.0,"damage_taken":21.0},{"cards_removed":["Strike_P"],"damage_healed":0.0,"max_hp_gain":0.0,"max_hp_loss":0.0,"gold_gain":0.0,"event_name":"Beggar","player_choice":"Gave Gold","floor":28.0,"gold_loss":75.0,"damage_taken":0.0},{"damage_healed":0,"gold_gain":0,"player_choice":"Ignored","damage_taken":0,"max_hp_gain":0,"max_hp_loss":0,"event_name":"betterThird:BetterPortal","floor":38,"gold_loss":0}],"is_beta":false,"boss_relics":[{"not_picked":["ReplayTheSpireMod:SealedPack","ChewingGum"],"picked":"energizedSpire:HugeHouse"},{"not_picked":["Snecko Eye","aspiration:RitualDagger","aspiration:FutureDiary"]}],"items_purged_floors":[29],"is_endless":false,"potions_floor_spawned":[11,12,18,24,37],"killed_by":"4 Shapes","ascension_level":20}}