{"host":"5gc11emcm5chfr5t","time":1611454210,"event":{"mods":["2.2 Compatiblity","AchievementEnabler","BaseMod","Bestiary","Better Note","Colored Map","Colored Powertips","Downfall","Googly Eyes","Minty Spire (QoL Compilation)","Rare Cards Sparkle","StSLib"],"gold_per_floor":[99,99,99,99,99,131,131,166,66,85,103,88,88,108,118,118,118,118],"floor_reached":16,"language":"ENG","playtime":864,"items_purged":[],"score":216,"play_id":"4430a154-ec7a-4fdc-8b1a-e1a4b3d3fb3a","local_time":"20210123211010","is_ascension_mode":true,"campfire_choices":[{"floor":1,"key":"RECALL"},{"floor":9,"key":"REST"},{"floor":13,"key":"REST"}],"circlet_count":0,"master_deck":["AscendersBane","sneckomod:Strike","sneckomod:Strike","sneckomod:Defend","sneckomod:Defend","sneckomod:Defend","sneckomod:TailWhip","sneckomod:SnekBite","sneckomod:Unknown","sneckomod:Unknown","sneckomod:SerpentIdol","sneckomod:QuickBite","sneckomod:MasterEye","sneckomod:UnknownExhaust","sneckomod:UnknownDraw","sneckomod:UnknownClassGREEN","sneckomod:UnknownRareSkill","sneckomod:ImprovisedGuard","sneckomod:UnknownStrength","sneckomod:UnknownClassPURPLE"],"relics":["sneckomod:SneckoSoul","downfall:HeartsMalice","Vajra","Eternal Feather","InkBottle","downfall:HeartBlessingRed"],"acts_visited":["Exordium"],"potions_floor_usage":[11,12,16,16],"damage_taken":[{"damage":0,"enemies":"Small Slimes","floor":2,"turns":1},{"damage":0,"enemies":"Cultist","floor":3,"turns":1},{"damage":0,"enemies":"2 Louse","floor":4,"turns":1},{"damage":42,"enemies":"3 Sentries","floor":6,"turns":10},{"damage":29,"enemies":"Gremlin Nob","floor":8,"turns":4},{"damage":0,"enemies":"2 Fungi Beasts","floor":10,"turns":3},{"damage":0,"enemies":"Large Slime","floor":11,"turns":2},{"damage":10,"enemies":"downfall:FleeingMerchant","floor":12,"turns":4},{"damage":30,"enemies":"Lots of Slimes","floor":14,"turns":4},{"damage":6,"enemies":"Blue Slaver","floor":15,"turns":2},{"damage":37,"enemies":"IC_STATUS_ARCHETYPE","floor":16,"turns":8}],"seed_played":"3443915318837845157","potions_obtained":[{"floor":6,"key":"bronze:BurnAndBuffPotion"},{"floor":8,"key":"sneckomod:DiceRollPotion"},{"floor":14,"key":"Dexterity Potion"},{"floor":15,"key":"Dexterity Potion"}],"is_trial":false,"path_per_floor":["R","M","M","M","?","E","T","E","R","M","M","$","R","M","M","B"],"character_chosen":"THE_SNECKO","items_purchased":[],"campfire_rested":2,"item_purchase_floors":[],"current_hp_per_floor":[75,75,75,75,75,40,40,11,44,44,44,34,67,37,31,0,0,0],"gold":118,"neow_bonus":"THREE_ENEMY_KILL","is_daily":false,"chose_seed":false,"campfire_upgraded":0,"win_rate":0.0,"timestamp":1611454210,"path_taken":["R","M","M","M","?","E","T","E","R","?","M","?","R","M","M","BOSS"],"items_purchased_type":[],"build_version":"2020-12-22","purchased_purges":0,"victory":false,"max_hp_per_floor":[83,83,83,83,83,83,83,83,83,83,83,83,83,83,83,83,83,83],"card_choices":[{"not_picked":["sneckomod:UnknownClassGREEN","sneckomod:Nope"],"picked":"sneckomod:SerpentIdol","floor":2},{"not_picked":["sneckomod:Nope","sneckomod:UnknownBlock"],"picked":"sneckomod:QuickBite","floor":3},{"not_picked":["sneckomod:UnknownExhaust","sneckomod:UnknownClassTHE_CHAMP_GRAY"],"picked":"sneckomod:MasterEye","floor":4},{"not_picked":["sneckomod:DiceCrush","sneckomod:RainOfDice"],"picked":"sneckomod:UnknownExhaust","floor":6},{"not_picked":["sneckomod:DiceCrush","sneckomod:UnknownClassSLIMEBOUND"],"picked":"sneckomod:UnknownDraw","floor":8},{"not_picked":["sneckomod:PureSnecko","sneckomod:IronFang"],"picked":"sneckomod:UnknownClassGREEN","floor":10},{"not_picked":["sneckomod:DiceBlock","sneckomod:UnknownClassGUARDIAN"],"picked":"sneckomod:UnknownRareSkill","floor":11},{"not_picked":["sneckomod:UnknownStrength","sneckomod:MixItUp"],"picked":"sneckomod:ImprovisedGuard","floor":12},{"not_picked":["sneckomod:DiceCrush","sneckomod:SoulDraw"],"picked":"sneckomod:UnknownStrength","floor":14},{"not_picked":["sneckomod:SoulCleanse","sneckomod:UnknownDraw"],"picked":"sneckomod:UnknownClassPURPLE","floor":15}],"player_experience":562510,"relics_obtained":[{"floor":6,"key":"Vajra"},{"floor":7,"key":"Eternal Feather"},{"floor":8,"key":"InkBottle"}],"event_choices":[{"cards_removed":["sneckomod:Strike"],"damage_healed":0,"gold_gain":0,"player_choice":"Offered Basic","damage_taken":0,"max_hp_gain":0,"max_hp_loss":0,"event_name":"Bonfire Elementals","floor":5,"gold_loss":0}],"is_beta":false,"boss_relics":[],"items_purged_floors":[],"is_endless":false,"potions_floor_spawned":[6,8,14,15],"killed_by":"IC_STATUS_ARCHETYPE","ascension_level":20}}