{"host":"fr3ip57hl52y255p","time":1611494621,"event":{"mods":["Act Like it!","Arknights The Spire","BaseMod","Challenge The Spire","Colored Powertips","Downfall","Good Game Mod","Luminous","Mari Mod (Legacy)","Mari\u0027s V1 Patch","Minty Spire (QoL Compilation)","READ ME - Guardian Mod","Relic Filter Mod","Relic Stats","StSLib","The Hierophant","UnlockEverythingMod","[GremlinLeader]The Maniac"],"gold_per_floor":[99,99,109,123,123,123,123,141,141,51,66,66,77,89,105,105,105,105],"floor_reached":16,"language":"ZHS","playtime":1646,"items_purged":["bronze:Strike"],"score":94,"play_id":"ef3e7d26-f4f9-4a78-a968-3ec0be0d397c","local_time":"20210124212341","is_ascension_mode":false,"campfire_choices":[{"data":"bronze:Goto","floor":1,"key":"SMITH"},{"data":"bronze:Mutator","floor":6,"key":"SMITH"},{"data":"bronze:CutThrough","floor":9,"key":"SMITH"},{"data":"Deep Breath","floor":12,"key":"SMITH"}],"circlet_count":0,"master_deck":["bronze:Strike","bronze:Strike","bronze:Strike","bronze:Defend","bronze:Defend","bronze:Defend","bronze:Defend","bronze:Replicate","bronze:Goto+1","bronze:Mutator+1","bronze:Shield","bronze:BugBarrage","Deep Breath+1","bronze:CutThrough+1","bronze:Optimize","bronze:CleanCode"],"relics":["bronze:BronzeCore","REME:ComplimentaryCards","FaceOfCleric","Bag of Preparation"],"acts_visited":["Exordium"],"potions_floor_usage":[16],"damage_taken":[{"damage":1,"enemies":"Jaw Worm","floor":3,"turns":4},{"damage":1,"enemies":"2 Louse","floor":4,"turns":4},{"damage":1,"enemies":"Cultist","floor":8,"turns":4},{"damage":0,"enemies":"downfall:FleeingMerchant","floor":10,"turns":4},{"damage":0,"enemies":"Lots of Slimes","floor":11,"turns":4},{"damage":7,"enemies":"Exordium Thugs","floor":13,"turns":3},{"damage":1,"enemies":"2 Fungi Beasts","floor":14,"turns":2},{"damage":8,"enemies":"Gremlin Gang","floor":15,"turns":4},{"damage":56,"enemies":"WA_ARCHETYPE_RETAIN","floor":16,"turns":13}],"seed_played":"-9015294509404729287","potions_obtained":[{"floor":8,"key":"DuplicationPotion"},{"floor":11,"key":"AttackPotion"},{"floor":14,"key":"BlessingOfTheForge"}],"is_trial":false,"path_per_floor":["R","?","M","M","?","R","T","M","R","$","M","R","M","M","M","B"],"character_chosen":"THE_AUTOMATON","items_purchased":[],"campfire_rested":0,"item_purchase_floors":[],"current_hp_per_floor":[70,70,69,68,68,68,68,68,68,69,70,70,64,64,57,1,1,1],"gold":105,"neow_bonus":"ONE_RANDOM_RARE_CARD","is_daily":false,"chose_seed":false,"campfire_upgraded":4,"win_rate":0.0,"timestamp":1611494621,"path_taken":["R","?","M","M","?","R","T","M","R","$","M","R","M","?","M","BOSS"],"items_purchased_type":[],"build_version":"2020-12-22","purchased_purges":1,"victory":false,"max_hp_per_floor":[70,70,70,70,70,70,70,71,71,72,73,73,74,75,76,76,76,76],"relic_stats":{"FaceOfCleric":6,"counters":[9,42],"Bag of Preparation":[14],"obtain_stats":[{"REME:ComplimentaryCards":0,"bronze:BronzeCore":0,"FaceOfCleric":5,"Bag of Preparation":7},{"REME:ComplimentaryCards":0,"bronze:BronzeCore":0,"FaceOfCleric":2,"Bag of Preparation":2},{"REME:ComplimentaryCards":0,"bronze:BronzeCore":0,"FaceOfCleric":8,"Bag of Preparation":8}]},"card_choices":[{"not_picked":["bronze:Branch","bronze:BronzeArmor"],"picked":"bronze:Shield","floor":3},{"not_picked":["bronze:WhirlingStrike","bronze:Fortify"],"picked":"bronze:BugBarrage","floor":4},{"not_picked":["bronze:Turbo","bronze:Constructor"],"picked":"bronze:CutThrough","floor":8},{"not_picked":["bronze:ForLoop","bronze:ChosenStrike","bronze:Philosophize"],"picked":"SKIP","floor":10},{"not_picked":["bronze:FineTuning","bronze:DelayedGuard"],"picked":"bronze:Optimize","floor":11},{"not_picked":["bronze:Turbo","bronze:Repair","bronze:Repulsor"],"picked":"SKIP","floor":13},{"not_picked":["bronze:Turbo","bronze:Repair","bronze:Repulsor"],"picked":"SKIP","floor":13},{"not_picked":["bronze:FollowUp","bronze:Frontload","bronze:Turbo"],"picked":"SKIP","floor":14},{"not_picked":["bronze:Branch","bronze:Separator"],"picked":"bronze:CleanCode","floor":15}],"player_experience":161922,"relics_obtained":[{"floor":7,"key":"Bag of Preparation"}],"event_choices":[{"damage_healed":0,"gold_gain":0,"player_choice":"Trade","damage_taken":0,"relics_obtained":["FaceOfCleric"],"max_hp_gain":0,"max_hp_loss":0,"event_name":"FaceTrader","floor":5,"gold_loss":0}],"is_beta":false,"boss_relics":[],"items_purged_floors":[10],"is_endless":false,"potions_floor_spawned":[8,11,14,15],"killed_by":"WA_ARCHETYPE_RETAIN","ascension_level":0}}