{"host":"fr3ip57hl52y255p","time":1611496446,"event":{"mods":["Act Like it!","Arknights The Spire","BaseMod","Challenge The Spire","Colored Powertips","Downfall","Good Game Mod","Luminous","Mari Mod (Legacy)","Mari\u0027s V1 Patch","Minty Spire (QoL Compilation)","READ ME - Guardian Mod","Relic Filter Mod","Relic Stats","StSLib","The Hierophant","UnlockEverythingMod","[GremlinLeader]The Maniac"],"gold_per_floor":[119,119,119,166,184,184,184,184],"floor_reached":7,"language":"ZHS","playtime":341,"items_purged":[],"score":39,"play_id":"b1021778-6e7a-452c-a8ca-118f846b64ef","local_time":"20210124215406","is_ascension_mode":false,"campfire_choices":[{"data":"Impatience","floor":6,"key":"SMITH"}],"circlet_count":0,"master_deck":["ats:Strike C","ats:Strike G","ats:Strike S","ats:Strike V","ats:Armor Crushing Shot","ats:Defend","ats:Defend","ats:Defend","ats:Defend","ats:Emotion Absorption","Impatience+1","ats:Flame Of Heaven","Regret"],"relics":["ats:Sanity","REME:ComplimentaryCards","Blue Candle","Blood Vial","Centennial Puzzle"],"acts_visited":["Exordium"],"potions_floor_usage":[],"damage_taken":[{"damage":0,"enemies":"2 Louse","floor":1,"turns":2},{"damage":16,"enemies":"Jaw Worm","floor":5,"turns":5},{"damage":55,"enemies":"Lagavulin","floor":7,"turns":7}],"seed_played":"8526870991412662609","potions_obtained":[],"is_trial":false,"path_per_floor":["M","?","?","T","M","R","E"],"character_chosen":"DOCTOR_CLASS","items_purchased":[],"campfire_rested":0,"item_purchase_floors":[],"current_hp_per_floor":[72,67,67,67,53,53,0,0],"gold":184,"neow_bonus":"RANDOM_COLORLESS","is_daily":false,"chose_seed":false,"campfire_upgraded":1,"win_rate":0.0,"timestamp":1611496446,"path_taken":["M","?","?","?","?","R","E"],"items_purchased_type":[],"build_version":"2020-12-22","purchased_purges":0,"victory":false,"max_hp_per_floor":[72,72,72,72,72,72,72,72],"relic_stats":{"Blood Vial":4,"Centennial Puzzle":[6],"counters":[3,14],"Blue Candle":[2],"obtain_stats":[{"Blood Vial":3,"REME:ComplimentaryCards":0,"Centennial Puzzle":4,"Blue Candle":2,"ats:Sanity":0},{"Blood Vial":1,"REME:ComplimentaryCards":0,"Centennial Puzzle":1,"Blue Candle":1,"ats:Sanity":0},{"Blood Vial":2,"REME:ComplimentaryCards":0,"Centennial Puzzle":2,"Blue Candle":2,"ats:Sanity":0}]},"card_choices":[{"not_picked":["Discovery","Jack Of All Trades"],"picked":"Impatience","floor":0},{"not_picked":["ats:Powerful Strike","ats:Revitalization"],"picked":"ats:Flame Of Heaven","floor":1},{"not_picked":["ats:Leaping Hammer","ats:Serious Mode","ats:Counter Healing Mode"],"picked":"SKIP","floor":5}],"player_experience":164701,"relics_obtained":[{"floor":4,"key":"Centennial Puzzle"}],"event_choices":[{"damage_healed":0,"gold_gain":0,"player_choice":"Box","damage_taken":0,"relics_obtained":["Blood Vial"],"max_hp_gain":0,"max_hp_loss":0,"event_name":"Big Fish","floor":3,"gold_loss":0,"cards_obtained":["Regret"]}],"is_beta":false,"boss_relics":[],"items_purged_floors":[],"is_endless":false,"potions_floor_spawned":[],"killed_by":"Lagavulin","ascension_level":0}}