{"host":"gf6ih3azu8xi0kst","time":1611520979,"event":{"mods":["AchievementEnabler","BaseMod","Bestiary","Colored Map","Colored Powertips","Dark Map","Minty Spire (QoL Compilation)","StSLib"],"gold_per_floor":[112,112,132,132,132,173,196,216,216,230,274,56,74,98,98,223,286,307,49,70,120,20,20,38,61,61,79,79,79],"floor_reached":28,"language":"ENG","playtime":1300,"items_purged":["Defend_B","Defend_B"],"score":259,"play_id":"4df4f8d2-2322-41c5-8852-c80b73ff6585","local_time":"20210124184259","is_ascension_mode":false,"campfire_choices":[{"floor":15,"key":"REST"},{"floor":23,"key":"REST"}],"circlet_count":0,"master_deck":["Strike_B","Strike_B","Strike_B","Defend_B","Defend_B","Zap","Dualcast","Turbo","Doom and Gloom","Leap+1","Conserve Battery","Sweeping Beam","Leap","Gash","Ball Lightning","Gash+1","Reboot","Defragment","Redo","Cold Snap+1","Ball Lightning","BootSequence"],"relics":["Cracked Core","Golden Idol","Ancient Tea Set","Letter Opener","Blue Candle","Runic Capacitor","Tiny House","Bottled Flame"],"acts_visited":["Exordium","TheCity"],"potions_floor_usage":[11,11,11,18],"damage_taken":[{"damage":0,"enemies":"Small Slimes","floor":1,"turns":3},{"damage":8,"enemies":"2 Louse","floor":3,"turns":3},{"damage":16,"enemies":"Lagavulin","floor":6,"turns":6},{"damage":0,"enemies":"Cultist","floor":7,"turns":4},{"damage":5,"enemies":"Blue Slaver","floor":8,"turns":3},{"damage":8,"enemies":"Exordium Thugs","floor":10,"turns":5},{"damage":0,"enemies":"3 Sentries","floor":11,"turns":3},{"damage":0,"enemies":"Red Slaver","floor":13,"turns":3},{"damage":7,"enemies":"Blue Slaver","floor":14,"turns":3},{"damage":31,"enemies":"The Guardian","floor":16,"turns":9},{"damage":10,"enemies":"3 Byrds","floor":18,"turns":2},{"damage":28,"enemies":"2 Thieves","floor":20,"turns":3},{"damage":9,"enemies":"Snake Plant","floor":24,"turns":3},{"damage":21,"enemies":"Snecko","floor":25,"turns":7},{"damage":11,"enemies":"Cultist and Chosen","floor":27,"turns":4},{"damage":28,"enemies":"Centurion and Healer","floor":28,"turns":5}],"seed_played":"476640748100025529","potions_obtained":[{"floor":6,"key":"Explosive Potion"},{"floor":7,"key":"EssenceOfSteel"},{"floor":8,"key":"Ancient Potion"},{"floor":10,"key":"ColorlessPotion"},{"floor":17,"key":"LiquidBronze"},{"floor":20,"key":"Dexterity Potion"},{"floor":24,"key":"GamblersBrew"},{"floor":27,"key":"SpeedPotion"}],"is_trial":false,"path_per_floor":["M","?","M","?","?","E","M","M","T","M","E","$","M","M","R","B",null,"M","$","M","?","$","R","M","M","T","M","M"],"character_chosen":"DEFECT","items_purchased":["Runic Capacitor","Bottled Flame"],"campfire_rested":2,"item_purchase_floors":[12,19],"current_hp_per_floor":[75,57,49,49,49,33,33,28,28,20,20,20,20,13,35,4,80,70,70,42,42,42,66,57,36,36,25,0,0],"gold":79,"neow_bonus":"TRANSFORM_CARD","is_daily":false,"chose_seed":false,"campfire_upgraded":0,"win_rate":0.0,"timestamp":1611520979,"path_taken":["M","?","M","?","?","E","M","M","T","M","E","$","?","M","R","BOSS","M","$","M","?","?","R","M","M","T","M","M"],"items_purchased_type":["Relic","Relic"],"build_version":"2020-12-22","purchased_purges":2,"victory":false,"max_hp_per_floor":[75,75,75,75,75,75,75,75,75,75,75,75,75,75,75,75,80,80,80,80,80,80,80,80,80,80,80,80,80],"card_choices":[{"not_picked":["Beam Cell","Fusion"],"picked":"Doom and Gloom","floor":1},{"not_picked":["Beam Cell","Capacitor"],"picked":"Leap","floor":3},{"not_picked":["Cold Snap","Beam Cell"],"picked":"Conserve Battery","floor":6},{"not_picked":["Conserve Battery","Barrage"],"picked":"Sweeping Beam","floor":7},{"not_picked":["Amplify","Fusion"],"picked":"Leap","floor":8},{"not_picked":["Leap","Go for the Eyes"],"picked":"Gash","floor":10},{"not_picked":["Leap","Turbo"],"picked":"Ball Lightning","floor":11},{"not_picked":["Streamline","Sweeping Beam","Heatsinks"],"picked":"SKIP","floor":13},{"not_picked":["Go for the Eyes","Stack"],"picked":"Gash","floor":14},{"not_picked":["Rainbow","Meteor Strike"],"picked":"Reboot","floor":16},{"not_picked":["Go for the Eyes","Steam"],"picked":"Defragment","floor":17},{"not_picked":["Rebound","Turbo","Stack"],"picked":"SKIP","floor":18},{"not_picked":["Chaos+1","Aggregate"],"picked":"Redo","floor":20},{"not_picked":["Coolheaded","Fission"],"picked":"Cold Snap+1","floor":24},{"not_picked":["FTL","Force Field+1"],"picked":"Ball Lightning","floor":25},{"not_picked":["Compile Driver+1","Rebound"],"picked":"BootSequence","floor":27}],"player_experience":297146,"relics_obtained":[{"floor":6,"key":"Ancient Tea Set"},{"floor":9,"key":"Letter Opener"},{"floor":11,"key":"Blue Candle"}],"event_choices":[{"damage_healed":0,"gold_gain":0,"player_choice":"Take Damage","damage_taken":18,"relics_obtained":["Golden Idol"],"max_hp_gain":0,"max_hp_loss":0,"event_name":"Golden Idol","floor":2,"gold_loss":0},{"damage_healed":0,"gold_gain":0,"player_choice":"Ignored","damage_taken":0,"max_hp_gain":0,"max_hp_loss":0,"event_name":"Shining Light","floor":4,"gold_loss":0},{"damage_healed":0,"gold_gain":0,"player_choice":"Upgraded","damage_taken":0,"max_hp_gain":0,"max_hp_loss":0,"event_name":"Upgrade Shrine","floor":5,"gold_loss":0,"cards_upgraded":["Leap"]},{"damage_healed":0,"gold_gain":100,"player_choice":"Bet on Murderer","damage_taken":0,"max_hp_gain":0,"max_hp_loss":0,"event_name":"The Joust","floor":21,"gold_loss":50}],"is_beta":false,"boss_relics":[{"not_picked":["Coffee Dripper","Velvet Choker"],"picked":"Tiny House"}],"items_purged_floors":[12,22],"is_endless":false,"potions_floor_spawned":[6,7,8,10,20,24,27],"killed_by":"Centurion and Healer","ascension_level":0}}