{"host":"kw4o7b3ro2ktmmbe","time":1611490415,"event":{"mods":["100% Spire Juice","BaseMod","Evolution","Minty Spire (QoL Compilation)","StSLib"],"gold_per_floor":[111,9,84,119,119,153,33,53,53,53,53,83,94,109,109,89,89,108,108,87,107,107,107,126,157,157,72,94,137,164,176,188,304,316,339,370,382,414,438,484,508,520,558,615,657,669,699,730,742,754],"floor_reached":51,"language":"ENG","playtime":20262,"items_purged":[],"score":1353,"play_id":"0dd0f9c1-8b5d-4736-b068-af7115bd7aa4","local_time":"20210125011335","is_ascension_mode":true,"campfire_choices":[{"data":"Moonworks:CloudOfSeagulls","floor":7.0,"key":"SMITH"},{"data":"Moonworks:CloudOfSeagulls","floor":10.0,"key":"SMITH"},{"floor":15.0,"key":"REST"},{"data":"Moonworks:SakisCookie","floor":23.0,"key":"PURGE"},{"data":"Moonworks:Ambush","floor":32.0,"key":"PURGE"},{"data":"Moonworks:Strike+1","floor":42.0,"key":"PURGE"},{"data":"Moonworks:Strike+1","floor":46.0,"key":"PURGE"},{"data":"Moonworks:Strike+1","floor":49,"key":"PURGE"}],"circlet_count":0,"master_deck":["Moonworks:Strike+1","Moonworks:Defend+1","Moonworks:Defend+1","Moonworks:Defend+1","Moonworks:Defend+1","Moonworks:LongDistanceShot","Moonworks:CloudOfSeagulls+1","Moonworks:CloudOfSeagulls+1","Moonworks:Wanted","Moonworks:AnotherUltimateWeapon","Moonworks:Dinner+1","Moonworks:Blazing","Moonworks:NicePresent+1","Moonworks:CrystalBarrier","Moonworks:EvilSpyWorkPreparation+1","Moonworks:JonathanRush+1","Moonworks:StarBlastingFuse","Moonworks:ShieldCounter","Moonworks:JonathanRush+1","Moonworks:UnpaidWork+1","Moonworks:HolyNight","Moonworks:IndiscriminateFireSupport+1","Moonworks:JonathanRush+1","Moonworks:NicePresent+1","Moonworks:RedAndBlue+1"],"relics":["Moonworks:Homemark","EVO:Axolotl","Philosopher\u0027s Stone","Mercury Hourglass","Peace Pipe","FossilizedHelix","Fusion Hammer","Anchor","Matryoshka","MawBank","Toy Ornithopter","SlaversCollar","White Beast Statue","Orichalcum","Happy Flower","Ice Cream","Vajra"],"acts_visited":["Exordium","TheCity","TheBeyond"],"potions_floor_usage":[47,50,50],"damage_taken":[{"damage":0.0,"enemies":"2 Louse","floor":1.0,"turns":2.0},{"damage":0.0,"enemies":"Small Slimes","floor":2.0,"turns":4.0},{"damage":0.0,"enemies":"Cultist","floor":4.0,"turns":3.0},{"damage":39.0,"enemies":"Lagavulin","floor":6.0,"turns":9.0},{"damage":3.0,"enemies":"Blue Slaver","floor":8.0,"turns":3.0},{"damage":17.0,"enemies":"Gremlin Nob","floor":12.0,"turns":3.0},{"damage":0.0,"enemies":"Lots of Slimes","floor":13.0,"turns":3.0},{"damage":0.0,"enemies":"Exordium Thugs","floor":14.0,"turns":3.0},{"damage":29.0,"enemies":"Hexaghost","floor":16.0,"turns":8.0},{"damage":0.0,"enemies":"3 Byrds","floor":18.0,"turns":3.0},{"damage":0.0,"enemies":"Shell Parasite","floor":21.0,"turns":4.0},{"damage":0.0,"enemies":"Snake Plant","floor":24.0,"turns":3.0},{"damage":8.0,"enemies":"Book of Stabbing","floor":25.0,"turns":5.0},{"damage":0.0,"enemies":"Slavers","floor":27.0,"turns":5.0},{"damage":0.0,"enemies":"Centurion and Healer","floor":28.0,"turns":4.0},{"damage":0.0,"enemies":"Book of Stabbing","floor":29.0,"turns":4.0},{"damage":0.0,"enemies":"Cultist and Chosen","floor":30.0,"turns":4.0},{"damage":0.0,"enemies":"Automaton","floor":33.0,"turns":8.0},{"damage":0.0,"enemies":"3 Shapes","floor":35.0,"turns":5.0},{"damage":0.0,"enemies":"Orb Walker","floor":36.0,"turns":4.0},{"damage":0.0,"enemies":"3 Darklings","floor":38.0,"turns":4.0},{"damage":12.0,"enemies":"Jaw Worm Horde","floor":39.0,"turns":3.0},{"damage":0.0,"enemies":"Giant Head","floor":40.0,"turns":6.0},{"damage":0.0,"enemies":"Spire Growth","floor":41.0,"turns":4.0},{"damage":23.0,"enemies":"2 Orb Walkers","floor":44.0,"turns":4.0},{"damage":0.0,"enemies":"Reptomancer","floor":45.0,"turns":5.0},{"damage":0,"enemies":"Transient","floor":47,"turns":5},{"damage":0,"enemies":"Maw","floor":48,"turns":4},{"damage":0,"enemies":"Time Eater","floor":50,"turns":5}],"seed_played":"3846825670584085935","potions_obtained":[{"floor":1.0,"key":"ColorlessPotion"},{"floor":2.0,"key":"EssenceOfSteel"},{"floor":8.0,"key":"SteroidPotion"},{"floor":13.0,"key":"Strength Potion"},{"floor":18.0,"key":"Block Potion"},{"floor":21.0,"key":"DuplicationPotion"},{"floor":25.0,"key":"Energy Potion"},{"floor":30.0,"key":"SpeedPotion"},{"floor":39.0,"key":"ColorlessPotion"},{"floor":40.0,"key":"Explosive Potion"},{"floor":41.0,"key":"Strength Potion"},{"floor":44.0,"key":"Moonworks:OneHundredPercentOrangeJuicePotion"},{"floor":45.0,"key":"DistilledChaos"},{"floor":47,"key":"Dexterity Potion"}],"is_trial":false,"path_per_floor":["M","M","?","M","?","E","R","M","T","R","?","E","M","M","R","B",null,"M","$","?","M","?","R","M","E","T","E","M","E","M","?","R","B",null,"M","M","$","M","M","E","M","R","T","?","E","R","M","M","R","B",null],"character_chosen":"THE_STARBREAKER","items_purchased":[],"campfire_rested":1,"item_purchase_floors":[],"current_hp_per_floor":[54,54,43,43,70,31,31,28,28,28,28,11,11,13,34,5,54,54,54,54,58,58,58,65,62,62,66,70,70,70,57,57,69,74,75,75,75,75,67,75,75,75,75,57,61,61,75,75,75,75],"gold":766,"neow_bonus":"BOSS_RELIC","is_daily":false,"chose_seed":false,"campfire_upgraded":2,"win_rate":0.0,"timestamp":1611490415,"path_taken":["M","M","?","M","?","E","R","?","T","R","?","E","M","M","R","BOSS","M","?","?","M","?","R","M","E","T","E","M","E","M","?","R","BOSS","M","M","$","M","M","E","M","R","T","?","E","R","M","M","R","BOSS"],"items_purchased_type":[],"build_version":"2020-12-22","purchased_purges":0,"victory":true,"max_hp_per_floor":[60,60,60,60,70,70,70,70,70,70,70,70,70,70,70,70,70,70,70,70,70,70,70,70,70,70,70,70,70,70,75,75,75,75,75,75,75,75,75,75,75,75,75,75,75,75,75,75,75,75],"card_choices":[{"not_picked":["Moonworks:RagingMadness","Moonworks:SakisCookie"],"picked":"Moonworks:CloudOfSeagulls","floor":1.0},{"not_picked":["Moonworks:IntelligenceOfficer","Moonworks:SakisCookie"],"picked":"Moonworks:CloudOfSeagulls","floor":2.0},{"not_picked":["Moonworks:ReproductionOfRecords","Moonworks:EvilSpyWorkPreparation"],"picked":"Moonworks:LeapThroughSpace","floor":4.0},{"not_picked":["Moonworks:BigBangBell","Moonworks:BigMagnum"],"picked":"Moonworks:SakisCookie","floor":6.0},{"not_picked":["Moonworks:ImOnFire","Moonworks:BigMagnum","Moonworks:SelfDestruct"],"picked":"SKIP","floor":8.0},{"not_picked":["Moonworks:CompletionReward","Moonworks:Heat300Percent","Moonworks:ReproductionOfRecords"],"picked":"SKIP","floor":12.0},{"not_picked":["Moonworks:DeployBits","Moonworks:Assault","Moonworks:ImOnFire"],"picked":"SKIP","floor":13.0},{"not_picked":["Moonworks:Assault","Moonworks:CloudOfSeagulls"],"picked":"Moonworks:Wanted","floor":14.0},{"not_picked":["Moonworks:MetallicMonocoque","Moonworks:OutOfAmmo"],"picked":"Moonworks:AnotherUltimateWeapon","floor":16.0},{"not_picked":["Moonworks:ImOnFire+1","Moonworks:SakisCookie"],"picked":"Moonworks:Dinner+1","floor":18.0},{"not_picked":["Moonworks:NicePresent","Moonworks:DeployBits"],"picked":"Moonworks:Blazing","floor":21.0},{"not_picked":["Moonworks:SakisCookie+1","Moonworks:CloudOfSeagulls"],"picked":"Moonworks:NicePresent+1","floor":24.0},{"not_picked":["Moonworks:ImOnFire+1","Moonworks:NicePresent"],"picked":"Moonworks:CrystalBarrier","floor":25.0},{"not_picked":["Moonworks:ReproductionOfRecords","Moonworks:Assault+1"],"picked":"Moonworks:EvilSpyWorkPreparation+1","floor":27.0},{"not_picked":["Moonworks:CloudOfSeagulls","Moonworks:SakisCookie"],"picked":"Moonworks:JonathanRush+1","floor":28.0},{"not_picked":["Moonworks:FullSpeedAlicianrone+1","Moonworks:LulusLuckyEgg"],"picked":"Moonworks:StarBlastingFuse","floor":29.0},{"not_picked":["Moonworks:FinalSurgery+1","Moonworks:BigBangBell","Moonworks:ExtendedPhotonRifle"],"picked":"SKIP","floor":30.0},{"not_picked":["Moonworks:WeAreWaruda","Moonworks:EvilMastermind"],"picked":"Moonworks:ShieldCounter","floor":33.0},{"not_picked":["Moonworks:Poppoformation+1","Moonworks:BigMagnum"],"picked":"Moonworks:JonathanRush+1","floor":35.0},{"not_picked":["Moonworks:BigMagnum","Moonworks:DeployBits+1"],"picked":"Moonworks:UnpaidWork+1","floor":36.0},{"not_picked":["Moonworks:DeployBits+1","Moonworks:EvilSpyWorkPreparation+1","Moonworks:SakisCookie"],"picked":"SKIP","floor":38.0},{"not_picked":["Moonworks:Bloodlust","Moonworks:LulusLuckyEgg+1","Moonworks:DeployBits+1"],"picked":"SKIP","floor":39.0},{"not_picked":["Moonworks:JonathanRush+1","Moonworks:IndiscriminateFireSupport+1"],"picked":"Moonworks:HolyNight","floor":40.0},{"not_picked":["Moonworks:CloudOfSeagulls","Moonworks:DevilHand"],"picked":"Moonworks:IndiscriminateFireSupport+1","floor":41.0},{"not_picked":["Moonworks:LulusLuckyEgg","Moonworks:BindingChains"],"picked":"Moonworks:JonathanRush+1","floor":44.0},{"not_picked":["Moonworks:ImOnFire","Moonworks:DeployBits"],"picked":"Moonworks:NicePresent+1","floor":45.0},{"not_picked":["Moonworks:Assault+1","Moonworks:LulusLuckyEgg"],"picked":"Moonworks:RedAndBlue+1","floor":47},{"not_picked":["Moonworks:CastOff+1","Moonworks:Dash","Moonworks:EvilSpyWorkPreparation+1"],"picked":"SKIP","floor":48}],"player_experience":1892300,"relics_obtained":[{"floor":6.0,"key":"Mercury Hourglass"},{"floor":9.0,"key":"Peace Pipe"},{"floor":12.0,"key":"FossilizedHelix"},{"floor":25.0,"key":"Anchor"},{"floor":26.0,"key":"Matryoshka"},{"floor":27.0,"key":"MawBank"},{"floor":29.0,"key":"Toy Ornithopter"},{"floor":40.0,"key":"White Beast Statue"},{"floor":43.0,"key":"Orichalcum"},{"floor":43.0,"key":"Happy Flower"},{"floor":44.0,"key":"Ice Cream"},{"floor":45.0,"key":"Vajra"}],"event_choices":[{"damage_healed":0.0,"max_hp_gain":0.0,"max_hp_loss":0.0,"gold_gain":75.0,"event_name":"World of Goop","player_choice":"Gather Gold","floor":3.0,"gold_loss":0.0,"damage_taken":11.0},{"cards_removed":["Moonworks:LeapThroughSpace"],"damage_healed":17.0,"max_hp_gain":10.0,"max_hp_loss":0.0,"gold_gain":0.0,"event_name":"Bonfire Elementals","player_choice":"Offered Rare","floor":5.0,"gold_loss":0.0,"damage_taken":0.0},{"damage_healed":0.0,"max_hp_gain":0.0,"max_hp_loss":0.0,"gold_gain":0.0,"event_name":"The Woman in Blue","player_choice":"Bought 0 Potions","floor":11.0,"gold_loss":0.0,"damage_taken":0.0},{"damage_healed":0.0,"max_hp_gain":0.0,"max_hp_loss":0.0,"gold_gain":99.0,"event_name":"Nest","player_choice":"Stole From Cult","floor":20.0,"gold_loss":0.0,"damage_taken":0.0},{"damage_healed":0.0,"max_hp_gain":0.0,"max_hp_loss":0.0,"gold_gain":0.0,"event_name":"Back to Basics","player_choice":"Simplicity","floor":22.0,"gold_loss":0.0,"damage_taken":0.0,"cards_upgraded":["Moonworks:Strike","Moonworks:Strike","Moonworks:Strike","Moonworks:Strike","Moonworks:Defend","Moonworks:Defend","Moonworks:Defend","Moonworks:Defend"]},{"damage_healed":0.0,"max_hp_gain":5.0,"max_hp_loss":0.0,"gold_gain":0.0,"event_name":"Forgotten Altar","player_choice":"Shed Blood","floor":31.0,"gold_loss":0.0,"damage_taken":18.0},{"damage_healed":0.0,"max_hp_gain":0.0,"max_hp_loss":0.0,"gold_gain":0.0,"event_name":"Mysterious Sphere","player_choice":"Fight","floor":44.0,"gold_loss":0.0,"damage_taken":0.0}],"is_beta":false,"boss_relics":[{"not_picked":["Runic Pyramid","Snecko Eye"],"picked":"Fusion Hammer"},{"not_picked":["Pandora\u0027s Box","Empty Cage"],"picked":"SlaversCollar"}],"items_purged_floors":[],"is_endless":false,"potions_floor_spawned":[1,2,8,13,18,21,25,30,39,40,41,44,45,47,48],"ascension_level":8}}