{"host":"nu52txkaz0lj0p7m","time":1611481391,"event":{"mods":["2.2 Compatiblity","AchievementEnabler","Arknights The Spire","BaseMod","Beaked The Cultist","BetterRewards","Colored Map","Colored Powertips","Conjunction","Custom Start","Duelist Mod","Evolution","GifTheSpireLib","GungeonMod","Infinite Spire","Lobotomy","LobotomyExtend","Minty Spire (QoL Compilation)","Permanent Neow","Relic Filter","SIMod","Shade Mod","Small Relic Pack","StSLib","SuperFastMode","The Fake Hero"],"gold_per_floor":[116,132,132,150,171,171,28,28,51,66,81,104,147,168,168,288,288,303,321,321,340,340,340,340,340],"floor_reached":24,"language":"ENG","playtime":1336,"items_purged":[],"score":212,"play_id":"9df12350-1901-4a78-82c7-dfd768f98555","local_time":"20210124174311","is_ascension_mode":true,"campfire_choices":[{"data":"beaked:Hexing","floor":6,"key":"SMITH"},{"data":"beaked:Ceremony","floor":8,"key":"SMITH"},{"data":"beaked:WarriorEssence","floor":15,"key":"SMITH"},{"data":"infinitespire:SevenWalls","floor":23,"key":"SMITH"}],"circlet_count":0,"master_deck":["beaked:Strike_Y","beaked:Strike_Y","beaked:Strike_Y","beaked:Strike_Y","beaked:Strike_Y","beaked:Defend_Y","beaked:Defend_Y","beaked:Defend_Y","beaked:Defend_Y","beaked:Ceremony+1","beaked:Ceremony","beaked:Ceremony","beaked:MimicMachine","beaked:Hexing+1","beaked:Insight","beaked:DigDeep","beaked:WarriorEssence+1","beaked:AwakenedForm","infinitespire:SevenWalls+1","infinitespire:NeuralNetwork"],"relics":["beaked:MendingPlumage","EVO:Axolotl","Golden Idol","DemoMod:MonsterBlood","Oddly Smooth Stone","Happy Flower","Sozu","Blood Vial","beaked:BlessedCoat"],"acts_visited":["Exordium","TheCity"],"potions_floor_usage":[16,18],"damage_taken":[{"damage":0,"enemies":"2 Louse","floor":1,"turns":4},{"damage":6,"enemies":"Jaw Worm","floor":2,"turns":5},{"damage":3,"enemies":"Cultist","floor":4,"turns":5},{"damage":14,"enemies":"Looter","floor":5,"turns":4},{"damage":8,"enemies":"Exordium Wildlife","floor":10,"turns":5},{"damage":15,"enemies":"Large Slime","floor":11,"turns":5},{"damage":20,"enemies":"3 Louse","floor":12,"turns":5},{"damage":25,"enemies":"Lagavulin","floor":13,"turns":7},{"damage":20,"enemies":"2 Fungi Beasts","floor":14,"turns":4},{"damage":43,"enemies":"Hexaghost","floor":16,"turns":7},{"damage":44,"enemies":"2 Thieves","floor":18,"turns":5},{"damage":26,"enemies":"Chosen","floor":19,"turns":6},{"damage":29,"enemies":"Snake Plant","floor":21,"turns":4},{"damage":70,"enemies":"Slavers","floor":24,"turns":3}],"seed_played":"-703724778714295661","potions_obtained":[{"floor":2,"key":"ColorlessPotion"},{"floor":4,"key":"LiquidMemories"},{"floor":5,"key":"Dexterity Potion"},{"floor":16,"key":"SpeedPotion"}],"is_trial":false,"path_per_floor":["M","M","?","M","M","R","$","R","T","M","M","M","E","M","R","B",null,"M","M","?","M","AVR","R","E"],"character_chosen":"BEAKED_THE_CULTIST","items_purchased":["DemoMod:MonsterBlood"],"campfire_rested":0,"item_purchase_floors":[7],"current_hp_per_floor":[50,50,38,48,43,43,50,50,50,55,51,49,49,42,42,35,57,38,44,44,38,38,38,0,0],"gold":340,"neow_bonus":"REMOVE_CARD","is_daily":false,"chose_seed":false,"campfire_upgraded":4,"win_rate":0.0,"timestamp":1611481391,"path_taken":["M","M","?","M","M","R","$","R","T","M","M","M","E","M","R","BOSS","M","M","?","M","AVR","R","E"],"items_purchased_type":["Relic"],"build_version":"2020-12-22","purchased_purges":0,"victory":false,"max_hp_per_floor":[50,50,50,50,50,50,57,57,57,57,57,57,57,57,57,57,57,57,57,57,57,57,57,57,57],"card_choices":[{"not_picked":["beaked:FeelMyPain","beaked:Redirect","beaked:Overexert"],"picked":"SKIP","floor":1},{"not_picked":["beaked:Resilience","beaked:BarbedWire","beaked:StunningBlow"],"picked":"SKIP","floor":2},{"not_picked":["beaked:Redirect","beaked:MimicWarrior"],"picked":"beaked:MimicMachine","floor":4},{"not_picked":["beaked:Daydream","beaked:Insight"],"picked":"beaked:Hexing","floor":5},{"not_picked":["beaked:CursingBlood","beaked:Cower"],"picked":"beaked:Insight","floor":10},{"not_picked":["beaked:BloodForTheGods","beaked:Brace"],"picked":"beaked:DigDeep","floor":11},{"not_picked":["beaked:SurvivalInstinct","beaked:BloodForTheGods","beaked:Cower"],"picked":"SKIP","floor":12},{"not_picked":["beaked:Redirect","beaked:Evade","beaked:SurvivalInstinct"],"picked":"SKIP","floor":13},{"not_picked":["beaked:Mantra","beaked:Poke"],"picked":"beaked:WarriorEssence","floor":14},{"not_picked":["beaked:SacrificialScars","beaked:VolatileMisfortune"],"picked":"beaked:AwakenedForm","floor":16},{"not_picked":["beaked:TuckingFeathers","beaked:Overexert","beaked:Replenish"],"picked":"SKIP","floor":18},{"not_picked":["beaked:BraceForImpact+1","beaked:CursingBlood","beaked:LiftOff"],"picked":"SKIP","floor":19},{"not_picked":["beaked:Poke","beaked:Daydream","beaked:FeelMyPain"],"picked":"SKIP","floor":21}],"player_experience":319584,"relics_obtained":[{"floor":9,"key":"Oddly Smooth Stone"},{"floor":13,"key":"Happy Flower"}],"event_choices":[{"damage_healed":0,"gold_gain":0,"player_choice":"Take Damage","damage_taken":12,"relics_obtained":["Golden Idol"],"max_hp_gain":0,"max_hp_loss":0,"event_name":"Golden Idol","floor":3,"gold_loss":0}],"is_beta":false,"boss_relics":[{"not_picked":["Runic Dome","Empty Cage"],"picked":"Sozu"}],"items_purged_floors":[],"is_endless":false,"potions_floor_spawned":[2,4,5,10,14,16,19],"killed_by":"Slavers","ascension_level":1}}