{"host":"yy44renf238qc8xc","time":1611474684,"event":{"mods":["BaseMod","Downfall","Minty Spire (QoL Compilation)","StSLib"],"gold_per_floor":[99,110,124,224,224,258,258,273,289,289,289,305,305,324,336,431,431,431,450,450,450,473,473,499,499,499,499],"floor_reached":25,"language":"ENG","playtime":3143,"items_purged":[],"score":201,"play_id":"ca5601a5-e99c-4e5d-ba75-b3e23ce2eb02","local_time":"20210124025124","is_ascension_mode":false,"campfire_choices":[{"data":"Slimebound:Split","floor":1,"key":"SMITH"},{"floor":11,"key":"REST"},{"floor":13,"key":"REST"},{"data":"Mind Blast","floor":18,"key":"SMITH"},{"data":"Slimebound:MassFeed","floor":23,"key":"SMITH"}],"circlet_count":0,"master_deck":["Slimebound:Strike_Slimebound","Slimebound:Strike_Slimebound","Slimebound:Strike_Slimebound","Slimebound:Tackle","Slimebound:Defend_Slimebound","Slimebound:Defend_Slimebound","Slimebound:Defend_Slimebound","Slimebound:Defend_Slimebound","Slimebound:Split+1","Slimebound:CorrosiveSpit","Slimebound:GoopSpray","Slimebound:LivingWall","Slimebound:Teamwork","Slimebound:SplitAcid","Slimebound:Prepare","Mind Blast+1","Slimebound:MinionMaster","Slimebound:ComboTackle","Slimebound:AcidTongue","Slimebound:Grow","Slimebound:MassFeed+1","Slimebound:RollThrough"],"relics":["Slimebound:AbsorbEndCombat","Centennial Puzzle","White Beast Statue","Shuriken","Black Star","Nilry\u0027s Codex","Toy Ornithopter","Regal Pillow"],"acts_visited":["Exordium","TheCity"],"potions_floor_usage":[12,12,15,16,16,16,19,25],"damage_taken":[{"damage":6,"enemies":"Jaw Worm","floor":2,"turns":3},{"damage":13,"enemies":"2 Louse","floor":3,"turns":2},{"damage":28,"enemies":"3 Sentries","floor":6,"turns":7},{"damage":2,"enemies":"Small Slimes","floor":8,"turns":3},{"damage":29,"enemies":"Gremlin Gang","floor":9,"turns":5},{"damage":5,"enemies":"3 Louse","floor":12,"turns":3},{"damage":11,"enemies":"Exordium Wildlife","floor":14,"turns":4},{"damage":2,"enemies":"Blue Slaver","floor":15,"turns":3},{"damage":34,"enemies":"WA_ARCHETYPE_RETAIN","floor":16,"turns":10},{"damage":23,"enemies":"Spheric Guardian","floor":19,"turns":5},{"damage":28,"enemies":"Slavers","floor":25,"turns":2}],"seed_played":"-608426447601160131","potions_obtained":[{"floor":2,"key":"FearPotion"},{"floor":8,"key":"FearPotion"},{"floor":9,"key":"PowerPotion"},{"floor":12,"key":"Block Potion"},{"floor":14,"key":"SpeedPotion"},{"floor":15,"key":"Strength Potion"},{"floor":16,"key":"AttackPotion"},{"floor":19,"key":"EssenceOfSteel"}],"is_trial":false,"path_per_floor":["R","M","M","?","?","E","T","M","M","?","R","M","R","M","M","B",null,"R","M","?","?","T","R","T","E"],"character_chosen":"SLIMEBOUND","items_purchased":[],"campfire_rested":2,"item_purchase_floors":[],"current_hp_per_floor":[65,63,52,52,52,32,32,34,13,13,32,27,46,41,41,15,65,65,46,30,30,30,30,30,7,7,7],"gold":499,"neow_bonus":"RANDOM_COMMON_RELIC","is_daily":false,"chose_seed":false,"campfire_upgraded":3,"win_rate":0.0,"timestamp":1611474684,"path_taken":["R","M","M","?","?","E","T","M","M","?","R","?","R","M","M","BOSS","R","M","?","?","?","R","T","E"],"items_purchased_type":[],"build_version":"2020-12-22","purchased_purges":0,"victory":false,"max_hp_per_floor":[65,65,65,65,65,65,65,65,65,65,65,65,65,65,65,65,65,65,65,65,65,65,65,65,65,65,65],"card_choices":[{"not_picked":["Slimebound:FlameTackle","Slimebound:FinishingTackle"],"picked":"Slimebound:GoopSpray","floor":2},{"not_picked":["Slimebound:ProtectTheBoss","Slimebound:ItLooksTasty"],"picked":"Slimebound:LivingWall","floor":3},{"not_picked":["Slimebound:FlameTackle","Slimebound:SplitMire"],"picked":"Slimebound:Teamwork","floor":6},{"not_picked":["Slimebound:RejuvenatingLick","Slimebound:PressTheAttack"],"picked":"Slimebound:SplitAcid","floor":8},{"not_picked":["Slimebound:SlimeSpikes","Slimebound:SlimeBrawl"],"picked":"Slimebound:Prepare","floor":9},{"not_picked":["Slimebound:GoopSpray","Slimebound:SlimeBrawl"],"picked":"Slimebound:ComboTackle","floor":12},{"not_picked":["Slimebound:SplitBruiser","Slimebound:SplitAcid"],"picked":"Slimebound:AcidTongue","floor":14},{"not_picked":["Slimebound:DisruptingSlam","Slimebound:LeechEnergy"],"picked":"Slimebound:Grow","floor":15},{"not_picked":["Slimebound:WasteNot","Slimebound:FirmFortitude"],"picked":"Slimebound:MassFeed","floor":16},{"not_picked":["Slimebound:Prepare","Slimebound:FinishingTackle"],"picked":"Slimebound:RollThrough","floor":19}],"player_experience":339848,"relics_obtained":[{"floor":6,"key":"White Beast Statue"},{"floor":7,"key":"Shuriken"},{"floor":20,"key":"Nilry\u0027s Codex"},{"floor":22,"key":"Toy Ornithopter"},{"floor":24,"key":"Regal Pillow"}],"event_choices":[],"is_beta":false,"boss_relics":[{"not_picked":["Slimebound:TarBlob","Cursed Key"],"picked":"Black Star"}],"items_purged_floors":[],"is_endless":false,"potions_floor_spawned":[2,8,9,12,14,15,16,19],"killed_by":"Slavers","ascension_level":0}}