{"host":"qxvfhyaudhuuf9dn","time":1611480101,"event":{"mods":["Arknights The Spire","BaseMod","Colored Map","Highlight Path","Minty Spire (QoL Compilation)","Spicy Shops","StSLib","Waifu the Spire","【功能Mod】混沌之环修复补丁"],"gold_per_floor":[114,114,2,177,197,233,258,258,283,303,303,318,357,378,378,378,378],"floor_reached":16,"language":"ZHS","playtime":822,"items_purged":[],"score":137,"play_id":"7a91dbdf-a433-4aaa-a111-aa196a97fc05","local_time":"20210124172141","is_ascension_mode":false,"campfire_choices":[{"floor":8.0,"key":"RECALL"},{"data":"ats:Sashimi Platter","floor":11.0,"key":"SMITH"},{"data":"ats:Closed Bolt Burst Fire","floor":15,"key":"SMITH"}],"circlet_count":0,"master_deck":["ats:Strike C","ats:Strike G","ats:Strike S","ats:Strike V","ats:Armor Crushing Shot","ats:Defend","ats:Defend","ats:Defend","ats:Defend","ats:Emotion Absorption","ats:Hook Shot","ats:Sashimi Platter+1","Doubt","ats:Healing Strengthening","ats:Revitalization","ats:Apocalypse","ats:Closed Bolt Burst Fire+1"],"relics":["ats:Sanity","NeowsBlessing","Golden Idol","ats:Cure","ats:Originium","Akabeko","Bag of Preparation","Question Card"],"acts_visited":["Exordium"],"potions_floor_usage":[16],"damage_taken":[{"damage":0.0,"enemies":"Jaw Worm","floor":1.0,"turns":1.0},{"damage":0.0,"enemies":"2 Louse","floor":5.0,"turns":1.0},{"damage":0.0,"enemies":"Gremlin Nob","floor":6.0,"turns":1.0},{"damage":7.0,"enemies":"Small Slimes","floor":7.0,"turns":3.0},{"damage":31.0,"enemies":"2 Fungi Beasts","floor":10.0,"turns":7.0},{"damage":10.0,"enemies":"Looter","floor":12.0,"turns":2.0},{"damage":108,"enemies":"Lagavulin","floor":13,"turns":14},{"damage":14,"enemies":"Red Slaver","floor":14,"turns":4},{"damage":118,"enemies":"Hexaghost","floor":16,"turns":14}],"seed_played":"8502028121560962661","potions_obtained":[{"floor":6.0,"key":"Swift Potion"},{"floor":10.0,"key":"LiquidMemories"},{"floor":12.0,"key":"Swift Potion"}],"is_trial":false,"path_per_floor":["M","?","$","?","M","E","M","R","T","M","R","M","E","M","R","B"],"character_chosen":"DOCTOR_CLASS","items_purchased":["ats:Cure","ats:Sashimi Platter"],"campfire_rested":0,"item_purchase_floors":[3,3],"current_hp_per_floor":[72,54,54,54,60,60,59,59,59,68,68,71,8,22,22,0,0],"gold":378,"neow_bonus":"THREE_ENEMY_KILL","is_daily":false,"chose_seed":false,"campfire_upgraded":2,"win_rate":0.0,"timestamp":1611480101,"path_taken":["M","?","$","?","M","E","M","R","T","M","R","M","E","M","R","BOSS"],"items_purchased_type":["Relic","Card"],"build_version":"2020-12-22","purchased_purges":0,"victory":false,"max_hp_per_floor":[72,72,72,72,72,72,72,72,72,72,72,72,72,72,72,72,72],"card_choices":[{"not_picked":["ats:Flexible Camouflage","ats:Overload"],"picked":"ats:Hook Shot","floor":1.0},{"not_picked":["ats:Poison Spread","ats:Shell Defense"],"picked":"ats:Healing Strengthening","floor":5.0},{"not_picked":["ats:Spore Proliferation","ats:Closed Bolt Burst Fire"],"picked":"ats:Revitalization","floor":6.0},{"not_picked":["ats:Ignite","ats:Poison Spread"],"picked":"ats:Apocalypse","floor":7.0},{"not_picked":["ats:LN2 Cannon","ats:Beaten Up"],"picked":"ats:Closed Bolt Burst Fire","floor":10.0},{"not_picked":["ats:Explosion Area Strengthen","ats:Spore Proliferation","ats:LN2 Cannon"],"picked":"SKIP","floor":12.0},{"not_picked":["ats:Hammer On","ats:Flame Of Heaven","ats:Collapsing Strike"],"picked":"SKIP","floor":13},{"not_picked":["ats:Wolf Pack","ats:Revitalization","ats:Steam Pump","ats:Ignite"],"picked":"SKIP","floor":14}],"player_experience":40487,"relics_obtained":[{"floor":6.0,"key":"ats:Originium"},{"floor":6.0,"key":"Akabeko"},{"floor":9.0,"key":"Bag of Preparation"},{"floor":13,"key":"ats:Originium"},{"floor":13,"key":"Question Card"}],"event_choices":[{"damage_healed":0.0,"max_hp_gain":0.0,"max_hp_loss":0.0,"gold_gain":0.0,"event_name":"Golden Idol","player_choice":"Take Damage","floor":2.0,"gold_loss":0.0,"damage_taken":18.0,"relics_obtained":["Golden Idol"]},{"damage_healed":0.0,"max_hp_gain":0.0,"max_hp_loss":0.0,"gold_gain":175.0,"event_name":"Liars Game","player_choice":"AGREE","floor":4.0,"gold_loss":0.0,"damage_taken":0.0,"cards_obtained":["Doubt"]}],"is_beta":false,"boss_relics":[],"items_purged_floors":[],"is_endless":false,"potions_floor_spawned":[6,10,12],"killed_by":"Hexaghost","ascension_level":0}}