{"host":"19r1ww88x2tc73i0","time":1611468677,"event":{"mods":["BaseMod","BetterRewards","Colored Map","Minty Spire (QoL Compilation)","Relic Stats","StSLib","SuperFastMode","slay the spire mod where everything is the same but ironclad has a cowboy hat"],"gold_per_floor":[20,30,43,43,43,43,43,43,68,102,121,121,121,146,146,218,218,229,229,245,9,25,25,54,54,124,124,124],"floor_reached":27,"language":"ENG","playtime":922,"items_purged":["Writhe"],"score":482,"play_id":"ce23a693-cec3-423c-a8b7-69e3478a762a","local_time":"25640124131117","is_ascension_mode":true,"campfire_choices":[{"data":"Blade Dance","floor":6.0,"key":"SMITH"},{"data":"Terror","floor":8.0,"key":"SMITH"},{"data":"Backstab","floor":15.0,"key":"SMITH"},{"floor":23.0,"key":"REST"}],"circlet_count":0,"master_deck":["AscendersBane","Strike_G","Strike_G","Strike_G","Defend_G","Defend_G","Defend_G","Defend_G","Defend_G","Survivor","Neutralize","Terror+1","Backstab+1","Blade Dance+1","Infinite Blades+1","Sucker Punch+1","Backflip","Corpse Explosion","Dagger Spray","Accuracy+1","Accuracy+1","Cloak And Dagger","Dash","Flying Knee"],"relics":["Ring of the Snake","Pen Nib","Smiling Mask","Frozen Egg 2","Eternal Feather","Black Star","Happy Flower","CeramicFish","Incense Burner","InkBottle"],"acts_visited":["Exordium","TheCity"],"potions_floor_usage":[],"damage_taken":[{"damage":1.0,"enemies":"2 Louse","floor":1.0,"turns":5.0},{"damage":4.0,"enemies":"Small Slimes","floor":2.0,"turns":5.0},{"damage":1.0,"enemies":"Cultist","floor":3.0,"turns":4.0},{"damage":0.0,"enemies":"Large Slime","floor":5.0,"turns":1.0},{"damage":30.0,"enemies":"Lagavulin","floor":10.0,"turns":7.0},{"damage":0.0,"enemies":"2 Fungi Beasts","floor":11.0,"turns":5.0},{"damage":11.0,"enemies":"3 Sentries","floor":14.0,"turns":7.0},{"damage":54.0,"enemies":"Slime Boss","floor":16.0,"turns":12.0},{"damage":10.0,"enemies":"Shell Parasite","floor":18.0,"turns":4.0},{"damage":12.0,"enemies":"2 Thieves","floor":20.0,"turns":4.0},{"damage":27.0,"enemies":"Centurion and Healer","floor":22.0,"turns":4.0},{"damage":24.0,"enemies":"Gremlin Leader","floor":24.0,"turns":5.0},{"damage":7,"enemies":"Book of Stabbing","floor":27,"turns":3}],"seed_played":"1850105357806062070","potions_obtained":[{"floor":3.0,"key":"SmokeBomb"},{"floor":10.0,"key":"BlessingOfTheForge"},{"floor":16.0,"key":"Block Potion"},{"floor":18.0,"key":"PowerPotion"}],"is_trial":false,"path_per_floor":["M","M","M","?","M","R","?","R","T","E","M","?","?","E","R","B",null,"M","?","M","$","M","R","E","?","T","E"],"character_chosen":"THE_SILENT","items_purchased":["Accuracy+1","Cloak And Dagger","Dash"],"campfire_rested":1,"item_purchase_floors":[21,21,21],"current_hp_per_floor":[58,54,53,48,48,48,66,66,66,36,36,58,58,47,56,2,50,40,40,28,28,1,32,8,8,8,1,1],"gold":124,"neow_bonus":"REMOVE_TWO","is_daily":false,"chose_seed":false,"campfire_upgraded":3,"win_rate":0.0,"timestamp":1611468677,"path_taken":["M","M","M","?","M","R","?","R","T","E","?","?","?","E","R","BOSS","M","?","M","$","M","R","E","?","T","E"],"items_purchased_type":["Card","Card","Card"],"build_version":"2020-12-22","purchased_purges":1,"victory":false,"max_hp_per_floor":[66,66,66,66,66,66,66,66,66,66,66,66,66,66,66,66,66,66,66,66,66,66,66,66,66,66,66,66],"relic_stats":{"Happy Flower":[5],"counters":[49,210],"CeramicFish":0,"Eternal Feather":21,"Pen Nib":[16],"Black Star":1,"Smiling Mask":25,"obtain_stats":[{"Calipers":48,"SacredBark":34,"CeramicFish":24,"Snake Skull":20,"Incense Burner":24,"Ancient Tea Set":27,"Smiling Mask":9,"HornCleat":26,"Gambling Chip":36,"Prayer Wheel":7,"Toxic Egg 2":29,"InkBottle":26,"Ring of the Snake":0,"NeowsBlessing":0,"Happy Flower":19,"Golden Idol":2,"Blue Candle":7,"Eternal Feather":14,"PreservedInsect":42,"Pen Nib":4,"Omamori":4,"Letter Opener":46,"War Paint":55,"Frozen Egg 2":10,"White Beast Statue":14,"OrangePellets":54,"Anchor":10,"CaptainsWheel":9,"Pandora\u0027s Box":17,"Bag of Marbles":9,"Black Star":17,"FossilizedHelix":2},{"Calipers":32,"SacredBark":23,"CeramicFish":48,"Snake Skull":18,"Incense Burner":19,"Ancient Tea Set":21,"Smiling Mask":40,"HornCleat":20,"Gambling Chip":25,"Prayer Wheel":3,"Toxic Egg 2":22,"InkBottle":48,"Ring of the Snake":0,"NeowsBlessing":0,"Happy Flower":45,"Golden Idol":1,"Blue Candle":13,"Eternal Feather":43,"PreservedInsect":29,"Pen Nib":39,"Omamori":1,"Letter Opener":31,"War Paint":35,"Frozen Egg 2":41,"White Beast Statue":15,"OrangePellets":34,"Anchor":4,"CaptainsWheel":13,"Pandora\u0027s Box":16,"Bag of Marbles":3,"Black Star":44,"FossilizedHelix":9},{"Calipers":120,"SacredBark":91,"CeramicFish":207,"Snake Skull":70,"Incense Burner":75,"Ancient Tea Set":79,"Smiling Mask":159,"HornCleat":77,"Gambling Chip":97,"Prayer Wheel":3,"Toxic Egg 2":83,"InkBottle":207,"Ring of the Snake":0,"NeowsBlessing":0,"Happy Flower":194,"Golden Idol":1,"Blue Candle":45,"Eternal Feather":178,"PreservedInsect":112,"Pen Nib":158,"Omamori":1,"Letter Opener":117,"War Paint":137,"Frozen Egg 2":166,"White Beast Statue":52,"OrangePellets":132,"Anchor":12,"CaptainsWheel":45,"Pandora\u0027s Box":61,"Bag of Marbles":3,"Black Star":190,"FossilizedHelix":31}],"InkBottle":[1],"Ring of the Snake":[100]},"card_choices":[{"not_picked":["Dodge and Roll","Setup"],"picked":"Terror","floor":1.0},{"not_picked":["Calculated Gamble","Accuracy"],"picked":"Backstab","floor":2.0},{"not_picked":["Deflect","Setup"],"picked":"Blade Dance","floor":3.0},{"not_picked":["Quick Slash","Finisher"],"picked":"Infinite Blades+1","floor":10.0},{"not_picked":["PiercingWail","Acrobatics"],"picked":"Sucker Punch","floor":11.0},{"not_picked":["Infinite Blades+1","Flying Knee"],"picked":"Backflip","floor":14.0},{"not_picked":["Glass Knife","Night Terror"],"picked":"Corpse Explosion","floor":16.0},{"not_picked":["Slice","Masterful Stab"],"picked":"Dagger Spray","floor":18.0},{"not_picked":["Deflect+1","Leg Sweep"],"picked":"Accuracy+1","floor":20.0},{"not_picked":["Prepared","Dagger Spray+1"],"picked":"Flying Knee","floor":22.0},{"not_picked":["Reflex","Dodge and Roll","Slice"],"picked":"SKIP","floor":24.0}],"player_experience":938139,"relics_obtained":[{"floor":9.0,"key":"Smiling Mask"},{"floor":10.0,"key":"Frozen Egg 2"},{"floor":14.0,"key":"Eternal Feather"},{"floor":24.0,"key":"CeramicFish"},{"floor":24.0,"key":"Incense Burner"},{"floor":26,"key":"InkBottle"}],"event_choices":[{"damage_healed":0.0,"max_hp_gain":0.0,"max_hp_loss":0.0,"gold_gain":0.0,"event_name":"Scrap Ooze","player_choice":"Success","floor":4.0,"gold_loss":0.0,"damage_taken":5.0,"relics_obtained":["Pen Nib"]},{"damage_healed":18.0,"max_hp_gain":0.0,"max_hp_loss":0.0,"gold_gain":0.0,"event_name":"Wheel of Change","player_choice":"Full Heal","floor":7.0,"gold_loss":0.0,"damage_taken":0.0},{"damage_healed":22.0,"max_hp_gain":0.0,"max_hp_loss":0.0,"gold_gain":0.0,"event_name":"Big Fish","player_choice":"Banana","floor":12.0,"gold_loss":0.0,"damage_taken":0.0},{"damage_healed":0.0,"max_hp_gain":0.0,"max_hp_loss":0.0,"gold_gain":0.0,"event_name":"Accursed Blacksmith","player_choice":"Forge","floor":13.0,"gold_loss":0.0,"damage_taken":0.0,"cards_upgraded":["Sucker Punch"]},{"damage_healed":0.0,"max_hp_gain":0.0,"max_hp_loss":0.0,"gold_gain":0.0,"event_name":"The Mausoleum","player_choice":"Opened","floor":19.0,"gold_loss":0.0,"damage_taken":0.0,"relics_obtained":["Happy Flower"],"cards_obtained":["Writhe"]}],"is_beta":false,"boss_relics":[{"not_picked":["Fusion Hammer","Runic Dome"],"picked":"Black Star"}],"items_purged_floors":[21],"is_endless":false,"potions_floor_spawned":[3,5,10,16,18],"killed_by":"Book of Stabbing","ascension_level":20}}