{"host":"a5523bqxi3k68xf3","time":1611489132,"event":{"mods":["BaseMod","BetterRewards","Hermit","Koishi","Marisa????????","Minty Spire (QoL Compilation)","Quick Restart","Random Character Button","Relic Stats","Shop Mod","StSLib","The Animator","The Cursed","The Necromancer","The Servant 0.9.4"],"gold_per_floor":[111,286,305,305,317,317,317],"floor_reached":6,"language":"ENG","playtime":252,"items_purged":[],"score":54,"play_id":"aeff1256-7e4b-4ee9-92fd-760dfb135881","local_time":"20210124125212","is_ascension_mode":true,"campfire_choices":[],"circlet_count":0,"master_deck":["AscendersBane","Strike_P","Strike_P","Strike_P","Strike_P","Defend_P+1","Defend_P","Defend_P","Defend_P","Eruption+1","Vigilance","FollowUp","Doubt","FlurryOfBlows","Consecrate"],"relics":["PureWater","Frozen Egg 2","Vajra"],"acts_visited":["Exordium"],"potions_floor_usage":[],"damage_taken":[{"damage":6,"enemies":"Cultist","floor":1,"turns":5},{"damage":3,"enemies":"Small Slimes","floor":3,"turns":4},{"damage":18,"enemies":"Jaw Worm","floor":5,"turns":5},{"damage":5,"enemies":"3 Sentries","floor":6,"turns":2}],"seed_played":"-1640033482391666622","potions_obtained":[{"floor":5,"key":"Ambrosia"}],"is_trial":false,"path_per_floor":["M","?","M","?","M","E"],"character_chosen":"WATCHER","items_purchased":["Frozen Egg 2","Vajra"],"campfire_rested":0,"item_purchase_floors":[0,0],"current_hp_per_floor":[45,45,42,28,10,5,5],"gold":317,"neow_bonus":"","is_daily":false,"chose_seed":false,"campfire_upgraded":0,"win_rate":0.0,"timestamp":1611489132,"path_taken":["M","?","M","?","M","E"],"items_purchased_type":["Relic","Relic"],"build_version":"2020-12-22","purchased_purges":0,"victory":false,"max_hp_per_floor":[72,72,72,72,72,72,72],"relic_stats":{"counters":[80,260],"obtain_stats":[{"Tiny House":34,"Calipers":46,"Gremlin Horn":0,"CeramicFish":9,"Vajra":21,"Sling":37,"Boot":4,"Blood Vial":9,"Lizard Tail":37,"HornCleat":6,"Sundial":8,"Strawberry":0,"HandDrill":0,"Pear":12,"Astrolabe":34,"Eternal Feather":19,"Pen Nib":22,"War Paint":0,"Akabeko":6,"Bottled Flame":43,"Molten Egg 2":0,"Pandora\u0027s Box":17,"Black Star":17,"Regal Pillow":9,"Singing Bowl":31,"Juzu Bracelet":21,"Bag of Preparation":9,"TeardropLocket":10,"Ancient Tea Set":29,"Dream Catcher":8,"Mummified Hand":0,"Tiny Chest":7,"Red Mask":38,"Potion Belt":12,"Lee\u0027s Waffle":0,"NeowsBlessing":0,"Damaru":0,"The Courier":26,"Omamori":31,"Frozen Egg 2":41,"Orichalcum":10,"MawBank":9,"CaptainsWheel":6,"Anchor":24,"Busted Crown":17,"Bag of Marbles":13,"Bottled Lightning":36,"Membership Card":14,"PureWater":0},{"Tiny House":47,"Calipers":52,"Gremlin Horn":55,"CeramicFish":59,"Vajra":41,"Sling":16,"Boot":34,"Blood Vial":25,"Lizard Tail":48,"HornCleat":24,"Sundial":36,"Strawberry":66,"HandDrill":66,"Pear":38,"Astrolabe":15,"Eternal Feather":29,"Pen Nib":12,"War Paint":19,"Akabeko":4,"Bottled Flame":50,"Molten Egg 2":32,"Pandora\u0027s Box":73,"Black Star":28,"Regal Pillow":4,"Singing Bowl":46,"Juzu Bracelet":12,"Bag of Preparation":36,"TeardropLocket":5,"Ancient Tea Set":44,"Dream Catcher":69,"Mummified Hand":19,"Tiny Chest":4,"Red Mask":16,"Potion Belt":7,"Lee\u0027s Waffle":55,"NeowsBlessing":0,"Damaru":55,"The Courier":13,"Omamori":14,"Frozen Egg 2":50,"Orichalcum":60,"MawBank":69,"CaptainsWheel":35,"Anchor":42,"Busted Crown":10,"Bag of Marbles":72,"Bottled Lightning":16,"Membership Card":38,"PureWater":0},{"Tiny House":158,"Calipers":166,"Gremlin Horn":177,"CeramicFish":188,"Vajra":138,"Sling":49,"Boot":119,"Blood Vial":86,"Lizard Tail":159,"HornCleat":79,"Sundial":124,"Strawberry":210,"HandDrill":210,"Pear":127,"Astrolabe":45,"Eternal Feather":100,"Pen Nib":32,"War Paint":59,"Akabeko":7,"Bottled Flame":162,"Molten Egg 2":115,"Pandora\u0027s Box":235,"Black Star":97,"Regal Pillow":7,"Singing Bowl":152,"Juzu Bracelet":32,"Bag of Preparation":124,"TeardropLocket":10,"Ancient Tea Set":144,"Dream Catcher":221,"Mummified Hand":59,"Tiny Chest":7,"Red Mask":49,"Potion Belt":13,"Lee\u0027s Waffle":177,"NeowsBlessing":0,"Damaru":177,"The Courier":35,"Omamori":38,"Frozen Egg 2":162,"Orichalcum":192,"MawBank":221,"CaptainsWheel":121,"Anchor":142,"Busted Crown":25,"Bag of Marbles":229,"Bottled Lightning":49,"Membership Card":127,"PureWater":0}]},"card_choices":[{"not_picked":["EmptyBody","Meditate"],"picked":"FollowUp","floor":1},{"not_picked":["Indignation","Evaluate"],"picked":"FlurryOfBlows","floor":3},{"not_picked":["ThirdEye","Evaluate"],"picked":"Consecrate","floor":5}],"player_experience":1706953,"relics_obtained":[],"event_choices":[{"damage_healed":0,"gold_gain":175,"player_choice":"AGREE","damage_taken":0,"max_hp_gain":0,"max_hp_loss":0,"event_name":"Liars Game","floor":2,"gold_loss":0,"cards_obtained":["Doubt"]},{"damage_healed":0,"gold_gain":0,"player_choice":"Entered Light","damage_taken":14,"max_hp_gain":0,"max_hp_loss":0,"event_name":"Shining Light","floor":4,"gold_loss":0,"cards_upgraded":["Defend_P","Eruption"]}],"is_beta":false,"boss_relics":[],"items_purged_floors":[],"is_endless":false,"potions_floor_spawned":[5],"killed_by":"3 Sentries","ascension_level":10}}