{"host":"8f5cu9y0fpol72qs","time":1611482664,"event":{"mods":["AlwaysNeverKeys","BaseMod","Colored Map","Colored Powertips","Curses Come First","Highlight Path","Key Reminder","Minty Spire (QoL Compilation)","StSLib"],"gold_per_floor":[99,99,79,79,79,79,79,79,79,79,79,79,36,36,36,36,36,36,36,36,36,36,36,36,36,36,36,36,36,36,36,36,36,36,36,36,36,36,36,36,36,36,36,36,36,36,36,36,36,36,36,36,36,36,36,36],"floor_reached":55,"language":"ENG","playtime":7072,"items_purged":[],"score":1497,"play_id":"09ae2520-c9d2-4e53-8ff8-9425a28b36da","local_time":"20210124020424","is_ascension_mode":true,"campfire_choices":[{"floor":7.0,"key":"REST"},{"data":"Defragment","floor":15.0,"key":"SMITH"},{"data":"Reboot","floor":24.0,"key":"SMITH"},{"data":"Tempest","floor":29.0,"key":"SMITH"},{"data":"Reinforced Body","floor":32.0,"key":"SMITH"},{"data":"Thunder Strike","floor":41.0,"key":"SMITH"},{"data":"Ball Lightning","floor":44.0,"key":"SMITH"},{"data":"Doom and Gloom","floor":47.0,"key":"SMITH"},{"floor":49.0,"key":"RECALL"},{"data":"BootSequence","floor":52.0,"key":"SMITH"}],"circlet_count":0,"master_deck":["AscendersBane","Strike_B","Strike_B","Strike_B","Strike_B","Defend_B","Defend_B","Defend_B+1","Defend_B","Zap","Doom and Gloom+1","Defragment+1","BootSequence+1","Cold Snap+1","Tempest+1","Chill","Reinforced Body+1","Ball Lightning+1","Reboot+1","Chaos+1","Thunder Strike+1","Reinforced Body+1","Parasite","Hologram+1"],"relics":["Ectoplasm","HornCleat","Pen Nib","Bronze Scales","Dream Catcher","MealTicket","Busted Crown","PreservedInsect","Shuriken","Matryoshka","Bottled Tornado","Calipers","Letter Opener","Cursed Key","Ice Cream","Orichalcum","Blood Vial","Centennial Puzzle"],"acts_visited":["Exordium","TheCity","TheBeyond","TheEnding"],"potions_floor_usage":[55],"damage_taken":[{"damage":0.0,"enemies":"Cultist","floor":1.0,"turns":4.0},{"damage":0.0,"enemies":"2 Louse","floor":2.0,"turns":2.0},{"damage":2.0,"enemies":"Jaw Worm","floor":4.0,"turns":3.0},{"damage":0.0,"enemies":"Exordium Wildlife","floor":5.0,"turns":3.0},{"damage":31.0,"enemies":"Gremlin Nob","floor":6.0,"turns":4.0},{"damage":12.0,"enemies":"Lagavulin","floor":8.0,"turns":5.0},{"damage":0.0,"enemies":"3 Sentries","floor":10.0,"turns":4.0},{"damage":0.0,"enemies":"Blue Slaver","floor":12.0,"turns":3.0},{"damage":16.0,"enemies":"Lagavulin","floor":14.0,"turns":4.0},{"damage":14.0,"enemies":"The Guardian","floor":16.0,"turns":10.0},{"damage":2.0,"enemies":"Shell Parasite","floor":18.0,"turns":4.0},{"damage":9.0,"enemies":"Book of Stabbing","floor":23.0,"turns":5.0},{"damage":0.0,"enemies":"Gremlin Leader","floor":25.0,"turns":4.0},{"damage":4.0,"enemies":"Colosseum Slavers","floor":27.0,"turns":3.0},{"damage":0.0,"enemies":"Colosseum Nobs","floor":27.0,"turns":3.0},{"damage":0.0,"enemies":"Chosen","floor":28.0,"turns":4.0},{"damage":0.0,"enemies":"Snake Plant","floor":30.0,"turns":4.0},{"damage":0.0,"enemies":"Cultist and Chosen","floor":31.0,"turns":4.0},{"damage":31.0,"enemies":"Automaton","floor":33.0,"turns":10.0},{"damage":20.0,"enemies":"3 Darklings","floor":35.0,"turns":4.0},{"damage":0.0,"enemies":"Mind Bloom Boss Battle","floor":36.0,"turns":7.0},{"damage":0.0,"enemies":"3 Shapes","floor":38.0,"turns":2.0},{"damage":0.0,"enemies":"Reptomancer","floor":40.0,"turns":6.0},{"damage":0.0,"enemies":"Writhing Mass","floor":42.0,"turns":4.0},{"damage":0.0,"enemies":"Giant Head","floor":45.0,"turns":7.0},{"damage":8.0,"enemies":"4 Shapes","floor":46.0,"turns":5.0},{"damage":55.0,"enemies":"Awakened One","floor":50.0,"turns":13.0},{"damage":68,"enemies":"Shield and Spear","floor":54,"turns":6},{"damage":17,"enemies":"The Heart","floor":55,"turns":2}],"seed_played":"-898259638931485510","potions_obtained":[{"floor":1.0,"key":"BlessingOfTheForge"},{"floor":3.0,"key":"Strength Potion"},{"floor":5.0,"key":"Explosive Potion"},{"floor":8.0,"key":"FearPotion"},{"floor":12.0,"key":"FairyPotion"},{"floor":18.0,"key":"PowerPotion"},{"floor":23.0,"key":"FairyPotion"},{"floor":25.0,"key":"Fruit Juice"},{"floor":31.0,"key":"Regen Potion"},{"floor":33.0,"key":"Ancient Potion"},{"floor":35.0,"key":"FocusPotion"}],"is_trial":false,"path_per_floor":["M","M","?","M","M","E","R","E","T","E","?","M","?","E","R","B",null,"M","?","?","$","T","E","R","E","T","?","M","R","M","M","R","B",null,"M","?","?","M","$","E","R","M","T","R","E","M","R","?","R","B",null,"R","$","E","B"],"character_chosen":"DEFECT","items_purchased":[],"campfire_rested":1,"item_purchase_floors":[],"current_hp_per_floor":[64,64,64,62,62,31,52,40,40,40,19,19,19,3,3,10,56,54,54,54,69,69,60,60,60,65,61,61,61,61,61,61,45,68,48,48,48,48,63,63,63,63,63,63,63,57,57,57,57,4,55,55,70,4,0,0],"gold":36,"neow_bonus":"BOSS_RELIC","is_daily":false,"chose_seed":false,"campfire_upgraded":8,"win_rate":0.0,"timestamp":1611482664,"path_taken":["M","M","?","M","?","E","R","E","T","E","?","M","?","E","R","BOSS","M","?","?","?","?","E","R","E","T","?","?","R","M","M","R","BOSS","M","?","?","M","?","E","R","M","T","R","E","?","R","?","R","BOSS","R","$","E","BOSS"],"items_purchased_type":[],"build_version":"2020-12-22","purchased_purges":0,"victory":false,"max_hp_per_floor":[71,71,71,71,71,71,71,71,71,71,71,71,71,71,71,71,71,71,71,71,71,71,71,71,71,76,76,76,76,76,76,76,76,76,76,76,72,72,72,72,72,72,72,72,72,72,72,72,72,72,72,72,72,72,72,72],"card_choices":[{"not_picked":["Storm","Redo"],"picked":"Doom and Gloom","floor":1.0},{"not_picked":["Hologram","Skim"],"picked":"Defragment","floor":2.0},{"not_picked":["Conserve Battery","Gash"],"picked":"BootSequence","floor":4.0},{"not_picked":["Chaos","Double Energy"],"picked":"Cold Snap","floor":5.0},{"not_picked":["Tempest","Steam","Aggregate"],"picked":"SKIP","floor":6.0},{"not_picked":["Steam","Aggregate"],"picked":"Tempest","floor":6.0},{"not_picked":["Auto Shields","Scrape"],"picked":"Chill","floor":8.0},{"not_picked":["Compile Driver","Auto Shields"],"picked":"Reinforced Body","floor":10.0},{"not_picked":["Stack","Leap","Cold Snap"],"picked":"SKIP","floor":12.0},{"not_picked":["Coolheaded","Blizzard"],"picked":"Ball Lightning","floor":14.0},{"not_picked":["Hyperbeam","Machine Learning"],"picked":"Reboot","floor":16.0},{"not_picked":["Gash"],"picked":"SKIP","floor":18.0},{"not_picked":["Reprogram"],"picked":"SKIP","floor":23.0},{"not_picked":[],"picked":"Chaos+1","floor":25.0},{"not_picked":["Steam Power"],"picked":"SKIP","floor":28.0},{"not_picked":["Auto Shields"],"picked":"SKIP","floor":30.0},{"not_picked":["Hello World"],"picked":"SKIP","floor":31.0},{"not_picked":[],"picked":"Thunder Strike","floor":33.0},{"not_picked":[],"picked":"Reinforced Body+1","floor":35.0},{"not_picked":["Redo"],"picked":"SKIP","floor":38.0},{"not_picked":["Cold Snap+1"],"picked":"SKIP","floor":40.0},{"not_picked":[],"picked":"Hologram+1","floor":42.0},{"not_picked":["Go for the Eyes"],"picked":"SKIP","floor":45.0},{"not_picked":["Steam"],"picked":"SKIP","floor":46.0},{"not_picked":["Recycle"],"picked":"SKIP","floor":54}],"player_experience":894928,"relics_obtained":[{"floor":6.0,"key":"HornCleat"},{"floor":8.0,"key":"Pen Nib"},{"floor":9.0,"key":"Bronze Scales"},{"floor":10.0,"key":"Dream Catcher"},{"floor":14.0,"key":"MealTicket"},{"floor":22.0,"key":"PreservedInsect"},{"floor":23.0,"key":"Shuriken"},{"floor":25.0,"key":"Matryoshka"},{"floor":26.0,"key":"Bottled Tornado"},{"floor":27.0,"key":"Calipers"},{"floor":27.0,"key":"Letter Opener"},{"floor":36.0,"key":"Ice Cream"},{"floor":40.0,"key":"Orichalcum"},{"floor":45.0,"key":"Blood Vial"},{"floor":54,"key":"Centennial Puzzle"}],"event_choices":[{"damage_healed":0.0,"max_hp_gain":0.0,"max_hp_loss":0.0,"gold_gain":0.0,"event_name":"The Woman in Blue","player_choice":"Bought 1 Potion","floor":3.0,"gold_loss":0.0,"damage_taken":0.0},{"damage_healed":0.0,"max_hp_gain":0.0,"max_hp_loss":0.0,"gold_gain":0.0,"event_name":"Shining Light","player_choice":"Entered Light","floor":11.0,"gold_loss":0.0,"damage_taken":21.0,"cards_upgraded":["Defend_B","Cold Snap"]},{"damage_healed":0.0,"max_hp_gain":0.0,"max_hp_loss":0.0,"gold_gain":0.0,"event_name":"World of Goop","player_choice":"Left Gold","floor":13.0,"gold_loss":43.0,"damage_taken":0.0},{"damage_healed":0.0,"max_hp_gain":0.0,"max_hp_loss":0.0,"gold_gain":0.0,"event_name":"The Mausoleum","player_choice":"Ignored","floor":19.0,"gold_loss":0.0,"damage_taken":0.0},{"damage_healed":0.0,"max_hp_gain":0.0,"max_hp_loss":0.0,"gold_gain":0.0,"event_name":"Colosseum","player_choice":"Fight","floor":27.0,"gold_loss":0.0,"damage_taken":0.0},{"damage_healed":0.0,"max_hp_gain":0.0,"max_hp_loss":0.0,"gold_gain":0.0,"event_name":"Colosseum","player_choice":"Fought Nobs","floor":27.0,"gold_loss":0.0,"damage_taken":0.0},{"damage_healed":0.0,"max_hp_gain":0.0,"max_hp_loss":0.0,"gold_gain":0.0,"event_name":"MindBloom","player_choice":"Fight","floor":36.0,"gold_loss":0.0,"damage_taken":0.0},{"damage_healed":0.0,"max_hp_gain":0.0,"max_hp_loss":4.0,"gold_gain":0.0,"event_name":"Winding Halls","player_choice":"Max HP","floor":37.0,"gold_loss":0.0,"damage_taken":0.0},{"cards_removed":["Dualcast"],"damage_healed":0.0,"max_hp_gain":0.0,"max_hp_loss":0.0,"gold_gain":0.0,"event_name":"Falling","player_choice":"Removed Skill","floor":48.0,"gold_loss":0.0,"damage_taken":0.0}],"is_beta":false,"boss_relics":[{"not_picked":["Tiny House","Empty Cage"],"picked":"Busted Crown"},{"not_picked":["Philosopher\u0027s Stone","SacredBark"],"picked":"Cursed Key"}],"items_purged_floors":[],"is_endless":false,"potions_floor_spawned":[1,5,8,12,18,23,25,31,33,35,42,45],"killed_by":"The Heart","ascension_level":15}}