{"host":"17xjy7b7ubl548g2","time":1611469285,"event":{"mods":["2.2 Compatiblity","Act Like it!","Aspiration","Astrologer","Bard","BaseMod","Challenge The Spire","ChefMod","Colored Map","Colored Powertips","Conspire","Downfall","Elementarium","Energized Spire","Gensokyo","GifTheSpireLib","Halation","Hallownest","Hubris","Infinite Spire","Jedi Mod","Jorbs\u0027s Wanderer Trilogy","Marisa（霧雨　魔理沙）","Marked Mod","Menagerie","Minty Spire (QoL Compilation)","Permanent Neow","Replay The Spire","Robot Space Explorer","Spicy Shops","StSLib","Stuff the Spire","The Blue Laboratory","The Bug Knight","The Construct","The Disciple","The Hayseed","The Hierophant","The Marked","The Runesmith","The Sage","TheFirefly"],"gold_per_floor":[99,116,116,134,134,134,213,241,141,158,35,45,45,62,77,179,179,179,196,196,212,229,229,283,71,83,83,110,126,126,158,177,274,274,274,290,303,330,344,376,376,276,291,317,331,363,181,193,210,210],"floor_reached":51,"language":"ENG","playtime":5676,"items_purged":["bronze:Strike","bronze:Strike","bronze:Strike"],"score":828,"play_id":"6ea4cb40-baf5-4b4a-b051-b2200cb37f6f","local_time":"20210124012125","is_ascension_mode":false,"campfire_choices":[{"data":"bronze:Goto","floor":1.0,"key":"SMITH"},{"data":"bronze:ChildClass","floor":9.0,"key":"SMITH"},{"data":"bronze:Shell","floor":13.0,"key":"SMITH"},{"data":"bronze:Format","floor":18,"key":"SMITH"},{"data":"bronze:BronzeOrb","floor":27,"key":"SMITH"},{"data":"bronze:Boost","floor":30,"key":"SMITH"},{"data":"bronze:HardenedForm","floor":35,"key":"SMITH"},{"data":"bronze:Flail","floor":42,"key":"SMITH"}],"circlet_count":0,"master_deck":["bronze:Defend","bronze:Defend","bronze:Defend","bronze:Defend","bronze:Replicate+1","bronze:Goto+1","bronze:Overheat","bronze:Replicate+1","bronze:Shell+1","bronze:ChildClass+1","bronze:WhirlingStrike","bronze:BronzeOrb+1","bronze:Iterate+1","bronze:FineTuning","bronze:Boost+1","bronze:Format+1","bronze:OilSpill","bronze:ForceShield","bronze:DelayedGuard","bronze:ThunderWave","bronze:Philosophize+1","bronze:Optimize","bronze:ChildClass+1","bronze:Frontload+1","bronze:Repulsor+1","bronze:HardenedForm+1","bronze:Branch","bronze:Mutator","bronze:ChildClass+1","bronze:WhirlingStrike+1","bronze:Format+1","bronze:Flail+1","bronze:Iterate+1","bronze:BronzeArmor+1","bronze:Branch+1","bronze:Assembly+1"],"relics":["bronze:BronzeCore","hubris:Icosahedron","bronze:BottledCode","Replay:Bottled Steam","StuffTheSpire:RubySignet","downfall:HeartBlessingGreen","Philosopher\u0027s Stone","aspiration:HatOfInfinitePower","aspiration:Lifesprig","ClockworkSouvenir","Replay:WaspNest","Toxic Egg 2","construct:ClawGrip","Replay:Accelerometer","Centennial Puzzle","downfall:HeartBlessingBlue","StuffTheSpire:Gunfinga","Meat on the Bone","StuffTheSpire:PointBlank"],"acts_visited":["Exordium","TheCity","TheBeyond"],"potions_floor_usage":[16,28,31,40,44,47,50,50,50],"damage_taken":[{"damage":0.0,"enemies":"2 Louse","floor":2.0,"turns":2.0},{"damage":0.0,"enemies":"Cultist","floor":4.0,"turns":2.0},{"damage":25.0,"enemies":"3 Sentries","floor":8.0,"turns":6.0},{"damage":0.0,"enemies":"Small Slimes","floor":10.0,"turns":2.0},{"damage":0.0,"enemies":"downfall:FleeingMerchant","floor":11.0,"turns":4.0},{"damage":0.0,"enemies":"3 Louse","floor":12.0,"turns":1.0},{"damage":10.0,"enemies":"conspire:2 RoseBushes","floor":14.0,"turns":3.0},{"damage":0.0,"enemies":"Exordium Thugs","floor":15.0,"turns":2.0},{"damage":12,"enemies":"SI_SHIV_ARCHETYPE","floor":16,"turns":6},{"damage":0,"enemies":"Centurion and Healer","floor":19,"turns":5},{"damage":1,"enemies":"3 Cultists","floor":21,"turns":5},{"damage":0,"enemies":"conspire:HollyBat","floor":22,"turns":6},{"damage":0,"enemies":"downfall:FleeingMerchant","floor":25,"turns":4},{"damage":0,"enemies":"Centurion and Healer","floor":26,"turns":5},{"damage":0,"enemies":"Book of Stabbing","floor":28,"turns":4},{"damage":0,"enemies":"Sentry and Sphere","floor":29,"turns":4},{"damage":6,"enemies":"Nightmare","floor":31,"turns":5},{"damage":6,"enemies":"Snake Plant","floor":32,"turns":3},{"damage":0,"enemies":"WA_ARCHETYPE_CALM","floor":33,"turns":7},{"damage":0,"enemies":"3 Shapes","floor":36,"turns":2},{"damage":0,"enemies":"Orb Walker","floor":37,"turns":4},{"damage":0,"enemies":"Sphere and 2 Shapes","floor":39,"turns":5},{"damage":9,"enemies":"Nightmare","floor":40,"turns":6},{"damage":0,"enemies":"Transient","floor":43,"turns":5},{"damage":3,"enemies":"Reptomancer","floor":44,"turns":4},{"damage":0,"enemies":"4 Shapes","floor":45,"turns":4},{"damage":0,"enemies":"conspire:MimicChest","floor":46,"turns":4},{"damage":0,"enemies":"downfall:FleeingMerchant","floor":47,"turns":3},{"damage":0,"enemies":"3 Darklings","floor":48,"turns":3},{"damage":0,"enemies":"Spire Growth","floor":49,"turns":3},{"damage":10,"enemies":"DF_ARCHETYPE_ORBS","floor":50,"turns":6}],"seed_played":"-3011418217358524718","potions_obtained":[{"floor":4.0,"key":"bronze:BurnAndBuffPotion"},{"floor":10.0,"key":"FearPotion"},{"floor":14.0,"key":"Strength Potion"},{"floor":16,"key":"champ:CounterPotion"},{"floor":19,"key":"SpeedPotion"},{"floor":22,"key":"Regen Potion"},{"floor":29,"key":"Fire Potion"},{"floor":33,"key":"Energy Potion"},{"floor":43,"key":"Weak Potion"},{"floor":44,"key":"Dexterity Potion"}],"is_trial":false,"path_per_floor":["R","M","?","M","?","?","T","E","R","M","$","M","R","M","M","B",null,"R","M","AVR","M","M","?","T","$","M","R","E","M","R","NM","M","B",null,"R","M","M","T","M","NM","T","R","M","E","M","?","$","M","M","B",null],"character_chosen":"THE_AUTOMATON","items_purchased":["bronze:Iterate+1","ClockworkSouvenir","bronze:Optimize","hexamod:SoulburnPotion","StuffTheSpire:PointBlank","PowerPotion"],"campfire_rested":0,"item_purchase_floors":[11,25,25,47,47,47],"current_hp_per_floor":[70,70,70,70,70,60,60,35,35,35,35,35,35,25,25,13,60,60,60,60,59,59,59,59,59,59,59,59,59,59,53,47,47,60,60,60,60,60,60,51,51,61,61,58,58,60,69,69,69,59],"gold":210,"neow_bonus":"UPGRADE_CARD","is_daily":false,"chose_seed":false,"campfire_upgraded":8,"win_rate":0.0,"timestamp":1611469285,"path_taken":["R","M","?","?","?","?","T","E","R","M","$","M","R","M","M","BOSS","R","M","AVR","M","M","?","T","$","M","R","E","M","R","NM","M","BOSS","R","M","?","?","M","NM","T","R","M","E","M","?","$","M","M","BOSS"],"items_purchased_type":["Card","Relic","Card","Potion","Relic","Potion"],"build_version":"2020-12-22","purchased_purges":3,"victory":true,"max_hp_per_floor":[70,70,70,70,70,60,60,60,60,60,60,60,60,60,60,60,60,60,60,60,60,60,60,60,60,60,60,60,60,60,60,60,60,60,60,60,60,60,60,60,60,70,70,70,70,70,70,70,70,70],"card_choices":[{"not_picked":["bronze:Shield","bronze:Frontload"],"picked":"bronze:Overheat","floor":2.0},{"not_picked":["bronze:ChildClass","bronze:BronzeOrb"],"picked":"bronze:Shell","floor":4.0},{"not_picked":["bronze:BitShift","bronze:WhirlingStrike"],"picked":"bronze:ChildClass","floor":8.0},{"not_picked":["bronze:Iterate","bronze:DelayedSlice"],"picked":"bronze:WhirlingStrike","floor":10.0},{"not_picked":["bronze:DelayedSlice","bronze:Frontload"],"picked":"bronze:BronzeOrb","floor":11.0},{"not_picked":["bronze:ForLoop","bronze:BuggyMess"],"picked":"bronze:FineTuning","floor":12.0},{"not_picked":["bronze:BuggyMess","bronze:Iterate","bronze:Turbo"],"picked":"SKIP","floor":14.0},{"not_picked":["bronze:FollowUp","bronze:Invalidate"],"picked":"bronze:Boost","floor":15.0},{"not_picked":["bronze:ShipIt","bronze:CleanCode"],"picked":"bronze:Format","floor":16},{"not_picked":["bronze:Iterate","bronze:BuggyMess+1"],"picked":"bronze:OilSpill","floor":19},{"not_picked":["bronze:OilSpill","bronze:Overheat+1"],"picked":"bronze:ForceShield","floor":21},{"not_picked":["bronze:BugBarrage+1","bronze:Overload+1"],"picked":"bronze:DelayedGuard","floor":22},{"not_picked":["bronze:Invalidate","bronze:BronzeArmor"],"picked":"bronze:Philosophize+1","floor":25},{"not_picked":["bronze:WildBeam+1","bronze:MaxOutput"],"picked":"bronze:ChildClass+1","floor":26},{"not_picked":["bronze:WhirlingStrike","bronze:ItsAFeature"],"picked":"bronze:Frontload+1","floor":28},{"not_picked":["bronze:DelayedSlice","bronze:Turbo"],"picked":"bronze:Repulsor+1","floor":29},{"not_picked":["bronze:BitShift+1","bronze:CutThrough"],"picked":"bronze:HardenedForm","floor":31},{"not_picked":["bronze:Iterate","bronze:BuggyMess+1"],"picked":"bronze:Branch","floor":32},{"not_picked":["bronze:ShipIt","bronze:ThunderWave"],"picked":"bronze:Mutator","floor":33},{"not_picked":["bronze:DelayedSlice","bronze:Overload+1"],"picked":"bronze:ChildClass+1","floor":36},{"not_picked":["bronze:Shield+1","bronze:Deprecate+1"],"picked":"bronze:WhirlingStrike+1","floor":37},{"not_picked":["bronze:Frontload+1","bronze:GetLatest+1"],"picked":"bronze:Format+1","floor":39},{"not_picked":["bronze:NullPointer+1","bronze:Backtrace"],"picked":"bronze:Flail","floor":40},{"not_picked":["bronze:Overheat","bronze:DelayedSlice+1"],"picked":"bronze:Iterate+1","floor":43},{"not_picked":["bronze:FineTuning+1","bronze:GetLatest+1","bronze:Invalidate+1"],"picked":"SKIP","floor":44},{"not_picked":["bronze:Invalidate+1","bronze:ForceShield+1"],"picked":"bronze:BronzeArmor+1","floor":45},{"not_picked":["bronze:Philosophize+1","bronze:Allocate+1"],"picked":"bronze:Branch+1","floor":46},{"not_picked":["bronze:WhirlingStrike+1","bronze:Frontload+1","bronze:Return+1"],"picked":"SKIP","floor":47},{"not_picked":["bronze:DelayedSlice","bronze:Optimize+1","bronze:ChildClass+1"],"picked":"SKIP","floor":48},{"not_picked":["bronze:OilSpill","bronze:Repair+1"],"picked":"bronze:Assembly+1","floor":49}],"player_experience":1969183,"relics_obtained":[{"floor":7.0,"key":"Replay:Bottled Steam"},{"floor":8.0,"key":"StuffTheSpire:RubySignet"},{"floor":24,"key":"aspiration:Lifesprig"},{"floor":28,"key":"Replay:WaspNest"},{"floor":31,"key":"Toxic Egg 2"},{"floor":40,"key":"Replay:Accelerometer"},{"floor":41,"key":"Centennial Puzzle"},{"floor":44,"key":"StuffTheSpire:Gunfinga"},{"floor":46,"key":"Meat on the Bone"}],"event_choices":[],"is_beta":false,"boss_relics":[{"not_picked":["Astrolabe","halation:Risk"],"picked":"Philosopher\u0027s Stone"},{"not_picked":["energizedSpire:NeverEndingSparkler","energizedSpire:StickyHand"],"picked":"construct:ClawGrip"}],"items_purged_floors":[11,20,47],"is_endless":false,"potions_floor_spawned":[4,10,14,16,19,22,26,29,33,36,43,44,45],"ascension_level":0}}