{"host":"zwuytn9vh5b8tdl7","time":1611466935,"event":{"mods":["AchievementEnabler","BaseMod","Colored Powertips","GifTheSpireLib","Minty Spire (QoL Compilation)","Rare Cards Sparkle","StSLib","The Animator"],"gold_per_floor":[117,117,132,132,52,77,77,95,142,153,153,164,174,206,206,311,311,326,326,30,130,130,130,149,149,172,172,202,218,218,218,218],"floor_reached":31,"language":"ENG","playtime":787,"items_purged":[],"score":243,"play_id":"42996ddc-af69-4cdb-aa4f-439057444db0","local_time":"20210124004215","is_ascension_mode":false,"campfire_choices":[{"floor":7.0,"key":"REST"},{"floor":11.0,"key":"RECALL"},{"floor":15.0,"key":"REST"},{"data":"1","floor":23.0,"key":"LIFT"}],"circlet_count":0,"master_deck":["Strike_G","Strike_G","Strike_G+1","Strike_G","Strike_G","Defend_G","Defend_G","Defend_G","Defend_G","Defend_G","Survivor+1","Neutralize+1","Dagger Spray","Footwork","Noxious Fumes","Bouncing Flask","Slice","Tactician","Infinite Blades","Poisoned Stab","Dash","Corpse Explosion","Choke","Noxious Fumes+1","Deadly Poison+1","Sucker Punch+1"],"relics":["Ring of the Serpent","Anchor","Boot","Bottled Lightning","Girya","Akabeko","Orichalcum","Red Mask","Incense Burner"],"acts_visited":[],"potions_floor_usage":[],"damage_taken":[{"damage":7.0,"enemies":"Small Slimes","floor":1.0,"turns":3.0},{"damage":1.0,"enemies":"Cultist","floor":3.0,"turns":3.0},{"damage":14.0,"enemies":"3 Sentries","floor":6.0,"turns":7.0},{"damage":0.0,"enemies":"Jaw Worm","floor":8.0,"turns":2.0},{"damage":2.0,"enemies":"2 Fungi Beasts","floor":10.0,"turns":3.0},{"damage":9.0,"enemies":"Gremlin Gang","floor":12.0,"turns":4.0},{"damage":0.0,"enemies":"Exordium Thugs","floor":13.0,"turns":4.0},{"damage":22.0,"enemies":"Lagavulin","floor":14.0,"turns":6.0},{"damage":24.0,"enemies":"Slime Boss","floor":16.0,"turns":8.0},{"damage":20.0,"enemies":"Spheric Guardian","floor":18.0,"turns":4.0},{"damage":7.0,"enemies":"2 Thieves","floor":24.0,"turns":2.0},{"damage":0.0,"enemies":"Masked Bandits","floor":28.0,"turns":2.0},{"damage":24.0,"enemies":"Snecko","floor":29.0,"turns":5.0},{"damage":13,"enemies":"Gremlin Leader","floor":31,"turns":2}],"seed_played":"8804687092154663238","potions_obtained":[{"floor":8.0,"key":"Energy Potion"},{"floor":10.0,"key":"Explosive Potion"},{"floor":14.0,"key":"LiquidBronze"},{"floor":16.0,"key":"SteroidPotion"},{"floor":18.0,"key":"Explosive Potion"}],"is_trial":false,"path_per_floor":["M","?","M","?","$","E","R","M","T","M","R","M","M","E","R","B",null,"M","?","$","?","$","R","M","$","T","?","?","M","T","E"],"character_chosen":"THE_SILENT","items_purchased":["Noxious Fumes","Girya"],"campfire_rested":2,"item_purchase_floors":[5,20],"current_hp_per_floor":[70,55,54,54,54,40,63,63,63,61,61,52,52,30,53,29,77,57,43,43,43,43,43,36,36,36,36,36,12,12,0,0],"gold":218,"neow_bonus":"TEN_PERCENT_HP_BONUS","is_daily":false,"chose_seed":false,"campfire_upgraded":0,"win_rate":0.0,"timestamp":1611466935,"path_taken":["M","?","M","?","$","E","R","M","T","?","R","M","M","E","R","BOSS","M","?","$","?","$","R","?","?","T","?","?","?","?","E"],"items_purchased_type":["Card","Relic"],"build_version":"2020-12-22","purchased_purges":0,"victory":false,"max_hp_per_floor":[77,77,77,77,77,77,77,77,77,77,77,77,77,77,77,77,77,77,82,82,82,82,82,82,82,82,82,82,82,82,82,82],"card_choices":[{"not_picked":["Setup","Backflip"],"picked":"Dagger Spray","floor":1.0},{"not_picked":["Blur","PiercingWail"],"picked":"Footwork","floor":3.0},{"not_picked":["Backflip","Concentrate"],"picked":"Bouncing Flask","floor":6.0},{"not_picked":["Dagger Throw","Burst"],"picked":"Slice","floor":8.0},{"not_picked":["Dagger Throw","Backflip"],"picked":"Tactician","floor":10.0},{"not_picked":["Catalyst","Caltrops"],"picked":"Infinite Blades","floor":12.0},{"not_picked":["Dagger Throw","Heel Hook"],"picked":"Poisoned Stab","floor":13.0},{"not_picked":["Setup","Underhanded Strike"],"picked":"Dash","floor":14.0},{"not_picked":["Night Terror","Tools of the Trade"],"picked":"Corpse Explosion","floor":16.0},{"not_picked":["Deadly Poison+1","Poisoned Stab"],"picked":"Choke","floor":18.0},{"not_picked":["Flying Knee","Dagger Spray"],"picked":"Noxious Fumes+1","floor":24.0},{"not_picked":["Flechettes","Concentrate+1"],"picked":"Deadly Poison+1","floor":28.0},{"not_picked":["Choke+1","Distraction"],"picked":"Sucker Punch+1","floor":29.0}],"player_experience":318710,"relics_obtained":[{"floor":6.0,"key":"Anchor"},{"floor":9.0,"key":"Boot"},{"floor":14.0,"key":"Bottled Lightning"},{"floor":26.0,"key":"Akabeko"},{"floor":28.0,"key":"Red Mask"},{"floor":30.0,"key":"Incense Burner"}],"event_choices":[{"damage_healed":0.0,"max_hp_gain":0.0,"max_hp_loss":0.0,"gold_gain":0.0,"event_name":"Shining Light","player_choice":"Entered Light","floor":2.0,"gold_loss":0.0,"damage_taken":15.0,"cards_upgraded":["Strike_G","Survivor"]},{"damage_healed":0.0,"max_hp_gain":0.0,"max_hp_loss":0.0,"gold_gain":0.0,"event_name":"Upgrade Shrine","player_choice":"Upgraded","floor":4.0,"gold_loss":0.0,"damage_taken":0.0,"cards_upgraded":["Neutralize"]},{"damage_healed":0.0,"max_hp_gain":5.0,"max_hp_loss":0.0,"gold_gain":0.0,"event_name":"Forgotten Altar","player_choice":"Shed Blood","floor":19.0,"gold_loss":0.0,"damage_taken":19.0},{"damage_healed":0.0,"max_hp_gain":0.0,"max_hp_loss":0.0,"gold_gain":100.0,"event_name":"Golden Shrine","player_choice":"Pray","floor":21.0,"gold_loss":0.0,"damage_taken":0.0},{"damage_healed":0.0,"max_hp_gain":0.0,"max_hp_loss":0.0,"gold_gain":0.0,"event_name":"The Mausoleum","player_choice":"Opened","floor":27.0,"gold_loss":0.0,"damage_taken":0.0,"relics_obtained":["Orichalcum"]},{"damage_healed":0.0,"max_hp_gain":0.0,"max_hp_loss":0.0,"gold_gain":0.0,"event_name":"Masked Bandits","player_choice":"Fought Bandits","floor":28.0,"gold_loss":0.0,"damage_taken":0.0}],"is_beta":false,"boss_relics":[{"not_picked":["HoveringKite","Sozu"],"picked":"Ring of the Serpent"}],"items_purged_floors":[],"is_endless":false,"potions_floor_spawned":[8,10,14,16,18],"killed_by":"Gremlin Leader","ascension_level":0}}