{"host":"nh70f3bv2bgakzh3","time":1611486439,"event":{"mods":["BaseMod","Downfall","Minty Spire (QoL Compilation)","StSLib","The Construct","The Mystic"],"gold_per_floor":[99,116,126,576,591,591,591,691,691,721,721,746,9,29,46,149,149,149,168,182,201,301,321,321,331,331,331,331],"floor_reached":26,"language":"ENG","playtime":1920,"items_purged":["downfall:Icky"],"score":235,"play_id":"387448ba-c9f2-4846-847f-05d122fb4e45","local_time":"20210124060719","is_ascension_mode":false,"campfire_choices":[{"data":"bronze:Goto","floor":1,"key":"SMITH"},{"data":"bronze:BugBarrage","floor":6,"key":"SMITH"},{"data":"bronze:Break","floor":9,"key":"SMITH"},{"data":"bronze:Replicate","floor":11,"key":"SMITH"},{"data":"expansioncontent:StudyTheSpire","floor":18,"key":"SMITH"}],"circlet_count":0,"master_deck":["bronze:Strike","bronze:Strike","bronze:Defend","bronze:Defend","bronze:Defend","bronze:Defend","bronze:Replicate+1","bronze:Goto+1","bronze:Separator+1","downfall:Icky","downfall:Icky","bronze:BugBarrage+1","bronze:Break+1","bronze:DelayedSlice","bronze:DelayedSlice","bronze:Constructor","expansioncontent:StudyTheSpire+1","bronze:ClassDefault","bronze:BronzeOrb","bronze:BugBarrage","bronze:HardenedForm","bronze:Allocate","bronze:Optimize","bronze:Goto","bronze:BitShift","bronze:Boost","bronze:HyperBeam","Discovery","Parasite","bronze:DelayedSlice"],"relics":["bronze:PlatinumCore","Orichalcum","Ice Cream","Vajra","Membership Card","Mango","Blue Candle","downfall:GremlinSack","Bag of Preparation"],"acts_visited":["Exordium","TheCity"],"potions_floor_usage":[10,13,20],"damage_taken":[{"damage":2,"enemies":"Small Slimes","floor":2,"turns":3},{"damage":2,"enemies":"Jaw Worm","floor":3,"turns":5},{"damage":1,"enemies":"Cultist","floor":5,"turns":3},{"damage":62,"enemies":"downfall:Heads","floor":8,"turns":9},{"damage":4,"enemies":"3 Sentries","floor":10,"turns":3},{"damage":4,"enemies":"downfall:FleeingMerchant","floor":13,"turns":4},{"damage":0,"enemies":"Gremlin Gang","floor":14,"turns":2},{"damage":0,"enemies":"Blue Slaver","floor":15,"turns":2},{"damage":54,"enemies":"DF_ARCHETYPE_STREAMLINE","floor":16,"turns":8},{"damage":0,"enemies":"Spheric Guardian","floor":19,"turns":3},{"damage":12,"enemies":"Shell Parasite","floor":20,"turns":4},{"damage":24,"enemies":"Snake Plant","floor":21,"turns":4},{"damage":0,"enemies":"Snake Plant","floor":22,"turns":2},{"damage":10,"enemies":"Cultist and Chosen","floor":23,"turns":6},{"damage":21,"enemies":"Sentry and Sphere","floor":25,"turns":5},{"damage":26,"enemies":"Slavers","floor":26,"turns":2}],"seed_played":"8889414918138707730","potions_obtained":[{"floor":3,"key":"AttackPotion"},{"floor":10,"key":"hexamod:SoulburnPotion"},{"floor":23,"key":"Guardian:BlockOnCardUsePotion"}],"is_trial":false,"path_per_floor":["R","M","M","?","M","R","T","?","R","E","R","T","$","M","M","B",null,"R","M","M","M","?","M","T","M","E"],"character_chosen":"THE_AUTOMATON","items_purchased":["Membership Card","expansioncontent:StudyTheSpire","Mango","Blue Candle","bronze:ClassDefault","bronze:BronzeOrb","Block Potion","PowerPotion","bronze:CleanCodePotion"],"campfire_rested":0,"item_purchase_floors":[13,13,13,13,13,13,13,13,13],"current_hp_per_floor":[77,75,73,73,72,72,72,10,10,6,6,6,16,16,16,20,91,91,91,79,55,55,45,45,24,0,0,0],"gold":331,"neow_bonus":"TEN_PERCENT_HP_BONUS","is_daily":false,"chose_seed":false,"campfire_upgraded":5,"win_rate":0.0,"timestamp":1611486439,"path_taken":["R","M","M","?","M","R","T","?","R","E","R","?","$","?","M","BOSS","R","M","M","?","?","M","T","M","E"],"items_purchased_type":["Relic","Card","Relic","Relic","Card","Card","Potion","Potion","Potion"],"build_version":"2020-12-22","purchased_purges":1,"victory":false,"max_hp_per_floor":[77,77,77,77,77,77,77,77,77,77,77,77,91,91,91,91,91,91,91,91,91,91,91,91,91,91,91,91],"card_choices":[{"not_picked":["bronze:Invalidate","bronze:Overheat"],"picked":"bronze:Separator","floor":2},{"not_picked":["bronze:DarkDash","bronze:Boost","bronze:GetLatest"],"picked":"SKIP","floor":3},{"not_picked":["bronze:CutThrough","bronze:DelayedGuard"],"picked":"bronze:BugBarrage","floor":5},{"not_picked":["bronze:Separator","bronze:Frontload"],"picked":"bronze:DelayedSlice","floor":8},{"not_picked":["bronze:NullPointer","bronze:Invalidate"],"picked":"bronze:DelayedSlice","floor":10},{"not_picked":["bronze:Iterate","bronze:DelayedGuard"],"picked":"bronze:Constructor","floor":13},{"not_picked":["bronze:Optimize","bronze:Fortify","bronze:Backtrace"],"picked":"SKIP","floor":14},{"not_picked":["bronze:WhirlingStrike","bronze:Separator"],"picked":"bronze:BugBarrage","floor":15},{"not_picked":["bronze:FindAndReplace","bronze:Mutator"],"picked":"bronze:HardenedForm","floor":16},{"not_picked":["bronze:GetLatest","bronze:Overload"],"picked":"bronze:Allocate","floor":19},{"not_picked":["bronze:FineTuning+1","bronze:Iterate"],"picked":"bronze:Optimize","floor":20},{"not_picked":["bronze:GetLatest","bronze:BitShift+1","bronze:DarkDash+1"],"picked":"SKIP","floor":21},{"not_picked":["bronze:Turbo","bronze:Boost"],"picked":"bronze:DelayedSlice","floor":23},{"not_picked":["bronze:WhirlingStrike+1","bronze:Separator","bronze:ChosenStrike"],"picked":"SKIP","floor":25}],"player_experience":66232,"relics_obtained":[{"floor":7,"key":"Orichalcum"},{"floor":10,"key":"Ice Cream"},{"floor":12,"key":"Vajra"},{"floor":22,"key":"downfall:GremlinSack"},{"floor":24,"key":"Bag of Preparation"}],"event_choices":[],"is_beta":false,"boss_relics":[{"not_picked":["Busted Crown","Astrolabe"],"picked":"bronze:PlatinumCore"}],"items_purged_floors":[13],"is_endless":false,"potions_floor_spawned":[3,10,16,23,25],"killed_by":"Slavers","ascension_level":0}}