{"host":"dolejg1rjmkcifoo","time":1611475057,"event":{"mods":["ATMod(阿瑾Mod)","BaseMod","Conspire","HololiveMod","Koishi","LagranYue(拉格朗・月)","Lobotomy","LobotomyExtend","Luminous","Minty Spire (QoL Compilation)","Prisma Mod","Remilia（蕾米莉亚）","Replay The Spire","Spicy Shops","StSLib","The Animator"],"gold_per_floor":[84,84,162,183,183,202,202,127,127,140,140,140,152,180,180,278,378,394,394,394],"floor_reached":19,"language":"ZHS","playtime":1212,"items_purged":["Spreading Infection"],"score":217,"play_id":"d536a845-8429-4201-b8c4-9fae2194d9f6","local_time":"20210124155737","is_ascension_mode":false,"campfire_choices":[{"floor":7,"key":"RECALL"},{"floor":15,"key":"REST"}],"circlet_count":0,"master_deck":["Hololive_CallMinatoAqua","Hololive_CallUsadaPekora","Hololive_CallMurasakiShion","Hololive_CallShiranuiFlare","Hololive_CallSpadeEcho","Hololive_Breathe","Hololive_Strike","Hololive_Strike","Hololive_Defend","Hololive_Defend","AT_ChampionKick","Hololive_Drill","CrumblingArmor","Hololive_AWSL","MHz","Hololive_HuntDinosaur","Hololive_OvertimeWork","Hololive_CallAkaiHaato","LaLuna","Hololive_StrengthChampion","FairyFestival","Regret","Hololive_CallShiroganeNoel","LittleHelper","Hololive_CallYuzukiChoco","LittlePrince","Wellcheers","Hololive_DDD","Hololive_CallOkamiMio","Freischutz"],"relics":["Hololive_TheStar","AT_ATBox","LagranYue:RandomDrawCardRelic","CogitoBucket","LetterFromLob","Ring of Fury","ReplayTheSpireMod:Ring of Collecting","ReplayTheSpireMod:Ring of Addiction","SacredBark","Potion Belt","conspire:DeflatedDodgeball","Replay:Wax Seal","Replay:Wanted Poster","BackwardClock"],"acts_visited":["Exordium","TheCity"],"potions_floor_usage":[16,16],"damage_taken":[{"damage":0,"enemies":"2 Louse","floor":1,"turns":2},{"damage":0,"enemies":"Jaw Worm","floor":4,"turns":3},{"damage":0,"enemies":"Cultist","floor":6,"turns":2},{"damage":14,"enemies":"Large Slime","floor":10,"turns":5},{"damage":0,"enemies":"2 Fungi Beasts","floor":13,"turns":2},{"damage":26,"enemies":"Gremlin Nob","floor":14,"turns":3},{"damage":0,"enemies":"Hexaghost","floor":16,"turns":4},{"damage":28,"enemies":"Chosen","floor":18,"turns":4},{"damage":0,"enemies":"conspire:MimicChest","floor":19,"turns":2}],"seed_played":"4868690029007980598","potions_obtained":[{"floor":1,"key":"Block Potion"},{"floor":4,"key":"PowerPotion"},{"floor":9,"key":"Adrenaline Potion"},{"floor":9,"key":"FairyPotion"},{"floor":9,"key":"Milkshake"},{"floor":16,"key":"Energy Potion"}],"is_trial":false,"path_per_floor":["M","?","?","M","?","M","R","$","T","M","$","?","M","E","R","B",null,"M","?"],"character_chosen":"Hololive_HololiveCharacter","items_purchased":[],"campfire_rested":1,"item_purchase_floors":[],"current_hp_per_floor":[35,35,35,35,35,36,36,36,36,23,23,23,24,11,22,23,36,9,10,10],"gold":394,"neow_bonus":"","is_daily":false,"chose_seed":false,"campfire_upgraded":0,"win_rate":0.0,"timestamp":1611475057,"path_taken":["M","?","?","M","?","?","R","$","T","M","$","?","M","E","R","BOSS","M","?"],"items_purchased_type":[],"build_version":"2020-12-22","purchased_purges":1,"victory":false,"max_hp_per_floor":[35,35,35,35,35,36,36,36,36,37,37,37,36,37,37,36,36,37,38,38],"card_choices":[{"not_picked":["Hololive_Breathe","Hololive_CandyCastle","Hololive_Trident"],"picked":"Hololive_Drill","floor":1},{"not_picked":["ShyLook","HeroicMonk"],"picked":"CrumblingArmor","floor":1},{"not_picked":["Hololive_LuckPotion","Hololive_CocoNews","Hololive_StrengthChampion"],"picked":"Hololive_AWSL","floor":4},{"not_picked":["SnowQueen","WallGazer"],"picked":"MHz","floor":4},{"not_picked":["Hololive_CocoNews","Hololive_LuckPotion","Hololive_FlyingPonyTail"],"picked":"Hololive_CallAkaiHaato","floor":6},{"not_picked":["DespairKnight","OldLady"],"picked":"LaLuna","floor":6},{"not_picked":["Hololive_CocoNews","Hololive_Psychosis","Hololive_Sequa"],"picked":"Hololive_StrengthChampion","floor":10},{"not_picked":["Woodsman","OldLady"],"picked":"FairyFestival","floor":10},{"not_picked":["Hololive_Drill","Hololive_BringToTrial","Hololive_StrengthChampion"],"picked":"Hololive_CallShiroganeNoel","floor":13},{"not_picked":["BlackSwan","FieryBird"],"picked":"LittleHelper","floor":13},{"not_picked":["Hololive_Breathe","Hololive_Sequa","Hololive_Trident"],"picked":"Hololive_CallYuzukiChoco","floor":14},{"not_picked":["OSAHOGD","ShyLook"],"picked":"LittlePrince","floor":14},{"not_picked":["MeatLantern","OSAHOGD"],"picked":"Wellcheers","floor":16},{"not_picked":["Hololive_StarCraft","Hololive_Thief","Hololive_DurableLive"],"picked":"Hololive_DDD","floor":16},{"not_picked":["Hololive_Psychosis","Hololive_Drill","Hololive_Trident"],"picked":"Hololive_CallOkamiMio","floor":18},{"not_picked":["QueenBee","OSAHOGD"],"picked":"Freischutz","floor":18}],"player_experience":129647,"relics_obtained":[{"floor":1,"key":"LetterFromLob"},{"floor":2,"key":"Ring of Fury"},{"floor":2,"key":"ReplayTheSpireMod:Ring of Collecting"},{"floor":9,"key":"ReplayTheSpireMod:Ring of Addiction"},{"floor":9,"key":"SacredBark"},{"floor":9,"key":"Potion Belt"},{"floor":14,"key":"Replay:Wax Seal"}],"event_choices":[{"damage_healed":0,"gold_gain":78,"player_choice":"Gained Gold","damage_taken":0,"max_hp_gain":0,"max_hp_loss":0,"event_name":"Golden Wing","floor":3,"gold_loss":0},{"damage_healed":0,"gold_gain":0,"player_choice":"2 cards matched","damage_taken":0,"max_hp_gain":0,"max_hp_loss":0,"event_name":"Match and Keep!","floor":5,"gold_loss":0,"cards_obtained":["Hololive_HuntDinosaur","Hololive_OvertimeWork"]},{"damage_healed":0,"gold_gain":0,"player_choice":"Box","damage_taken":0,"relics_obtained":["conspire:DeflatedDodgeball"],"max_hp_gain":0,"max_hp_loss":0,"event_name":"Big Fish","floor":12,"gold_loss":0,"cards_obtained":["Regret"]}],"is_beta":false,"boss_relics":[{"not_picked":["Ring of Chaos","Busted Crown"],"picked":"Replay:Wanted Poster"}],"items_purged_floors":[8],"is_endless":false,"potions_floor_spawned":[1,4,13,16],"killed_by":"conspire:MimicChest","ascension_level":0}}