{"host":"yt8tirjpas3zupuf","time":1611521090,"event":{"mods":["Act Like it!","Arknights The Spire","BaseMod","Colored Powertips","Gensokyo","Lobotomy","LobotomyExtend","Minty Spire (QoL Compilation)","Replay The Spire","StSLib","The Bug Knight","UnlockEverythingMod"],"gold_per_floor":[114,130,130,130,83,83,94,122,122,122,132,132,151,162,162,263,313,328,338,52,52,52],"floor_reached":21,"language":"ZHS","playtime":1695,"items_purged":[],"score":181,"play_id":"26ca9b63-1677-4103-bd58-756d5beb5e11","local_time":"20210125044450","is_ascension_mode":false,"campfire_choices":[{"floor":6,"key":"RECALL"},{"floor":10,"key":"REST"},{"floor":12,"key":"REST"},{"floor":15,"key":"REST"}],"circlet_count":0,"master_deck":["ats:Strike C","ats:Strike G","ats:Strike S+1","ats:Strike V","ats:Armor Crushing Shot","ats:Defend","ats:Defend","ats:Defend","ats:Defend","ats:Emotion Absorption","Mercenary","ats:Absolute Focus","CrumblingArmor","ats:Healing Drone","ats:Closed Bolt Burst Fire","DespairKnight","ats:Part Time Job","Scorched","ats:Apocalypse","Scarecrow","ats:Ambush","MHz","ats:Sunburst+1","ShyLook","ats:Song Of Battle","OSAHOGD","ats:Wolf Pack+1","ats:Closed Bolt Burst Fire+1","Rudolta","ats:Consecutive Shot Auto+1","Funeral","ats:Revitalization+1"],"relics":["ats:Sanity","CogitoBucket","LetterFromLob","ats:Originium","ats:Industrial Water Cannon","Molten Egg 2","LuminousBracelet","Tiny House","OrangePellets","Dream Catcher","MagicBullet_r"],"acts_visited":["Exordium","TheCity"],"potions_floor_usage":[],"damage_taken":[{"damage":7,"enemies":"Small Slimes","floor":1,"turns":4},{"damage":9,"enemies":"Jaw Worm","floor":2,"turns":5},{"damage":5,"enemies":"2 Louse","floor":7,"turns":3},{"damage":62,"enemies":"Replay:BlueRogue","floor":8,"turns":12},{"damage":12,"enemies":"Red Slaver","floor":11,"turns":4},{"damage":47,"enemies":"Large Slime","floor":13,"turns":3},{"damage":0,"enemies":"2 Fungi Beasts","floor":14,"turns":2},{"damage":92,"enemies":"Fading Forest","floor":16,"turns":11},{"damage":53,"enemies":"Shell Parasite","floor":18,"turns":9},{"damage":22,"enemies":"Chosen","floor":19,"turns":6}],"seed_played":"-6743170945784113545","potions_obtained":[{"floor":7,"key":"Energy Potion"},{"floor":8,"key":"AttackPotion"},{"floor":14,"key":"Swift Potion"}],"is_trial":false,"path_per_floor":["M","M","?","T","$","R","M","E","T","R","M","R","M","M","R","B",null,"M","M","$","?"],"character_chosen":"DOCTOR_CLASS","items_purchased":["ats:Closed Bolt Burst Fire","OrangePellets","Dream Catcher"],"campfire_rested":3,"item_purchase_floors":[5,20,20],"current_hp_per_floor":[65,56,56,56,56,56,57,13,13,34,33,54,37,54,80,32,82,61,59,59,0,0],"gold":52,"neow_bonus":"","is_daily":false,"chose_seed":false,"campfire_upgraded":0,"win_rate":0.0,"timestamp":1611521090,"path_taken":["M","M","?","?","$","R","M","E","T","R","M","R","M","M","R","BOSS","M","M","$","?"],"items_purchased_type":["Card","Relic","Relic"],"build_version":"2020-12-22","purchased_purges":0,"victory":false,"max_hp_per_floor":[72,72,72,72,72,72,72,72,72,72,72,72,87,87,87,77,82,82,82,82,82,82],"card_choices":[{"not_picked":["LittlePrince","PunishingBird"],"picked":"Mercenary","floor":1},{"not_picked":["ats:Soul Absorption","ats:Collapsing Strike"],"picked":"ats:Absolute Focus","floor":1},{"not_picked":["FairyFestival","MHz","BeautyBeast"],"picked":"Singing Bowl","floor":2},{"not_picked":["BeautyBeast","MHz"],"picked":"CrumblingArmor","floor":2},{"not_picked":["ats:Demon Strength","ats:Powerful Strike"],"picked":"ats:Healing Drone","floor":2},{"not_picked":["WallGazer","GalaxyChild"],"picked":"DespairKnight","floor":7},{"not_picked":["ats:Healing Strengthening","ats:Blood Oath"],"picked":"ats:Part Time Job","floor":7},{"not_picked":["ShyLook","MeatLantern"],"picked":"Scorched","floor":8},{"not_picked":["ats:Powerful Strike","ats:Curse Doll"],"picked":"ats:Apocalypse","floor":8},{"not_picked":["VoidDream","BeautyBeast"],"picked":"Scarecrow","floor":11},{"not_picked":["ats:Assault Order","ats:Very Hot Blade+1"],"picked":"ats:Ambush","floor":11},{"not_picked":["Murderer","FairyFestival","SnowQueen"],"picked":"Singing Bowl","floor":13},{"not_picked":["Porccubus","PunishingBird"],"picked":"MHz","floor":13},{"not_picked":["ats:Absolute Focus","ats:Blood Oath+1"],"picked":"ats:Sunburst+1","floor":13},{"not_picked":["CherryBlossoms","Bloodbath","LittleHelper"],"picked":"Singing Bowl","floor":14},{"not_picked":["SpiderBud","UniverseFragment"],"picked":"ShyLook","floor":14},{"not_picked":["ats:Absolute Focus","ats:Durian"],"picked":"ats:Song Of Battle","floor":14},{"not_picked":["GreedKing","UniverseFragment","LittleHelper"],"picked":"Singing Bowl","floor":16},{"not_picked":["Murderer","MeatLantern"],"picked":"OSAHOGD","floor":16},{"not_picked":["ats:Rat Pack","ats:Echo Reverb"],"picked":"ats:Wolf Pack+1","floor":16},{"not_picked":["ats:Sunburst+1","ats:Spore Proliferation"],"picked":"ats:Closed Bolt Burst Fire+1","floor":17},{"not_picked":["Wellcheers","LittleHelper"],"picked":"Rudolta","floor":18},{"not_picked":["ats:Curse Doll","ats:Flame Of Heaven"],"picked":"ats:Consecutive Shot Auto+1","floor":18},{"not_picked":["WhitesApple","BigBird"],"picked":"Funeral","floor":19},{"not_picked":["ats:Ignite+1","ats:Apocalypse"],"picked":"ats:Revitalization+1","floor":19}],"player_experience":77030,"relics_obtained":[{"floor":1,"key":"LetterFromLob"},{"floor":8,"key":"ats:Originium"},{"floor":8,"key":"ats:Industrial Water Cannon"},{"floor":9,"key":"Molten Egg 2"}],"event_choices":[{"damage_healed":0,"gold_gain":0,"player_choice":"Ignored","damage_taken":0,"max_hp_gain":0,"max_hp_loss":0,"event_name":"Golden Wing","floor":3,"gold_loss":0}],"is_beta":false,"boss_relics":[{"not_picked":["ats:Omniscience","Ectoplasm"],"picked":"Tiny House"}],"items_purged_floors":[],"is_endless":false,"potions_floor_spawned":[7,8,14,16,18,19],"ascension_level":0}}