{"host":"z42sc0n2dozsmk72","time":1611498833,"event":{"mods":["AchievementEnabler","BaseMod","Better Third Choice","Colored Map","Curses Come First","Highlight Path","Minty Spire (QoL Compilation)","Permanent Neow","Quick Restart","Relic Stats","Shop Mod","StSLib","egg","slay the spire mod where everything is the same but ironclad has a cowboy hat"],"gold_per_floor":[115,134,146,161,161,187,187,216,239,239,265,276,276,307,307,409,409,409,48,48,48,48,48,48,48,48,48,48,48,48,48,48,48,48,48,48,48,48,48,48,48,48,48,48,48,48,48,48,48,48,48,48,12,12,12],"floor_reached":56,"language":"ENG","playtime":4520,"items_purged":["Strike_R"],"score":1416,"play_id":"a7b57920-7f6b-46e1-8a49-e74d02477b47","local_time":"20210125033353","is_ascension_mode":true,"campfire_choices":[{"data":"True Grit","floor":7.0,"key":"SMITH"},{"data":"Feel No Pain","floor":10.0,"key":"SMITH"},{"floor":13.0,"key":"REST"},{"data":"Iron Wave","floor":15.0,"key":"SMITH"},{"data":"True Grit","floor":23.0,"key":"SMITH"},{"data":"Barricade","floor":30.0,"key":"SMITH"},{"data":"Flame Barrier","floor":32.0,"key":"SMITH"},{"data":"Entrench","floor":40.0,"key":"SMITH"},{"data":"Panacea","floor":42.0,"key":"SMITH"},{"floor":49.0,"key":"RECALL"},{"data":"Corruption","floor":52.0,"key":"SMITH"}],"circlet_count":0,"master_deck":["Strike_R","Strike_R","Strike_R","Strike_R","Defend_R","Defend_R","Defend_R","Defend_R","Bash","Armaments+1","Iron Wave+1","True Grit+1","Feel No Pain+1","Pommel Strike+1","Carnage+1","Barricade+1","True Grit+1","Flame Barrier+1","Carnage+1","Corruption+1","Panacea+1","Immolate+1","Entrench+1","Ghostly Armor+1","Battle Trance+1","Reckless Charge+1","Battle Trance+1","True Grit+1","Sentinel+1","Reckless Charge+1","Dark Embrace+1"],"relics":["SlaversCollar","Molten Egg 2","Toy Ornithopter","Nunchaku","Blood Vial","Regal Pillow","Ectoplasm","Membership Card","Incense Burner","Paper Frog","Mercury Hourglass","Happy Flower","Art of War","Philosopher\u0027s Stone","Du-Vu Doll","InkBottle","Eternal Feather","Akabeko"],"acts_visited":["Exordium","TheCity","TheBeyond","TheEnding"],"potions_floor_usage":[54,55],"damage_taken":[{"damage":0.0,"enemies":"Small Slimes","floor":1.0,"turns":3.0},{"damage":6.0,"enemies":"Cultist","floor":2.0,"turns":3.0},{"damage":0.0,"enemies":"Jaw Worm","floor":3.0,"turns":5.0},{"damage":2.0,"enemies":"Looter","floor":4.0,"turns":4.0},{"damage":21.0,"enemies":"Gremlin Nob","floor":6.0,"turns":4.0},{"damage":30.0,"enemies":"3 Sentries","floor":8.0,"turns":10.0},{"damage":15.0,"enemies":"Lagavulin","floor":11.0,"turns":7.0},{"damage":6.0,"enemies":"Lots of Slimes","floor":12.0,"turns":7.0},{"damage":0.0,"enemies":"3 Sentries","floor":14.0,"turns":8.0},{"damage":15.0,"enemies":"The Guardian","floor":16.0,"turns":9.0},{"damage":8.0,"enemies":"3 Byrds","floor":18.0,"turns":6.0},{"damage":0.0,"enemies":"Shell Parasite","floor":20.0,"turns":2.0},{"damage":34.0,"enemies":"Gremlin Leader","floor":24.0,"turns":9.0},{"damage":1.0,"enemies":"Snecko","floor":25.0,"turns":7.0},{"damage":17.0,"enemies":"Snake Plant","floor":29.0,"turns":4.0},{"damage":0.0,"enemies":"Shelled Parasite and Fungi","floor":31.0,"turns":3.0},{"damage":4.0,"enemies":"Automaton","floor":33.0,"turns":14.0},{"damage":0.0,"enemies":"3 Shapes","floor":35.0,"turns":5.0},{"damage":21.0,"enemies":"Orb Walker","floor":37.0,"turns":4.0},{"damage":5.0,"enemies":"4 Shapes","floor":38.0,"turns":3.0},{"damage":21.0,"enemies":"Maw","floor":39.0,"turns":11.0},{"damage":6.0,"enemies":"Reptomancer","floor":41.0,"turns":8.0},{"damage":5.0,"enemies":"Giant Head","floor":44.0,"turns":8.0},{"damage":0.0,"enemies":"Spire Growth","floor":45.0,"turns":6.0},{"damage":41.0,"enemies":"Nemesis","floor":46.0,"turns":11.0},{"damage":0.0,"enemies":"Jaw Worm Horde","floor":47.0,"turns":3.0},{"damage":4.0,"enemies":"4 Shapes","floor":48.0,"turns":4.0},{"damage":28.0,"enemies":"Awakened One","floor":50.0,"turns":22.0},{"damage":0,"enemies":"Shield and Spear","floor":54,"turns":7},{"damage":78,"enemies":"The Heart","floor":55,"turns":9}],"seed_played":"3029412194474329711","potions_obtained":[{"floor":1.0,"key":"ElixirPotion"},{"floor":3.0,"key":"SkillPotion"},{"floor":12.0,"key":"GamblersBrew"},{"floor":14.0,"key":"Block Potion"},{"floor":16.0,"key":"Fire Potion"},{"floor":18.0,"key":"Dexterity Potion"},{"floor":25.0,"key":"ElixirPotion"},{"floor":31.0,"key":"DuplicationPotion"},{"floor":37.0,"key":"BloodPotion"},{"floor":39.0,"key":"Block Potion"},{"floor":41.0,"key":"AttackPotion"},{"floor":48.0,"key":"DuplicationPotion"}],"is_trial":false,"path_per_floor":["M","M","M","M","?","E","R","E","T","R","E","M","R","E","R","B",null,"M","$","M","T","?","R","E","M","T","T","$","M","R","M","R","B",null,"M","?","M","M","M","R","E","R","T","E","M","E","M","M","R","B",null,"R","$","E","B",null],"character_chosen":"IRONCLAD","items_purchased":["Membership Card","Incense Burner","True Grit","LiquidBronze"],"campfire_rested":1,"item_purchase_floors":[19,19,19,53],"current_hp_per_floor":[80,74,74,72,72,51,51,21,21,21,6,2,26,28,28,15,80,72,72,79,79,64,64,32,33,33,33,33,18,18,20,20,23,85,85,85,64,61,64,64,70,70,70,67,69,35,37,35,53,32,85,85,85,85,7],"gold":12,"neow_bonus":"BOSS_RELIC","is_daily":false,"chose_seed":false,"campfire_upgraded":9,"win_rate":0.0,"timestamp":1611498833,"path_taken":["M","M","M","M","?","E","R","E","T","R","E","M","R","E","R","BOSS","M","?","M","?","?","R","E","M","T","?","?","?","R","M","R","BOSS","M","?","M","?","M","R","E","R","T","E","M","E","M","M","R","BOSS","R","$","E","BOSS"],"items_purchased_type":["Relic","Relic","Card","Potion"],"build_version":"2020-12-22","purchased_purges":1,"victory":true,"max_hp_per_floor":[80,80,80,80,80,80,80,80,80,80,80,80,80,80,80,80,80,80,80,80,80,85,85,85,85,85,85,85,85,85,85,85,85,85,85,85,85,85,85,85,85,85,85,85,85,85,85,85,85,85,85,85,85,85,85],"relic_stats":{"Blood Vial":36,"Nunchaku":[35],"Regal Pillow":0,"Happy Flower":[40],"counters":[30,204],"Eternal Feather":18,"Ectoplasm":501,"Art of War":[10],"obtain_stats":[{"Regal Pillow":14,"Happy Flower":26,"Eternal Feather":46,"Incense Burner":19,"Burning Blood":0,"Akabeko":54,"Mercury Hourglass":24,"Blood Vial":11,"Du-Vu Doll":41,"SlaversCollar":0,"Nunchaku":9,"Molten Egg 2":6,"Philosopher\u0027s Stone":34,"Ectoplasm":17,"Art of War":27,"Membership Card":19,"Toy Ornithopter":8,"InkBottle":44,"Paper Frog":21},{"Regal Pillow":9,"Happy Flower":14,"Eternal Feather":25,"Incense Burner":11,"Burning Blood":0,"Akabeko":29,"Mercury Hourglass":13,"Blood Vial":7,"Du-Vu Doll":22,"SlaversCollar":0,"Nunchaku":6,"Molten Egg 2":5,"Philosopher\u0027s Stone":17,"Ectoplasm":10,"Art of War":14,"Membership Card":11,"Toy Ornithopter":6,"InkBottle":23,"Paper Frog":12},{"Regal Pillow":51,"Happy Flower":84,"Eternal Feather":159,"Incense Burner":66,"Burning Blood":0,"Akabeko":195,"Mercury Hourglass":77,"Blood Vial":36,"Du-Vu Doll":135,"SlaversCollar":0,"Nunchaku":29,"Molten Egg 2":19,"Philosopher\u0027s Stone":104,"Ectoplasm":60,"Art of War":84,"Membership Card":66,"Toy Ornithopter":29,"InkBottle":143,"Paper Frog":68}],"Toy Ornithopter":35,"InkBottle":[27],"Mercury Hourglass":[484]},"card_choices":[{"not_picked":["Spot Weakness","Anger"],"picked":"Armaments","floor":1.0},{"not_picked":["Anger","Twin Strike"],"picked":"Iron Wave","floor":2.0},{"not_picked":["Hemokinesis","Havoc","Sever Soul"],"picked":"SKIP","floor":3.0},{"not_picked":["Armaments","Dark Embrace","Perfected Strike"],"picked":"SKIP","floor":4.0},{"not_picked":["Pummel+1","Clash+1"],"picked":"True Grit","floor":6.0},{"not_picked":["Wild Strike+1","Warcry"],"picked":"Feel No Pain","floor":8.0},{"not_picked":["Exhume","Sever Soul+1"],"picked":"Pommel Strike+1","floor":11.0},{"not_picked":["Clothesline+1","Anger+1"],"picked":"Carnage+1","floor":12.0},{"not_picked":["Rampage+1","Clash+1","Rupture"],"picked":"SKIP","floor":14.0},{"not_picked":["Feed+1","Impervious"],"picked":"Barricade","floor":16.0},{"not_picked":["Warcry","Twin Strike+1","Dual Wield"],"picked":"SKIP","floor":18.0},{"not_picked":["Rampage+1","Twin Strike+1","Armaments"],"picked":"SKIP","floor":20.0},{"not_picked":["Sever Soul+1","Corruption"],"picked":"Flame Barrier","floor":24.0},{"not_picked":["Sword Boomerang+1","Bloodletting+1"],"picked":"Carnage+1","floor":25.0},{"not_picked":["Heavy Blade+1","Clash+1","Wild Strike+1"],"picked":"SKIP","floor":29.0},{"not_picked":["Pummel+1","Headbutt+1","Havoc"],"picked":"SKIP","floor":31.0},{"not_picked":["Barricade","Juggernaut"],"picked":"Corruption","floor":33.0},{"not_picked":["Sever Soul+1","Thunderclap+1","Armaments+1"],"picked":"SKIP","floor":35.0},{"not_picked":["Whirlwind+1","Bloodletting+1"],"picked":"Entrench","floor":37.0},{"not_picked":["Shrug It Off","Pommel Strike+1"],"picked":"Ghostly Armor+1","floor":38.0},{"not_picked":["Twin Strike+1","Clash+1"],"picked":"Battle Trance+1","floor":39.0},{"not_picked":["Rage+1","Juggernaut"],"picked":"Reckless Charge+1","floor":41.0},{"not_picked":["Carnage+1","Perfected Strike+1"],"picked":"Battle Trance+1","floor":44.0},{"not_picked":["Warcry","Anger+1"],"picked":"True Grit+1","floor":45.0},{"not_picked":["Thunderclap+1","Heavy Blade+1"],"picked":"Sentinel+1","floor":46.0},{"not_picked":["Fire Breathing+1","Clash+1"],"picked":"Reckless Charge+1","floor":47.0},{"not_picked":["Clothesline+1","Perfected Strike+1","Inflame+1"],"picked":"SKIP","floor":48.0},{"not_picked":["Rupture","Clothesline+1"],"picked":"Dark Embrace+1","floor":54}],"player_experience":876775,"relics_obtained":[{"floor":6.0,"key":"Molten Egg 2"},{"floor":8.0,"key":"Toy Ornithopter"},{"floor":9.0,"key":"Nunchaku"},{"floor":11.0,"key":"Blood Vial"},{"floor":14.0,"key":"Regal Pillow"},{"floor":21.0,"key":"Paper Frog"},{"floor":24.0,"key":"Mercury Hourglass"},{"floor":26.0,"key":"Happy Flower"},{"floor":27.0,"key":"Art of War"},{"floor":41.0,"key":"Du-Vu Doll"},{"floor":44.0,"key":"InkBottle"},{"floor":46.0,"key":"Eternal Feather"},{"floor":54,"key":"Akabeko"}],"event_choices":[{"damage_healed":0.0,"max_hp_gain":0.0,"max_hp_loss":0.0,"gold_gain":0.0,"event_name":"Upgrade Shrine","player_choice":"Upgraded","floor":5.0,"gold_loss":0.0,"damage_taken":0.0,"cards_upgraded":["Armaments"]},{"damage_healed":0.0,"max_hp_gain":5.0,"max_hp_loss":0.0,"gold_gain":0.0,"event_name":"Forgotten Altar","player_choice":"Shed Blood","floor":22.0,"gold_loss":0.0,"damage_taken":20.0},{"damage_healed":0.0,"max_hp_gain":0.0,"max_hp_loss":0.0,"gold_gain":0.0,"event_name":"Match and Keep!","player_choice":"2 cards matched","floor":36.0,"gold_loss":0.0,"damage_taken":0.0,"cards_obtained":["Panacea","Immolate"]}],"is_beta":false,"boss_relics":[{"not_picked":["Astrolabe","Sozu"],"picked":"Ectoplasm"},{"not_picked":["SacredBark","Empty Cage"],"picked":"Philosopher\u0027s Stone"}],"items_purged_floors":[19],"is_endless":false,"potions_floor_spawned":[1,3,12,14,16,18,25,31,37,38,39,41,48],"ascension_level":3}}