{"host":"uv5ws9rdk87e8i5k","time":1611529554,"event":{"mods":["AchievementEnabler","BaseMod","Colored Map","Minty Spire (QoL Compilation)","StSLib","SuperFastMode","The Necromancer"],"gold_per_floor":[114,129,148,166,177,202,217,217,217,243,243,275,293,305,305,406,406,417,428,444,359,284,318,318,350,350,363,54,69,84,110,110,211,211,228,0,15,30,30,30,30,30],"floor_reached":41,"language":"ENG","playtime":1305,"items_purged":[],"score":503,"play_id":"c12bce8b-7455-4104-ae15-137852fb81e8","local_time":"20210124170554","is_ascension_mode":true,"campfire_choices":[{"data":"Summon_Death_Knight","floor":8.0,"key":"SMITH"},{"data":"Summon_Undead_Army","floor":15.0,"key":"SMITH"},{"data":"Summon_Lich","floor":24,"key":"SMITH"},{"floor":32,"key":"REST"},{"data":"Life_Tap","floor":40,"key":"SMITH"}],"circlet_count":0,"master_deck":["Strike_W","Strike_W","Strike_W","Defend_W+1","Defend_W+1","Defend_W","Defend_W","Negative_Energy_Arrows","Bone_Wall","Summon_Death_Knight+1","Finger_Of_Death","Finger_Of_Death","Summon_Undead_Army+1","Death_Coil","Life_Tap+1","Blood_Wake","Summon_Lich+1","Shade_Step","Uncharnel+1","Bone_Armor+1","Blood_Magic+1","Shade_Step+1","Finger_Of_Death+1"],"relics":["Vampire_Amulet","Meat on the Bone","Ornamental Fan","Letter Opener","Bag of Preparation","Sundial","Snecko Eye","War Paint","Strawberry","Ginger","Darkstone Periapt","Pantograph","Frozen Egg 2","SlaversCollar","Red Mask","Blue Candle"],"acts_visited":["Exordium","TheCity","TheBeyond"],"potions_floor_usage":[30,33,33,37,38],"damage_taken":[{"damage":5.0,"enemies":"Small Slimes","floor":1.0,"turns":4.0},{"damage":8.0,"enemies":"2 Louse","floor":2.0,"turns":2.0},{"damage":6.0,"enemies":"Jaw Worm","floor":3.0,"turns":3.0},{"damage":10.0,"enemies":"Exordium Wildlife","floor":4.0,"turns":4.0},{"damage":21.0,"enemies":"Exordium Thugs","floor":5.0,"turns":5.0},{"damage":10.0,"enemies":"Lagavulin","floor":6.0,"turns":6.0},{"damage":0.0,"enemies":"2 Fungi Beasts","floor":7.0,"turns":2.0},{"damage":18.0,"enemies":"Gremlin Nob","floor":10.0,"turns":4.0},{"damage":7.0,"enemies":"3 Sentries","floor":12.0,"turns":7.0},{"damage":2.0,"enemies":"Exordium Wildlife","floor":13.0,"turns":3.0},{"damage":0.0,"enemies":"Large Slime","floor":14.0,"turns":4.0},{"damage":14.0,"enemies":"The Guardian","floor":16.0,"turns":11.0},{"damage":13.0,"enemies":"2 Thieves","floor":18.0,"turns":3.0},{"damage":3.0,"enemies":"Spheric Guardian","floor":19.0,"turns":3.0},{"damage":10.0,"enemies":"Snecko","floor":20.0,"turns":5.0},{"damage":18,"enemies":"Book of Stabbing","floor":23,"turns":5},{"damage":9,"enemies":"Gremlin Leader","floor":25,"turns":4},{"damage":14,"enemies":"Sentry and Sphere","floor":27,"turns":4},{"damage":7,"enemies":"Snake Plant","floor":29,"turns":3},{"damage":17,"enemies":"Cultist and Chosen","floor":30,"turns":6},{"damage":32,"enemies":"Slavers","floor":31,"turns":3},{"damage":67,"enemies":"Automaton","floor":33,"turns":8},{"damage":18,"enemies":"3 Shapes","floor":35,"turns":4},{"damage":8,"enemies":"Orb Walker","floor":37,"turns":3},{"damage":17,"enemies":"Spire Growth","floor":38,"turns":4},{"damage":30,"enemies":"Giant Head","floor":41,"turns":6}],"seed_played":"-1482150476819112568","potions_obtained":[{"floor":1.0,"key":"EntropicBrew"},{"floor":4.0,"key":"Energy Potion"},{"floor":5.0,"key":"Explosive Potion"},{"floor":6.0,"key":"Ancient Potion"},{"floor":16.0,"key":"ColorlessPotion"},{"floor":23,"key":"SteroidPotion"},{"floor":30,"key":"FearPotion"},{"floor":33,"key":"Swift Potion"},{"floor":35,"key":"LiquidMemories"},{"floor":38,"key":"CultistPotion"}],"is_trial":false,"path_per_floor":["M","M","M","M","M","E","M","R","T","E","?","E","M","M","R","B",null,"M","M","M","?","?","E","R","E","T","M","$","M","M","E","R","B",null,"M","?","M","M","T","R","E"],"character_chosen":"NECROMANCER","items_purchased":["PowerPotion","Pantograph"],"campfire_rested":1,"item_purchase_floors":[28,28],"current_hp_per_floor":[72,68,64,58,41,33,49,49,49,45,27,38,40,44,44,44,75,66,65,57,57,57,48,48,49,49,51,51,46,45,31,55,52,82,68,68,62,47,47,47,17,17],"gold":30,"neow_bonus":"ONE_RANDOM_RARE_CARD","is_daily":false,"chose_seed":false,"campfire_upgraded":4,"win_rate":0.0,"timestamp":1611529554,"path_taken":["M","M","M","M","M","E","M","R","T","E","?","E","M","M","R","BOSS","M","M","M","?","?","E","R","E","T","M","?","M","?","E","R","BOSS","M","?","M","M","?","R","E"],"items_purchased_type":["Potion","Relic"],"build_version":"2020-12-22","purchased_purges":0,"victory":false,"max_hp_per_floor":[75,75,75,75,75,75,75,75,75,75,75,75,75,75,75,75,75,75,75,75,75,75,82,82,82,82,82,82,82,82,82,82,82,82,82,82,82,82,82,82,82,82],"card_choices":[{"not_picked":["Pandemic","Death_March_Dance","Consume_Illness"],"picked":"SKIP","floor":1.0},{"not_picked":["Deaths_Shadow","Consume_Illness"],"picked":"Finger_Of_Death","floor":2.0},{"not_picked":["Scare","Life_Tap"],"picked":"Finger_Of_Death","floor":3.0},{"not_picked":["Stop_Heart","Chill_Blood"],"picked":"Summon_Undead_Army","floor":4.0},{"not_picked":["Death_March_Dance","Bone_Spikes","Chill_Blood"],"picked":"SKIP","floor":5.0},{"not_picked":["Death_Knell","Siphon_Strength"],"picked":"Death_Coil","floor":6.0},{"not_picked":["Negative_Energy_Sphere","Blood_Is_Power"],"picked":"Life_Tap","floor":7.0},{"not_picked":["Life_Drain","Skeleton_Dragon","Bone_Bullets"],"picked":"SKIP","floor":10.0},{"not_picked":["Pandemic","Shackles_Of_Pain","Blood_Magic"],"picked":"SKIP","floor":12.0},{"not_picked":["Negative_Energy_Mist","Life_Drain","Scare"],"picked":"SKIP","floor":13.0},{"not_picked":["Shackles_Of_Pain","Blood_Whip","Negative_Energy_Javelin"],"picked":"SKIP","floor":14.0},{"not_picked":["Hellfire","Detonate_Bones"],"picked":"Blood_Wake","floor":16.0},{"not_picked":["Summon_Undead_Army","Bone_Armor"],"picked":"Summon_Lich","floor":18.0},{"not_picked":["Bones_to_Steel","Finger_Of_Death"],"picked":"Shade_Step","floor":19.0},{"not_picked":["Shackles_Of_Pain","Deaths_Shadow"],"picked":"Uncharnel+1","floor":20.0},{"not_picked":["Negative_Energy_Javelin","Necromantic_Selection+1","Blood_for_Blood"],"picked":"SKIP","floor":23},{"not_picked":["Bone_Shift+1","Stop_Heart"],"picked":"Bone_Armor+1","floor":25},{"not_picked":["Negative_Energy_Mist","Toxic_Smoke_Screen","Slay_Living"],"picked":"SKIP","floor":27},{"not_picked":["Bone_Spikes","Negative_Energy_Mist","Blood_Curse+1"],"picked":"SKIP","floor":29},{"not_picked":["Bones_to_Steel","Whirlwind_of_Bones","Death_March_Dance"],"picked":"SKIP","floor":30},{"not_picked":["Bone_Armory+1","Necrotic_Claws","Bones_to_Steel"],"picked":"SKIP","floor":31},{"not_picked":["Reap_The_Weak","Detonate_Bones"],"picked":"Blood_Magic+1","floor":33},{"not_picked":["Death_Coil+1","Strike_from_Beyond+1"],"picked":"Shade_Step+1","floor":35},{"not_picked":["Bone_Armor","Consume_Illness"],"picked":"Finger_Of_Death+1","floor":37},{"not_picked":["Bone_Armor+1","Violent_Necrosis","Consume_Illness+1"],"picked":"SKIP","floor":38}],"player_experience":240061,"relics_obtained":[{"floor":6.0,"key":"Meat on the Bone"},{"floor":9.0,"key":"Ornamental Fan"},{"floor":10.0,"key":"Letter Opener"},{"floor":12.0,"key":"Sundial"},{"floor":23,"key":"Strawberry"},{"floor":25,"key":"Ginger"},{"floor":26,"key":"Darkstone Periapt"},{"floor":31,"key":"Frozen Egg 2"},{"floor":39,"key":"Blue Candle"}],"event_choices":[{"damage_healed":0.0,"max_hp_gain":0.0,"max_hp_loss":0.0,"gold_gain":0.0,"event_name":"Scrap Ooze","player_choice":"Success","floor":11.0,"gold_loss":0.0,"damage_taken":18.0,"relics_obtained":["Bag of Preparation"]},{"damage_healed":0.0,"max_hp_gain":0.0,"max_hp_loss":0.0,"gold_gain":0.0,"event_name":"Addict","player_choice":"Obtained Relic","floor":21.0,"gold_loss":85.0,"damage_taken":0.0,"relics_obtained":["War Paint"]},{"cards_removed":["Strike_W"],"damage_healed":0.0,"max_hp_gain":0.0,"max_hp_loss":0.0,"gold_gain":0.0,"event_name":"Beggar","player_choice":"Gave Gold","floor":22.0,"gold_loss":75.0,"damage_taken":0.0},{"damage_healed":0,"gold_gain":0,"player_choice":"Paid","damage_taken":0,"relics_obtained":["Red Mask"],"max_hp_gain":0,"max_hp_loss":0,"event_name":"Tomb of Lord Red Mask","floor":36,"gold_loss":228}],"is_beta":false,"boss_relics":[{"not_picked":["Cursed Key","Sozu"],"picked":"Snecko Eye"},{"not_picked":["Empty Cage","Runic Dome"],"picked":"SlaversCollar"}],"items_purged_floors":[],"is_endless":false,"potions_floor_spawned":[1,4,5,6,16,23,30,33,35,38],"killed_by":"Giant Head","ascension_level":1}}