{"host":"3oowddqpmj34xmzc","time":1611496728,"event":{"mods":["2.2 Compatiblity","Act Like it!","Arknights The Spire","Aspiration","BaseMod","CapriCore","Gensokyo","Gold Saver","Minty Spire (QoL Compilation)","Pale of the Ancients","Reimu£®≤©¿ˆ¡È√Œ£©","Relic Stats","Remilia£®¿Ÿ√◊¿Ú—«£©","Replay The Spire","Robot Space Explorer","Spicy Shops","StSLib","The Gatherer","The Servant 0.9.4","Uncapped","[GremlinLeader]The Maniac"],"gold_per_floor":[737,5,18,18,37,66,66,96,123,23,23,34,66,66,66,171,171,189,69,83,83,99,133,5,32,110,110,110,145,162,179,179,284,284,302,352,352,352,348,348,379,379,433,431,448,458,477,509,509,489,489,489,489,516,516],"floor_reached":56,"language":"ZHS","playtime":2457,"items_purged":["Overencumbered"],"score":1667,"play_id":"01da6258-f113-4657-8510-0f167eeb8ea1","local_time":"20210124215848","is_ascension_mode":true,"campfire_choices":[{"floor":7.0,"key":"RECALL"},{"data":"Armaments","floor":11.0,"key":"SMITH"},{"data":"Bash","floor":15.0,"key":"SMITH"},{"data":"Limit Break","floor":28.0,"key":"SMITH"},{"data":"Limit Break","floor":32.0,"key":"SMITH"},{"data":"Feed","floor":40,"key":"SMITH"},{"data":"Bloodletting","floor":49,"key":"SMITH"},{"data":"Battle Trance","floor":52,"key":"SMITH"}],"circlet_count":0,"master_deck":["Strike_R","Strike_R","Defend_R+1","Defend_R+1","Defend_R+1","Defend_R+1","Bash+1","Sword Boomerang","Bloodletting+1","Pommel Strike","Armaments+1","Shockwave+1","Cleave","Thunderclap","Reaper","Limit Break+1","Replay:Undeath\u0027s Touch+1","Sword Boomerang","Impervious","Battle Trance+1","Replay:Undeath\u0027s Touch","Infinite Blades","Skewer","ReplayTheSpireMod:From All Sides","Limit Break+1","Replay:Undeath\u0027s Touch","Feed+1","Replay:Undeath\u0027s Touch","Reaper","ReplayTheSpireMod:Corrosion Curse","Disarm+1","Replay:Undeath\u0027s Touch","Disarm+1","Shockwave"],"relics":["Burning Blood","Pocketwatch","aspiration:HatOfInfinitePower","Brimstone","aspiration:Nostalgia","ats:Sanity","Pear","aspiration:AnachronicSnailShell","aspiration:FetidBarrel","Replay:Bottled Eggs","Sozu","Gensokyo:DemonMask","Bottled Lightning","ReplayTheSpireMod:ShopPack","aspiration:ChemicalBlood","AntiCross","Replay:Ringing Soul","Runic Cube","Champion Belt","Strawberry","Replay:Mystery Machine","HornCleat","Garlic"],"acts_visited":["Gensokyo:Gensokyo","Gensokyo:Gensokyoer","TheBeyond","TheEnding"],"potions_floor_usage":[],"damage_taken":[{"damage":5.0,"enemies":"Gensokyo:3_Fairies","floor":1.0,"turns":4.0},{"damage":0.0,"enemies":"Gensokyo:2_Kodama","floor":3.0,"turns":2.0},{"damage":0.0,"enemies":"Gensokyo:Python","floor":5.0,"turns":2.0},{"damage":3.0,"enemies":"Gensokyo:Cirno","floor":6.0,"turns":3.0},{"damage":3.0,"enemies":"Gensokyo:Aya","floor":8.0,"turns":3.0},{"damage":0.0,"enemies":"Gensokyo:LivingMonolith","floor":12.0,"turns":1.0},{"damage":3.0,"enemies":"Gensokyo:Mamizou","floor":13.0,"turns":4.0},{"damage":18.0,"enemies":"Gensokyo:Kokoro","floor":16.0,"turns":5.0},{"damage":4.0,"enemies":"Gensokyo:AngelMirror","floor":18.0,"turns":3.0},{"damage":3.0,"enemies":"Gensokyo:2_Gloops","floor":20.0,"turns":3.0},{"damage":8.0,"enemies":"Gensokyo:Slime_Group","floor":22.0,"turns":3.0},{"damage":8.0,"enemies":"Gensokyo:Koishi","floor":23.0,"turns":4.0},{"damage":21.0,"enemies":"Gensokyo:Tenshi","floor":25.0,"turns":3.0},{"damage":3.0,"enemies":"Gensokyo:Reisen","floor":29.0,"turns":2.0},{"damage":5.0,"enemies":"Gensokyo:Monolith_and_Dog","floor":30.0,"turns":3.0},{"damage":3.0,"enemies":"Gensokyo:Swordslinger","floor":31.0,"turns":2.0},{"damage":3,"enemies":"Gensokyo:Eternal_Rivals","floor":33,"turns":4},{"damage":0,"enemies":"Orb Walker","floor":35,"turns":2},{"damage":3,"enemies":"Mind Bloom Boss Battle","floor":36,"turns":2},{"damage":0,"enemies":"3 Darklings","floor":39,"turns":3},{"damage":5,"enemies":"Giant Head","floor":41,"turns":4},{"damage":1,"enemies":"Maw","floor":44,"turns":3},{"damage":4,"enemies":"4 Shapes","floor":45,"turns":2},{"damage":5,"enemies":"Transient","floor":46,"turns":4},{"damage":0,"enemies":"Spire Growth","floor":47,"turns":2},{"damage":12,"enemies":"R_Hoarder","floor":48,"turns":2},{"damage":0,"enemies":"Donu and Deca","floor":50,"turns":4},{"damage":15,"enemies":"Shield and Spear","floor":54,"turns":3},{"damage":48,"enemies":"The Heart","floor":55,"turns":5}],"seed_played":"2902428935736344887","potions_obtained":[{"floor":5.0,"key":"LiquidMemories"},{"floor":6.0,"key":"SkillPotion"},{"floor":16.0,"key":"FearPotion"}],"is_trial":false,"path_per_floor":["M","$","M","?","M","E","R","E","T","?","R","M","E","$","R","B",null,"M","?","M","COS","M","E","$","E","T","?","R","E","M","M","R","B",null,"M","?","$","?","M","R","E","?","T","M","M","M","M","E","R","B",null,"R","$","E","B",null],"character_chosen":"IRONCLAD","items_purchased":["aspiration:HatOfInfinitePower","Brimstone","aspiration:Nostalgia","Bloodletting","Pommel Strike","ReplayTheSpireMod:ShopPack"],"campfire_rested":0,"item_purchase_floors":[2,2,2,2,2,24],"current_hp_per_floor":[80,80,80,80,80,90,90,90,90,90,90,90,90,90,90,78,90,90,90,90,90,88,88,88,88,88,88,88,93,96,96,96,99,99,102,102,102,102,102,102,112,115,115,118,121,128,128,122,122,132,132,132,132,126,84],"gold":516,"neow_bonus":"ONE_RARE_RELIC","is_daily":false,"chose_seed":false,"campfire_upgraded":7,"win_rate":0.0,"timestamp":1611496728,"path_taken":["M","$","M","?","M","E","R","E","T","?","R","M","E","$","R","BOSS","M","?","M","COS","M","E","$","E","T","?","R","E","?","M","R","BOSS","M","?","$","?","M","R","E","?","T","M","?","M","M","E","R","BOSS","R","$","E","BOSS"],"items_purchased_type":["Relic","Relic","Relic","Card","Card","Relic"],"build_version":"2020-12-22","purchased_purges":1,"victory":true,"max_hp_per_floor":[80,80,80,80,80,90,90,90,90,90,90,90,90,90,90,90,90,90,90,90,90,90,90,90,90,90,90,90,93,96,96,96,99,99,102,102,102,102,102,102,112,115,115,118,121,128,128,128,128,132,132,132,132,135,135],"relic_stats":{"Sozu":7,"counters":[29,87],"Champion Belt":[16],"obtain_stats":[{"Gensokyo:DemonMask":19,"Pear":6,"aspiration:Nostalgia":2,"aspiration:FetidBarrel":10,"Replay:Mystery Machine":43,"Burning Blood":0,"Sozu":17,"Frozen Eye":23,"Replay:Ringing Soul":29,"HornCleat":48,"Brimstone":2,"aspiration:AnachronicSnailShell":8,"Strawberry":41,"AntiCross":26,"Garlic":54,"ats:Sanity":2,"Bottled Lightning":23,"Champion Belt":36,"Replay:Bottled Eggs":13,"aspiration:HatOfInfinitePower":2,"Pocketwatch":0,"ReplayTheSpireMod:ShopPack":24,"aspiration:ChemicalBlood":25,"Runic Cube":34},{"Gensokyo:DemonMask":9,"Pear":4,"aspiration:Nostalgia":1,"aspiration:FetidBarrel":5,"Replay:Mystery Machine":21,"Burning Blood":0,"Sozu":8,"Frozen Eye":11,"Replay:Ringing Soul":14,"HornCleat":26,"Brimstone":1,"aspiration:AnachronicSnailShell":5,"Strawberry":21,"AntiCross":13,"Garlic":28,"ats:Sanity":1,"Bottled Lightning":12,"Champion Belt":19,"Replay:Bottled Eggs":7,"aspiration:HatOfInfinitePower":1,"Pocketwatch":0,"ReplayTheSpireMod:ShopPack":12,"aspiration:ChemicalBlood":13,"Runic Cube":17},{"Gensokyo:DemonMask":27,"Pear":11,"aspiration:Nostalgia":4,"aspiration:FetidBarrel":14,"Replay:Mystery Machine":62,"Burning Blood":0,"Sozu":24,"Frozen Eye":33,"Replay:Ringing Soul":42,"HornCleat":75,"Brimstone":4,"aspiration:AnachronicSnailShell":14,"Strawberry":62,"AntiCross":40,"Garlic":82,"ats:Sanity":4,"Bottled Lightning":37,"Champion Belt":55,"Replay:Bottled Eggs":19,"aspiration:HatOfInfinitePower":4,"Pocketwatch":0,"ReplayTheSpireMod:ShopPack":37,"aspiration:ChemicalBlood":40,"Runic Cube":51}],"Burning Blood":90,"Pocketwatch":[49],"Runic Cube":[36]},"card_choices":[{"not_picked":["Pommel Strike","Hemokinesis"],"picked":"Sword Boomerang","floor":1.0},{"not_picked":["Headbutt","Sword Boomerang"],"picked":"Armaments","floor":3.0},{"not_picked":["True Grit","Reckless Charge","Pommel Strike"],"picked":"SKIP","floor":5.0},{"not_picked":["Pommel Strike","Clothesline","ReplayTheSpireMod:Corrosion Curse"],"picked":"SKIP","floor":6.0},{"not_picked":["Iron Wave","ReplayTheSpireMod:Strike From Hell"],"picked":"Cleave","floor":8.0},{"not_picked":["Clothesline","ReplayTheSpireMod:Strike From Hell"],"picked":"Thunderclap","floor":12.0},{"not_picked":["Reaper","Heavy Blade","Pommel Strike"],"picked":"SKIP","floor":13.0},{"not_picked":["Heavy Blade","Pommel Strike"],"picked":"Reaper","floor":13.0},{"not_picked":["Barricade","Fiend Fire"],"picked":"Limit Break","floor":16.0},{"not_picked":["ReplayTheSpireMod:Muscle Training","Clash"],"picked":"Replay:Undeath\u0027s Touch+1","floor":18.0},{"not_picked":["Metallicize","Warcry"],"picked":"Sword Boomerang","floor":20.0},{"not_picked":["Power Through","Headbutt"],"picked":"Impervious","floor":22.0},{"not_picked":["Thunderclap+1","Dual Wield+1"],"picked":"Battle Trance","floor":23.0},{"not_picked":["Thinking Ahead","Mayhem"],"picked":"ReplayTheSpireMod:Brewmster","floor":24.0},{"not_picked":["Perfected Strike","Juggernaut"],"picked":"Replay:Undeath\u0027s Touch","floor":25.0},{"not_picked":["Thunderclap","Ghostly Armor"],"picked":"Limit Break","floor":29.0},{"not_picked":["Rampage","Cleave"],"picked":"Replay:Undeath\u0027s Touch","floor":30.0},{"not_picked":["Twin Strike","Clothesline","Shrug It Off"],"picked":"SKIP","floor":31.0},{"not_picked":["Berserk","Demonic Infusion"],"picked":"Feed","floor":33},{"not_picked":["Body Slam","Power Through+1"],"picked":"Replay:Undeath\u0027s Touch","floor":35},{"not_picked":["Armaments","ReplayTheSpireMod:Strike From Hell+1","Thunderclap"],"picked":"SKIP","floor":39},{"not_picked":["Life Link","Pommel Strike+1"],"picked":"Reaper","floor":41},{"not_picked":["Heavy Blade","Fire Breathing"],"picked":"Disarm+1","floor":44},{"not_picked":["Twin Strike+1","Perfected Strike+1"],"picked":"Replay:Undeath\u0027s Touch","floor":45},{"not_picked":["Twin Strike+1","Carnage"],"picked":"Disarm+1","floor":46},{"not_picked":["Body Slam","ReplayReversal","Intimidate+1"],"picked":"SKIP","floor":47},{"not_picked":["Run Through","ReplayTheSpireMod:Corrosion Curse+1","Infernal Blade"],"picked":"SKIP","floor":48},{"not_picked":["Body Slam+1","Pommel Strike"],"picked":"Shockwave","floor":54}],"player_experience":132048,"relics_obtained":[{"floor":6.0,"key":"Pear"},{"floor":8.0,"key":"aspiration:AnachronicSnailShell"},{"floor":13.0,"key":"Replay:Bottled Eggs"},{"floor":23.0,"key":"Bottled Lightning"},{"floor":25.0,"key":"aspiration:ChemicalBlood"},{"floor":26.0,"key":"AntiCross"},{"floor":29.0,"key":"Replay:Ringing Soul"},{"floor":36,"key":"Champion Belt"},{"floor":41,"key":"Strawberry"},{"floor":43,"key":"Replay:Mystery Machine"},{"floor":48,"key":"HornCleat"},{"floor":54,"key":"Garlic"}],"event_choices":[{"damage_healed":0,"gold_gain":0,"player_choice":"Fight","damage_taken":0,"max_hp_gain":0,"max_hp_loss":0,"event_name":"MindBloom","floor":36,"gold_loss":0},{"damage_healed":0,"gold_gain":0,"cards_transformed":["Strike_R"],"player_choice":"Transformed","damage_taken":0,"max_hp_gain":0,"max_hp_loss":0,"event_name":"Transmorgrifier","floor":42,"gold_loss":0,"cards_obtained":["ReplayTheSpireMod:Corrosion Curse"]}],"is_beta":false,"boss_relics":[{"not_picked":["Runic Pyramid","Abe\u0027s Treasure"],"picked":"Sozu"},{"not_picked":["Coffee Dripper","Ring of Chaos"],"picked":"Runic Cube"}],"items_purged_floors":[2],"is_endless":false,"potions_floor_spawned":[5,6,16,20,23,25,29,44,45],"ascension_level":1}}