{"host":"test","time":1611488895,"event":{"mods":["BaseMod","Colored Map","Colored Powertips","Minty Spire (QoL Compilation)","Relic Stats","Slay the Relics Exporter","SpireBot","StSLib","ojb\u0027s Better Paths Mod","ojb\u0027s Info Mod"],"gold_per_floor":[126,126,126,152,174,211,211,253,276,276,298,223,248,15,15,102,102,86,131,153,153,180,180,224,245,245,529,557,577,467,74,74,158,158,184,184,184,203,43,43,84,84,108,108,127,187,231,250,250,250,250,250,250,21,63,63],"floor_reached":57,"language":"JPN","playtime":4129,"items_purged":["Bite","Bite"],"score":2726,"play_id":"31cc5d05-26aa-4bbe-ac05-bfcd706a9f40","local_time":"20210124204815","is_ascension_mode":true,"campfire_choices":[{"floor":7.0,"key":"REST"},{"floor":10.0,"key":"REST"},{"data":"Noxious Fumes","floor":15.0,"key":"SMITH"},{"data":"Apotheosis","floor":23.0,"key":"SMITH"},{"data":"Wraith Form v2","floor":32.0,"key":"SMITH"},{"data":"Adrenaline","floor":40.0,"key":"SMITH"},{"data":"Calculated Gamble","floor":42.0,"key":"SMITH"},{"floor":44.0,"key":"RECALL"},{"data":"Night Terror","floor":49.0,"key":"SMITH"},{"data":"Burst","floor":53.0,"key":"SMITH"}],"circlet_count":0,"master_deck":["AscendersBane","Defend_G+1","Defend_G+1","Defend_G+1","Defend_G+1","Defend_G+1","Survivor","Neutralize","Blade Dance","Masterful Stab","Noxious Fumes+1","Crippling Poison","Terror","Dash","Bane","Apotheosis+1","Crippling Poison","Adrenaline+1","Backflip+1","Bite","Bite","Bite","PiercingWail","Calculated Gamble+1","Expertise+1","Calculated Gamble+1","Wraith Form v2+1","Burst+1","All Out Attack","Night Terror+1","Leg Sweep","Acrobatics+1","Blade Dance","Escape Plan","Prepared+1","Noxious Fumes+1","Escape Plan+1","Well Laid Plans","Noxious Fumes"],"relics":["Ring of the Snake","CeramicFish","Oddly Smooth Stone","Boot","InkBottle","Tiny Chest","Runic Dome","Bag of Preparation","Question Card","HornCleat","Happy Flower","Coffee Dripper","Shuriken","Frozen Eye","Ancient Tea Set","Thread and Needle","CaptainsWheel","StoneCalendar"],"acts_visited":["Exordium","TheCity","TheBeyond","TheEnding"],"potions_floor_usage":[56,56],"damage_taken":[{"damage":0.0,"enemies":"2 Louse","floor":1.0,"turns":4.0},{"damage":0.0,"enemies":"Small Slimes","floor":4.0,"turns":4.0},{"damage":0.0,"enemies":"Cultist","floor":5.0,"turns":3.0},{"damage":21.0,"enemies":"Lagavulin","floor":6.0,"turns":10.0},{"damage":13.0,"enemies":"3 Sentries","floor":8.0,"turns":8.0},{"damage":11.0,"enemies":"Large Slime","floor":11.0,"turns":8.0},{"damage":0.0,"enemies":"Lots of Slimes","floor":13.0,"turns":4.0},{"damage":16.0,"enemies":"Slime Boss","floor":16.0,"turns":7.0},{"damage":5.0,"enemies":"2 Thieves","floor":18.0,"turns":4.0},{"damage":24.0,"enemies":"Spheric Guardian","floor":20.0,"turns":5.0},{"damage":19.0,"enemies":"Slavers","floor":24.0,"turns":5.0},{"damage":12.0,"enemies":"Snake Plant","floor":25.0,"turns":5.0},{"damage":26.0,"enemies":"Chosen and Byrds","floor":28.0,"turns":5.0},{"damage":2.0,"enemies":"Cultist and Chosen","floor":29.0,"turns":6.0},{"damage":23.0,"enemies":"Collector","floor":33.0,"turns":8.0},{"damage":1.0,"enemies":"Orb Walker","floor":35.0,"turns":3.0},{"damage":0.0,"enemies":"3 Shapes","floor":38.0,"turns":4.0},{"damage":2.0,"enemies":"Giant Head","floor":41.0,"turns":6.0},{"damage":0.0,"enemies":"Transient","floor":45.0,"turns":6.0},{"damage":0.0,"enemies":"2 Orb Walkers","floor":46.0,"turns":4.0},{"damage":0.0,"enemies":"Reptomancer","floor":47.0,"turns":5.0},{"damage":0.0,"enemies":"Sphere and 2 Shapes","floor":48.0,"turns":5.0},{"damage":15.0,"enemies":"Time Eater","floor":50.0,"turns":13.0},{"damage":12.0,"enemies":"Awakened One","floor":51.0,"turns":14.0},{"damage":0.0,"enemies":"Shield and Spear","floor":55.0,"turns":6.0},{"damage":70,"enemies":"The Heart","floor":56,"turns":11}],"seed_played":"5671705373749783966","potions_obtained":[{"floor":5.0,"key":"Explosive Potion"},{"floor":11.0,"key":"SpeedPotion"},{"floor":13.0,"key":"ColorlessPotion"},{"floor":24.0,"key":"Explosive Potion"},{"floor":29.0,"key":"PowerPotion"},{"floor":48.0,"key":"Fruit Juice"}],"is_trial":false,"path_per_floor":["M","?","?","M","M","E","R","E","T","R","M","?","M","$","R","B",null,"M","?","M","?","T","R","E","M","T","?","M","M","?","$","R","B",null,"M","T","?","M","$","R","E","R","T","R","M","?","E","M","R","B","B",null,"R","$","E","B",null],"character_chosen":"THE_SILENT","items_purchased":["Apotheosis","Crippling Poison","Burst","All Out Attack","Happy Flower","Frozen Eye","Well Laid Plans","Swift Potion"],"campfire_rested":2,"item_purchase_floors":[14,14,31,31,31,39,54,54],"current_hp_per_floor":[59,64,38,38,38,17,38,25,25,46,35,35,35,35,35,19,58,53,49,34,34,34,34,27,30,30,30,14,33,33,33,33,35,46,49,49,49,49,49,49,48,48,48,48,49,49,49,49,49,43,49,49,49,54,54,2],"gold":63,"neow_bonus":"RANDOM_COMMON_RELIC","is_daily":false,"chose_seed":true,"campfire_upgraded":7,"win_rate":0.0,"timestamp":1611488895,"path_taken":["M","?","?","M","M","E","R","E","T","R","M","?","M","$","R","BOSS","M","?","M","?","?","R","E","M","T","?","?","M","?","$","R","BOSS","M","?","?","M","$","R","E","R","T","R","?","?","E","M","R","BOSS","BOSS","R","$","E","BOSS"],"items_purchased_type":["Card","Card","Card","Card","Relic","Relic","Card","Potion"],"build_version":"2020-12-18","purchased_purges":2,"victory":true,"max_hp_per_floor":[66,71,71,71,71,71,71,71,71,71,71,71,71,71,71,71,71,71,49,49,49,49,49,49,49,49,49,49,49,49,49,49,49,49,49,49,49,49,49,49,49,49,49,49,49,49,49,49,49,49,49,49,49,54,54,54],"relic_stats":{"Happy Flower":[28],"counters":[26,163],"Shuriken":[37],"CeramicFish":306,"Tiny Chest":2,"StoneCalendar":[52],"Bag of Preparation":[32],"Boot":[88],"Question Card":12,"obtain_stats":[{"Happy Flower":31,"CeramicFish":0,"Oddly Smooth Stone":3,"Thread and Needle":46,"StoneCalendar":55,"Bag of Preparation":22,"Boot":6,"Question Card":24,"Ancient Tea Set":41,"Runic Dome":17,"Frozen Eye":39,"CaptainsWheel":47,"HornCleat":26,"Shuriken":36,"Tiny Chest":9,"Coffee Dripper":34,"InkBottle":8,"Ring of the Snake":0},{"Happy Flower":14,"CeramicFish":0,"Oddly Smooth Stone":1,"Thread and Needle":20,"StoneCalendar":25,"Bag of Preparation":10,"Boot":4,"Question Card":11,"Ancient Tea Set":18,"Runic Dome":8,"Frozen Eye":17,"CaptainsWheel":21,"HornCleat":12,"Shuriken":16,"Tiny Chest":5,"Coffee Dripper":15,"InkBottle":5,"Ring of the Snake":0},{"Happy Flower":78,"CeramicFish":0,"Oddly Smooth Stone":4,"Thread and Needle":109,"StoneCalendar":152,"Bag of Preparation":57,"Boot":21,"Question Card":62,"Ancient Tea Set":99,"Runic Dome":48,"Frozen Eye":93,"CaptainsWheel":114,"HornCleat":67,"Shuriken":89,"Tiny Chest":29,"Coffee Dripper":86,"InkBottle":29,"Ring of the Snake":0}],"InkBottle":[67],"Ring of the Snake":[52]},"card_choices":[{"not_picked":["Deadly Poison","Outmaneuver"],"picked":"Blade Dance","floor":1.0},{"not_picked":["Deflect","Heel Hook"],"picked":"Masterful Stab","floor":4.0},{"not_picked":["PiercingWail","Blade Dance"],"picked":"Noxious Fumes","floor":5.0},{"not_picked":["Bullet Time","Cloak And Dagger"],"picked":"Crippling Poison","floor":6.0},{"not_picked":["Deadly Poison","Prepared"],"picked":"Terror","floor":8.0},{"not_picked":["Flying Knee","Slice"],"picked":"Dash","floor":11.0},{"not_picked":["Expertise","Flying Knee"],"picked":"Bane","floor":13.0},{"not_picked":["Glass Knife","Doppelganger"],"picked":"Adrenaline","floor":16.0},{"not_picked":["Bane+1","Setup"],"picked":"Backflip","floor":18.0},{"not_picked":["Deadly Poison","Dash"],"picked":"PiercingWail","floor":20.0},{"not_picked":["Slice","Sucker Punch"],"picked":"Calculated Gamble","floor":24.0},{"not_picked":["Deflect","Dagger Spray+1","Cloak And Dagger"],"picked":"Expertise+1","floor":25.0},{"not_picked":["All Out Attack+1","Quick Slash","Prepared"],"picked":"Calculated Gamble+1","floor":28.0},{"not_picked":["Crippling Poison","Prepared+1","Backflip"],"picked":"Wraith Form v2","floor":29.0},{"not_picked":["Glass Knife","Bullet Time","Adrenaline"],"picked":"Night Terror","floor":33.0},{"not_picked":["Setup","Dagger Throw+1","Underhanded Strike+1"],"picked":"Leg Sweep","floor":35.0},{"not_picked":["Escape Plan+1","Dash+1","Predator+1"],"picked":"Acrobatics+1","floor":38.0},{"not_picked":["Cloak And Dagger","Bouncing Flask","Finisher"],"picked":"Blade Dance","floor":41.0},{"not_picked":["Flying Knee+1","Backstab","Concentrate"],"picked":"Escape Plan","floor":45.0},{"not_picked":["Dodge and Roll","Flying Knee","PiercingWail"],"picked":"Prepared+1","floor":46.0},{"not_picked":["Choke+1","Calculated Gamble","Backstab"],"picked":"Noxious Fumes+1","floor":47.0},{"not_picked":["Slice","Concentrate","Heel Hook"],"picked":"Escape Plan+1","floor":48.0},{"not_picked":["Deadly Poison+1","Dodge and Roll","Deflect"],"picked":"Noxious Fumes","floor":55.0}],"player_experience":1964242,"relics_obtained":[{"floor":6.0,"key":"Boot"},{"floor":8.0,"key":"InkBottle"},{"floor":9.0,"key":"Tiny Chest"},{"floor":22.0,"key":"Bag of Preparation"},{"floor":24.0,"key":"Question Card"},{"floor":26.0,"key":"HornCleat"},{"floor":36.0,"key":"Shuriken"},{"floor":41.0,"key":"Ancient Tea Set"},{"floor":46.0,"key":"Thread and Needle"},{"floor":47.0,"key":"CaptainsWheel"},{"floor":55.0,"key":"StoneCalendar"}],"event_choices":[{"damage_healed":0.0,"max_hp_gain":5.0,"max_hp_loss":0.0,"gold_gain":0.0,"event_name":"Big Fish","player_choice":"Donut","floor":2.0,"gold_loss":0.0,"damage_taken":0.0},{"damage_healed":0.0,"max_hp_gain":0.0,"max_hp_loss":0.0,"gold_gain":0.0,"event_name":"Scrap Ooze","player_choice":"Success","floor":3.0,"gold_loss":0.0,"damage_taken":26.0,"relics_obtained":["Oddly Smooth Stone"]},{"cards_removed":["Strike_G"],"damage_healed":0.0,"max_hp_gain":0.0,"max_hp_loss":0.0,"gold_gain":0.0,"event_name":"The Cleric","player_choice":"Card Removal","floor":12.0,"gold_loss":75.0,"damage_taken":0.0},{"damage_healed":0.0,"max_hp_gain":0.0,"max_hp_loss":22.0,"gold_gain":0.0,"event_name":"Vampires","player_choice":"Became a vampire","floor":19.0,"gold_loss":0.0,"damage_taken":0.0,"cards_obtained":["Bite","Bite","Bite","Bite","Bite"]},{"damage_healed":0.0,"max_hp_gain":0.0,"max_hp_loss":0.0,"gold_gain":0.0,"event_name":"Back to Basics","player_choice":"Simplicity","floor":21.0,"gold_loss":0.0,"damage_taken":0.0,"cards_upgraded":["Defend_G","Defend_G","Defend_G","Defend_G","Defend_G"]},{"damage_healed":0.0,"max_hp_gain":0.0,"max_hp_loss":0.0,"gold_gain":275.0,"event_name":"Golden Shrine","player_choice":"Desecrate","floor":27.0,"gold_loss":0.0,"damage_taken":0.0,"cards_obtained":["Regret"]},{"cards_removed":["Regret"],"damage_healed":0.0,"max_hp_gain":0.0,"max_hp_loss":0.0,"gold_gain":0.0,"event_name":"Designer","player_choice":"Upgrade and Remove","floor":30.0,"gold_loss":110.0,"damage_taken":0.0,"cards_upgraded":["Backflip"]},{"damage_healed":0.0,"max_hp_gain":0.0,"max_hp_loss":0.0,"gold_gain":0.0,"event_name":"Lab","player_choice":"Got Potions","floor":37.0,"gold_loss":0.0,"damage_taken":0.0},{"damage_healed":0.0,"max_hp_gain":0.0,"max_hp_loss":0.0,"gold_gain":0.0,"event_name":"Mysterious Sphere","player_choice":"Fight","floor":46.0,"gold_loss":0.0,"damage_taken":0.0}],"is_beta":true,"boss_relics":[{"not_picked":["HoveringKite","Ectoplasm"],"picked":"Runic Dome"},{"not_picked":["Calling Bell","Velvet Choker"],"picked":"Coffee Dripper"}],"items_purged_floors":[31,54],"is_endless":false,"potions_floor_spawned":[5,11,13,24,25,29,41,45,46,48],"ascension_level":20}}