{"host":"kda2p2afd6bvz6qo","time":1611517752,"event":{"mods":["BaseMod","Colored Map","Minty Spire (QoL Compilation)","Relic Stats"],"gold_per_floor":[118,118,136,32,32,363,375,375,375,391,426,437,437,466,466,466,466],"floor_reached":16,"language":"ENG","playtime":567,"items_purged":["Strike_G"],"score":340,"play_id":"37ef4f3f-81aa-42f1-9530-362e5ed5886e","local_time":"20210124194912","is_ascension_mode":true,"campfire_choices":[{"data":"Die Die Die","floor":8,"key":"SMITH"},{"data":"Skewer","floor":13,"key":"SMITH"},{"data":"Sucker Punch","floor":15,"key":"SMITH"}],"circlet_count":0,"master_deck":["AscendersBane","Strike_G","Strike_G","Strike_G","Defend_G","Defend_G","Defend_G","Defend_G","Defend_G","Survivor","Neutralize","Dagger Spray","Sucker Punch+1","Blade Dance","Heel Hook","Die Die Die+1","Skewer+1","After Image+1","Calculated Gamble","Leg Sweep"],"relics":["Ring of the Snake","NeowsBlessing","Frozen Egg 2","Old Coin","HornCleat","Boot","Bottled Tornado"],"acts_visited":["Exordium"],"potions_floor_usage":[11,11,16],"damage_taken":[{"damage":0,"enemies":"2 Louse","floor":1,"turns":1},{"damage":0,"enemies":"Small Slimes","floor":3,"turns":1},{"damage":0,"enemies":"3 Sentries","floor":6,"turns":2},{"damage":0,"enemies":"Jaw Worm","floor":7,"turns":4},{"damage":0,"enemies":"Looter","floor":10,"turns":2},{"damage":0,"enemies":"Gremlin Nob","floor":11,"turns":3},{"damage":6,"enemies":"3 Louse","floor":12,"turns":2},{"damage":2,"enemies":"3 Sentries","floor":14,"turns":4},{"damage":51,"enemies":"Hexaghost","floor":16,"turns":13}],"seed_played":"8729778575942268001","potions_obtained":[{"floor":6,"key":"CunningPotion"},{"floor":7,"key":"FearPotion"},{"floor":10,"key":"Regen Potion"},{"floor":12,"key":"DistilledChaos"},{"floor":14,"key":"SmokeBomb"}],"is_trial":false,"path_per_floor":["M","?","M","$","?","E","M","R","T","M","E","M","R","E","R","B"],"character_chosen":"THE_SILENT","items_purchased":["Blade Dance"],"campfire_rested":0,"item_purchase_floors":[4],"current_hp_per_floor":[59,52,52,52,47,47,47,47,47,47,56,50,50,48,48,0,0],"gold":466,"neow_bonus":"THREE_ENEMY_KILL","is_daily":false,"chose_seed":false,"campfire_upgraded":3,"win_rate":0.0,"timestamp":1611517752,"path_taken":["M","?","M","$","?","E","M","R","T","M","E","M","R","E","R","BOSS"],"items_purchased_type":["Card"],"build_version":"2020-12-22","purchased_purges":1,"victory":false,"max_hp_per_floor":[66,66,66,66,66,66,66,66,66,66,66,66,66,66,66,66,66],"relic_stats":{"counters":[9,32],"Boot":[41],"obtain_stats":[{"HornCleat":9,"NeowsBlessing":0,"Frozen Egg 2":5,"Bottled Tornado":14,"Boot":11,"Ring of the Snake":0,"Old Coin":6},{"HornCleat":4,"NeowsBlessing":0,"Frozen Egg 2":2,"Bottled Tornado":8,"Boot":6,"Ring of the Snake":0,"Old Coin":3},{"HornCleat":8,"NeowsBlessing":0,"Frozen Egg 2":2,"Bottled Tornado":19,"Boot":13,"Ring of the Snake":0,"Old Coin":4}],"Ring of the Snake":[18]},"card_choices":[{"not_picked":["Bane","Outmaneuver"],"picked":"Dagger Spray","floor":1},{"not_picked":["Bane","Slice"],"picked":"Sucker Punch","floor":3},{"not_picked":["Cloak And Dagger","Deadly Poison"],"picked":"Heel Hook","floor":6},{"not_picked":["Blade Dance","Outmaneuver"],"picked":"Die Die Die","floor":7},{"not_picked":["Outmaneuver","Quick Slash"],"picked":"Skewer","floor":10},{"not_picked":["Poisoned Stab","PiercingWail"],"picked":"After Image+1","floor":11},{"not_picked":["Bouncing Flask","Deadly Poison"],"picked":"Calculated Gamble","floor":12},{"not_picked":["Slice","Underhanded Strike"],"picked":"Leg Sweep","floor":14}],"player_experience":157389,"relics_obtained":[{"floor":6,"key":"Old Coin"},{"floor":9,"key":"HornCleat"},{"floor":11,"key":"Boot"},{"floor":14,"key":"Bottled Tornado"}],"event_choices":[{"cards_removed":["Strike_G"],"damage_healed":0,"gold_gain":0,"player_choice":"Card Removal","damage_taken":7,"max_hp_gain":0,"max_hp_loss":0,"event_name":"Golden Wing","floor":2,"gold_loss":0},{"damage_healed":0,"gold_gain":0,"player_choice":"Success","damage_taken":5,"relics_obtained":["Frozen Egg 2"],"max_hp_gain":0,"max_hp_loss":0,"event_name":"Scrap Ooze","floor":5,"gold_loss":0}],"is_beta":false,"boss_relics":[],"items_purged_floors":[4],"is_endless":false,"potions_floor_spawned":[6,7,10,12,14],"killed_by":"Hexaghost","ascension_level":20}}