{"host":"l2dnabsh5e0fsksb","time":1611475416,"event":{"mods":["2.2 Compatiblity","BaseMod","Downfall","Minty Spire (QoL Compilation)","Quick Restart","StSLib"],"gold_per_floor":[99,99,99,99,99,132,132,146,165,65,95,5,5,105,125,221,221,121,140,140,140,150,150,150,150],"floor_reached":23,"language":"ENG","playtime":639,"items_purged":["Shame"],"score":254,"play_id":"03fe969c-9cd0-4b77-8ad9-9a4467ba94ae","local_time":"20210124183336","is_ascension_mode":true,"campfire_choices":[{"floor":1.0,"key":"RECALL"},{"data":"bronze:Iterate","floor":10.0,"key":"SMITH"},{"floor":13.0,"key":"REST"},{"data":"bronze:FollowUp","floor":18.0,"key":"SMITH"}],"circlet_count":0,"master_deck":["bronze:Strike","bronze:Strike+1","bronze:Defend+1","bronze:Defend+1","bronze:Defend","bronze:Replicate","bronze:Goto","bronze:Iterate+1","bronze:WhirlingStrike+1","bronze:FollowUp+1","bronze:Separator","bronze:CutThrough+1","bronze:Flail+1","bronze:WhirlingStrike+1","bronze:Virus+1","bronze:Deprecate","bronze:RecursiveStrike+1","bronze:BronzeArmor+1","bronze:Frontload+1"],"relics":["bronze:BronzeCore","downfall:HeartsMalice","Whetstone","Molten Egg 2","downfall:HeartBlessingGreen","War Paint","Sozu","downfall:HeartBlessingRed"],"acts_visited":["Exordium","TheCity"],"potions_floor_usage":[22],"damage_taken":[{"damage":0.0,"enemies":"Jaw Worm","floor":2.0,"turns":1.0},{"damage":0.0,"enemies":"Cultist","floor":4.0,"turns":1.0},{"damage":0.0,"enemies":"2 Louse","floor":5.0,"turns":1.0},{"damage":19.0,"enemies":"3 Sentries","floor":6.0,"turns":8.0},{"damage":0.0,"enemies":"Exordium Wildlife","floor":8.0,"turns":2.0},{"damage":0.0,"enemies":"Large Slime","floor":9.0,"turns":2.0},{"damage":16.0,"enemies":"Gremlin Nob","floor":11.0,"turns":3.0},{"damage":4.0,"enemies":"downfall:FleeingMerchant","floor":12.0,"turns":4.0},{"damage":0.0,"enemies":"3 Louse","floor":15.0,"turns":1.0},{"damage":29.0,"enemies":"SI_SHIV_ARCHETYPE","floor":16.0,"turns":6.0},{"damage":5,"enemies":"Shell Parasite","floor":19,"turns":2},{"damage":24,"enemies":"Snake Plant","floor":22,"turns":2},{"damage":15,"enemies":"downfall:Augmenter","floor":23,"turns":4}],"seed_played":"7892907074017255109","potions_obtained":[{"floor":6.0,"key":"Fire Potion"},{"floor":8.0,"key":"champ:CounterPotion"},{"floor":11.0,"key":"SmokeBomb"},{"floor":15.0,"key":"hexamod:SoulburnPotion"}],"is_trial":false,"path_per_floor":["R","M","?","M","M","E","T","M","M","R","E","$","R","?","M","B",null,"R","M","?","T","M","?"],"character_chosen":"THE_AUTOMATON","items_purchased":[],"campfire_rested":1,"item_purchase_floors":[],"current_hp_per_floor":[63,63,63,63,63,44,44,44,44,44,28,24,45,45,45,16,57,57,52,39,39,15,0,0,0],"gold":150,"neow_bonus":"THREE_ENEMY_KILL","is_daily":false,"chose_seed":false,"campfire_upgraded":2,"win_rate":0.0,"timestamp":1611475416,"path_taken":["R","M","?","M","?","E","T","M","M","R","E","?","R","?","M","BOSS","R","M","?","?","M","?"],"items_purchased_type":[],"build_version":"2020-12-22","purchased_purges":1,"victory":false,"max_hp_per_floor":[70,70,70,70,70,70,70,70,70,70,70,70,70,70,70,70,70,70,70,75,75,75,75,75,75],"card_choices":[{"not_picked":["bronze:FineTuning","bronze:OilSpill"],"picked":"bronze:Iterate","floor":2.0},{"not_picked":["bronze:Constructor","bronze:OilSpill"],"picked":"bronze:WhirlingStrike","floor":4.0},{"not_picked":["bronze:Fortify","bronze:Allocate"],"picked":"bronze:FollowUp","floor":5.0},{"not_picked":["bronze:Turbo","bronze:BitShift"],"picked":"bronze:Separator","floor":6.0},{"not_picked":["bronze:Format","bronze:Overload"],"picked":"bronze:CutThrough+1","floor":8.0},{"not_picked":["bronze:Constructor","bronze:Fortify+1"],"picked":"bronze:Flail+1","floor":9.0},{"not_picked":["bronze:Backtrace+1","bronze:NullPointer+1"],"picked":"bronze:WhirlingStrike+1","floor":11.0},{"not_picked":["bronze:CutThrough+1","bronze:DelayedGuard"],"picked":"bronze:Virus+1","floor":12.0},{"not_picked":["bronze:Invalidate","bronze:DelayedGuard"],"picked":"bronze:Deprecate","floor":15.0},{"not_picked":["bronze:ThunderWave+1","bronze:Break+1"],"picked":"bronze:RecursiveStrike+1","floor":16.0},{"not_picked":["bronze:Repulsor","bronze:Deprecate"],"picked":"bronze:BronzeArmor+1","floor":19},{"not_picked":["bronze:Safeguard","bronze:FollowUp+1"],"picked":"bronze:Frontload+1","floor":22}],"player_experience":1829758,"relics_obtained":[{"floor":6.0,"key":"Whetstone"},{"floor":7.0,"key":"Molten Egg 2"},{"floor":11.0,"key":"War Paint"}],"event_choices":[],"is_beta":false,"boss_relics":[{"not_picked":["Pandora\u0027s Box","Fusion Hammer"],"picked":"Sozu"}],"items_purged_floors":[12],"is_endless":false,"potions_floor_spawned":[6,8,11,15,22],"killed_by":"downfall:Augmenter","ascension_level":6}}