{"host":"kmbz9ox1244sqnmw","time":1611521086,"event":{"mods":["BaseMod","Downfall","Minty Spire (QoL Compilation)","StSLib"],"gold_per_floor":[99,99,113,128,147,47,129,114,14,464,477,477,477,492,512,512,512,512],"floor_reached":16,"language":"ENG","playtime":875,"items_purged":[],"score":117,"play_id":"6c0ef8ee-983b-4a69-918a-7fb68763d5b2","local_time":"20210124124446","is_ascension_mode":false,"campfire_choices":[{"floor":1,"key":"RECALL"},{"data":"champ:DefensiveShout","floor":6,"key":"SMITH"},{"data":"champ:Taunt","floor":9,"key":"SMITH"},{"data":"champ:FanOfKnives","floor":12,"key":"SMITH"}],"circlet_count":0,"master_deck":["champ:Strike","champ:Strike","champ:Strike","champ:Strike","champ:Defend","champ:Defend","champ:Defend","champ:Defend","champ:Execute","champ:Taunt+1","champ:Haymaker","champ:PreciseThrust","champ:DefensiveShout+1","champ:SkillfulDodge","downfall:Icky","downfall:Icky","downfall:Icky","champ:FanOfKnives+1"],"relics":["champ:ChampionCrown","downfall:HeartBlessingRed","downfall:HeartBlessingBlue"],"acts_visited":[],"potions_floor_usage":[],"damage_taken":[{"damage":10,"enemies":"Small Slimes","floor":3,"turns":4},{"damage":1,"enemies":"Cultist","floor":4,"turns":4},{"damage":7,"enemies":"2 Louse","floor":5,"turns":4},{"damage":20,"enemies":"downfall:FleeingMerchant","floor":8,"turns":4},{"damage":25,"enemies":"Large Slime","floor":11,"turns":7},{"damage":5,"enemies":"Red Slaver","floor":14,"turns":3},{"damage":10,"enemies":"2 Fungi Beasts","floor":15,"turns":3},{"damage":61,"enemies":"DF_ARCHETYPE_STREAMLINE","floor":16,"turns":6}],"seed_played":"3091366673790663937","potions_obtained":[{"floor":3,"key":"SmokeBomb"},{"floor":4,"key":"champ:OpenerPotion"},{"floor":14,"key":"SpeedPotion"}],"is_trial":false,"path_per_floor":["R","?","M","M","M","R","T","$","R","?","M","R","?","M","M","B"],"character_chosen":"THE_CHAMP","items_purchased":[],"campfire_rested":0,"item_purchase_floors":[],"current_hp_per_floor":[99,99,99,98,91,91,91,91,101,101,96,96,61,56,56,0,0,0],"gold":512,"neow_bonus":"TEN_PERCENT_HP_BONUS","is_daily":false,"chose_seed":false,"campfire_upgraded":3,"win_rate":0.0,"timestamp":1611521086,"path_taken":["R","?","M","M","?","R","T","$","R","?","M","R","?","M","M","BOSS"],"items_purchased_type":[],"build_version":"2020-12-22","purchased_purges":0,"victory":false,"max_hp_per_floor":[99,99,99,99,99,99,99,99,109,109,109,109,109,109,109,109,109,109],"card_choices":[{"not_picked":["champ:ArenaPreparation","champ:GladiatorStyle"],"picked":"champ:Haymaker","floor":3},{"not_picked":["champ:FaceSlap","champ:PreemptiveStrike"],"picked":"champ:PreciseThrust","floor":4},{"not_picked":["champ:Parry","champ:PerfectedStrike"],"picked":"champ:DefensiveShout","floor":5},{"not_picked":["champ:Haymaker","champ:PreemptiveStrike"],"picked":"champ:SkillfulDodge","floor":8},{"not_picked":["champ:CrownThrow","champ:Parry"],"picked":"champ:FanOfKnives","floor":11},{"not_picked":["champ:Circumvent","champ:SetATrap","champ:FanOfKnives"],"picked":"SKIP","floor":14},{"not_picked":["champ:Backstep","champ:BladeFlurry","champ:PerfectedStrike"],"picked":"SKIP","floor":15}],"player_experience":599598,"relics_obtained":[],"event_choices":[],"is_beta":false,"boss_relics":[],"items_purged_floors":[],"is_endless":false,"potions_floor_spawned":[3,4,14],"killed_by":"DF_ARCHETYPE_STREAMLINE","ascension_level":0}}