{"host":"8n3a40idg6eftpiu","time":1611503321,"event":{"mods":["Act Like it!","BaseMod","BetterRewards","Block Reminder","Colored Map","Colored Powertips","DeckTracker","GungeonMod","Hallownest","Highlight Path","Hubris","Minty Spire (QoL Compilation)","Practice Mode","Relic Sorter","StSLib","The Blue Laboratory","The Bug Knight","The Necromancer"],"gold_per_floor":[115,125,145,70,30,65,65,83,154,154,154],"floor_reached":10,"language":"POL","playtime":366,"items_purged":["Strike_R"],"score":68,"play_id":"3df13a9a-2dde-4adb-bad1-113d2580e4cd","local_time":"20210124164841","is_ascension_mode":false,"campfire_choices":[{"floor":7.0,"key":"RECALL"}],"circlet_count":0,"master_deck":["Strike_R","Strike_R","Strike_R","Strike_R","Defend_R","Defend_R","Defend_R","Defend_R","Bash","Armaments","Armaments","Entrench"],"relics":["Burning Blood","hubris:EmptyBottle","Potion Belt"],"acts_visited":["Exordium"],"potions_floor_usage":[],"damage_taken":[{"damage":8.0,"enemies":"2 Louse","floor":1.0,"turns":3.0},{"damage":1.0,"enemies":"Cultist","floor":2.0,"turns":5.0},{"damage":0.0,"enemies":"Small Slimes","floor":3.0,"turns":4.0},{"damage":49.0,"enemies":"Lagavulin","floor":6.0,"turns":9.0},{"damage":10.0,"enemies":"Exordium Wildlife","floor":8.0,"turns":4.0},{"damage":33,"enemies":"Gremlin Nob","floor":10,"turns":3}],"seed_played":"-4692132194055035202","potions_obtained":[{"floor":1.0,"key":"blueLaboratory:PhilterOfMotion"},{"floor":2.0,"key":"blueLaboratory:AbyssPotion"},{"floor":5.0,"key":"blueLaboratory:EntrenchedPotion"}],"is_trial":false,"path_per_floor":["M","M","M","$","?","E","R","M","T","E"],"character_chosen":"IRONCLAD","items_purchased":["hubris:EmptyBottle"],"campfire_rested":0,"item_purchase_floors":[0],"current_hp_per_floor":[73,75,75,75,75,32,32,28,28,0,0],"gold":154,"neow_bonus":"","is_daily":false,"chose_seed":false,"campfire_upgraded":0,"win_rate":0.0,"timestamp":1611503321,"path_taken":["M","M","M","$","?","E","R","?","T","E"],"items_purchased_type":["Relic"],"build_version":"2020-12-22","purchased_purges":1,"victory":false,"max_hp_per_floor":[75,75,75,75,75,75,75,75,75,75,75],"card_choices":[{"not_picked":["Havoc","Evolve"],"picked":"Armaments","floor":1.0},{"not_picked":["Pommel Strike","Headbutt","Clothesline"],"picked":"SKIP","floor":2.0},{"not_picked":["Pommel Strike","Carnage"],"picked":"Armaments","floor":3.0},{"not_picked":["Headbutt","Heavy Blade"],"picked":"Entrench","floor":6.0},{"not_picked":["Sword Boomerang","Fire Breathing","Anger"],"picked":"SKIP","floor":8.0}],"player_experience":240588,"relics_obtained":[{"floor":6.0,"key":"Potion Belt"}],"event_choices":[{"damage_healed":0.0,"max_hp_gain":0.0,"max_hp_loss":0.0,"gold_gain":0.0,"event_name":"The Woman in Blue","player_choice":"Bought 3 Potions","floor":5.0,"gold_loss":0.0,"damage_taken":0.0}],"is_beta":false,"boss_relics":[],"items_purged_floors":[4],"is_endless":false,"potions_floor_spawned":[1,2],"killed_by":"Gremlin Nob","ascension_level":0}}