{"host":"g8ufh7m4frdlkxwv","time":1611456722,"event":{"mods":["AchievementEnabler","BaseMod","Colored Map","Dark Map","Minty Spire (QoL Compilation)","Relic Stats","StSLib","ojb\u0027s Info Mod"],"gold_per_floor":[109,109,120,169,188,216,216,243,289,322,156,168,188,203,203,279,279,294,294,306,231,250,250,284,284,284,284,314,333,333,333,333,407,457,472,1471,1236,1236,1236,1272,1292,1323,1384,1430,1461,1502,1542,1597,1609,1621,1633,1633],"floor_reached":51,"language":"ENG","playtime":3912,"items_purged":["Normality"],"score":1975,"play_id":"b844a5e1-d819-4d5f-b7dc-3fb75c9f4566","local_time":"20210124035202","is_ascension_mode":true,"campfire_choices":[{"data":"Bouncing Flask","floor":7.0,"key":"SMITH"},{"data":"Corpse Explosion","floor":15.0,"key":"SMITH"},{"data":"Wraith Form v2","floor":23,"key":"SMITH"},{"data":"Burst","floor":25,"key":"SMITH"},{"data":"After Image","floor":27,"key":"SMITH"},{"data":"Storm of Steel","floor":30,"key":"SMITH"},{"data":"Ghostly","floor":32,"key":"SMITH"},{"floor":49,"key":"RECALL"}],"circlet_count":0,"master_deck":["AscendersBane","Survivor+1","Neutralize","After Image+1","Quick Slash","Slice+1","Storm of Steel+1","Eviscerate","Blade Dance","Dagger Throw+1","Bouncing Flask+1","Leg Sweep","Blade Dance+1","Corpse Explosion+1","Dodge and Roll","Backflip","Grand Finale","Wraith Form v2+1","Deflect","Bite","Bite+1","Bite","Bite","Bite","Outmaneuver+1","Backflip","Burst+1","Backflip","Blade Dance","Ghostly+1","Ghostly","Ghostly","Calculated Gamble","Blade Dance+1","Wraith Form v2","Catalyst","Calculated Gamble","Concentrate+1"],"relics":["Pandora\u0027s Box","PreservedInsect","Incense Burner","Calipers","Whetstone","White Beast Statue","Akabeko","Black Star","Dream Catcher","Regal Pillow","Paper Crane","Toy Ornithopter","Tiny House","War Paint","CeramicFish","Potion Belt","Omamori","MawBank","Boot","Juzu Bracelet","Bronze Scales","StoneCalendar"],"acts_visited":["Exordium","TheCity","TheBeyond"],"potions_floor_usage":[20,22,24,28,29,33,33,40,41,46,50,51,51],"damage_taken":[{"damage":13.0,"enemies":"2 Louse","floor":1.0,"turns":2.0},{"damage":0.0,"enemies":"Cultist","floor":3.0,"turns":3.0},{"damage":4.0,"enemies":"Jaw Worm","floor":5.0,"turns":2.0},{"damage":10.0,"enemies":"Lagavulin","floor":6.0,"turns":6.0},{"damage":5.0,"enemies":"3 Sentries","floor":8.0,"turns":5.0},{"damage":0.0,"enemies":"Gremlin Nob","floor":10.0,"turns":3.0},{"damage":0.0,"enemies":"Exordium Wildlife","floor":12.0,"turns":2.0},{"damage":1.0,"enemies":"Large Slime","floor":13.0,"turns":4.0},{"damage":0.0,"enemies":"2 Fungi Beasts","floor":14.0,"turns":3.0},{"damage":0.0,"enemies":"The Guardian","floor":16.0,"turns":9.0},{"damage":6,"enemies":"Spheric Guardian","floor":18,"turns":6},{"damage":16,"enemies":"Shell Parasite","floor":20,"turns":4},{"damage":6,"enemies":"Snake Plant","floor":22,"turns":5},{"damage":3,"enemies":"Slavers","floor":24,"turns":2},{"damage":39,"enemies":"Book of Stabbing","floor":28,"turns":4},{"damage":1,"enemies":"3 Cultists","floor":29,"turns":4},{"damage":26,"enemies":"Automaton","floor":33,"turns":16},{"damage":2,"enemies":"3 Darklings","floor":35,"turns":9},{"damage":0,"enemies":"Giant Head","floor":40,"turns":9},{"damage":0,"enemies":"Orb Walker","floor":41,"turns":3},{"damage":24,"enemies":"Nemesis","floor":42,"turns":9},{"damage":3,"enemies":"Reptomancer","floor":44,"turns":9},{"damage":0,"enemies":"Sphere and 2 Shapes","floor":45,"turns":8},{"damage":1,"enemies":"Spire Growth","floor":46,"turns":7},{"damage":1,"enemies":"Writhing Mass","floor":47,"turns":8},{"damage":0,"enemies":"Giant Head","floor":48,"turns":10},{"damage":2,"enemies":"Donu and Deca","floor":50,"turns":12},{"damage":70,"enemies":"Awakened One","floor":51,"turns":18}],"seed_played":"-7399682675230730288","potions_obtained":[{"floor":6.0,"key":"PowerPotion"},{"floor":10.0,"key":"Weak Potion"},{"floor":12.0,"key":"EssenceOfSteel"},{"floor":16.0,"key":"PowerPotion"},{"floor":18,"key":"DuplicationPotion"},{"floor":20,"key":"SpeedPotion"},{"floor":22,"key":"Strength Potion"},{"floor":24,"key":"FearPotion"},{"floor":28,"key":"LiquidMemories"},{"floor":29,"key":"DuplicationPotion"},{"floor":33,"key":"Fire Potion"},{"floor":34,"key":"SneckoOil"},{"floor":35,"key":"LiquidMemories"},{"floor":40,"key":"Ancient Potion"},{"floor":41,"key":"LiquidMemories"},{"floor":42,"key":"Swift Potion"},{"floor":44,"key":"SkillPotion"},{"floor":46,"key":"Swift Potion"},{"floor":48,"key":"DistilledChaos"}],"is_trial":false,"path_per_floor":["M","?","M","T","M","E","R","E","T","E","$","M","M","M","R","B",null,"M","?","M","?","M","R","E","R","T","R","E","M","R","?","R","B",null,"M","?","$","?","?","E","M","E","T","E","M","M","M","E","R","B","B"],"character_chosen":"THE_SILENT","items_purchased":["Akabeko","War Paint"],"campfire_rested":0,"item_purchase_floors":[11,37],"current_hp_per_floor":[46,46,46,46,44,36,36,33,33,35,35,37,38,40,40,42,60,56,56,42,42,46,46,49,49,49,49,16,24,24,24,24,28,37,36,36,36,36,36,38,38,16,16,24,26,32,33,38,38,37,0,0],"gold":1633,"neow_bonus":"BOSS_RELIC","is_daily":false,"chose_seed":true,"campfire_upgraded":7,"win_rate":0.0,"timestamp":1611456722,"path_taken":["M","?","?","?","M","E","R","E","T","E","?","M","M","M","R","BOSS","M","?","M","?","M","R","E","R","T","R","E","M","R","?","R","BOSS","M","?","$","?","?","E","?","E","T","E","M","M","M","E","R","BOSS","BOSS"],"items_purchased_type":["Relic","Relic"],"build_version":"2020-12-22","purchased_purges":1,"victory":false,"max_hp_per_floor":[66,66,66,66,66,66,66,66,66,66,66,66,66,66,66,66,66,66,66,66,66,66,66,66,66,66,66,66,66,66,33,33,33,38,38,38,38,38,38,38,38,38,38,38,38,38,38,38,38,38,38,38],"relic_stats":{"Regal Pillow":0,"counters":[28,182],"CeramicFish":54,"StoneCalendar":[131],"PreservedInsect":546,"Juzu Bracelet":0,"Whetstone":["Dagger Throw","Slice"],"War Paint":["Survivor","Blade Dance"],"MawBank":108,"Boot":[100],"Dream Catcher":0,"Bronze Scales":[150],"Pandora\u0027s Box":["After Image","Deadly Poison","Quick Slash","Slice","Storm of Steel","Eviscerate","Blade Dance","Dagger Throw","Expertise","Bouncing Flask"],"Black Star":6,"obtain_stats":[{"Potion Belt":40,"Regal Pillow":24,"Calipers":8,"Tiny House":34,"CeramicFish":40,"StoneCalendar":48,"PreservedInsect":2,"Incense Burner":6,"Omamori":42,"Juzu Bracelet":44,"Whetstone":9,"Paper Crane":26,"War Paint":37,"MawBank":42,"Boot":44,"White Beast Statue":10,"Akabeko":11,"Blood Vial":4,"Dream Catcher":24,"Bronze Scales":48,"Pandora\u0027s Box":0,"Black Star":17,"Toy Ornithopter":28,"Ring of the Snake":0},{"Potion Belt":19,"Regal Pillow":14,"Calipers":5,"Tiny House":17,"CeramicFish":19,"StoneCalendar":26,"PreservedInsect":1,"Incense Burner":4,"Omamori":21,"Juzu Bracelet":22,"Whetstone":5,"Paper Crane":14,"War Paint":18,"MawBank":21,"Boot":22,"White Beast Statue":6,"Akabeko":6,"Blood Vial":2,"Dream Catcher":14,"Bronze Scales":26,"Pandora\u0027s Box":0,"Black Star":10,"Toy Ornithopter":15,"Ring of the Snake":0},{"Potion Belt":98,"Regal Pillow":56,"Calipers":18,"Tiny House":80,"CeramicFish":98,"StoneCalendar":152,"PreservedInsect":2,"Incense Burner":13,"Omamori":110,"Juzu Bracelet":119,"Whetstone":18,"Paper Crane":56,"War Paint":89,"MawBank":110,"Boot":119,"White Beast Statue":21,"Akabeko":21,"Blood Vial":5,"Dream Catcher":56,"Bronze Scales":152,"Pandora\u0027s Box":0,"Black Star":39,"Toy Ornithopter":60,"Ring of the Snake":0}],"Toy Ornithopter":30},"card_choices":[{"not_picked":["Dodge and Roll","Bane","All Out Attack"],"picked":"SKIP","floor":1.0},{"not_picked":["Accuracy","Bouncing Flask","Masterful Stab"],"picked":"SKIP","floor":3.0},{"not_picked":["Slice","Backflip"],"picked":"Leg Sweep","floor":5.0},{"not_picked":["Deadly Poison","Slice"],"picked":"Blade Dance","floor":6.0},{"not_picked":["Backflip","Finisher"],"picked":"Corpse Explosion","floor":8.0},{"not_picked":["Prepared","Concentrate","Storm of Steel"],"picked":"SKIP","floor":10.0},{"not_picked":["Dodge and Roll","Distraction","Masterful Stab"],"picked":"SKIP","floor":12.0},{"not_picked":["Distraction","Masterful Stab"],"picked":"Dodge and Roll","floor":12.0},{"not_picked":["Distraction","Underhanded Strike"],"picked":"Backflip","floor":13.0},{"not_picked":["Bane","Finisher"],"picked":"Grand Finale","floor":14.0},{"not_picked":["Adrenaline","Glass Knife"],"picked":"Wraith Form v2","floor":16.0},{"not_picked":["Bane+1","Catalyst"],"picked":"Deflect","floor":18},{"not_picked":["Blade Dance","Flying Knee"],"picked":"Outmaneuver+1","floor":20},{"not_picked":["Dagger Spray","Sucker Punch"],"picked":"Backflip","floor":22},{"not_picked":["Distraction","Quick Slash"],"picked":"Burst","floor":24},{"not_picked":["Poisoned Stab","Flying Knee"],"picked":"Backflip","floor":28},{"not_picked":["Slice","Outmaneuver"],"picked":"Blade Dance","floor":29},{"not_picked":["Underhanded Strike","Dodge and Roll","Backstab"],"picked":"SKIP","floor":35},{"not_picked":["Bane","Dagger Spray"],"picked":"Calculated Gamble","floor":40},{"not_picked":["Quick Slash","Masterful Stab+1"],"picked":"Blade Dance+1","floor":41},{"not_picked":["Predator","Masterful Stab","Slice+1"],"picked":"SKIP","floor":42},{"not_picked":["Finisher","Blade Dance"],"picked":"Wraith Form v2","floor":44},{"not_picked":["Tactician","Quick Slash+1","Blade Dance+1"],"picked":"SKIP","floor":45},{"not_picked":["Footwork","Masterful Stab"],"picked":"Catalyst","floor":46},{"not_picked":["Poisoned Stab","Outmaneuver"],"picked":"Calculated Gamble","floor":47},{"not_picked":["Burst","Poisoned Stab"],"picked":"Concentrate+1","floor":48}],"player_experience":1090170,"relics_obtained":[{"floor":4.0,"key":"Blood Vial"},{"floor":6.0,"key":"Incense Burner"},{"floor":8.0,"key":"Calipers"},{"floor":9.0,"key":"Whetstone"},{"floor":10.0,"key":"White Beast Statue"},{"floor":24,"key":"Dream Catcher"},{"floor":24,"key":"Regal Pillow"},{"floor":26,"key":"Paper Crane"},{"floor":28,"key":"Toy Ornithopter"},{"floor":40,"key":"CeramicFish"},{"floor":40,"key":"Potion Belt"},{"floor":42,"key":"Omamori"},{"floor":42,"key":"MawBank"},{"floor":44,"key":"Boot"},{"floor":44,"key":"Juzu Bracelet"},{"floor":48,"key":"Bronze Scales"},{"floor":48,"key":"StoneCalendar"}],"event_choices":[{"cards_removed":["Deadly Poison"],"damage_healed":0.0,"max_hp_gain":0.0,"max_hp_loss":0.0,"gold_gain":0.0,"event_name":"WeMeetAgain","player_choice":"Gave Card","floor":2.0,"gold_loss":0.0,"damage_taken":0.0,"relics_obtained":["PreservedInsect"]},{"damage_healed":0,"gold_gain":0,"player_choice":"Became a vampire (Vial)","damage_taken":0,"max_hp_gain":0,"max_hp_loss":0,"event_name":"Vampires","floor":19,"relics_lost":["Blood Vial"],"gold_loss":0,"cards_obtained":["Bite","Bite","Bite","Bite","Bite"]},{"cards_removed":["Expertise"],"damage_healed":0,"gold_gain":0,"player_choice":"Gave Gold","damage_taken":0,"max_hp_gain":0,"max_hp_loss":0,"event_name":"Beggar","floor":21,"gold_loss":75},{"damage_healed":0,"gold_gain":0,"player_choice":"Became a Ghost","damage_taken":0,"max_hp_gain":0,"max_hp_loss":33,"event_name":"Ghosts","floor":31,"gold_loss":0,"cards_obtained":["Ghostly","Ghostly","Ghostly"]},{"damage_healed":0,"gold_gain":999,"player_choice":"Gold","damage_taken":0,"max_hp_gain":0,"max_hp_loss":0,"event_name":"MindBloom","floor":36,"gold_loss":0,"cards_obtained":["Normality","Normality"]},{"damage_healed":0,"gold_gain":0,"player_choice":"Ignored","damage_taken":0,"max_hp_gain":0,"max_hp_loss":0,"event_name":"Tomb of Lord Red Mask","floor":38,"gold_loss":0},{"cards_removed":["Normality"],"damage_healed":0,"gold_gain":0,"player_choice":"Card Removal","damage_taken":0,"max_hp_gain":0,"max_hp_loss":0,"event_name":"Wheel of Change","floor":39,"gold_loss":0}],"is_beta":false,"boss_relics":[{"not_picked":["Philosopher\u0027s Stone","Busted Crown"],"picked":"Black Star"},{"not_picked":["Snecko Eye","Runic Dome"],"picked":"Tiny House"}],"items_purged_floors":[37],"is_endless":false,"potions_floor_spawned":[6,10,12,13,14,16,18,20,22,24,28,29,33,35,40,41,42,44,45,46,47,48],"killed_by":"Awakened One","ascension_level":20}}