{"host":"xbs6xfa3tvu21mfl","time":1611486588,"event":{"mods":["Act Like it!","BaseMod","Downfall","Gensokyo","Minty Spire (QoL Compilation)","Quick Restart","StSLib","The Servant 0.9.4"],"gold_per_floor":[114,44,18,18,18,47,81,109,180,214,3,32,364,590,590,718,768,787,212,212,247,297,322,322,322,322,350,377,410,444,85,85,182,182,220,220,220,120,174,208,83,310,333,368,714,714,382,424,424,424],"floor_reached":51,"language":"ZHS","playtime":3610,"items_purged":["Injury","SurpressingFire+1","Moonlight+1"],"score":1433,"play_id":"044e138d-9340-46c7-87fa-b89b278f2a6d","local_time":"20210124190948","daily_mods":["SealedDeck","Heirloom","Time Dilation","Flight","downfall:Lament","DeadlyEvents","Elite Swarm"],"is_ascension_mode":false,"campfire_choices":[{"floor":15.0,"key":"REST"},{"data":"Night Terror","floor":24.0,"key":"SMITH"},{"data":"Deny","floor":25.0,"key":"SMITH"},{"data":"FlawlessForm","floor":32.0,"key":"SMITH"},{"data":"TheWorld","floor":46.0,"key":"SMITH"},{"data":"TheWorld","floor":49.0,"key":"SMITH"}],"circlet_count":0,"master_deck":["Rearm","Alleviate","Alleviate","TimeWarp","ShatteredReality","Potential+1","BestPractice","Contraction","BottledTime","Initiator","Deny+1","Dilation","TheWorld+1","Dilation","PendulumOfEternity","MurderousAura","PendulumOfEternity","TheWorld","Potential","HandOfGreed","DualDimension","TimeWarp","Night Terror+1","Dilation","TheWorld","TheWorld+1","Solidify","FlawlessForm+1","Duplication","Gensokyo:RustyChest","Gensokyo:Shovel","TheWorld"],"relics":["SplendidAttire","NeowsBlessing","Ice Cream","Gensokyo:Justice","Tiny Chest","Question Card","Gambling Chip","PreservedInsect","Bottled Lightning","StoneCalendar","Bag of Marbles","Kunai","Letter Opener","Pantograph","Tiny House","Oddly Smooth Stone","Akabeko","Bag of Preparation","Potion Belt","Happy Flower","Singing Bowl","Bronze Scales","Blue Candle","ClockworkSouvenir","Gensokyo:DualWield","CeramicFish","Molten Egg 2","Toy Ornithopter","Boot","Incense Burner","Lantern","Vajra","The Courier","Shuriken"],"acts_visited":["Exordium","Gensokyo:Gensokyo","Gensokyo:Gensokyoer"],"potions_floor_usage":[],"damage_taken":[{"damage":0.0,"enemies":"Gensokyo:3_Fairies","floor":1.0,"turns":1.0},{"damage":0.0,"enemies":"Gensokyo:Mamizou","floor":6.0,"turns":2.0},{"damage":0.0,"enemies":"Gensokyo:Cirno","floor":7.0,"turns":2.0},{"damage":0.0,"enemies":"Gensokyo:Aya","floor":8.0,"turns":3.0},{"damage":0.0,"enemies":"Gensokyo:Cirno","floor":10.0,"turns":4.0},{"damage":5.0,"enemies":"Gensokyo:Mamizou","floor":12.0,"turns":6.0},{"damage":8.0,"enemies":"Gensokyo:Aya","floor":13.0,"turns":4.0},{"damage":7.0,"enemies":"Gensokyo:Mamizou","floor":14.0,"turns":4.0},{"damage":29.0,"enemies":"Gensokyo:Kokoro","floor":16.0,"turns":7.0},{"damage":0.0,"enemies":"Gensokyo:3_Dogs","floor":18.0,"turns":2.0},{"damage":0.0,"enemies":"Gensokyo:AngelMirror","floor":21.0,"turns":1.0},{"damage":0.0,"enemies":"Gensokyo:Tenshi","floor":22.0,"turns":1.0},{"damage":0.0,"enemies":"Gensokyo:Reisen","floor":27.0,"turns":1.0},{"damage":0.0,"enemies":"Gensokyo:Tenshi","floor":28.0,"turns":1.0},{"damage":0.0,"enemies":"Gensokyo:Reisen","floor":29.0,"turns":1.0},{"damage":0.0,"enemies":"Gensokyo:Koishi","floor":30.0,"turns":1.0},{"damage":41.0,"enemies":"Gensokyo:Eternal_Rivals","floor":33.0,"turns":7.0},{"damage":0.0,"enemies":"Gensokyo:AncientGuardian","floor":35.0,"turns":7.0},{"damage":0.0,"enemies":"Gensokyo:Marisa","floor":40.0,"turns":1.0},{"damage":0.0,"enemies":"Gensokyo:Kasen","floor":42.0,"turns":3.0},{"damage":2.0,"enemies":"Gensokyo:Doremy","floor":44.0,"turns":3.0},{"damage":23.0,"enemies":"Gensokyo:Marisa","floor":45.0,"turns":2.0},{"damage":0.0,"enemies":"Gensokyo:Kasen","floor":48.0,"turns":2.0},{"damage":0,"enemies":"Gensokyo:Scarlet_Devils","floor":50,"turns":2}],"seed_played":"2125986536994788920","potions_obtained":[{"floor":7.0,"key":"Explosive Potion"},{"floor":8.0,"key":"FearPotion"},{"floor":13.0,"key":"ColorlessPotion"},{"floor":16.0,"key":"Energy Potion"},{"floor":17.0,"key":"EssenceOfSteel"},{"floor":18.0,"key":"Weak Potion"},{"floor":27.0,"key":"GamblersBrew"},{"floor":30.0,"key":"FearPotion"},{"floor":33.0,"key":"GamblersBrew"},{"floor":35.0,"key":"SmokeBomb"},{"floor":42.0,"key":"SpeedPotion"}],"is_trial":true,"path_per_floor":["M","?","$","?","?","E","E","E","T","E","COS","E","E","E","R","B",null,"M","$","?","M","E","T","R","R","T","E","E","E","E","COS","R","B",null,"M","?","?","$","T","E","$","E","T","E","E","R","COS","E","R","B",null],"character_chosen":"THE_SERVANT","items_purchased":["BottledTime","HandOfGreed","Oddly Smooth Stone","DualDimension","TimeWarp","FloweringNight"],"campfire_rested":1,"item_purchase_floors":[3,19,19,19,19,19],"current_hp_per_floor":[65,65,65,65,65,65,65,65,65,65,65,60,52,45,64,36,70,70,70,63,63,63,63,63,63,63,63,63,63,63,63,63,31,72,74,74,74,74,74,76,76,80,80,80,84,84,84,84,84,84],"gold":424,"neow_bonus":"","is_daily":false,"chose_seed":false,"campfire_upgraded":5,"win_rate":0.0,"timestamp":1611486588,"path_taken":["M","?","?","?","?","E","E","E","T","E","COS","E","E","E","R","BOSS","M","$","?","?","?","?","R","R","T","E","E","?","E","COS","R","BOSS","M","?","?","$","?","E","$","E","T","E","E","R","COS","E","R","BOSS"],"items_purchased_type":["Card","Card","Relic","Card","Card","Card"],"build_version":"2020-12-22","purchased_purges":3,"victory":true,"max_hp_per_floor":[65,65,65,65,65,65,65,65,65,65,65,65,65,65,65,65,70,70,70,70,70,70,70,70,70,70,70,70,70,70,70,70,72,72,74,74,74,74,74,76,76,80,80,82,84,84,84,84,84,84],"card_choices":[{"not_picked":["SpecialFormula","InstantArmor"],"picked":"Contraction","floor":1.0},{"not_picked":["FloweringNight","ForgedInTime"],"picked":"Initiator","floor":6.0},{"not_picked":["MurderousAura","Dilation","SoulSculpture"],"picked":"Deny","floor":7.0},{"not_picked":["Sunlight","LightFlow","FlawlessForm"],"picked":"Dilation","floor":8.0},{"not_picked":["Solidify","ForgedInTime","KillingDoll"],"picked":"TheWorld","floor":10.0},{"not_picked":["Duplication","ForgedInTime","Sunlight"],"picked":"Dilation","floor":12.0},{"not_picked":["KillingDoll","ForgedInTime","TheWorld"],"picked":"PendulumOfEternity","floor":13.0},{"not_picked":["ForgedInTime","TheWorld","Solidify"],"picked":"MurderousAura","floor":13.0},{"not_picked":["SoulSculpture","Initiator","KillingDoll"],"picked":"PendulumOfEternity","floor":14.0},{"not_picked":["Initiator","MurderousAura","ForgedInTime"],"picked":"TheWorld","floor":16.0},{"not_picked":["Spin","InstantArmor","Ricochet"],"picked":"Potential","floor":17.0},{"not_picked":["FanOfKnives","Ricochet","Spin+1","ShatteredReality"],"picked":"SKIP","floor":18.0},{"not_picked":["FanOfKnives","Ricochet","Spin+1","ShatteredReality"],"picked":"SKIP","floor":18.0},{"not_picked":["Contraction+1","Starlight","ShatteredReality","Reset"],"picked":"SKIP","floor":21.0},{"not_picked":["Deny","KillingDoll","LightFlow"],"picked":"Dilation","floor":22.0},{"not_picked":["SoulSculpture","Dilation","Solidify"],"picked":"TheWorld","floor":27.0},{"not_picked":["Solidify","Deny","Initiator"],"picked":"TheWorld","floor":28.0},{"not_picked":["Duplication","SoulSculpture","Initiator"],"picked":"Solidify","floor":29.0},{"not_picked":["Deny","PendulumOfEternity","MurderousAura"],"picked":"FlawlessForm","floor":30.0},{"not_picked":["SoulSculpture+1","Solidify+1","Dilation+1","Deny+1"],"picked":"Singing Bowl","floor":33.0},{"not_picked":["Initiator","FloweringNight","SoulSculpture"],"picked":"Duplication","floor":33.0},{"not_picked":["Starlight","Luminosity","Rearm","StarChef+1"],"picked":"Singing Bowl","floor":35.0},{"not_picked":["Solidify","SoulSculpture+1","ForgedInTime","TheWorld"],"picked":"Singing Bowl","floor":40.0},{"not_picked":["Deny","SoulSculpture","LightFlow","Solidify"],"picked":"Singing Bowl","floor":42.0},{"not_picked":["PendulumOfEternity+1","FlawlessForm","SoulSculpture+1","ForgedInTime"],"picked":"Singing Bowl","floor":42.0},{"not_picked":["Deny","KillingDoll+1","MurderousAura","Initiator+1"],"picked":"Singing Bowl","floor":44.0},{"not_picked":["FloweringNight","Duplication","Deny","LightFlow+1"],"picked":"Singing Bowl","floor":45.0},{"not_picked":["Dilation","LightFlow+1","FloweringNight"],"picked":"TheWorld","floor":48.0}],"player_experience":171696,"relics_obtained":[{"floor":6.0,"key":"Question Card"},{"floor":7.0,"key":"Gambling Chip"},{"floor":8.0,"key":"PreservedInsect"},{"floor":9.0,"key":"Bottled Lightning"},{"floor":10.0,"key":"StoneCalendar"},{"floor":12.0,"key":"Bag of Marbles"},{"floor":13.0,"key":"Kunai"},{"floor":14.0,"key":"Pantograph"},{"floor":22.0,"key":"Akabeko"},{"floor":23.0,"key":"Bag of Preparation"},{"floor":26.0,"key":"Potion Belt"},{"floor":27.0,"key":"Happy Flower"},{"floor":28.0,"key":"Singing Bowl"},{"floor":29.0,"key":"Bronze Scales"},{"floor":30.0,"key":"Blue Candle"},{"floor":39.0,"key":"CeramicFish"},{"floor":40.0,"key":"Molten Egg 2"},{"floor":42.0,"key":"Toy Ornithopter"},{"floor":43.0,"key":"Boot"},{"floor":44.0,"key":"Lantern"},{"floor":45.0,"key":"Vajra"},{"floor":48.0,"key":"Shuriken"}],"event_choices":[],"is_beta":false,"boss_relics":[{"not_picked":["Snecko Eye","Ectoplasm"],"picked":"Tiny House"},{"not_picked":["Black Star","Empty Cage"],"picked":"SplendidAttire"}],"items_purged_floors":[19,38,41],"is_endless":false,"potions_floor_spawned":[1,7,8,13,16,18,27,30,33,35,42],"ascension_level":0}}