{"host":"n6qxj7a4gnapjcui","time":1611525893,"event":{"mods":["2.2 Compatiblity","AchievementEnabler","BaseMod","Colored Map","Minty Spire (QoL Compilation)"],"gold_per_floor":[115,129,148,148,166,166,199,199,281,299,316,316,347,347,347,451,451,470,239,251,266,11,45,58,88,139,139,168,168,168,17,17,113,113,130,130,145,145,195,195,221,221,221,237,270,286,44,54,54,54,54],"floor_reached":50,"language":"POL","playtime":2358,"items_purged":["Strike_R"],"score":938,"play_id":"e79d36cc-b19d-46a9-99b1-ab1dabf81374","local_time":"20210124230453","is_ascension_mode":true,"campfire_choices":[{"data":"Flame Barrier","floor":6.0,"key":"SMITH"},{"data":"Rampage","floor":8.0,"key":"SMITH"},{"data":"Spot Weakness","floor":12.0,"key":"SMITH"},{"data":"Offering","floor":15.0,"key":"SMITH"},{"floor":27.0,"key":"REST"},{"floor":30.0,"key":"REST"},{"floor":32.0,"key":"REST"},{"floor":40.0,"key":"DIG"},{"floor":42.0,"key":"REST"},{"floor":49.0,"key":"REST"}],"circlet_count":0,"master_deck":["Strike_R","Strike_R","Strike_R","Defend_R","Defend_R+1","Defend_R","Defend_R","Bash","Spot Weakness+1","Rampage+1","Uppercut+1","Flame Barrier+1","Dropkick","Offering+1","Double Tap","Shockwave+1","Headbutt","Wild Strike+1","Cleave","Bloodletting+1","Flex+1","Seeing Red","Exhume","Warcry+1","Rupture+1","Twin Strike+1","Armaments+1","Infernal Blade+1","Disarm+1","Rampage+1","Apotheosis","Feel No Pain+1"],"relics":["Burning Blood","Lantern","TungstenRod","Pear","Bag of Marbles","Fusion Hammer","War Paint","HornCleat","Red Skull","Dream Catcher","Bronze Scales","Art of War","Strange Spoon","Mark of Pain","Shovel","Ancient Tea Set","Toy Ornithopter","Prayer Wheel","Potion Belt"],"acts_visited":["Exordium","TheCity","TheBeyond"],"potions_floor_usage":[50,50],"damage_taken":[{"damage":0.0,"enemies":"2 Louse","floor":1.0,"turns":4.0},{"damage":1.0,"enemies":"Cultist","floor":2.0,"turns":3.0},{"damage":12.0,"enemies":"Jaw Worm","floor":3.0,"turns":2.0},{"damage":17.0,"enemies":"Gremlin Gang","floor":5.0,"turns":5.0},{"damage":20.0,"enemies":"Gremlin Nob","floor":7.0,"turns":4.0},{"damage":1.0,"enemies":"Exordium Wildlife","floor":10.0,"turns":2.0},{"damage":0.0,"enemies":"Large Slime","floor":11.0,"turns":3.0},{"damage":14.0,"enemies":"3 Sentries","floor":13.0,"turns":5.0},{"damage":20.0,"enemies":"Hexaghost","floor":16.0,"turns":7.0},{"damage":1.0,"enemies":"Shell Parasite","floor":18.0,"turns":3.0},{"damage":5.0,"enemies":"3 Byrds","floor":20.0,"turns":4.0},{"damage":13.0,"enemies":"Centurion and Healer","floor":21.0,"turns":5.0},{"damage":5.0,"enemies":"Book of Stabbing","floor":23.0,"turns":3.0},{"damage":5.0,"enemies":"Snecko","floor":24.0,"turns":4.0},{"damage":0.0,"enemies":"Slavers","floor":25.0,"turns":4.0},{"damage":5.0,"enemies":"Gremlin Leader","floor":28.0,"turns":4.0},{"damage":78.0,"enemies":"Automaton","floor":33.0,"turns":7.0},{"damage":5.0,"enemies":"3 Shapes","floor":35.0,"turns":2.0},{"damage":5.0,"enemies":"Orb Walker","floor":37.0,"turns":2.0},{"damage":21.0,"enemies":"Mind Bloom Boss Battle","floor":39.0,"turns":6.0},{"damage":29.0,"enemies":"Giant Head","floor":41.0,"turns":7.0},{"damage":31.0,"enemies":"Maw","floor":44.0,"turns":6.0},{"damage":15.0,"enemies":"Reptomancer","floor":45.0,"turns":1.0},{"damage":10.0,"enemies":"4 Shapes","floor":46.0,"turns":3.0},{"damage":20.0,"enemies":"Writhing Mass","floor":48.0,"turns":4.0},{"damage":57,"enemies":"Awakened One","floor":50,"turns":5}],"seed_played":"3755466446949843492","potions_obtained":[{"floor":2.0,"key":"Swift Potion"},{"floor":3.0,"key":"Fire Potion"},{"floor":7.0,"key":"Energy Potion"},{"floor":13.0,"key":"PowerPotion"},{"floor":14.0,"key":"Fire Potion"},{"floor":16.0,"key":"Dexterity Potion"},{"floor":23.0,"key":"SpeedPotion"},{"floor":24.0,"key":"SkillPotion"},{"floor":33.0,"key":"EssenceOfSteel"},{"floor":41.0,"key":"SkillPotion"},{"floor":46.0,"key":"Fire Potion"}],"is_trial":false,"path_per_floor":["M","M","M","?","M","R","E","R","T","M","M","R","E","?","R","B",null,"M","$","M","M","$","E","M","E","T","R","E","?","R","$","R","B",null,"M","?","M","?","?","R","E","R","T","M","E","M","$","M","R","B"],"character_chosen":"IRONCLAD","items_purchased":["War Paint","HornCleat","Strange Spoon","Apotheosis","EssenceOfSteel"],"campfire_rested":5,"item_purchase_floors":[19,22,31,47,47],"current_hp_per_floor":[78,80,74,74,63,63,49,49,59,64,70,70,62,62,62,48,80,85,85,86,79,79,80,81,87,87,90,90,90,90,90,90,18,72,73,73,74,74,59,59,36,63,63,38,34,30,30,16,43,0,0],"gold":54,"neow_bonus":"RANDOM_COMMON_RELIC","is_daily":false,"chose_seed":false,"campfire_upgraded":4,"win_rate":0.0,"timestamp":1611525893,"path_taken":["M","M","M","?","M","R","E","R","T","M","?","R","E","?","R","BOSS","M","$","M","?","$","E","M","E","T","R","E","?","R","$","R","BOSS","M","?","M","?","?","R","E","R","T","M","E","M","$","M","R","BOSS"],"items_purchased_type":["Relic","Relic","Relic","Card","Potion"],"build_version":"2020-12-22","purchased_purges":1,"victory":false,"max_hp_per_floor":[80,80,80,80,80,80,80,80,90,90,90,90,90,90,90,90,90,90,90,90,90,90,90,90,90,90,90,90,90,90,90,90,90,90,90,90,90,90,90,90,90,90,90,90,90,90,90,90,90,90,90],"card_choices":[{"not_picked":["Twin Strike","Perfected Strike"],"picked":"Spot Weakness","floor":1.0},{"not_picked":["Combust","True Grit"],"picked":"Rampage","floor":2.0},{"not_picked":["Fire Breathing","Clothesline"],"picked":"Uppercut","floor":3.0},{"not_picked":["Feel No Pain","Thunderclap"],"picked":"Flame Barrier","floor":5.0},{"not_picked":["Clothesline","True Grit"],"picked":"Dropkick","floor":7.0},{"not_picked":["Clash","Heavy Blade"],"picked":"Offering","floor":10.0},{"not_picked":["Havoc","Clothesline","Hemokinesis"],"picked":"SKIP","floor":11.0},{"not_picked":["Havoc","Clothesline","Hemokinesis"],"picked":"SKIP","floor":11.0},{"not_picked":["Second Wind","Clash","Dual Wield"],"picked":"SKIP","floor":13.0},{"not_picked":["Impervious","Juggernaut"],"picked":"Double Tap","floor":16.0},{"not_picked":["Heavy Blade","Thunderclap"],"picked":"Shockwave","floor":18.0},{"not_picked":["Warcry","Seeing Red"],"picked":"Headbutt","floor":20.0},{"not_picked":["Whirlwind","Dark Embrace+1"],"picked":"Wild Strike+1","floor":21.0},{"not_picked":["Shockwave","Blood for Blood","Burning Pact"],"picked":"SKIP","floor":23.0},{"not_picked":["Sword Boomerang","Headbutt"],"picked":"Cleave","floor":24.0},{"not_picked":["Heavy Blade","Entrench","Barricade"],"picked":"SKIP","floor":25.0},{"not_picked":["Heavy Blade","Clash"],"picked":"Bloodletting+1","floor":28.0},{"not_picked":["Warcry","Blood for Blood"],"picked":"Flex+1","floor":30.0},{"not_picked":["Headbutt+1","Shockwave+1"],"picked":"Seeing Red","floor":32.0},{"not_picked":["Brutality","Double Tap"],"picked":"Exhume","floor":33.0},{"not_picked":["Infernal Blade","Cleave"],"picked":"Warcry+1","floor":35.0},{"not_picked":["Body Slam","Warcry+1"],"picked":"Rupture+1","floor":37.0},{"not_picked":["Heavy Blade","Cleave"],"picked":"Twin Strike+1","floor":39.0},{"not_picked":["Dark Embrace+1","Body Slam+1"],"picked":"Armaments+1","floor":41.0},{"not_picked":["Impervious","Body Slam"],"picked":"Infernal Blade+1","floor":42.0},{"not_picked":["Shrug It Off","Evolve"],"picked":"Disarm+1","floor":44.0},{"not_picked":["Iron Wave+1","Pummel","Sentinel"],"picked":"SKIP","floor":44.0},{"not_picked":["Heavy Blade+1","Combust"],"picked":"Rampage+1","floor":45.0},{"not_picked":["Iron Wave+1","Twin Strike+1","Infernal Blade+1"],"picked":"SKIP","floor":46.0},{"not_picked":["Infernal Blade+1","Whirlwind","Anger"],"picked":"SKIP","floor":46.0},{"not_picked":["Perfected Strike","Twin Strike","Intimidate+1"],"picked":"SKIP","floor":48.0},{"not_picked":["Carnage","Headbutt+1","Heavy Blade"],"picked":"SKIP","floor":48.0},{"not_picked":["Headbutt+1","Thunderclap"],"picked":"Feel No Pain+1","floor":49.0}],"player_experience":316285,"relics_obtained":[{"floor":7.0,"key":"TungstenRod"},{"floor":9.0,"key":"Pear"},{"floor":13.0,"key":"Bag of Marbles"},{"floor":23.0,"key":"Red Skull"},{"floor":25.0,"key":"Dream Catcher"},{"floor":26.0,"key":"Bronze Scales"},{"floor":28.0,"key":"Art of War"},{"floor":39.0,"key":"Shovel"},{"floor":40.0,"key":"Ancient Tea Set"},{"floor":41.0,"key":"Toy Ornithopter"},{"floor":43.0,"key":"Prayer Wheel"},{"floor":45.0,"key":"Potion Belt"}],"event_choices":[{"damage_healed":0.0,"max_hp_gain":0.0,"max_hp_loss":0.0,"gold_gain":0.0,"event_name":"Accursed Blacksmith","player_choice":"Forge","floor":4.0,"gold_loss":0.0,"damage_taken":0.0,"cards_upgraded":["Uppercut"]},{"damage_healed":0.0,"max_hp_gain":0.0,"max_hp_loss":0.0,"gold_gain":0.0,"event_name":"Lab","player_choice":"Got Potions","floor":14.0,"gold_loss":0.0,"damage_taken":0.0},{"damage_healed":0.0,"max_hp_gain":0.0,"max_hp_loss":0.0,"gold_gain":0.0,"event_name":"Vampires","player_choice":"Ignored","floor":29.0,"gold_loss":0.0,"damage_taken":0.0},{"damage_healed":0.0,"max_hp_gain":0.0,"max_hp_loss":0.0,"gold_gain":0.0,"event_name":"SensoryStone","player_choice":"Memory 1","floor":36.0,"gold_loss":0.0,"damage_taken":0.0},{"cards_removed":["Strike_R"],"damage_healed":0.0,"max_hp_gain":0.0,"max_hp_loss":0.0,"gold_gain":0.0,"event_name":"Falling","player_choice":"Removed Attack","floor":38.0,"gold_loss":0.0,"damage_taken":0.0},{"damage_healed":0.0,"max_hp_gain":0.0,"max_hp_loss":0.0,"gold_gain":0.0,"event_name":"MindBloom","player_choice":"Fight","floor":39.0,"gold_loss":0.0,"damage_taken":0.0}],"is_beta":false,"boss_relics":[{"not_picked":["Tiny House","Ectoplasm"],"picked":"Fusion Hammer"},{"not_picked":["Black Star","Astrolabe"],"picked":"Mark of Pain"}],"items_purged_floors":[19],"is_endless":false,"potions_floor_spawned":[2,3,7,13,16,23,24,33,41,46],"killed_by":"Awakened One","ascension_level":8}}