{"host":"w9zfxf1uwb1etsnq","time":1611452225,"event":{"mods":["AchievementEnabler","BaseMod","Colored Map","Highlight Path","Minty Spire (QoL Compilation)"],"gold_per_floor":[119,135,145,145,32,32,43,74,74,106,116,116,134,150,150,251,251,261,70,87,107,107,107,142,152,152,152,164,164,164],"floor_reached":29,"language":"ENG","playtime":2087,"items_purged":["Consume"],"score":285,"play_id":"16f6c567-208c-4bf3-b8fd-4c89f353e570","local_time":"20210124013705","is_ascension_mode":true,"campfire_choices":[{"data":"Defragment","floor":6,"key":"SMITH"},{"floor":12,"key":"REST"},{"data":"Conserve Battery","floor":15,"key":"SMITH"},{"floor":23,"key":"RECALL"},{"floor":27,"key":"REST"}],"circlet_count":0,"master_deck":["Zap","Dualcast","Defragment","Conserve Battery+1","Rip and Tear","Defragment+1","Cold Snap","Conserve Battery","Sweeping Beam","Double Energy","Rainbow","Multi-Cast","Creative AI","Barrage","Hyperbeam","BootSequence","Compile Driver","Reboot","Defragment","Conserve Battery","Leap","Glacier+1","Leap+1"],"relics":["Cracked Core","Bag of Marbles","Smiling Mask","Dream Catcher","Mummified Hand","Pandora\u0027s Box","Potion Belt","Shuriken"],"acts_visited":["Exordium","TheCity"],"potions_floor_usage":[16,16,24,24,28,29,29],"damage_taken":[{"damage":0,"enemies":"Cultist","floor":1,"turns":3},{"damage":10,"enemies":"Small Slimes","floor":2,"turns":3},{"damage":6,"enemies":"2 Louse","floor":3,"turns":2},{"damage":9,"enemies":"Blue Slaver","floor":7,"turns":4},{"damage":9,"enemies":"Lagavulin","floor":8,"turns":7},{"damage":9,"enemies":"3 Sentries","floor":10,"turns":10},{"damage":11,"enemies":"Large Slime","floor":11,"turns":3},{"damage":7,"enemies":"Red Slaver","floor":13,"turns":2},{"damage":10,"enemies":"Exordium Wildlife","floor":14,"turns":7},{"damage":15,"enemies":"Hexaghost","floor":16,"turns":10},{"damage":3,"enemies":"Spheric Guardian","floor":18,"turns":4},{"damage":2,"enemies":"3 Byrds","floor":20,"turns":2},{"damage":29,"enemies":"Centurion and Healer","floor":21,"turns":8},{"damage":45,"enemies":"Gremlin Leader","floor":24,"turns":11},{"damage":0,"enemies":"Snecko","floor":25,"turns":4},{"damage":0,"enemies":"3 Cultists","floor":28,"turns":2},{"damage":17,"enemies":"Masked Bandits","floor":29,"turns":3}],"seed_played":"1848122404285517114","potions_obtained":[{"floor":7,"key":"GamblersBrew"},{"floor":11,"key":"PotionOfCapacity"},{"floor":14,"key":"Ancient Potion"},{"floor":18,"key":"GamblersBrew"},{"floor":21,"key":"LiquidBronze"},{"floor":25,"key":"SteroidPotion"},{"floor":28,"key":"ColorlessPotion"}],"is_trial":false,"path_per_floor":["M","M","M","T","$","R","M","E","T","E","M","R","M","M","R","B",null,"M","$","M","M","?","R","E","M","T","R","M","?"],"character_chosen":"DEFECT","items_purchased":["Rip and Tear","Defragment","Defragment","Regen Potion"],"campfire_rested":2,"item_purchase_floors":[5,5,19,19],"current_hp_per_floor":[75,65,59,59,59,59,50,41,41,32,21,43,36,26,26,11,75,72,72,70,41,41,41,11,11,11,33,33,16,16],"gold":164,"neow_bonus":"RANDOM_COMMON_RELIC","is_daily":false,"chose_seed":false,"campfire_upgraded":2,"win_rate":0.0,"timestamp":1611452225,"path_taken":["M","M","M","?","$","R","M","E","T","E","M","R","M","M","R","BOSS","M","$","M","M","?","R","E","M","T","R","M","?"],"items_purchased_type":["Card","Card","Card","Potion"],"build_version":"2020-12-22","purchased_purges":1,"victory":false,"max_hp_per_floor":[75,75,75,75,75,75,75,75,75,75,75,75,75,75,75,75,75,75,75,75,75,75,75,75,75,75,75,75,75,75],"card_choices":[{"not_picked":["Compile Driver","Turbo","Steam"],"picked":"SKIP","floor":1},{"not_picked":["Hologram","Compile Driver"],"picked":"Defragment","floor":2},{"not_picked":["White Noise","FTL"],"picked":"Conserve Battery","floor":3},{"not_picked":["Blizzard","FTL"],"picked":"Cold Snap","floor":7},{"not_picked":["Rebound","Sweeping Beam"],"picked":"Conserve Battery","floor":8},{"not_picked":["Tempest","Biased Cognition"],"picked":"Sweeping Beam","floor":10},{"not_picked":["Storm","Compile Driver"],"picked":"Double Energy","floor":11},{"not_picked":["Compile Driver","Stack","Conserve Battery"],"picked":"SKIP","floor":13},{"not_picked":["Rebound","Static Discharge","Aggregate"],"picked":"SKIP","floor":14},{"not_picked":["Meteor Strike","Core Surge"],"picked":"Rainbow","floor":16},{"not_picked":["Sweeping Beam","Barrage","Gash+1"],"picked":"SKIP","floor":18},{"not_picked":["Lockon+1","Ball Lightning"],"picked":"Conserve Battery","floor":20},{"not_picked":["Multi-Cast","Beam Cell","Hello World"],"picked":"SKIP","floor":21},{"not_picked":["Static Discharge+1","Turbo+1"],"picked":"Leap","floor":24},{"not_picked":["Rebound","Conserve Battery"],"picked":"Glacier+1","floor":25},{"not_picked":["White Noise","Gash"],"picked":"Leap+1","floor":28}],"player_experience":144610,"relics_obtained":[{"floor":8,"key":"Smiling Mask"},{"floor":9,"key":"Dream Catcher"},{"floor":10,"key":"Mummified Hand"},{"floor":24,"key":"Potion Belt"},{"floor":26,"key":"Shuriken"}],"event_choices":[{"damage_healed":0,"gold_gain":0,"player_choice":"Ignored","damage_taken":0,"max_hp_gain":0,"max_hp_loss":0,"event_name":"The Mausoleum","floor":22,"gold_loss":0},{"damage_healed":0,"gold_gain":0,"player_choice":"Fought Bandits","damage_taken":0,"max_hp_gain":0,"max_hp_loss":0,"event_name":"Masked Bandits","floor":29,"gold_loss":0}],"is_beta":false,"boss_relics":[{"not_picked":["Ectoplasm","Philosopher\u0027s Stone"],"picked":"Pandora\u0027s Box"}],"items_purged_floors":[19],"is_endless":false,"potions_floor_spawned":[7,10,11,14,18,21,25,28],"killed_by":"Masked Bandits","ascension_level":2}}