{"host":"g5n11qgy11rb534n","time":1611472535,"event":{"mods":["Act Like it!","BaseMod","BetterRewards","CapriCore","Colored Powertips","Downfall","Friendly Minions","Gensokyo","Hermit","Hubris","KinomotoSakuraMod(木之本樱)","Koishi","Luminous","Mari Mod (Legacy)","Mari\u0027s V1 Patch","Marisa（F雨　魔理沙）","Minty Spire (QoL Compilation)","Pale of the Ancients","Prisma Mod","Quick Restart","READ ME - Guardian Mod","Reimu（博丽灵梦）","Remilia（蕾米莉亚）","Replay The Spire","SIMod","StSLib","The Administrix","The Alterego","The Animator","The Bladedancer","The Construct","The Cursed","The Disciple","The Gatherer","The Hierophant","The Immortal","The Mystic","The Senshi","The Servant 0.9.4","UnlockEverythingMod","Voiceroid Mod","Waifu the Spire","WarShipGirlsR/战舰少女R mod","Yakumo Yukari mod","Yuyuko"],"gold_per_floor":[112,126,144,144,154,154,188,202,202,220,220,220,220,239,239,336,336,354,234,32,32,48,74,86,115,115,115,115,0,16,36,36,135,135,155,155,174,174,174,174,190,202,250,283,283,296,296,308,308,308,308],"floor_reached":50,"language":"ZHS","playtime":3650,"items_purged":[],"score":716,"play_id":"9e59c961-d391-4f90-8a4e-00de197ee825","local_time":"20210124151535","is_ascension_mode":false,"campfire_choices":[{"data":"ClowCardTheArrow","floor":6,"key":"SMITH"},{"data":"ClowCardTheEarthy","floor":11,"key":"SMITH"},{"data":"ClowCardTheRain","floor":15,"key":"SMITH"},{"data":"1","floor":28,"key":"LIFT"},{"floor":32,"key":"REST"},{"data":"ClowCardTheFloat","floor":40,"key":"SMITH"},{"floor":45,"key":"REST"},{"data":"ClowCardTheBig","floor":47,"key":"SMITH"},{"floor":49,"key":"REST"}],"circlet_count":0,"master_deck":["SakuraCardTheFloat+","SakuraCardTheSword+","ClowCardTheSword+1","ClowCardTheSword+1","ClowCardTheShield+1","ClowCardTheShield+1","ClowCardTheShield+1","ClowCardTheShield+1","SpellCardSeal","SpellCardRelease","ClowCardThePower","ClowCardTheJump+1","ClowCardTheBig+1","ClowCardTheArrow+1","ClowCardTheRain+1","ClowCardTheEarthy+1","ClowCardTheFirey","ClowCardTheLight","ClowCardTheDream+1","Gensokyo:RedCapeBlueCape+1","ClowCardTheFly+1","ClowCardTheFreeze","ClowCardTheLittle+1","ClowCardTheFlower+1","ClowCardTheVoice","ClowCardTheFight","ClowCardTheFloat+1","ClowCardTheArrow+1","ClowCardTheJump","ClowCardTheLibra+1","ClowCardTheFloat+1"],"relics":["KSMOD_SealedBook","KSMOD_SealedWand","NeowsBlessing","ReplayFunnel","Gensokyo:CelestialsFlawlessClothing","MariMod:MariFestivalBadge","Gensokyo:SpiderMask","InkBottle","Girya","hubris:CrystalStatue","Velvet Choker","Lantern","Pen Nib","hubris:DisguiseKit"],"acts_visited":["Gensokyo:Gensokyo","Gensokyo:Gensokyoer","Gensokyo:Gensokyoest"],"potions_floor_usage":[7,23,25,25,33,44,50,50,50],"damage_taken":[{"damage":0,"enemies":"Gensokyo:Gryphon","floor":1,"turns":1},{"damage":0,"enemies":"Gensokyo:3_Fairies","floor":2,"turns":2},{"damage":0,"enemies":"Gensokyo:Python","floor":3,"turns":1},{"damage":10,"enemies":"Gensokyo:Gryphon_and_Rabbit","floor":5,"turns":6},{"damage":0,"enemies":"Gensokyo:Aya","floor":7,"turns":4},{"damage":0,"enemies":"Gensokyo:LivingMonolith","floor":8,"turns":1},{"damage":2,"enemies":"Gensokyo:2_Rabbits","floor":10,"turns":2},{"damage":6,"enemies":"Gensokyo:3_Kodama","floor":14,"turns":3},{"damage":18,"enemies":"Gensokyo:Yukari","floor":16,"turns":4},{"damage":2,"enemies":"Gensokyo:AngelMirror","floor":18,"turns":3},{"damage":0,"enemies":"Gensokyo:CosmicMonolith","floor":22,"turns":2},{"damage":72,"enemies":"Gensokyo:Tenshi","floor":23,"turns":6},{"damage":0,"enemies":"Gensokyo:Wraith","floor":24,"turns":2},{"damage":14,"enemies":"Gensokyo:Reisen","floor":25,"turns":6},{"damage":30,"enemies":"Gensokyo:Swordslinger","floor":30,"turns":3},{"damage":8,"enemies":"Gensokyo:Monolith_and_Dog","floor":31,"turns":6},{"damage":28,"enemies":"Gensokyo:Eiki","floor":33,"turns":9},{"damage":0,"enemies":"Gensokyo:3_Boulders","floor":35,"turns":4},{"damage":11,"enemies":"Gensokyo:3_Bats","floor":37,"turns":4},{"damage":1,"enemies":"Gensokyo:SeedOfUnknown","floor":41,"turns":4},{"damage":0,"enemies":"Gensokyo:Dusk_and_Dawn","floor":42,"turns":3},{"damage":18,"enemies":"Gensokyo:Kasen","floor":44,"turns":8},{"damage":0,"enemies":"Gensokyo:AtlasGolem","floor":46,"turns":4},{"damage":28,"enemies":"Gensokyo:3_Boulders","floor":48,"turns":4},{"damage":150,"enemies":"Gensokyo:Scarlet_Devils","floor":50,"turns":13}],"seed_played":"2965287477620702284","potions_obtained":[{"floor":5,"key":"Languid Potion"},{"floor":14,"key":"construct:ShiftPotion"},{"floor":16,"key":"CultistPotion"},{"floor":23,"key":"champ:CounterPotion"},{"floor":31,"key":"Strength Potion"},{"floor":33,"key":"champ:CounterPotion"},{"floor":41,"key":"KSMOD_MagickBottle"},{"floor":46,"key":"ZuzhouPotion:ReiMu"},{"floor":48,"key":"Regen Potion"}],"is_trial":false,"path_per_floor":["M","M","M","?","M","R","E","M","T","M","R","T","?","M","R","B",null,"M","?","COS","?","M","E","M","E","T","?","R","?","M","M","R","B",null,"M","?","M","?","?","R","M","M","T","E","R","M","R","M","R","B"],"character_chosen":"KINOMOTOSAKURA","items_purchased":[],"campfire_rested":3,"item_purchase_floors":[],"current_hp_per_floor":[70,70,70,70,60,60,60,60,60,58,58,58,41,35,35,42,70,68,68,68,68,68,70,70,56,56,56,56,56,26,18,39,11,70,70,70,59,59,59,59,58,58,58,40,61,61,61,33,54,0,0],"gold":308,"neow_bonus":"THREE_ENEMY_KILL","is_daily":false,"chose_seed":false,"campfire_upgraded":5,"win_rate":0.0,"timestamp":1611472535,"path_taken":["M","M","M","?","M","R","E","?","T","M","R","?","?","M","R","BOSS","M","?","COS","?","M","E","?","E","T","?","R","?","M","?","R","BOSS","M","?","M","?","?","R","M","M","T","E","R","?","R","M","R","BOSS"],"items_purchased_type":[],"build_version":"2020-12-22","purchased_purges":0,"victory":false,"max_hp_per_floor":[70,70,70,70,70,70,70,70,70,70,70,70,70,70,70,70,70,70,70,70,70,70,70,70,70,70,70,70,70,70,70,70,70,70,70,70,70,70,70,70,70,70,70,70,70,70,70,70,70,70,70],"card_choices":[{"not_picked":["ClowCardTheArrow","ClowCardTheLock"],"picked":"ClowCardThePower","floor":1},{"not_picked":["ClowCardTheWood","ClowCardTheThrough"],"picked":"ClowCardTheJump","floor":2},{"not_picked":["ClowCardTheSand","ClowCardTheVoice"],"picked":"ClowCardTheBig","floor":3},{"not_picked":["ClowCardTheJump","ClowCardTheSong"],"picked":"ClowCardTheArrow","floor":5},{"not_picked":["ClowCardTheVoice","ClowCardTheMaze"],"picked":"ClowCardTheRain","floor":7},{"not_picked":["ClowCardTheShot","ClowCardTheDream"],"picked":"ClowCardTheEarthy","floor":8},{"not_picked":["ClowCardTheSilent","ClowCardTheLock"],"picked":"ClowCardTheFirey","floor":10},{"not_picked":["ClowCardTheDream","ClowCardTheWood"],"picked":"ClowCardTheSnow","floor":14},{"not_picked":["ClowCardTheDark","ClowCardTheTime"],"picked":"ClowCardTheLight","floor":16},{"not_picked":["ClowCardTheShot","ClowCardTheChange"],"picked":"ClowCardTheDream","floor":18},{"not_picked":["ClowCardTheVoice","ClowCardTheJump+1"],"picked":"ClowCardTheFly+1","floor":22},{"not_picked":["ClowCardTheMaze","ClowCardTheLock"],"picked":"ClowCardTheFreeze","floor":23},{"not_picked":["ClowCardTheMist","ClowCardTheMirror"],"picked":"ClowCardTheLittle","floor":24},{"not_picked":["ClowCardTheLight","ClowCardTheGlow"],"picked":"ClowCardTheFloat+1","floor":25},{"not_picked":["ClowCardTheLock+1","ClowCardTheMove"],"picked":"ClowCardTheFlower+1","floor":30},{"not_picked":["ClowCardTheMist","ClowCardTheJump"],"picked":"ClowCardTheVoice","floor":31},{"not_picked":["ClowCardTheLight","ClowCardTheTwin"],"picked":"ClowCardTheFight","floor":33},{"not_picked":["ClowCardTheEarthy","ClowCardTheShadow"],"picked":"ClowCardTheFloat","floor":35},{"not_picked":["ClowCardTheFlower+1","ClowCardTheSand+1"],"picked":"ClowCardTheArrow+1","floor":37},{"not_picked":["ClowCardTheWood","ClowCardTheArrow+1","ClowCardTheDream"],"picked":"SKIP","floor":41},{"not_picked":["ClowCardTheLoop","ClowCardTheFreeze+1"],"picked":"ClowCardTheJump","floor":42},{"not_picked":["ClowCardTheVoice","ClowCardTheChange"],"picked":"ClowCardTheLibra+1","floor":44},{"not_picked":["ClowCardTheWave","ClowCardTheVoice+1","DoubleSpark"],"picked":"ClowCardTheFloat+1","floor":46},{"not_picked":["ClowCardTheFly+1","ClowCardTheSand+1","ClowCardTheLock","Acceleration"],"picked":"SKIP","floor":48}],"player_experience":2140,"relics_obtained":[{"floor":7,"key":"ReplayFunnel"},{"floor":12,"key":"Pantograph"},{"floor":23,"key":"InkBottle"},{"floor":25,"key":"Girya"},{"floor":26,"key":"hubris:CrystalStatue"},{"floor":43,"key":"Pen Nib"},{"floor":44,"key":"hubris:DisguiseKit"}],"event_choices":[],"is_beta":false,"boss_relics":[{"not_picked":["Empty Cage","Replay:Bronze Core"],"picked":"MariMod:MariFestivalBadge"},{"not_picked":["Snecko Eye","hubris:GrandSneckoEye"],"picked":"Velvet Choker"}],"items_purged_floors":[],"is_endless":false,"potions_floor_spawned":[5,14,16,23,31,33,41,46,48],"killed_by":"Gensokyo:Scarlet_Devils","ascension_level":0}}