{"host":"15dd7v8o90xso62x","time":1611523587,"event":{"mods":["BaseMod","Minty Spire (QoL Compilation)","Quick Restart","StSLib","SuperFastMode"],"gold_per_floor":[119,134,153,153,153,153,172,182,252,16,42,54,141,172,184,267,279,303,315,347,371,383,410,422,453,465,477,508,549,561,673,685,697,697],"floor_reached":33,"language":"KOR","playtime":1013,"items_purged":["Strike_B"],"score":548,"play_id":"08671616-11b0-453b-857d-8264c1b73962","local_time":"20210125062627","is_ascension_mode":true,"campfire_choices":[{"data":"Ball Lightning","floor":6.0,"key":"SMITH"},{"data":"White Noise","floor":12.0,"key":"SMITH"},{"data":"Consume","floor":15.0,"key":"SMITH"},{"floor":27.0,"key":"REST"},{"floor":30.0,"key":"REST"},{"data":"Recycle","floor":32.0,"key":"SMITH"}],"circlet_count":0,"master_deck":["AscendersBane","Strike_B","Defend_B","Defend_B","Defend_B","Defend_B","Zap+1","Dualcast","Ball Lightning+1","FTL","Compile Driver","White Noise+1","Thunder Strike","Consume+1","Turbo","Biased Cognition","CurseOfTheBell","Reinforced Body+1","BootSequence","Static Discharge+1","Echo Form","Compile Driver","Glacier","Glacier","Recycle+1","Hologram"],"relics":["Cracked Core","Darkstone Periapt","StrikeDummy","MawBank","Calling Bell","Bronze Scales","HornCleat","Lizard Tail","Vajra","Red Mask","StoneCalendar","Frozen Egg 2"],"acts_visited":["TheCity"],"potions_floor_usage":[],"damage_taken":[{"damage":3.0,"enemies":"2 Louse","floor":1.0,"turns":3.0},{"damage":2.0,"enemies":"Jaw Worm","floor":2.0,"turns":2.0},{"damage":0.0,"enemies":"Cultist","floor":3.0,"turns":3.0},{"damage":12.0,"enemies":"Exordium Wildlife","floor":7.0,"turns":3.0},{"damage":12.0,"enemies":"Looter","floor":8.0,"turns":3.0},{"damage":0.0,"enemies":"Lagavulin","floor":11.0,"turns":5.0},{"damage":0.0,"enemies":"2 Fungi Beasts","floor":14.0,"turns":2.0},{"damage":16.0,"enemies":"The Guardian","floor":16.0,"turns":8.0},{"damage":1.0,"enemies":"3 Byrds","floor":18.0,"turns":3.0},{"damage":0.0,"enemies":"Chosen","floor":20.0,"turns":3.0},{"damage":37.0,"enemies":"3 Cultists","floor":21.0,"turns":5.0},{"damage":30.0,"enemies":"Sentry and Sphere","floor":23.0,"turns":5.0},{"damage":14.0,"enemies":"Snake Plant","floor":25.0,"turns":3.0},{"damage":22.0,"enemies":"Cultist and Chosen","floor":28.0,"turns":6.0},{"damage":4.0,"enemies":"Masked Bandits","floor":29.0,"turns":3.0},{"damage":0.0,"enemies":"Colosseum Slavers","floor":31.0,"turns":4.0},{"damage":51.0,"enemies":"Colosseum Nobs","floor":31.0,"turns":4.0},{"damage":42,"enemies":"Collector","floor":33,"turns":8}],"seed_played":"-5094603230009014848","potions_obtained":[{"floor":8.0,"key":"SkillPotion"},{"floor":11.0,"key":"Dexterity Potion"},{"floor":16.0,"key":"FairyPotion"},{"floor":29.0,"key":"DistilledChaos"}],"is_trial":false,"path_per_floor":["M","M","M","?","T","R","M","M","T","$","E","R","?","M","R","B",null,"M","$","M","M","$","M","?","M","T","R","M","?","R","?","R","B"],"character_chosen":"DEFECT","items_purchased":["Thunder Strike","Consume"],"campfire_rested":2,"item_purchase_floors":[10,10],"current_hp_per_floor":[61,59,59,59,59,59,47,35,35,35,35,35,24,24,24,8,61,60,60,60,23,23,23,23,9,9,32,10,6,29,38,38,0,0],"gold":697,"neow_bonus":"UPGRADE_CARD","is_daily":false,"chose_seed":false,"campfire_upgraded":4,"win_rate":0.0,"timestamp":1611523587,"path_taken":["M","M","M","?","?","R","M","?","T","$","E","R","?","M","R","BOSS","M","$","M","M","$","M","?","M","T","R","M","?","R","?","R","BOSS"],"items_purchased_type":["Card","Card"],"build_version":"2020-12-22","purchased_purges":1,"victory":false,"max_hp_per_floor":[71,71,71,71,71,71,71,71,71,71,71,71,71,71,71,71,77,77,77,77,77,77,77,77,77,77,77,77,77,77,77,77,77,77],"card_choices":[{"not_picked":["Go for the Eyes","Sunder"],"picked":"Ball Lightning","floor":1.0},{"not_picked":["Turbo","Static Discharge"],"picked":"FTL","floor":2.0},{"not_picked":["Rebound","Stack"],"picked":"Compile Driver","floor":3.0},{"not_picked":["Heatsinks","Conserve Battery"],"picked":"White Noise","floor":7.0},{"not_picked":["Fusion","Steam","Redo"],"picked":"SKIP","floor":8.0},{"not_picked":["Barrage","Coolheaded"],"picked":"Turbo","floor":11.0},{"not_picked":["Reprogram","Leap","Barrage"],"picked":"SKIP","floor":14.0},{"not_picked":["Hyperbeam","Meteor Strike"],"picked":"Biased Cognition","floor":16.0},{"not_picked":["Streamline+1","Sunder+1","Scrape"],"picked":"SKIP","floor":18.0},{"not_picked":["Conserve Battery","Beam Cell"],"picked":"Reinforced Body+1","floor":20.0},{"not_picked":["Ball Lightning","Hologram"],"picked":"BootSequence","floor":21.0},{"not_picked":["Sweeping Beam","Cold Snap"],"picked":"Static Discharge+1","floor":23.0},{"not_picked":["Darkness","Machine Learning"],"picked":"Glacier","floor":25.0},{"not_picked":["Reprogram","Cold Snap"],"picked":"Glacier","floor":28.0},{"not_picked":["Steam","Go for the Eyes"],"picked":"Recycle","floor":29.0},{"not_picked":["Steam","Gash"],"picked":"Hologram","floor":31.0}],"player_experience":619199,"relics_obtained":[{"floor":5.0,"key":"Darkstone Periapt"},{"floor":9.0,"key":"StrikeDummy"},{"floor":11.0,"key":"MawBank"},{"floor":17.0,"key":"Bronze Scales"},{"floor":17.0,"key":"HornCleat"},{"floor":17.0,"key":"Lizard Tail"},{"floor":26.0,"key":"Vajra"},{"floor":29.0,"key":"Red Mask"},{"floor":31.0,"key":"StoneCalendar"},{"floor":31.0,"key":"Frozen Egg 2"}],"event_choices":[{"damage_healed":0.0,"max_hp_gain":0.0,"max_hp_loss":0.0,"gold_gain":0.0,"event_name":"Liars Game","player_choice":"Ignored","floor":4.0,"gold_loss":0.0,"damage_taken":0.0},{"damage_healed":0.0,"max_hp_gain":0.0,"max_hp_loss":0.0,"gold_gain":75.0,"event_name":"World of Goop","player_choice":"Gather Gold","floor":13.0,"gold_loss":0.0,"damage_taken":11.0},{"damage_healed":0.0,"max_hp_gain":0.0,"max_hp_loss":0.0,"gold_gain":0.0,"cards_transformed":["Strike_B","Strike_B"],"event_name":"Drug Dealer","player_choice":"Became Test Subject","floor":24.0,"gold_loss":0.0,"damage_taken":0.0,"cards_obtained":["Echo Form","Compile Driver"]},{"damage_healed":0.0,"max_hp_gain":0.0,"max_hp_loss":0.0,"gold_gain":0.0,"event_name":"Masked Bandits","player_choice":"Fought Bandits","floor":29.0,"gold_loss":0.0,"damage_taken":0.0},{"damage_healed":0.0,"max_hp_gain":0.0,"max_hp_loss":0.0,"gold_gain":0.0,"event_name":"Colosseum","player_choice":"Fight","floor":31.0,"gold_loss":0.0,"damage_taken":0.0},{"damage_healed":0.0,"max_hp_gain":0.0,"max_hp_loss":0.0,"gold_gain":0.0,"event_name":"Colosseum","player_choice":"Fought Nobs","floor":31.0,"gold_loss":0.0,"damage_taken":0.0}],"is_beta":false,"boss_relics":[{"not_picked":["FrozenCore","Pandora\u0027s Box"],"picked":"Calling Bell"}],"items_purged_floors":[10],"is_endless":false,"potions_floor_spawned":[8,11,16,18,29,31],"killed_by":"Collector","ascension_level":20}}