{"host":"u2tvzagmhndpcfhq","time":1611521206,"event":{"mods":["BaseMod","BetterRewards","Card Forge","Colored Powertips","Friendly Minions","Halation","Highlight Path","Hubris","Minty Spire (QoL Compilation)","Permanent Neow","Quick Restart","Replay The Spire","StSLib","The Gatherer","The Hierophant","The Jungle","The Marked","The Necromancer","The Valiant","The Vixen"],"gold_per_floor":[110,110,110,185,185,185,196,214,293,112,132,132,163,338,338,439,439,451,451,462,489,518,555,555,559,559],"floor_reached":25,"language":"ENG","playtime":1875,"items_purged":[],"score":244,"play_id":"49fbd511-27b2-4858-8f4c-5041b97f7d45","local_time":"20210124134646","daily_mods":["SealedDeck","Heirloom","Time Dilation","Flight"],"is_ascension_mode":false,"campfire_choices":[{"floor":6,"key":"REST"},{"data":"Summon_Undead_Army","floor":12,"key":"SMITH"},{"floor":15,"key":"REST"}],"circlet_count":0,"master_deck":["Pandemic+1","Negative_Energy_Mist+1","Strike_from_Beyond+1","Strike_from_Beyond+1","Chill_Blood+1","Chill_Blood+1","Summon_Undead_Army+1","Summon_Lich+1","Spectral_Armor+1","Negative_Energy_Sphere+1","Summon_Death_Knight+1","Uncharnel+1","Death_March_Dance+1","Blood_Is_Power+1","Doubt","Skeleton_Dragon+1","Bone_Armor+1","Bone_Prison+1","Bone_Bullets+1","Bone_Armory+1","Bone_Shift+1","Bone_Spikes+1","Bone_Wall+1","Bones_to_Steel+1","Detonate_Bones+1","Defend_W+1","Flesh_Made_Foul+1","Grasp_Heart+1","Hellfire+1","Life_Drain+1","Life_Tap+1","Negative_Energy_Bomb+1","Negative_Energy_Arrows+1","Requiem+1","Siphon_Strength+1","Slay_Living+1","Spectral_Walk+1","Strike_W+1","Summon_Undead+1","Summon_Vampire_Lady+1","Thousand_Bone_Knives+1","Whirlwind_of_Bones+1"],"relics":["Vampire_Amulet","Hammer of Thor","Seething Fire","Anvil of the Gods","Unceasing Top","Prayer Wheel","hubris:EvacipatedBox","The Courier","Tiny Chest","Replay:Ringing Soul","halation:IllGainedPizza","Art of War"],"acts_visited":["Exordium","Exordium"],"potions_floor_usage":[],"damage_taken":[{"damage":7,"enemies":"2 Louse","floor":1,"turns":2},{"damage":5,"enemies":"Jaw Worm","floor":7,"turns":4},{"damage":3,"enemies":"Cultist","floor":8,"turns":4},{"damage":15,"enemies":"Exordium Wildlife","floor":11,"turns":5},{"damage":17,"enemies":"Gremlin Nob","floor":13,"turns":4},{"damage":8,"enemies":"Slime Boss","floor":16,"turns":6},{"damage":5,"enemies":"theJungle:GiantWrat","floor":18,"turns":4},{"damage":13,"enemies":"Shell Parasite","floor":20,"turns":3},{"damage":31,"enemies":"theJungle:JungleHuntersEncounter","floor":22,"turns":4},{"damage":48,"enemies":"theJungle:Cassacara","floor":23,"turns":6},{"damage":19,"enemies":"theJungle:SlimyTreeVines","floor":25,"turns":3}],"seed_played":"-8847149540418312201","potions_obtained":[{"floor":16,"key":"Block Potion"},{"floor":18,"key":"Explosive Potion"},{"floor":20,"key":"Block Potion"},{"floor":24,"key":"LiquidBronze"}],"is_trial":true,"path_per_floor":["M","?","$","?","$","R","M","M","T","$","M","R","E","?","R","B",null,"M","?","M","T","M","E","?","M"],"character_chosen":"NECROMANCER","items_purchased":["Prayer Wheel","hubris:EvacipatedBox","Uncharnel","Tiny Chest"],"campfire_rested":2,"item_purchase_floors":[5,5,10,10],"current_hp_per_floor":[72,72,72,61,23,45,42,41,41,41,30,30,15,18,41,42,81,81,81,70,70,43,8,8,0,0],"gold":559,"neow_bonus":"","is_daily":false,"chose_seed":false,"campfire_upgraded":1,"win_rate":0.0,"timestamp":1611521206,"path_taken":["M","?","$","?","?","R","M","M","T","$","?","R","E","?","R","BOSS","M","?","M","?","?","E","?","?"],"items_purchased_type":["Relic","Relic","Card","Relic"],"build_version":"2020-12-22","purchased_purges":0,"victory":false,"max_hp_per_floor":[75,75,75,75,75,75,75,75,75,75,75,75,75,78,78,81,81,84,84,84,84,84,84,84,84,84],"card_choices":[{"not_picked":["Negative_Energy_Javelin","Exploit","Bone_Bullets"],"picked":"SKIP","floor":1},{"not_picked":["Negative_Energy_Javelin","Negative_Energy_Burst"],"picked":"Summon_Death_Knight","floor":7},{"not_picked":["Blood_Whip","Strike_from_Beyond","Necromantic_Selection"],"picked":"SKIP","floor":7},{"not_picked":["Acid_Javelin","Bones_to_Steel","Shade_Step"],"picked":"SKIP","floor":8},{"not_picked":["Bone_Shift","Acid_Javelin","Blood_Curse"],"picked":"SKIP","floor":8},{"not_picked":["Toxic_Smoke_Screen","Bones_to_Steel"],"picked":"Death_March_Dance","floor":11},{"not_picked":["Blood_for_Blood","Death_Coil"],"picked":"Blood_Is_Power","floor":11},{"not_picked":["Necromantic_Selection","Blood_for_Blood","Finger_Of_Death"],"picked":"SKIP","floor":13},{"not_picked":["Reap_The_Weak","Blood_Magic"],"picked":"Skeleton_Dragon","floor":16},{"not_picked":["Stop_Heart","Plague_Bolt","Negative_Energy_Mist"],"picked":"SKIP","floor":18},{"not_picked":["Deaths_Shadow","Negative_Energy_Shield","Summon_Lich"],"picked":"SKIP","floor":18},{"not_picked":["Exploit+1","Negative_Energy_Mist","Chill_Blood"],"picked":"SKIP","floor":20},{"not_picked":["Blood_for_Blood","Shade_Step+1","Blood_Curse"],"picked":"SKIP","floor":20},{"not_picked":["Strike_from_Beyond","Whirlwind_of_Bones","Violent_Necrosis"],"picked":"SKIP","floor":22},{"not_picked":["Consume_Illness+1","Death_Knell","Life_Drain"],"picked":"SKIP","floor":22},{"not_picked":["Violent_Necrosis+1","Death_March_Dance+1","Bone_Bullets"],"picked":"SKIP","floor":23}],"player_experience":659601,"relics_obtained":[{"floor":9,"key":"The Courier"},{"floor":13,"key":"Replay:Ringing Soul"},{"floor":21,"key":"halation:IllGainedPizza"},{"floor":23,"key":"Art of War"}],"event_choices":[{"damage_healed":0,"gold_gain":75,"player_choice":"Gather Gold","damage_taken":11,"max_hp_gain":0,"max_hp_loss":0,"event_name":"World of Goop","floor":4,"gold_loss":0},{"damage_healed":0,"gold_gain":175,"player_choice":"AGREE","damage_taken":0,"max_hp_gain":0,"max_hp_loss":0,"event_name":"Liars Game","floor":14,"gold_loss":0,"cards_obtained":["Doubt"]},{"damage_healed":0,"gold_gain":0,"player_choice":"Got Potions","damage_taken":0,"max_hp_gain":0,"max_hp_loss":0,"event_name":"Lab","floor":24,"gold_loss":0}],"is_beta":false,"boss_relics":[{"not_picked":["halation:HeavySnake","Abe\u0027s Treasure","Kintsugi","Astrolabe"]}],"items_purged_floors":[],"is_endless":false,"potions_floor_spawned":[16,18,20,22],"killed_by":"theJungle:SlimyTreeVines","ascension_level":0}}