{"host":"gobyjzz6xbwq9f9i","time":1611469409,"event":{"mods":["AchievementEnabler","BaseMod","Bestiary","Colored Map","Minty Spire (QoL Compilation)"],"gold_per_floor":[214,19,30,44,44,44,70,81,153,153,7,7,32,51,51,152,152,164,214,233,247,162,162,182,182,182,198,230,230,261,261,261,261,261],"floor_reached":33,"language":"ENG","playtime":1473,"items_purged":[],"score":555,"play_id":"b2355cbc-b7be-472d-a9ef-96cab0278253","local_time":"20210123222329","is_ascension_mode":true,"campfire_choices":[{"data":"Bash","floor":6,"key":"SMITH"},{"data":"Anger","floor":10,"key":"SMITH"},{"data":"Sword Boomerang","floor":15,"key":"SMITH"},{"data":"Battle Trance","floor":23,"key":"SMITH"},{"data":"Immolate","floor":25,"key":"SMITH"},{"data":"Fiend Fire","floor":29,"key":"SMITH"},{"data":"Shrug It Off","floor":32,"key":"SMITH"}],"circlet_count":0,"master_deck":["AscendersBane","Strike_R","Strike_R","Strike_R","Strike_R","Strike_R","Defend_R","Defend_R+1","Defend_R","Defend_R+1","Bash+1","Reckless Charge+1","Shrug It Off+1","Pommel Strike","Anger+1","Feel No Pain","Sword Boomerang+1","Flex","Fiend Fire+1","Battle Trance+1","Headbutt","Immolate+1","Spot Weakness+1"],"relics":["Burning Blood","Oddly Smooth Stone","Ornamental Fan","StoneCalendar","Kunai","War Paint","Regal Pillow","Coffee Dripper","Torii","Gremlin Horn","Centennial Puzzle","Juzu Bracelet"],"acts_visited":["Exordium","TheCity"],"potions_floor_usage":[16,21,30],"damage_taken":[{"damage":1,"enemies":"Cultist","floor":1,"turns":4},{"damage":0,"enemies":"Jaw Worm","floor":3,"turns":5},{"damage":15,"enemies":"2 Louse","floor":4,"turns":3},{"damage":19,"enemies":"Lagavulin","floor":7,"turns":6},{"damage":4,"enemies":"Gremlin Gang","floor":8,"turns":6},{"damage":5,"enemies":"3 Sentries","floor":13,"turns":7},{"damage":12,"enemies":"Exordium Wildlife","floor":14,"turns":5},{"damage":0,"enemies":"Slime Boss","floor":16,"turns":7},{"damage":0,"enemies":"3 Byrds","floor":18,"turns":5},{"damage":9,"enemies":"2 Thieves","floor":20,"turns":4},{"damage":25,"enemies":"Snecko","floor":21,"turns":6},{"damage":2,"enemies":"Centurion and Healer","floor":24,"turns":5},{"damage":0,"enemies":"Sentry and Sphere","floor":27,"turns":4},{"damage":6,"enemies":"Slavers","floor":28,"turns":2},{"damage":0,"enemies":"Gremlin Leader","floor":30,"turns":3},{"damage":74,"enemies":"Automaton","floor":33,"turns":10}],"seed_played":"3351170595312910759","potions_obtained":[{"floor":1,"key":"ColorlessPotion"},{"floor":3,"key":"Explosive Potion"},{"floor":7,"key":"SpeedPotion"},{"floor":18,"key":"Block Potion"},{"floor":21,"key":"FearPotion"}],"is_trial":false,"path_per_floor":["M","$","M","M","T","R","E","M","T","R","$","?","E","M","R","B",null,"M","?","M","M","?","R","M","R","T","M","E","R","E","?","R","B"],"character_chosen":"IRONCLAD","items_purchased":["Oddly Smooth Stone","Shrug It Off","War Paint"],"campfire_rested":0,"item_purchase_floors":[2,2,11],"current_hp_per_floor":[77,77,80,71,71,71,58,60,60,60,60,60,61,55,55,61,75,80,80,77,58,58,58,62,62,62,68,68,68,74,59,59,0,0],"gold":261,"neow_bonus":"HUNDRED_GOLD","is_daily":false,"chose_seed":false,"campfire_upgraded":7,"win_rate":0.0,"timestamp":1611469409,"path_taken":["M","?","M","M","?","R","E","?","T","R","$","?","E","M","R","BOSS","M","?","M","?","?","R","M","R","T","M","E","R","E","?","R","BOSS"],"items_purchased_type":["Relic","Card","Relic"],"build_version":"2020-12-22","purchased_purges":0,"victory":false,"max_hp_per_floor":[80,80,80,80,80,80,80,80,80,80,80,80,80,80,80,80,80,80,80,80,80,80,80,80,80,80,80,80,80,80,85,85,85,85],"card_choices":[{"not_picked":["Evolve","True Grit"],"picked":"Reckless Charge","floor":1},{"not_picked":["Clash","Evolve"],"picked":"Pommel Strike","floor":3},{"not_picked":["Sword Boomerang","Shockwave"],"picked":"Anger","floor":4},{"not_picked":["Corruption","Dropkick","Seeing Red"],"picked":"SKIP","floor":7},{"not_picked":["Havoc","Pommel Strike"],"picked":"Feel No Pain","floor":8},{"not_picked":["Bludgeon","Thunderclap"],"picked":"Sword Boomerang","floor":13},{"not_picked":["Armaments","Anger"],"picked":"Flex","floor":14},{"not_picked":["Brutality","Exhume"],"picked":"Fiend Fire","floor":16},{"not_picked":["Headbutt","Anger"],"picked":"Battle Trance","floor":18},{"not_picked":["Clothesline","Flex","True Grit"],"picked":"SKIP","floor":20},{"not_picked":["Thunderclap+1","Armaments"],"picked":"Headbutt","floor":21},{"not_picked":["Cleave","Warcry"],"picked":"Immolate","floor":24},{"not_picked":["Carnage","Anger","Combust"],"picked":"SKIP","floor":27},{"not_picked":["Anger","Burning Pact","Fiend Fire"],"picked":"SKIP","floor":28},{"not_picked":["Dual Wield","Bloodletting"],"picked":"Spot Weakness+1","floor":30}],"player_experience":1146510,"relics_obtained":[{"floor":5,"key":"Ornamental Fan"},{"floor":7,"key":"StoneCalendar"},{"floor":9,"key":"Kunai"},{"floor":13,"key":"Regal Pillow"},{"floor":26,"key":"Gremlin Horn"},{"floor":28,"key":"Centennial Puzzle"},{"floor":30,"key":"Juzu Bracelet"}],"event_choices":[{"damage_healed":0,"gold_gain":0,"player_choice":"Grow","damage_taken":0,"max_hp_gain":0,"max_hp_loss":0,"event_name":"Living Wall","floor":12,"gold_loss":0,"cards_upgraded":["Reckless Charge"]},{"damage_healed":0,"gold_gain":100,"player_choice":"Bet on Murderer","damage_taken":0,"max_hp_gain":0,"max_hp_loss":0,"event_name":"The Joust","floor":19,"gold_loss":50},{"damage_healed":0,"gold_gain":0,"player_choice":"Obtained Relic","damage_taken":0,"relics_obtained":["Torii"],"max_hp_gain":0,"max_hp_loss":0,"event_name":"Addict","floor":22,"gold_loss":85},{"damage_healed":0,"gold_gain":0,"player_choice":"Shed Blood","damage_taken":20,"max_hp_gain":5,"max_hp_loss":0,"event_name":"Forgotten Altar","floor":31,"gold_loss":0}],"is_beta":false,"boss_relics":[{"not_picked":["Astrolabe","Tiny House"],"picked":"Coffee Dripper"}],"items_purged_floors":[],"is_endless":false,"potions_floor_spawned":[1,3,7,18,21,24],"killed_by":"Automaton","ascension_level":10}}