{"host":"n6qxj7a4gnapjcui","time":1611500440,"event":{"mods":["2.2 Compatiblity","AchievementEnabler","BaseMod","Colored Map","Minty Spire (QoL Compilation)"],"gold_per_floor":[114,129,204,204,204,204,236,236,236,236,253,283,301,1,1,101,101,121,138,138,152,0,25,25,54,134,168,22,48,68,68,68,170,170,190,202,220,232,29,29,48,66,146,146,158,187,238,268,268,268],"floor_reached":51,"language":"POL","playtime":2463,"items_purged":[],"score":1206,"play_id":"bf37f884-df76-4e1b-8939-5268af5c8eb3","local_time":"20210124160040","is_ascension_mode":true,"campfire_choices":[{"data":"Pommel Strike","floor":6.0,"key":"SMITH"},{"data":"Bash","floor":8.0,"key":"SMITH"},{"data":"Shrug It Off","floor":10.0,"key":"SMITH"},{"data":"Flex","floor":15.0,"key":"SMITH"},{"data":"Seeing Red","floor":24.0,"key":"SMITH"},{"floor":32.0,"key":"REST"},{"data":"Offering","floor":40.0,"key":"SMITH"},{"data":"Exhume","floor":44.0,"key":"SMITH"},{"floor":49.0,"key":"REST"}],"circlet_count":0,"master_deck":["Strike_R","Strike_R","Defend_R","Defend_R","Defend_R","Defend_R","Bash+1","Pommel Strike+1","Shrug It Off+1","Iron Wave+1","Carnage+1","Twin Strike+1","Uppercut+1","Immolate+1","Flex+1","Feed+1","Immolate+1","Hemokinesis+1","Clothesline+1","Spot Weakness","Entrench","Spot Weakness","Iron Wave+1","Seeing Red+1","Exhume+1","Cleave+1","Inflame+1","Shockwave+1","Headbutt+1","Reaper+1","Thunderclap+1","Armaments","Warcry+1","Offering+1","Dark Embrace+1","Reaper+1","Dropkick+1","Seeing Red+1","Armaments+1"],"relics":["Burning Blood","Happy Flower","Pear","Sundial","Molten Egg 2","Self Forming Clay","Membership Card","Astrolabe","Vajra","Blood Vial","Blue Candle","Kunai","HornCleat","Prayer Wheel","PreservedInsect","Orrery","Red Skull","Black Star","Frozen Egg 2","Question Card","Mango","Letter Opener","StoneCalendar","Omamori","Toxic Egg 2"],"acts_visited":["Exordium","TheCity","TheBeyond"],"potions_floor_usage":[50],"damage_taken":[{"damage":14.0,"enemies":"Small Slimes","floor":1.0,"turns":5.0},{"damage":2.0,"enemies":"Jaw Worm","floor":2.0,"turns":3.0},{"damage":20.0,"enemies":"Gremlin Nob","floor":7.0,"turns":4.0},{"damage":0.0,"enemies":"2 Louse","floor":11.0,"turns":2.0},{"damage":11.0,"enemies":"3 Sentries","floor":12.0,"turns":8.0},{"damage":5.0,"enemies":"Exordium Wildlife","floor":13.0,"turns":3.0},{"damage":13.0,"enemies":"The Guardian","floor":16.0,"turns":6.0},{"damage":7.0,"enemies":"3 Byrds","floor":18.0,"turns":3.0},{"damage":10.0,"enemies":"2 Thieves","floor":19.0,"turns":3.0},{"damage":22.0,"enemies":"Sentry and Sphere","floor":21.0,"turns":4.0},{"damage":23.0,"enemies":"Slavers","floor":23.0,"turns":2.0},{"damage":11.0,"enemies":"Gremlin Leader","floor":25.0,"turns":4.0},{"damage":24.0,"enemies":"Slavers","floor":27.0,"turns":4.0},{"damage":11.0,"enemies":"Book of Stabbing","floor":29.0,"turns":4.0},{"damage":18.0,"enemies":"Snake Plant","floor":30.0,"turns":4.0},{"damage":55.0,"enemies":"Automaton","floor":33.0,"turns":7.0},{"damage":9.0,"enemies":"Orb Walker","floor":35.0,"turns":4.0},{"damage":20.0,"enemies":"3 Shapes","floor":36.0,"turns":4.0},{"damage":43.0,"enemies":"Sphere and 2 Shapes","floor":37.0,"turns":4.0},{"damage":19.0,"enemies":"Maw","floor":38.0,"turns":7.0},{"damage":20.0,"enemies":"4 Shapes","floor":41.0,"turns":3.0},{"damage":12.0,"enemies":"Sphere and 2 Shapes","floor":42.0,"turns":1.0},{"damage":11.0,"enemies":"Jaw Worm Horde","floor":45.0,"turns":2.0},{"damage":33.0,"enemies":"Nemesis","floor":46.0,"turns":7.0},{"damage":13.0,"enemies":"2 Orb Walkers","floor":47.0,"turns":3.0},{"damage":61.0,"enemies":"Reptomancer","floor":48.0,"turns":5.0},{"damage":140,"enemies":"Awakened One","floor":50,"turns":12}],"seed_played":"-836655029114787850","potions_obtained":[{"floor":1.0,"key":"Dexterity Potion"},{"floor":16.0,"key":"Swift Potion"},{"floor":21.0,"key":"Regen Potion"},{"floor":25.0,"key":"SteroidPotion"},{"floor":27.0,"key":"LiquidMemories"},{"floor":30.0,"key":"Fire Potion"},{"floor":33.0,"key":"Fire Potion"},{"floor":35.0,"key":"FairyPotion"},{"floor":47.0,"key":"Strength Potion"},{"floor":48.0,"key":"SmokeBomb"}],"is_trial":false,"path_per_floor":["M","M","?","T","?","R","E","R","T","R","M","E","M","$","R","B",null,"M","M","?","M","$","E","R","E","T","E","$","E","M","?","R","B",null,"M","M","M","M","$","R","M","M","T","R","M","E","?","E","R","B",null],"character_chosen":"IRONCLAD","items_purchased":["Membership Card","Uppercut+1","Immolate+1","LiquidBronze","Flex","Vajra","Blood Vial","PreservedInsect","Orrery","Frozen Egg 2","Offering","Dark Embrace+1"],"campfire_rested":2,"item_purchase_floors":[14,14,14,14,14,22,22,28,28,39,39,39],"current_hp_per_floor":[64,68,57,67,67,67,53,53,53,53,59,54,55,55,55,48,80,83,83,83,71,71,61,61,58,58,46,46,43,33,33,64,17,84,101,89,58,65,65,65,57,89,89,89,90,89,88,53,93,35],"gold":268,"neow_bonus":"RANDOM_COMMON_RELIC","is_daily":false,"chose_seed":false,"campfire_upgraded":7,"win_rate":0.0,"timestamp":1611500440,"path_taken":["M","M","?","?","?","R","E","R","T","R","M","E","M","$","R","BOSS","M","M","?","M","?","E","R","E","T","E","$","E","?","?","R","BOSS","M","M","M","M","$","R","M","M","T","R","M","E","?","E","R","BOSS"],"items_purchased_type":["Relic","Card","Card","Potion","Card","Relic","Relic","Relic","Relic","Relic","Card","Card"],"build_version":"2020-12-22","purchased_purges":0,"victory":true,"max_hp_per_floor":[80,80,80,90,90,90,90,90,90,90,90,90,90,90,90,90,90,94,98,98,102,102,102,102,102,102,106,106,106,106,106,106,106,106,106,106,110,110,110,110,114,114,114,114,118,132,136,136,136,136],"card_choices":[{"not_picked":["Hemokinesis","Wild Strike"],"picked":"Pommel Strike","floor":1.0},{"not_picked":["Heavy Blade","Perfected Strike","Fire Breathing"],"picked":"SKIP","floor":2.0},{"not_picked":["Wild Strike","Havoc"],"picked":"Shrug It Off","floor":7.0},{"not_picked":["Havoc","Sword Boomerang+1"],"picked":"Iron Wave+1","floor":11.0},{"not_picked":["Infernal Blade","Burning Pact"],"picked":"Carnage+1","floor":12.0},{"not_picked":["Armaments","Hemokinesis+1"],"picked":"Twin Strike+1","floor":13.0},{"not_picked":["Limit Break","Exhume"],"picked":"Feed+1","floor":16.0},{"not_picked":["Evolve","Thunderclap+1"],"picked":"Spot Weakness","floor":18.0},{"not_picked":["Rupture","Body Slam+1"],"picked":"Entrench","floor":19.0},{"not_picked":["Hemokinesis+1","Carnage+1"],"picked":"Iron Wave+1","floor":21.0},{"not_picked":["True Grit","Bludgeon+1"],"picked":"Seeing Red","floor":23.0},{"not_picked":["Combust","Clash+1"],"picked":"Exhume","floor":25.0},{"not_picked":["Ghostly Armor","Flame Barrier","Iron Wave+1"],"picked":"SKIP","floor":27.0},{"not_picked":["Heavy Blade+1","Warcry"],"picked":"Cleave+1","floor":28.0},{"not_picked":["Perfected Strike+1","Burning Pact+1"],"picked":"Inflame+1","floor":28.0},{"not_picked":["Headbutt+1","Body Slam+1"],"picked":"Shockwave+1","floor":28.0},{"not_picked":["Clothesline+1","Brutality","Body Slam+1"],"picked":"SKIP","floor":29.0},{"not_picked":["Clothesline+1","Combust"],"picked":"Headbutt+1","floor":30.0},{"not_picked":["Cleave+1","Feel No Pain","Iron Wave+1"],"picked":"SKIP","floor":30.0},{"not_picked":["Demon Form","Bludgeon+1"],"picked":"Reaper+1","floor":33.0},{"not_picked":["Combust","Sword Boomerang+1","Ghostly Armor+1"],"picked":"SKIP","floor":35.0},{"not_picked":["Second Wind","Sword Boomerang+1","Flex"],"picked":"SKIP","floor":35.0},{"not_picked":["Reckless Charge+1","Wild Strike+1"],"picked":"Thunderclap+1","floor":36.0},{"not_picked":["Wild Strike+1","Clothesline+1","Pummel+1"],"picked":"SKIP","floor":36.0},{"not_picked":["Searing Blow+1","Flex"],"picked":"Armaments","floor":37.0},{"not_picked":["Thunderclap+1","Sever Soul+1","Rupture"],"picked":"SKIP","floor":37.0},{"not_picked":["Barricade","Thunderclap+1"],"picked":"Warcry+1","floor":38.0},{"not_picked":["Entrench+1","Pummel+1","Havoc+1"],"picked":"SKIP","floor":38.0},{"not_picked":["Heavy Blade+1","Pommel Strike+1","Iron Wave+1"],"picked":"SKIP","floor":41.0},{"not_picked":["Second Wind","Warcry","Sever Soul+1"],"picked":"SKIP","floor":41.0},{"not_picked":["Iron Wave+1","Shrug It Off+1"],"picked":"Reaper+1","floor":42.0},{"not_picked":["Whirlwind+1","Thunderclap+1","Cleave+1"],"picked":"SKIP","floor":42.0},{"not_picked":["Bloodletting+1","Combust+1","Dual Wield+1"],"picked":"Dropkick+1","floor":45.0},{"not_picked":["Warcry+1","Clothesline+1","Rupture+1"],"picked":"Seeing Red+1","floor":45.0},{"not_picked":["Sword Boomerang+1","Combust+1","Bloodletting","Body Slam+1"],"picked":"SKIP","floor":46.0},{"not_picked":["Immolate+1","Ghostly Armor+1","Body Slam+1"],"picked":"Armaments+1","floor":48.0}],"player_experience":311680,"relics_obtained":[{"floor":4.0,"key":"Pear"},{"floor":7.0,"key":"Sundial"},{"floor":9.0,"key":"Molten Egg 2"},{"floor":12.0,"key":"Self Forming Clay"},{"floor":23.0,"key":"Blue Candle"},{"floor":25.0,"key":"Kunai"},{"floor":26.0,"key":"HornCleat"},{"floor":27.0,"key":"Prayer Wheel"},{"floor":29.0,"key":"Red Skull"},{"floor":43.0,"key":"Question Card"},{"floor":46.0,"key":"Mango"},{"floor":46.0,"key":"Letter Opener"},{"floor":47.0,"key":"StoneCalendar"},{"floor":48.0,"key":"Omamori"},{"floor":48.0,"key":"Toxic Egg 2"}],"event_choices":[{"damage_healed":0.0,"max_hp_gain":0.0,"max_hp_loss":0.0,"gold_gain":75.0,"event_name":"World of Goop","player_choice":"Gather Gold","floor":3.0,"gold_loss":0.0,"damage_taken":11.0},{"damage_healed":0.0,"max_hp_gain":0.0,"max_hp_loss":0.0,"gold_gain":0.0,"event_name":"Liars Game","player_choice":"Ignored","floor":5.0,"gold_loss":0.0,"damage_taken":0.0},{"damage_healed":0.0,"max_hp_gain":0.0,"max_hp_loss":0.0,"gold_gain":0.0,"event_name":"Duplicator","player_choice":"Copied","floor":20.0,"gold_loss":0.0,"damage_taken":0.0,"cards_obtained":["Spot Weakness"]},{"damage_healed":0.0,"max_hp_gain":0.0,"max_hp_loss":0.0,"gold_gain":0.0,"event_name":"Mysterious Sphere","player_choice":"Fight","floor":47.0,"gold_loss":0.0,"damage_taken":0.0}],"is_beta":false,"boss_relics":[{"not_picked":["Snecko Eye","SacredBark"],"picked":"Astrolabe"},{"not_picked":["Cursed Key","Pandora\u0027s Box"],"picked":"Black Star"}],"items_purged_floors":[],"is_endless":false,"potions_floor_spawned":[1,16,21,25,27,30,33,35,36,41,47,48],"ascension_level":7}}