{"host":"awrw1gk2acwismlg","time":1611479808,"event":{"mods":["100% Spire Juice","ATMod(°¢èªMod)","BaseMod","Bestiary","Challenge The Spire","Hero for Fun","KinomotoSakuraMod(Ä¾Ö®±¾Ó£)","Marisa£¨ìFÓê¡¡Ä§ÀíÉ³£©","Minty Spire (QoL Compilation)","Nova Terra(ÅµÍÞ¡¤Ì©À­)","Remilia_Scarlet Moed£¨ÀÙÃ×ÀòÑÇ¡¤Ë¹¿¨À×ÌØ£©3.3.5","Remilia£¨ÀÙÃ×ÀòÑÇ£©","Robot Space Explorer","Shop Mod","Small Relic Pack","Spicy Shops","StSLib","Warlord Emblem","Wide Potions","Yakumo Yukari mod","Youmu£¨»êÆÇÑýÃÎ£©","¡¾ÒÅÎï¿¨ÅÆ¡¿REMEMod","óô»ðÖ¸ÄÏ"],"gold_per_floor":[110,110,110,124,141,68,101,101,101,114,130,148,162,194,194,297,297,315,329,396,396,222,222,254,254,254,304,354,374,394,91,91,193,243,253,253,317,317,330,348,348,348,348,412,431,99,161,61,61,111],"floor_reached":51,"language":"ZHS","playtime":5348,"items_purged":["Regret","REME_GreenPollution+1"],"score":712,"play_id":"6a96186b-5a35-4ed5-8f1b-6d78254eeb33","local_time":"20210124171648","is_ascension_mode":false,"campfire_choices":[{"data":"AT_FamilyPortrait","floor":8.0,"key":"SMITH"},{"floor":15.0,"key":"REST"},{"data":"A Thousand Cuts","floor":23,"key":"SMITH"},{"floor":25,"key":"REST"},{"floor":32,"key":"REST"},{"data":"Blade Dance","floor":41,"key":"SMITH"},{"data":"Infinite Blades","floor":49,"key":"SMITH"}],"circlet_count":0,"master_deck":["Strike_G+1","Strike_G+1","Strike_G+1","Strike_G+1","Strike_G+1","Defend_G+1","Defend_G+1","Defend_G+1","Defend_G+1","Defend_G+1","Survivor+1","Neutralize+1","WarlordEmblem:Hanging+1","AT_FamilyPortrait+1","Blade Dance+1","Blade Dance+1","Venomology+1","A Thousand Cuts+1","Blade Dance+1","Blade Dance+1","AT_ArcaneSupremacy+1","AT_ThistleTea+1","Venomology+1","Blade Dance+1","Infinite Blades+1"],"relics":["AT_ATBox","REME_ComplimentaryCards","Black Star","Shuriken","relicPack:SpireResearchBook","Meat on the Bone","AT_SeraphEmbrace","relicPack:NeonSign","AT_RedTearstoneRing","Orichalcum","Torii","relicPack:KazumaCape","Ice Cream","Happy Flower","HornCleat","Toy Ornithopter","REME_CardOfGreed","Tiny House","Mark of the Bloom","relicPack:OneForAll","Ornamental Fan","Sundial","Sling","Vajra"],"acts_visited":["Exordium","TheCity","TheBeyond"],"potions_floor_usage":[19,20,20,24,24,27,29,30,33,33,35,35,35,39,40,44,44,44,45,45,45,47,50,50],"damage_taken":[{"damage":1.0,"enemies":"Jaw Worm","floor":1.0,"turns":3.0},{"damage":4.0,"enemies":"2 Louse","floor":4.0,"turns":3.0},{"damage":0.0,"enemies":"Cultist","floor":5.0,"turns":4.0},{"damage":12.0,"enemies":"3 Sentries","floor":7.0,"turns":7.0},{"damage":16.0,"enemies":"2 Fungi Beasts","floor":10.0,"turns":6.0},{"damage":0.0,"enemies":"Lots of Slimes","floor":11.0,"turns":4.0},{"damage":8.0,"enemies":"3 Louse","floor":12.0,"turns":6.0},{"damage":21.0,"enemies":"Exordium Thugs","floor":13.0,"turns":5.0},{"damage":20.0,"enemies":"Gremlin Nob","floor":14.0,"turns":3.0},{"damage":53.0,"enemies":"The Guardian","floor":16.0,"turns":15.0},{"damage":3.0,"enemies":"Spheric Guardian","floor":18.0,"turns":3.0},{"damage":12,"enemies":"2 Thieves","floor":19,"turns":3},{"damage":18,"enemies":"Shelled Parasite and Fungi","floor":20,"turns":12},{"damage":8,"enemies":"3 Cultists","floor":21,"turns":3},{"damage":41,"enemies":"Book of Stabbing","floor":24,"turns":6},{"damage":2,"enemies":"Chosen and Byrds","floor":27,"turns":3},{"damage":0,"enemies":"Sentry and Sphere","floor":29,"turns":3},{"damage":1,"enemies":"Snecko","floor":30,"turns":4},{"damage":32,"enemies":"Champ","floor":33,"turns":6},{"damage":8,"enemies":"3 Shapes","floor":35,"turns":3},{"damage":0,"enemies":"Orb Walker","floor":37,"turns":2},{"damage":0,"enemies":"Maw","floor":39,"turns":5},{"damage":0,"enemies":"Transient","floor":40,"turns":5},{"damage":0,"enemies":"Spire Growth","floor":44,"turns":2},{"damage":8,"enemies":"4 Shapes","floor":45,"turns":3},{"damage":0,"enemies":"Maw","floor":47,"turns":4},{"damage":44,"enemies":"Time Eater","floor":50,"turns":8}],"seed_played":"3080976684804546894","potions_obtained":[{"floor":4.0,"key":"Fire Potion"},{"floor":10.0,"key":"Fruit Juice"},{"floor":12.0,"key":"Poison Potion"},{"floor":19,"key":"SpeedPotion"},{"floor":24,"key":"LiquidMemories"},{"floor":33,"key":"DuplicationPotion"},{"floor":34,"key":"CultistPotion"},{"floor":44,"key":"Block Potion"},{"floor":45,"key":"Dexterity Potion"}],"is_trial":false,"path_per_floor":["M","?","?","M","M","R","E","R","T","M","M","M","M","E","R","B",null,"M","M","M","M","R","R","E","R","T","M","?","M","M","$","R","B",null,"M","?","M","?","M","M","R","T","T","M","M","R","M","$","R","B",null],"character_chosen":"THE_SILENT","items_purchased":["relicPack:SpireResearchBook","AT_ArcaneSupremacy","Toy Ornithopter","REME_CardOfGreed","Infinite Blades","Sling","Vajra"],"campfire_rested":3,"item_purchase_floors":[6,22,31,31,46,46,46],"current_hp_per_floor":[69,69,69,65,65,65,53,53,53,49,49,53,44,36,60,19,82,79,67,49,53,53,53,24,48,48,46,46,46,49,49,73,50,87,87,87,87,87,87,87,87,87,87,87,79,79,79,79,79,35],"gold":111,"neow_bonus":"BOSS_RELIC","is_daily":false,"chose_seed":false,"campfire_upgraded":4,"win_rate":0.0,"timestamp":1611479808,"path_taken":["M","?","?","M","?","R","E","R","T","M","M","M","M","E","R","BOSS","M","M","M","M","?","R","E","R","T","M","?","M","?","$","R","BOSS","M","?","M","?","M","?","R","?","T","M","M","R","M","$","R","BOSS"],"items_purchased_type":["Relic","Card","Relic","Relic","Card","Relic","Relic"],"build_version":"2020-12-22","purchased_purges":2,"victory":true,"max_hp_per_floor":[70,70,70,70,70,70,70,70,70,82,82,82,82,82,82,82,82,82,82,82,82,82,82,82,82,82,82,82,82,82,82,82,82,87,87,87,87,87,87,87,87,87,87,87,87,87,87,87,87,87],"card_choices":[{"not_picked":["AT_ShadowStep","Backflip","Dagger Throw"],"picked":"SKIP","floor":1.0},{"not_picked":["Tactician","Poisoned Stab"],"picked":"REME_GreenPollution","floor":4.0},{"not_picked":["Escape Plan","Quick Slash"],"picked":"Blade Dance","floor":5.0},{"not_picked":["Noxious Fumes","Underhanded Strike","AT_TinkerSharpsword"],"picked":"SKIP","floor":7.0},{"not_picked":["PiercingWail","Prepared"],"picked":"Blade Dance","floor":10.0},{"not_picked":["AT_WindFlip","Terror","Acrobatics"],"picked":"SKIP","floor":11.0},{"not_picked":["Caltrops","Dagger Throw","Sucker Punch"],"picked":"SKIP","floor":12.0},{"not_picked":["Sucker Punch","Deadly Poison"],"picked":"Venomology","floor":13.0},{"not_picked":["AT_WindFlip","Dash","Dagger Spray"],"picked":"SKIP","floor":14.0},{"not_picked":["REME_SpectralBlade","Unload"],"picked":"A Thousand Cuts","floor":16.0},{"not_picked":["Dodge and Roll","Blur"],"picked":"Blade Dance","floor":18.0},{"not_picked":["Prepared","Deflect","Deadly Poison"],"picked":"SKIP","floor":19},{"not_picked":["Dagger Spray","Dodge and Roll"],"picked":"Blade Dance+1","floor":20},{"not_picked":["PiercingWail+1","Noxious Fumes","Escape Plan+1"],"picked":"SKIP","floor":24},{"not_picked":["Crippling Poison","Caltrops","PiercingWail+1"],"picked":"SKIP","floor":29},{"not_picked":["Poisoned Stab","Slice"],"picked":"AT_ThistleTea","floor":30},{"not_picked":["REME_CopyPotion","Malaise"],"picked":"Venomology","floor":33},{"not_picked":["Predator","Flying Knee+1","Eviscerate+1"],"picked":"SKIP","floor":35},{"not_picked":["Dagger Throw+1","Bane","Dodge and Roll+1"],"picked":"SKIP","floor":37},{"not_picked":["Dagger Spray+1","Outmaneuver+1"],"picked":"Blade Dance","floor":39},{"not_picked":["AT_TinkerSharpsword","Poisoned Stab","Wraith Form v2"],"picked":"SKIP","floor":40},{"not_picked":["AT_WindFlip","Deflect","Quick Slash+1"],"picked":"SKIP","floor":44},{"not_picked":["Underhanded Strike","Bane","Crippling Poison"],"picked":"SKIP","floor":45},{"not_picked":["Well Laid Plans","Blur","Deadly Poison+1"],"picked":"SKIP","floor":47}],"player_experience":37543,"relics_obtained":[{"floor":7.0,"key":"Meat on the Bone"},{"floor":7.0,"key":"AT_ArchangelStaff"},{"floor":9.0,"key":"relicPack:NeonSign"},{"floor":14.0,"key":"Orichalcum"},{"floor":14.0,"key":"Torii"},{"floor":24,"key":"Ice Cream"},{"floor":24,"key":"Happy Flower"},{"floor":26,"key":"HornCleat"},{"floor":42,"key":"Ornamental Fan"},{"floor":43,"key":"Sundial"}],"event_choices":[{"damage_healed":0.0,"max_hp_gain":0.0,"max_hp_loss":0.0,"gold_gain":0.0,"event_name":"Big Fish","player_choice":"Box","floor":2.0,"gold_loss":0.0,"damage_taken":0.0,"relics_obtained":["Shuriken"],"cards_obtained":["Regret"]},{"damage_healed":0.0,"max_hp_gain":0.0,"max_hp_loss":0.0,"gold_gain":0.0,"event_name":"The Woman in Blue","player_choice":"Bought 0 Potions","floor":3.0,"gold_loss":0.0,"damage_taken":0.0},{"damage_healed":0,"gold_gain":100,"player_choice":"Bet on Murderer","damage_taken":0,"max_hp_gain":0,"max_hp_loss":0,"event_name":"The Joust","floor":28,"gold_loss":50},{"damage_healed":0,"gold_gain":0,"player_choice":"Upgrade","damage_taken":0,"relics_obtained":["Mark of the Bloom"],"max_hp_gain":0,"max_hp_loss":0,"event_name":"MindBloom","floor":36,"gold_loss":0,"cards_upgraded":["Strike_G","Strike_G","Strike_G","Strike_G","Strike_G","Defend_G","Defend_G","Defend_G","Defend_G","Defend_G","Survivor","Neutralize","WarlordEmblem:Hanging","REME_GreenPollution","Blade Dance","Blade Dance","Venomology","Blade Dance","AT_ArcaneSupremacy","Venomology"]}],"is_beta":false,"boss_relics":[{"not_picked":["REME_ChargedStone","Runic Dome"],"picked":"relicPack:KazumaCape"},{"not_picked":["Velvet Choker","HoveringKite"],"picked":"Tiny House"}],"items_purged_floors":[22,48],"is_endless":false,"potions_floor_spawned":[4,10,12,19,24,27,33,44,45,47],"ascension_level":0}}