{"host":"h1ba9qculgt1zycs","time":1611492339,"event":{"mods":["BaseMod","Hermit","Minty Spire (QoL Compilation)","Remove Card Discount Mod","StSLib","The Cursed"],"gold_per_floor":[117,117,132,307,307,307,336,353,353,381,0,0,26,43,43,141,141,160,175,210,210,210],"floor_reached":21,"language":"ENG","playtime":1456,"items_purged":["Adaptation","Adaptation","Adaptation","MentalFortress","Nirvana","Nirvana","Wireheading","BattleHymn","Study"],"score":280,"play_id":"f48dbee4-e56e-4d46-983e-1d4d1afec665","local_time":"20210124134539","is_ascension_mode":true,"campfire_choices":[{"data":"Eruption","floor":6,"key":"SMITH"},{"data":"Devotion","floor":12,"key":"SMITH"},{"data":"Prostrate","floor":15,"key":"SMITH"}],"circlet_count":0,"master_deck":["Strike_P","Strike_P","Strike_P","Strike_P","Defend_P","Defend_P","Defend_P","Defend_P","Eruption+1","Vigilance","Devotion+1","WreathOfFlame","Prostrate+1","WreathOfFlame","Blasphemy","FollowUp+1","CrushJoints+1"],"relics":["PureWater","Strawberry","Blue Candle","Pear","Kunai","Membership Card","The Courier","Pocketwatch","Black Star","Red Mask"],"acts_visited":["Exordium","TheCity"],"potions_floor_usage":[7,13,18,20],"damage_taken":[{"damage":0,"enemies":"2 Louse","floor":1,"turns":1},{"damage":0,"enemies":"Cultist","floor":3,"turns":2},{"damage":14,"enemies":"3 Sentries","floor":7,"turns":8},{"damage":11,"enemies":"Small Slimes","floor":8,"turns":3},{"damage":34,"enemies":"Lagavulin","floor":10,"turns":10},{"damage":6,"enemies":"Gremlin Nob","floor":13,"turns":3},{"damage":7,"enemies":"Looter","floor":14,"turns":3},{"damage":23,"enemies":"Slime Boss","floor":16,"turns":9},{"damage":14,"enemies":"3 Byrds","floor":18,"turns":2},{"damage":15,"enemies":"Shell Parasite","floor":19,"turns":4},{"damage":34,"enemies":"Masked Bandits","floor":20,"turns":3},{"damage":99999,"enemies":"Centurion and Healer","floor":21,"turns":2}],"seed_played":"-5728743834106099404","potions_obtained":[{"floor":3,"key":"Fire Potion"},{"floor":10,"key":"SneckoOil"},{"floor":16,"key":"Swift Potion"},{"floor":19,"key":"AttackPotion"}],"is_trial":false,"path_per_floor":["M","?","M","?","?","R","E","M","T","E","$","R","E","M","R","B",null,"M","M","?","M"],"character_chosen":"WATCHER","items_purchased":["Prostrate","Nirvana","Wireheading","Adaptation","MentalFortress","BattleHymn","Study","Adaptation","Adaptation","Nirvana"],"campfire_rested":0,"item_purchase_floors":[11,11,11,11,11,11,11,11,11,11],"current_hp_per_floor":[79,79,79,79,72,72,58,47,57,23,23,23,17,82,82,59,89,75,60,26,0,0],"gold":210,"neow_bonus":"RANDOM_COMMON_RELIC","is_daily":false,"chose_seed":false,"campfire_upgraded":3,"win_rate":0.0,"timestamp":1611492339,"path_taken":["M","?","?","?","?","R","E","M","T","E","$","R","E","M","R","BOSS","M","M","?","M"],"items_purchased_type":["Card","Card","Card","Card","Card","Card","Card","Card","Card","Card"],"build_version":"2020-12-22","purchased_purges":9,"victory":false,"max_hp_per_floor":[79,79,79,79,79,79,79,79,89,89,89,89,89,89,89,89,89,89,89,89,89,89],"card_choices":[{"not_picked":["JustLucky","Fasting2","EmptyBody"],"picked":"SKIP","floor":1},{"not_picked":["BowlingBash","CutThroughFate","Indignation"],"picked":"SKIP","floor":3},{"not_picked":["ForeignInfluence","ClearTheMind"],"picked":"Devotion","floor":7},{"not_picked":["Protect","BowlingBash","ForeignInfluence"],"picked":"SKIP","floor":8},{"not_picked":["Evaluate","EmptyFist"],"picked":"WreathOfFlame","floor":10},{"not_picked":["Protect","Ragnarok"],"picked":"WreathOfFlame","floor":13},{"not_picked":["PathToVictory","ThirdEye","Consecrate"],"picked":"SKIP","floor":14},{"not_picked":["Scrawl","Wish"],"picked":"Blasphemy","floor":16},{"not_picked":["JustLucky","FlurryOfBlows"],"picked":"FollowUp+1","floor":18},{"not_picked":["Evaluate","FlurryOfBlows"],"picked":"CrushJoints+1","floor":19}],"player_experience":279767,"relics_obtained":[{"floor":7,"key":"Blue Candle"},{"floor":9,"key":"Pear"},{"floor":10,"key":"Kunai"},{"floor":13,"key":"Pocketwatch"},{"floor":20,"key":"Red Mask"}],"event_choices":[{"damage_healed":0,"gold_gain":0,"player_choice":"Bought 0 Potions","damage_taken":0,"max_hp_gain":0,"max_hp_loss":0,"event_name":"The Woman in Blue","floor":2,"gold_loss":0},{"damage_healed":0,"gold_gain":175,"player_choice":"AGREE","damage_taken":0,"max_hp_gain":0,"max_hp_loss":0,"event_name":"Liars Game","floor":4,"gold_loss":0,"cards_obtained":["Doubt"]},{"cards_removed":["Doubt"],"damage_healed":0,"gold_gain":0,"player_choice":"Card Removal","damage_taken":7,"max_hp_gain":0,"max_hp_loss":0,"event_name":"Golden Wing","floor":5,"gold_loss":0},{"damage_healed":0,"gold_gain":0,"player_choice":"Fought Bandits","damage_taken":0,"max_hp_gain":0,"max_hp_loss":0,"event_name":"Masked Bandits","floor":20,"gold_loss":0}],"is_beta":false,"boss_relics":[{"not_picked":["Cursed Key","Empty Cage"],"picked":"Black Star"}],"items_purged_floors":[11,11,11,11,11,11,11,11,11],"is_endless":false,"potions_floor_spawned":[3,10,16,19],"killed_by":"Centurion and Healer","ascension_level":3}}