{"host":"jfbo3eu2ui08ej1u","time":1611527421,"event":{"mods":["2.2 Compatiblity","AchievementEnabler","Act Like it!","Aspiration","BaseMod","Better Altar","Better Match","Better Note","Better Sensory Stone","Better Skull","Better Third Choice","Block Reminder","Colored Map","Colored Powertips","Conspire","DeckTracker","Displayed Cursed Tome","Energized Spire","Fox Events","GifTheSpireLib","Hubris","Infinite Spire","Marked Mod","Minty Spire (QoL Compilation)","Pale of the Ancients","Poor People Problems","Quick Restart","Relic Filter","Reliquary","Reorder Act Four","Replay The Spire","Shop Mod","Spicy Shops","Spire Arcade","StSLib","Stuff the Spire","The Blue Laboratory","The Disciple","The Forsaken","The Hierophant","The Marked","Uncapped","Unceasing Turn Reminder","Wandering Minibosses"],"gold_per_floor":[110,129,143,9,25,60,60,60,128,128,147,33,63,76,76,149,149,164,164,174,174,174],"floor_reached":21,"language":"ENG","playtime":769,"items_purged":["Defend_P"],"score":382,"play_id":"477e15b3-3d94-46ed-864a-91b9dec88ac5","local_time":"20210124173021","is_ascension_mode":true,"campfire_choices":[{"floor":7.0,"key":"REST"},{"data":"BattleHymn","floor":10,"key":"SMITH"},{"data":"Study","floor":15,"key":"SMITH"}],"circlet_count":0,"master_deck":["AscendersBane","Strike_P","Strike_P","Strike_P","Defend_P","Defend_P","Defend_P","Eruption","Vigilance","Scrawl","BowlingBash","EmptyBody","Consecrate","BattleHymn+1","FearNoEvil","Indignation+1","Vengeance","Study+1","ThirdEye","Protect","Offering","InnerPeace"],"relics":["HolyWater","StuffTheSpire:PointBlank","Mirror","hubris:DisguiseKit","StuffTheSpire:Experiment12"],"acts_visited":["Exordium","TheCity"],"potions_floor_usage":[13,16,20],"damage_taken":[{"damage":3.0,"enemies":"2 Louse","floor":1.0,"turns":3.0},{"damage":0.0,"enemies":"Cultist","floor":2.0,"turns":2.0},{"damage":0.0,"enemies":"conspire:RoseBush","floor":3.0,"turns":4.0},{"damage":14.0,"enemies":"Lots of Slimes","floor":5.0,"turns":4.0},{"damage":23.0,"enemies":"Lagavulin","floor":6.0,"turns":7.0},{"damage":0,"enemies":"3 Louse","floor":11,"turns":2},{"damage":8,"enemies":"3 Sentries","floor":13,"turns":4},{"damage":0,"enemies":"2 Fungi Beasts","floor":14,"turns":2},{"damage":31,"enemies":"Hexaghost","floor":16,"turns":10},{"damage":26,"enemies":"2 Thieves","floor":18,"turns":3},{"damage":16,"enemies":"3 Byrds","floor":20,"turns":3},{"damage":19,"enemies":"Cultist and Chosen","floor":21,"turns":3}],"seed_played":"7380055529742669105","potions_obtained":[{"floor":5.0,"key":"SkillPotion"},{"floor":11,"key":"Block Potion"},{"floor":13,"key":"blueLaboratory:BubblePotion"},{"floor":18,"key":"Toxic Potion"}],"is_trial":false,"path_per_floor":["M","M","M","$","M","E","R","?","T","R","M","$","E","M","R","B",null,"M","?","M","M"],"character_chosen":"WATCHER","items_purchased":["StuffTheSpire:PointBlank","Study"],"campfire_rested":1,"item_purchase_floors":[4,12],"current_hp_per_floor":[58,58,58,58,44,21,41,41,41,41,41,41,33,33,33,2,52,26,29,13,0,0],"gold":174,"neow_bonus":"ONE_RANDOM_RARE_CARD","is_daily":false,"chose_seed":false,"campfire_upgraded":2,"win_rate":0.0,"timestamp":1611527421,"path_taken":["M","M","M","$","M","E","R","?","T","R","M","$","E","M","R","BOSS","M","?","?","?"],"items_purchased_type":["Relic","Card"],"build_version":"2020-12-22","purchased_purges":1,"victory":false,"max_hp_per_floor":[68,68,68,68,68,68,68,68,68,68,68,68,68,68,68,68,68,68,68,68,68,68],"card_choices":[{"not_picked":["Perseverance","WaveOfTheHand"],"picked":"BowlingBash","floor":1.0},{"not_picked":["SashWhip","LikeWater"],"picked":"EmptyBody","floor":2.0},{"not_picked":["Replay:ManipulateFuture","Replay:DivineShield"],"picked":"Consecrate","floor":3.0},{"not_picked":["FlurryOfBlows","EmptyFist"],"picked":"BattleHymn","floor":5.0},{"not_picked":["JustLucky","PathToVictory"],"picked":"FearNoEvil","floor":6.0},{"not_picked":["Replay:BluntJabs","Replay:Battleflow","Heavy Blade"],"picked":"Vengeance","floor":11},{"not_picked":["MarkedMod:GentlePulse","SashWhip","Massacre"],"picked":"ThirdEye","floor":13},{"not_picked":["MarkedMod:ChiBlock","FlurryOfBlows","True Grit"],"picked":"Protect","floor":14},{"not_picked":["Scrawl","Judgement","Alpha"],"picked":"Offering","floor":16},{"not_picked":["BowlingBash","Consecrate","JustLucky","StuffTheSpire:Incineration"],"picked":"SKIP","floor":18},{"not_picked":["SashWhip","ForeignInfluence","conspire:ExplosiveBarrier"],"picked":"InnerPeace","floor":20}],"player_experience":1219719,"relics_obtained":[{"floor":6.0,"key":"Mirror"},{"floor":9,"key":"hubris:DisguiseKit"},{"floor":13,"key":"StuffTheSpire:Experiment12"}],"event_choices":[],"is_beta":false,"boss_relics":[{"not_picked":["ReplayTheSpireMod:SealedPack","energizedSpire:RedRose"],"picked":"HolyWater"}],"items_purged_floors":[12],"is_endless":false,"potions_floor_spawned":[5,11,13,18],"killed_by":"Cultist and Chosen","ascension_level":20}}