{"host":"sdg6l2snfu9866ti","time":1611488811,"event":{"mods":["Act Like it!","BaseMod","Colored Map","Colored Powertips","Decade(Õı–°√˜)","Lobotomy","Minty Spire (QoL Compilation)","Quick Restart","Rare Cards Sparkle","Reimu£®≤©¿ˆ¡È√Œ£©","Remilia£®¿Ÿ√◊¿Ú—«£©","Replay The Spire","StSLib","The Senshi","The Servant 0.9.4","Youmu£®ªÍ∆«—˝√Œ£©"],"gold_per_floor":[110,185,33,47,61,61,76,76,103,103,103,173,207,254,254,359,359,392,419,427,427],"floor_reached":20,"language":"ZHS","playtime":2838,"items_purged":["Decade_Attack"],"score":199,"play_id":"69450f21-8a54-4f9a-8de4-6ea3279286a8","local_time":"20210124194650","is_ascension_mode":false,"campfire_choices":[{"data":"UnarmedAttack8","floor":6.0,"key":"SMITH"},{"data":"Decade_Attack","floor":8,"key":"SMITH"},{"floor":11,"key":"REST"},{"data":"UnarmedAttack3","floor":15,"key":"SMITH"}],"circlet_count":0,"master_deck":["Decade_Attack","Decade_Attack+1","Decade_Attack","KamenRide","Decade_SpecialSkill","Decade_Defend","Decade_Defend","Decade_Defend","Decade_Defend","CrumblingArmor","RideBooker","DragShield","UnarmedAttack8+1","MHz","FormRideFlame","CherryBlossoms","DragClaw","Blade_Beat","Decade_Defend2","UnarmedAttack3+1","LongBird","DenO_Climax","UnarmedAttack9","Murderer","KamenRideKuuga","SingingMachine","NMDAZYYGL"],"relics":["Decadriver","TOEIDeficitBill","CogitoBucket","Replay:Wax Seal","Replay:Bandana","HornCleat","Vajra","SacredBark","TreeSap"],"acts_visited":["Exordium","TheCity"],"potions_floor_usage":[13,14],"damage_taken":[{"damage":2.0,"enemies":"2 Louse","floor":1.0,"turns":4.0},{"damage":0.0,"enemies":"Cultist","floor":4.0,"turns":2.0},{"damage":6.0,"enemies":"Jaw Worm","floor":5.0,"turns":2.0},{"damage":0.0,"enemies":"Looter","floor":7.0,"turns":4.0},{"damage":13,"enemies":"3 Louse","floor":13,"turns":3},{"damage":0,"enemies":"Lagavulin","floor":14,"turns":3},{"damage":40,"enemies":"The Guardian","floor":16,"turns":9},{"damage":25,"enemies":"2 Thieves","floor":18,"turns":4},{"damage":25,"enemies":"Spheric Guardian","floor":19,"turns":4},{"damage":59,"enemies":"3 Cultists","floor":20,"turns":5}],"seed_played":"2792989778692564075","potions_obtained":[{"floor":4.0,"key":"FearPotion"},{"floor":13,"key":"SteroidPotion"},{"floor":19,"key":"PowerPotion"}],"is_trial":false,"path_per_floor":["M","?","$","M","M","R","M","R","T","?","R","T","M","E","R","B",null,"M","M","M"],"character_chosen":"Decade","items_purchased":["UnarmedAttack8"],"campfire_rested":1,"item_purchase_floors":[3],"current_hp_per_floor":[68,61,61,61,55,55,60,60,60,35,56,56,43,48,48,43,70,50,35,0,0],"gold":427,"neow_bonus":"","is_daily":false,"chose_seed":false,"campfire_upgraded":3,"win_rate":0.0,"timestamp":1611488810,"path_taken":["M","?","?","?","M","R","M","R","T","?","R","?","M","E","R","BOSS","M","M","M"],"items_purchased_type":["Card"],"build_version":"2020-12-22","purchased_purges":1,"victory":false,"max_hp_per_floor":[70,70,70,70,70,70,70,70,70,70,70,70,70,70,70,70,70,70,70,70,70],"card_choices":[{"not_picked":["Bloodbath","ShyLook"],"picked":"CrumblingArmor","floor":1.0},{"not_picked":["Blade_Mach","UnarmedAttack6"],"picked":"RideBooker","floor":1.0},{"not_picked":["Decade_Dash2","RideBooker"],"picked":"DragShield","floor":1.0},{"not_picked":["ShyLook","Scorched"],"picked":"MHz","floor":4.0},{"not_picked":["FormRide","KamenRideDecade"],"picked":"FormRideFlame","floor":4.0},{"not_picked":["WallGazer","ShyLook","Wellcheers"],"picked":"Singing Bowl","floor":5.0},{"not_picked":["ShyLook","BlackSwan"],"picked":"CherryBlossoms","floor":5.0},{"not_picked":["Blade_Metal","FormRideDogga","Decade_Dash2"],"picked":"SKIP","floor":5.0},{"not_picked":["Blade_Kick","Blade_Beat"],"picked":"DragClaw","floor":7.0},{"not_picked":["Kiva_Frozen","Hibiki_Attack1","DenO_Rod"],"picked":"SKIP","floor":7.0},{"not_picked":["Decade_Dash2","UnarmedAttack4"],"picked":"Blade_Beat","floor":13},{"not_picked":["TimeVent","RideBooker_Skill_2"],"picked":"Decade_Defend2","floor":14},{"not_picked":["FormRideDogga","Blade_Metal"],"picked":"UnarmedAttack3","floor":14},{"not_picked":["LaLuna","Bloodbath"],"picked":"LongBird","floor":16},{"not_picked":["Kabuto_ClockUp","TimeVent"],"picked":"DenO_Climax","floor":16},{"not_picked":["NMDAZYYGL","Kabuto_ClockUp"],"picked":"UnarmedAttack9","floor":16},{"not_picked":["ShyLook","BeautyBeast"],"picked":"Murderer","floor":18},{"not_picked":["FormRidePegasus","Decade_Invisible"],"picked":"KamenRideKuuga","floor":18},{"not_picked":["Blade_Kick","KamenRideKiva","Hibiki_Attack3"],"picked":"SKIP","floor":18},{"not_picked":["Blade_Kick","KamenRideKiva","Hibiki_Attack3"],"picked":"SKIP","floor":18},{"not_picked":["PunishingBird","SpiderBud"],"picked":"SingingMachine","floor":19},{"not_picked":["UnarmedAttack3","DragShield"],"picked":"NMDAZYYGL","floor":19},{"not_picked":["RideBooker_Skill_1","Blade_Metal+1","KamenRideHibiki"],"picked":"SKIP","floor":19}],"player_experience":268075,"relics_obtained":[{"floor":9,"key":"Replay:Wax Seal"},{"floor":12,"key":"HornCleat"},{"floor":14,"key":"Vajra"}],"event_choices":[{"damage_healed":0.0,"max_hp_gain":0.0,"max_hp_loss":0.0,"gold_gain":75.0,"event_name":"FaceTrader","player_choice":"Touch","floor":2.0,"gold_loss":0.0,"damage_taken":7.0},{"damage_healed":0,"gold_gain":0,"player_choice":"Success","damage_taken":25,"relics_obtained":["Replay:Bandana"],"max_hp_gain":0,"max_hp_loss":0,"event_name":"Scrap Ooze","floor":10,"gold_loss":0}],"is_beta":false,"boss_relics":[{"not_picked":["Painkiller Herb","Replay:Ancient Bell"],"picked":"SacredBark"}],"items_purged_floors":[3],"is_endless":false,"potions_floor_spawned":[4,13,19],"killed_by":"3 Cultists","ascension_level":0}}