{"host":"vgoo8hagqzs0eqkg","time":1611492856,"event":{"mods":["BaseMod","Downfall","Minty Spire (QoL Compilation)","Quick Restart","StSLib"],"gold_per_floor":[99,109,129,44,6,6,31,59,86,110,219,231,131,152,179,284,284,284,303,303,321,22,22,49,49,49,49,43,54,64,106,126,240,249,149,162,178,178,210,219,219,25,52,52,82,108,108,124,142,142],"floor_reached":51,"language":"ZHS","playtime":2717,"items_purged":["bronze:Strike","Parasite"],"score":718,"play_id":"073882fb-d676-4ec8-b438-a21c755a4732","local_time":"20210124205416","is_ascension_mode":false,"campfire_choices":[{"floor":1,"key":"RECALL"},{"data":"bronze:SpaghettiCode","floor":6,"key":"SMITH"},{"data":"bronze:FineTuning","floor":13,"key":"SMITH"},{"data":"bronze:ItsAFeature","floor":18,"key":"SMITH"},{"data":"bronze:Repulsor","floor":23,"key":"SMITH"},{"data":"bronze:MaxOutput","floor":25,"key":"SMITH"},{"data":"bronze:HardenedForm","floor":27,"key":"SMITH"},{"data":"bronze:Strike","floor":35,"key":"PURGE"},{"floor":40,"key":"REST"},{"data":"bronze:ThunderWave","floor":44,"key":"PURGE"},{"data":"bronze:Repulsor","floor":47,"key":"SMITH"}],"circlet_count":0,"master_deck":["bronze:Defend","bronze:Defend","bronze:Defend","bronze:Defend","bronze:Replicate","bronze:Goto","bronze:ChildClass","bronze:GetLatest","bronze:FineTuning+1","bronze:Optimize","bronze:SpaghettiCode+1","bronze:DelayedSlice","bronze:DarkDash","bronze:FollowUp","bronze:Iterate","bronze:Frontload","bronze:ItsAFeature+1","bronze:Optimize","bronze:HardenedForm+1","bronze:Backtrace","bronze:DarkDash","bronze:MaxOutput+1","bronze:Repulsor+1","bronze:ItsAFeature+1","bronze:GetLatest","CurseOfTheBell","bronze:FineTuning","bronze:Flail+1","bronze:ChosenStrike+1","bronze:Repulsor+1"],"relics":["bronze:BronzeCore","CeramicFish","White Beast Statue","downfall:HeartBlessingRed","Busted Crown","Dream Catcher","Vajra","Strawberry","Toy Ornithopter","Calling Bell","Orichalcum","Pantograph","Peace Pipe","downfall:HeartBlessingGreen","Lee\u0027s Waffle","Bronze Scales","Boot","Happy Flower"],"acts_visited":["Exordium","TheCity","TheBeyond"],"potions_floor_usage":[11,16,31,33,33,33,36,39,39,45,45,48,50],"damage_taken":[{"damage":1,"enemies":"Cultist","floor":2,"turns":4},{"damage":0,"enemies":"Small Slimes","floor":3,"turns":4},{"damage":0,"enemies":"downfall:FleeingMerchant","floor":4,"turns":4},{"damage":5,"enemies":"downfall:FleeingMerchant","floor":5,"turns":4},{"damage":4,"enemies":"2 Louse","floor":8,"turns":3},{"damage":7,"enemies":"Blue Slaver","floor":9,"turns":4},{"damage":1,"enemies":"Exordium Thugs","floor":10,"turns":5},{"damage":9,"enemies":"downfall:LadyInBlue","floor":11,"turns":8},{"damage":0,"enemies":"3 Louse","floor":12,"turns":2},{"damage":1,"enemies":"Large Slime","floor":14,"turns":6},{"damage":3,"enemies":"Exordium Thugs","floor":15,"turns":3},{"damage":23,"enemies":"WA_ARCHETYPE_RETAIN","floor":16,"turns":7},{"damage":7,"enemies":"Spheric Guardian","floor":19,"turns":4},{"damage":0,"enemies":"downfall:FleeingMerchant","floor":22,"turns":4},{"damage":2,"enemies":"downfall:FleeingMerchant","floor":28,"turns":4},{"damage":9,"enemies":"Centurion and Healer","floor":29,"turns":4},{"damage":10,"enemies":"Chosen and Byrds","floor":30,"turns":3},{"damage":29,"enemies":"Slavers","floor":31,"turns":5},{"damage":0,"enemies":"3 Cultists","floor":32,"turns":4},{"damage":14,"enemies":"IC_MUSHROOM_ARCHETYPE","floor":33,"turns":6},{"damage":12,"enemies":"3 Shapes","floor":36,"turns":4},{"damage":14,"enemies":"Orb Walker","floor":37,"turns":5},{"damage":34,"enemies":"Writhing Mass","floor":39,"turns":5},{"damage":0,"enemies":"downfall:FleeingMerchant","floor":42,"turns":1},{"damage":21,"enemies":"Jaw Worm Horde","floor":43,"turns":5},{"damage":3,"enemies":"Reptomancer","floor":45,"turns":7},{"damage":5,"enemies":"4 Shapes","floor":46,"turns":5},{"damage":19,"enemies":"Transient","floor":48,"turns":5},{"damage":5,"enemies":"3 Darklings","floor":49,"turns":4},{"damage":31,"enemies":"DF_ARCHETYPE_ORBS","floor":50,"turns":6}],"seed_played":"5035910219742994516","potions_obtained":[{"floor":8,"key":"bronze:CleanCodePotion"},{"floor":9,"key":"Fire Potion"},{"floor":11,"key":"SmokeBomb"},{"floor":11,"key":"LiquidMemories"},{"floor":11,"key":"CultistPotion"},{"floor":16,"key":"Weak Potion"},{"floor":28,"key":"EntropicBrew"},{"floor":31,"key":"bronze:BurnAndBuffPotion"},{"floor":33,"key":"Fire Potion"},{"floor":36,"key":"ColorlessPotion"},{"floor":37,"key":"LiquidMemories"},{"floor":39,"key":"Fire Potion"},{"floor":42,"key":"Fire Potion"},{"floor":45,"key":"DuplicationPotion"},{"floor":46,"key":"Guardian:BlockOnCardUsePotion"},{"floor":48,"key":"GamblersBrew"}],"is_trial":false,"path_per_floor":["R","M","M","$","$","R","T","M","M","M","?","M","R","M","M","B",null,"R","M","T","?","$","R","T","R","?","R","$","M","M","E","M","B",null,"R","M","M","?","M","R","T","$","M","R","E","M","R","M","M","B",null],"character_chosen":"THE_AUTOMATON","items_purchased":["bronze:Optimize","bronze:DelayedSlice","Vajra","bronze:Repulsor","Lee\u0027s Waffle","Bronze Scales","Boot"],"campfire_rested":1,"item_purchase_floors":[4,5,22,22,42,42,42],"current_hp_per_floor":[77,76,76,76,71,71,71,67,60,59,50,50,50,49,46,23,77,77,70,70,70,70,70,77,77,77,77,75,66,56,27,27,28,84,84,72,58,58,34,59,59,88,67,67,74,69,69,55,50,49],"gold":142,"neow_bonus":"TEN_PERCENT_HP_BONUS","is_daily":false,"chose_seed":false,"campfire_upgraded":7,"win_rate":0.0,"timestamp":1611492856,"path_taken":["R","M","M","?","$","R","T","M","M","M","?","M","R","M","M","BOSS","R","M","?","?","$","R","T","R","?","R","?","M","M","E","M","BOSS","R","M","M","?","M","R","T","?","M","R","E","M","R","M","M","BOSS"],"items_purchased_type":["Card","Card","Relic","Card","Relic","Relic","Relic"],"build_version":"2020-12-22","purchased_purges":2,"victory":true,"max_hp_per_floor":[77,77,77,77,77,77,77,77,77,77,77,77,77,77,77,77,77,77,77,77,77,77,77,84,84,84,84,84,84,84,84,84,84,84,84,84,84,84,84,84,84,88,88,88,88,88,88,88,88,88],"card_choices":[{"not_picked":["bronze:Deprecate","bronze:ForceShield"],"picked":"bronze:ChildClass","floor":2},{"not_picked":["bronze:Turbo","bronze:Overheat"],"picked":"bronze:GetLatest","floor":3},{"not_picked":["bronze:Repair","bronze:Break"],"picked":"bronze:FineTuning","floor":4},{"not_picked":["bronze:OilSpill","bronze:Overheat"],"picked":"bronze:SpaghettiCode","floor":5},{"not_picked":["bronze:Overheat","bronze:OilSpill"],"picked":"bronze:DarkDash","floor":8},{"not_picked":["bronze:BronzeArmor","bronze:BugBarrage"],"picked":"bronze:FollowUp","floor":9},{"not_picked":["bronze:BugBarrage","bronze:WildBeam"],"picked":"bronze:Iterate","floor":10},{"not_picked":["bronze:Overload","bronze:Invalidate"],"picked":"bronze:Frontload","floor":11},{"not_picked":["bronze:BitShift","bronze:Return","bronze:Deprecate"],"picked":"SKIP","floor":12},{"not_picked":["bronze:Iterate","bronze:BugBarrage"],"picked":"bronze:ItsAFeature","floor":14},{"not_picked":["bronze:Format","bronze:BuggyMess"],"picked":"bronze:Optimize","floor":15},{"not_picked":["bronze:Virus","bronze:FindAndReplace"],"picked":"bronze:HardenedForm","floor":16},{"not_picked":["bronze:Branch"],"picked":"SKIP","floor":19},{"not_picked":[],"picked":"bronze:MaxOutput","floor":22},{"not_picked":[],"picked":"bronze:ItsAFeature+1","floor":28},{"not_picked":["bronze:Iterate"],"picked":"SKIP","floor":29},{"not_picked":["bronze:Shield"],"picked":"SKIP","floor":30},{"not_picked":[],"picked":"bronze:GetLatest","floor":31},{"not_picked":["bronze:WhirlingStrike"],"picked":"SKIP","floor":32},{"not_picked":[],"picked":"bronze:ThunderWave","floor":33},{"not_picked":["bronze:BronzeArmor+1"],"picked":"SKIP","floor":36},{"not_picked":["bronze:Invalidate+1"],"picked":"SKIP","floor":37},{"not_picked":[],"picked":"bronze:FineTuning","floor":39},{"not_picked":[],"picked":"bronze:Flail+1","floor":40},{"not_picked":["bronze:BuggyMess"],"picked":"SKIP","floor":42},{"not_picked":[],"picked":"bronze:ChosenStrike+1","floor":43},{"not_picked":["bronze:HardenedForm"],"picked":"SKIP","floor":45},{"not_picked":[],"picked":"bronze:Repulsor","floor":46},{"not_picked":["bronze:BitShift"],"picked":"SKIP","floor":48},{"not_picked":["bronze:Turbo"],"picked":"SKIP","floor":49}],"player_experience":457263,"relics_obtained":[{"floor":7,"key":"CeramicFish"},{"floor":11,"key":"White Beast Statue"},{"floor":20,"key":"Dream Catcher"},{"floor":24,"key":"Strawberry"},{"floor":31,"key":"Toy Ornithopter"},{"floor":34,"key":"Orichalcum"},{"floor":34,"key":"Pantograph"},{"floor":34,"key":"Peace Pipe"},{"floor":45,"key":"Happy Flower"}],"event_choices":[{"damage_healed":0,"gold_gain":0,"cards_transformed":["bronze:Strike","bronze:Strike"],"player_choice":"Became Test Subject","damage_taken":0,"max_hp_gain":0,"max_hp_loss":0,"event_name":"Drug Dealer","floor":21,"gold_loss":0,"cards_obtained":["bronze:Backtrace","bronze:DarkDash"]},{"damage_healed":0,"gold_gain":0,"player_choice":"Ignored","damage_taken":0,"max_hp_gain":0,"max_hp_loss":0,"event_name":"Ghosts","floor":26,"gold_loss":0},{"damage_healed":0,"gold_gain":0,"player_choice":"Ignored","damage_taken":0,"max_hp_gain":0,"max_hp_loss":0,"event_name":"Mysterious Sphere","floor":38,"gold_loss":0}],"is_beta":false,"boss_relics":[{"not_picked":["Runic Dome","bronze:PlatinumCore"],"picked":"Busted Crown"},{"not_picked":["Sozu","Snecko Eye"],"picked":"Calling Bell"}],"items_purged_floors":[22,42],"is_endless":false,"potions_floor_spawned":[8,9,11,12,14,15,16,19,22,28,29,30,31,32,33,36,37,39,42,43,45,46,48,49],"ascension_level":0}}