{"host":"rolltorest","time":1611459732,"event":{"mods":["BaseMod","Minty Spire (QoL Compilation)","Relic Stats","Slay the Relics Exporter","StSLib"],"gold_per_floor":[111,111,111,122,47,74,89,114,114,31,43,74,89,2,2,78,78,95,105,105,105,105,130,130,161,161,189,189,201,221,5,5,77,77,90,105,118,131,156,156,156],"floor_reached":40,"language":"ENG","playtime":1050,"items_purged":["Strike_P"],"score":1232,"play_id":"62ff4cdc-a53c-4e3c-ba15-10957f625248","local_time":"20210123194212","is_ascension_mode":true,"campfire_choices":[{"data":"ForeignInfluence","floor":15,"key":"SMITH"},{"data":"Ghostly","floor":24,"key":"SMITH"},{"floor":28,"key":"REST"},{"data":"Ghostly","floor":32,"key":"SMITH"}],"circlet_count":0,"master_deck":["AscendersBane","Strike_P+1","Strike_P","Defend_P","Defend_P+1","Defend_P","Eruption+1","Vigilance","Prostrate","CarveReality","EmptyFist","WheelKick","Wallop+1","Consecrate+1","ForeignInfluence+1","SashWhip+1","Brilliance+1","Blasphemy+1","FlurryOfBlows+1","CutThroughFate+1","Ghostly+1","Ghostly+1","Ghostly+1","SandsOfTime+1","LessonLearned+1","JustLucky+1","Master of Strategy","Devotion","LikeWater+1","FearNoEvil+1","Conclude+1"],"relics":["HolyWater","NeowsBlessing","Bottled Flame","White Beast Statue","Molten Egg 2","Anchor","MutagenicStrength","The Courier","Akabeko","StrikeDummy","Bag of Marbles","Philosopher\u0027s Stone"],"acts_visited":["Exordium","TheCity","TheBeyond"],"potions_floor_usage":[8,23,33,40,40],"damage_taken":[{"damage":0,"enemies":"2 Louse","floor":1,"turns":1},{"damage":0,"enemies":"Small Slimes","floor":4,"turns":1},{"damage":0,"enemies":"3 Sentries","floor":6,"turns":1},{"damage":0,"enemies":"Cultist","floor":7,"turns":2},{"damage":8,"enemies":"Gremlin Nob","floor":8,"turns":3},{"damage":0,"enemies":"2 Fungi Beasts","floor":11,"turns":1},{"damage":11,"enemies":"Lagavulin","floor":12,"turns":6},{"damage":0,"enemies":"Exordium Thugs","floor":13,"turns":3},{"damage":0,"enemies":"The Guardian","floor":16,"turns":9},{"damage":4,"enemies":"Shell Parasite","floor":18,"turns":4},{"damage":0,"enemies":"Chosen","floor":19,"turns":3},{"damage":11,"enemies":"Slavers","floor":23,"turns":3},{"damage":0,"enemies":"Gremlin Leader","floor":25,"turns":3},{"damage":8,"enemies":"Slavers","floor":27,"turns":4},{"damage":0,"enemies":"3 Cultists","floor":29,"turns":3},{"damage":0,"enemies":"Snake Plant","floor":30,"turns":2},{"damage":0,"enemies":"Automaton","floor":33,"turns":6},{"damage":13,"enemies":"3 Darklings","floor":35,"turns":2},{"damage":0,"enemies":"Orb Walker","floor":36,"turns":3},{"damage":0,"enemies":"Jaw Worm Horde","floor":37,"turns":4},{"damage":17,"enemies":"Maw","floor":38,"turns":7},{"damage":2,"enemies":"Reptomancer","floor":40,"turns":3}],"seed_played":"7344478651628570018","potions_obtained":[{"floor":4,"key":"FearPotion"},{"floor":8,"key":"Fire Potion"},{"floor":11,"key":"DistilledChaos"},{"floor":23,"key":"Weak Potion"},{"floor":25,"key":"PowerPotion"},{"floor":30,"key":"Ancient Potion"},{"floor":33,"key":"FearPotion"},{"floor":36,"key":"PowerPotion"}],"is_trial":false,"path_per_floor":["M","?","?","M","?","E","M","E","T","$","M","E","M","$","R","B",null,"M","M","?","?","?","E","R","E","T","E","R","M","M","$","R","B",null,"M","M","M","M","T","E"],"character_chosen":"WATCHER","items_purchased":["Wallop+1","Brilliance+1","Master of Strategy"],"campfire_rested":1,"item_purchase_floors":[10,14,31],"current_hp_per_floor":[61,54,54,54,54,54,54,46,46,46,46,35,35,35,35,35,60,56,56,56,34,34,23,23,23,23,15,25,25,25,25,25,25,32,19,19,19,2,2,0,0],"gold":156,"neow_bonus":"THREE_ENEMY_KILL","is_daily":false,"chose_seed":false,"campfire_upgraded":3,"win_rate":0.0,"timestamp":1611459732,"path_taken":["M","?","?","?","?","E","M","E","T","?","M","E","M","$","R","BOSS","M","M","?","?","?","E","R","E","T","E","R","M","M","?","R","BOSS","M","M","M","M","?","E"],"items_purchased_type":["Card","Card","Card"],"build_version":"2020-12-18","purchased_purges":1,"victory":false,"max_hp_per_floor":[68,68,68,68,68,68,68,68,68,68,68,68,68,68,68,68,68,68,68,68,34,34,34,34,34,34,34,34,34,34,34,34,34,34,34,34,34,34,34,34,34],"relic_stats":{"counters":[22,74],"obtain_stats":[{"NeowsBlessing":0,"The Courier":23,"White Beast Statue":8,"Akabeko":25,"Bottled Flame":6,"Anchor":12,"MutagenicStrength":22,"HolyWater":17,"Molten Egg 2":9,"Philosopher\u0027s Stone":34,"Bag of Marbles":27,"PureWater":0,"StrikeDummy":26},{"NeowsBlessing":0,"The Courier":12,"White Beast Statue":5,"Akabeko":13,"Bottled Flame":3,"Anchor":7,"MutagenicStrength":11,"HolyWater":9,"Molten Egg 2":5,"Philosopher\u0027s Stone":17,"Bag of Marbles":14,"PureWater":0,"StrikeDummy":13},{"NeowsBlessing":0,"The Courier":37,"White Beast Statue":8,"Akabeko":40,"Bottled Flame":3,"Anchor":15,"MutagenicStrength":34,"HolyWater":27,"Molten Egg 2":8,"Philosopher\u0027s Stone":55,"Bag of Marbles":44,"PureWater":0,"StrikeDummy":40}]},"card_choices":[{"not_picked":["BattleHymn","PathToVictory"],"picked":"Prostrate","floor":1},{"not_picked":["Wireheading","Indignation"],"picked":"CarveReality","floor":4},{"not_picked":["JustLucky","FearNoEvil"],"picked":"EmptyFist","floor":6},{"not_picked":["ThirdEye","CrushJoints"],"picked":"WheelKick","floor":7},{"not_picked":["Crescendo","Establishment","Perseverance"],"picked":"SKIP","floor":8},{"not_picked":["CrushJoints+1","FlurryOfBlows+1"],"picked":"Consecrate+1","floor":11},{"not_picked":["Evaluate","LikeWater"],"picked":"ForeignInfluence","floor":12},{"not_picked":["JustLucky+1","Prostrate"],"picked":"SashWhip+1","floor":13},{"not_picked":["Omniscience","SpiritShield"],"picked":"Blasphemy","floor":16},{"not_picked":["WindmillStrike+1","Pray"],"picked":"FlurryOfBlows+1","floor":18},{"not_picked":["ThirdEye","Swivel"],"picked":"CutThroughFate+1","floor":19},{"not_picked":["Fasting2","SashWhip+1","Crescendo+1"],"picked":"SKIP","floor":23},{"not_picked":["FollowUp+1","Swivel"],"picked":"SandsOfTime+1","floor":25},{"not_picked":["FollowUp+1","CutThroughFate+1"],"picked":"LessonLearned+1","floor":27},{"not_picked":["FollowUp+1","ForeignInfluence"],"picked":"JustLucky+1","floor":29},{"not_picked":["EmptyBody","SashWhip+1","ClearTheMind"],"picked":"SKIP","floor":30},{"not_picked":["ConjureBlade","Brilliance+1"],"picked":"Devotion","floor":33},{"not_picked":["BattleHymn","JustLucky+1"],"picked":"LikeWater+1","floor":35},{"not_picked":["SignatureMove+1","FollowUp+1"],"picked":"FearNoEvil+1","floor":36},{"not_picked":["CutThroughFate+1","WreathOfFlame"],"picked":"Conclude+1","floor":37},{"not_picked":["FlurryOfBlows+1","FlyingSleeves+1","FollowUp+1"],"picked":"SKIP","floor":38}],"player_experience":1773173,"relics_obtained":[{"floor":6,"key":"Bottled Flame"},{"floor":8,"key":"White Beast Statue"},{"floor":9,"key":"Molten Egg 2"},{"floor":12,"key":"Anchor"},{"floor":23,"key":"The Courier"},{"floor":25,"key":"Akabeko"},{"floor":26,"key":"StrikeDummy"},{"floor":27,"key":"Bag of Marbles"}],"event_choices":[{"cards_removed":["Defend_P"],"damage_healed":0,"gold_gain":0,"player_choice":"Card Removal","damage_taken":7,"max_hp_gain":0,"max_hp_loss":0,"event_name":"Golden Wing","floor":2,"gold_loss":0},{"damage_healed":0,"gold_gain":0,"player_choice":"Forge","damage_taken":0,"max_hp_gain":0,"max_hp_loss":0,"event_name":"Accursed Blacksmith","floor":3,"gold_loss":0,"cards_upgraded":["Eruption"]},{"cards_removed":["Strike_P"],"damage_healed":0,"gold_gain":0,"player_choice":"Card Removal","damage_taken":0,"max_hp_gain":0,"max_hp_loss":0,"event_name":"The Cleric","floor":5,"gold_loss":75},{"damage_healed":0,"gold_gain":0,"player_choice":"Ignored","damage_taken":0,"max_hp_gain":0,"max_hp_loss":0,"event_name":"The Mausoleum","floor":20,"gold_loss":0},{"damage_healed":0,"gold_gain":0,"player_choice":"Became a Ghost","damage_taken":0,"max_hp_gain":0,"max_hp_loss":34,"event_name":"Ghosts","floor":21,"gold_loss":0,"cards_obtained":["Ghostly","Ghostly","Ghostly"]},{"damage_healed":0,"gold_gain":0,"player_choice":"Inject Mutagens","damage_taken":0,"relics_obtained":["MutagenicStrength"],"max_hp_gain":0,"max_hp_loss":0,"event_name":"Drug Dealer","floor":22,"gold_loss":0}],"is_beta":true,"boss_relics":[{"not_picked":["Coffee Dripper","Black Star"],"picked":"HolyWater"},{"not_picked":["Pandora\u0027s Box","Astrolabe"],"picked":"Philosopher\u0027s Stone"}],"items_purged_floors":[31],"is_endless":false,"potions_floor_spawned":[4,8,11,12,13,16,18,19,23,25,27,29,30,33,35,36,37,38],"killed_by":"Reptomancer","ascension_level":20}}