{"host":"61y0z9o9vf3ujftj","time":1611460329,"event":{"mods":["2.2 Compatiblity","BaseMod","Colored Map","Colored Powertips","GifTheSpireLib","HexUI Lib","Highlight Path","Minty Spire (QoL Compilation)","Relic Stats","StSLib","ojb\u0027s Info Mod"],"gold_per_floor":[109,52,102,115,125,156,87,87,87,118,118,133,152,183,183,257,257,273,52,69,86,100,126,126,153,153,153,179,104,116,146,146,225,225,242,252,252,263,281,281,308,320,358,400,425,437,464,32,32,32],"floor_reached":51,"language":"ENG","playtime":5810,"items_purged":["Strike_G","Doubt"],"score":1473,"play_id":"e8f8130f-12f6-41a1-a48e-ec725130b46e","local_time":"20210123215209","is_ascension_mode":true,"campfire_choices":[{"data":"Blade Dance","floor":8.0,"key":"SMITH"},{"floor":15.0,"key":"REST"},{"data":"Well Laid Plans","floor":24.0,"key":"SMITH"},{"floor":27.0,"key":"REST"},{"data":"Noxious Fumes","floor":32.0,"key":"SMITH"},{"floor":40,"key":"RECALL"},{"floor":42,"key":"REST"},{"floor":46,"key":"REST"},{"floor":49,"key":"REST"}],"circlet_count":0,"master_deck":["AscendersBane","Strike_G","Strike_G","Strike_G","Strike_G","Defend_G","Defend_G","Defend_G","Defend_G","Defend_G","Survivor","Neutralize","Noxious Fumes+1","Blade Dance+1","Dagger Throw","Acrobatics","Dagger Throw","Tactician+1","Distraction+1","Malaise+1","Well Laid Plans+1","Phantasmal Killer+1","Reflex+1","Backflip+1","PiercingWail+1","Cloak And Dagger+1","Terror+1","Blade Dance+1","Finisher","Calculated Gamble+1","Deflect+1","Cloak And Dagger+1","After Image+1","Prepared+1","PiercingWail+1","Cloak And Dagger+1","Prepared+1","Backflip+1","Accuracy+1","Dagger Throw+1","Tactician+1","Footwork"],"relics":["Ring of the Snake","NeowsBlessing","Du-Vu Doll","Toxic Egg 2","Omamori","WarpedTongs","Mercury Hourglass","Cursed Key","Snake Skull","Nunchaku","Bronze Scales","Prayer Wheel","Art of War","Red Mask","Fusion Hammer","MawBank","Bag of Preparation","Gambling Chip","Vajra"],"acts_visited":["Exordium","TheCity","TheBeyond"],"potions_floor_usage":[50],"damage_taken":[{"damage":0.0,"enemies":"Cultist","floor":1.0,"turns":1.0},{"damage":0.0,"enemies":"Jaw Worm","floor":4.0,"turns":1.0},{"damage":0.0,"enemies":"Small Slimes","floor":5.0,"turns":1.0},{"damage":33.0,"enemies":"Gremlin Nob","floor":6.0,"turns":4.0},{"damage":9.0,"enemies":"3 Sentries","floor":10.0,"turns":7.0},{"damage":1.0,"enemies":"Looter","floor":12.0,"turns":3.0},{"damage":0.0,"enemies":"Large Slime","floor":13.0,"turns":4.0},{"damage":4.0,"enemies":"Lagavulin","floor":14.0,"turns":7.0},{"damage":6.0,"enemies":"The Guardian","floor":16.0,"turns":10.0},{"damage":22.0,"enemies":"Chosen","floor":18.0,"turns":6.0},{"damage":0.0,"enemies":"Spheric Guardian","floor":20.0,"turns":2.0},{"damage":0.0,"enemies":"Centurion and Healer","floor":21.0,"turns":5.0},{"damage":4.0,"enemies":"Shelled Parasite and Fungi","floor":22.0,"turns":4.0},{"damage":7.0,"enemies":"Slavers","floor":23.0,"turns":6.0},{"damage":5.0,"enemies":"Book of Stabbing","floor":25.0,"turns":5.0},{"damage":8.0,"enemies":"Slavers","floor":28.0,"turns":4.0},{"damage":6.0,"enemies":"Snake Plant","floor":30.0,"turns":3.0},{"damage":0.0,"enemies":"Masked Bandits","floor":31.0,"turns":2.0},{"damage":3.0,"enemies":"Champ","floor":33.0,"turns":8.0},{"damage":19,"enemies":"3 Darklings","floor":35,"turns":5},{"damage":0,"enemies":"3 Shapes","floor":36,"turns":6},{"damage":0,"enemies":"Sphere and 2 Shapes","floor":38,"turns":2},{"damage":3,"enemies":"Spire Growth","floor":39,"turns":4},{"damage":0,"enemies":"Giant Head","floor":41,"turns":4},{"damage":3,"enemies":"Reptomancer","floor":44,"turns":5},{"damage":1,"enemies":"Writhing Mass","floor":45,"turns":5},{"damage":0,"enemies":"Sphere and 2 Shapes","floor":47,"turns":2},{"damage":22,"enemies":"Awakened One","floor":50,"turns":10}],"seed_played":"4641514840149444588","potions_obtained":[{"floor":1.0,"key":"Explosive Potion"},{"floor":4.0,"key":"Fire Potion"},{"floor":12.0,"key":"BlessingOfTheForge"},{"floor":14.0,"key":"SteroidPotion"},{"floor":20.0,"key":"BlessingOfTheForge"},{"floor":22.0,"key":"SpeedPotion"},{"floor":28.0,"key":"FearPotion"},{"floor":31.0,"key":"Strength Potion"},{"floor":38,"key":"ColorlessPotion"},{"floor":39,"key":"SpeedPotion"},{"floor":47,"key":"Block Potion"}],"is_trial":false,"path_per_floor":["M","$","?","M","M","E","?","R","T","E","?","M","M","E","R","B",null,"M","$","M","M","M","E","R","E","T","R","E","$","M","?","R","B",null,"M","M","?","M","M","R","E","R","T","E","M","R","M","$","R","B",null],"character_chosen":"THE_SILENT","items_purchased":["Blade Dance","Snake Skull","Backflip+1","Vajra","Tactician+1","Footwork","SteroidPotion"],"campfire_rested":5,"item_purchase_floors":[2,19,19,48,48,48,48],"current_hp_per_floor":[59,59,59,59,59,26,26,26,26,17,17,16,16,12,31,25,56,34,34,34,34,30,23,23,18,18,37,29,29,23,23,23,20,55,36,36,36,36,33,33,33,52,52,49,48,66,66,66,66,44],"gold":32,"neow_bonus":"THREE_ENEMY_KILL","is_daily":false,"chose_seed":false,"campfire_upgraded":3,"win_rate":0.0,"timestamp":1611460329,"path_taken":["M","$","?","M","?","E","?","R","T","E","?","M","M","E","R","BOSS","M","$","M","?","M","E","R","E","T","R","E","$","M","?","R","BOSS","M","M","?","M","M","R","E","R","T","E","M","R","M","$","R","BOSS"],"items_purchased_type":["Card","Relic","Card","Relic","Card","Card","Potion"],"build_version":"2020-12-22","purchased_purges":2,"victory":true,"max_hp_per_floor":[66,66,66,66,66,66,66,66,66,66,66,66,66,66,66,66,66,66,66,66,66,66,66,66,66,66,66,66,66,66,66,66,66,66,66,66,66,66,66,66,66,66,66,66,66,66,66,66,66,66],"relic_stats":{"counters":[28,125],"Snake Skull":[48],"Bag of Preparation":[8],"Cursed Key":2,"MawBank":84,"WarpedTongs":[108],"Mercury Hourglass":[353],"Nunchaku":[25],"Bronze Scales":[161],"Gambling Chip":[7],"Prayer Wheel":7,"Art of War":[5],"obtain_stats":[{"NeowsBlessing":0,"Vajra":48,"Snake Skull":19,"Omamori":10,"Bag of Preparation":43,"Cursed Key":17,"MawBank":41,"WarpedTongs":11,"Mercury Hourglass":14,"Du-Vu Doll":6,"Nunchaku":23,"Bronze Scales":25,"Gambling Chip":44,"Prayer Wheel":26,"Fusion Hammer":34,"Art of War":28,"Red Mask":31,"Toxic Egg 2":9,"Ring of the Snake":0},{"NeowsBlessing":0,"Vajra":27,"Snake Skull":10,"Omamori":5,"Bag of Preparation":24,"Cursed Key":9,"MawBank":24,"WarpedTongs":5,"Mercury Hourglass":8,"Du-Vu Doll":4,"Nunchaku":14,"Bronze Scales":15,"Gambling Chip":25,"Prayer Wheel":15,"Fusion Hammer":19,"Art of War":16,"Red Mask":18,"Toxic Egg 2":4,"Ring of the Snake":0},{"NeowsBlessing":0,"Vajra":115,"Snake Skull":44,"Omamori":14,"Bag of Preparation":103,"Cursed Key":38,"MawBank":103,"WarpedTongs":14,"Mercury Hourglass":28,"Du-Vu Doll":7,"Nunchaku":61,"Bronze Scales":66,"Gambling Chip":108,"Prayer Wheel":66,"Fusion Hammer":83,"Art of War":70,"Red Mask":75,"Toxic Egg 2":7,"Ring of the Snake":0}],"Ring of the Snake":[56]},"card_choices":[{"not_picked":["Finisher","Quick Slash"],"picked":"Noxious Fumes","floor":1.0},{"not_picked":["Slice","Flechettes"],"picked":"Dagger Throw","floor":4.0},{"not_picked":["Concentrate","Setup"],"picked":"Acrobatics","floor":5.0},{"not_picked":["Dodge and Roll","Outmaneuver"],"picked":"Dagger Throw","floor":6.0},{"not_picked":["Acrobatics+1","Noxious Fumes"],"picked":"Tactician+1","floor":10.0},{"not_picked":["Flying Knee","Dagger Spray"],"picked":"Distraction+1","floor":12.0},{"not_picked":["Expertise+1","Endless Agony"],"picked":"Malaise+1","floor":13.0},{"not_picked":["Setup+1","Endless Agony"],"picked":"Well Laid Plans","floor":14.0},{"not_picked":["Tools of the Trade","Doppelganger+1"],"picked":"Phantasmal Killer+1","floor":16.0},{"not_picked":["Slice","Poisoned Stab"],"picked":"Reflex+1","floor":18.0},{"not_picked":["Flying Knee","Slice"],"picked":"PiercingWail+1","floor":20.0},{"not_picked":["Noxious Fumes","All Out Attack"],"picked":"Cloak And Dagger+1","floor":21.0},{"not_picked":["Prepared+1","Dash+1"],"picked":"Terror+1","floor":22.0},{"not_picked":["Outmaneuver+1","Dodge and Roll+1"],"picked":"Blade Dance+1","floor":23.0},{"not_picked":["Unload","Deadly Poison+1"],"picked":"Finisher","floor":25.0},{"not_picked":["Riddle With Holes","Accuracy"],"picked":"Calculated Gamble+1","floor":28.0},{"not_picked":["Bane","Slice"],"picked":"Deflect+1","floor":30.0},{"not_picked":["Dagger Throw","Blade Dance+1","Outmaneuver+1"],"picked":"SKIP","floor":30.0},{"not_picked":["Slice","PiercingWail+1"],"picked":"Cloak And Dagger+1","floor":31.0},{"not_picked":["Tools of the Trade","Night Terror+1"],"picked":"After Image","floor":33.0},{"not_picked":["Dagger Throw","Infinite Blades"],"picked":"Prepared+1","floor":35},{"not_picked":["Endless Agony","Quick Slash","Outmaneuver+1"],"picked":"SKIP","floor":35},{"not_picked":["Flying Knee","Catalyst+1"],"picked":"PiercingWail+1","floor":36},{"not_picked":["Underhanded Strike","Well Laid Plans","Sucker Punch"],"picked":"SKIP","floor":36},{"not_picked":["Storm of Steel+1","Dagger Spray"],"picked":"Cloak And Dagger+1","floor":38},{"not_picked":["Quick Slash","Caltrops","Blade Dance+1"],"picked":"SKIP","floor":38},{"not_picked":["Slice+1","Cloak And Dagger+1"],"picked":"Prepared+1","floor":39},{"not_picked":["Bane","Underhanded Strike"],"picked":"Backflip+1","floor":39},{"not_picked":["Unload","Dagger Throw","Infinite Blades"],"picked":"SKIP","floor":41},{"not_picked":["Outmaneuver+1","Blade Dance+1"],"picked":"Accuracy+1","floor":44},{"not_picked":["Dodge and Roll+1","Deflect+1"],"picked":"Dagger Throw+1","floor":45},{"not_picked":["Flying Knee","Dagger Spray+1","Deflect+1"],"picked":"SKIP","floor":45},{"not_picked":["Flying Knee","Underhanded Strike+1","Outmaneuver+1"],"picked":"SKIP","floor":47},{"not_picked":["Grand Finale","PiercingWail+1","Underhanded Strike"],"picked":"SKIP","floor":47}],"player_experience":393346,"relics_obtained":[{"floor":6.0,"key":"Du-Vu Doll"},{"floor":9.0,"key":"Toxic Egg 2"},{"floor":10.0,"key":"Omamori"},{"floor":14.0,"key":"Mercury Hourglass"},{"floor":23.0,"key":"Nunchaku"},{"floor":25.0,"key":"Bronze Scales"},{"floor":26.0,"key":"Prayer Wheel"},{"floor":28.0,"key":"Art of War"},{"floor":31.0,"key":"Red Mask"},{"floor":41,"key":"MawBank"},{"floor":43,"key":"Bag of Preparation"},{"floor":44,"key":"Gambling Chip"}],"event_choices":[{"damage_healed":0.0,"max_hp_gain":0.0,"max_hp_loss":0.0,"gold_gain":50.0,"event_name":"Golden Shrine","player_choice":"Pray","floor":3.0,"gold_loss":0.0,"damage_taken":0.0},{"damage_healed":0.0,"max_hp_gain":0.0,"max_hp_loss":0.0,"gold_gain":0.0,"event_name":"World of Goop","player_choice":"Left Gold","floor":7.0,"gold_loss":69.0,"damage_taken":0.0},{"damage_healed":0.0,"max_hp_gain":0.0,"max_hp_loss":0.0,"gold_gain":0.0,"event_name":"Accursed Blacksmith","player_choice":"Rummage","floor":11.0,"gold_loss":0.0,"damage_taken":0.0,"relics_obtained":["WarpedTongs"],"cards_obtained":["Pain"]},{"damage_healed":0.0,"max_hp_gain":0.0,"max_hp_loss":0.0,"gold_gain":0.0,"event_name":"Masked Bandits","player_choice":"Fought Bandits","floor":31.0,"gold_loss":0.0,"damage_taken":0.0},{"damage_healed":0,"gold_gain":0,"player_choice":"Upgraded","damage_taken":0,"max_hp_gain":0,"max_hp_loss":0,"event_name":"Upgrade Shrine","floor":37,"gold_loss":0,"cards_upgraded":["After Image"]}],"is_beta":false,"boss_relics":[{"not_picked":["Coffee Dripper","Busted Crown"],"picked":"Cursed Key"},{"not_picked":["Philosopher\u0027s Stone","Runic Pyramid"],"picked":"Fusion Hammer"}],"items_purged_floors":[29,48],"is_endless":false,"potions_floor_spawned":[1,4,6,12,14,20,21,22,28,31,38,39,47],"ascension_level":18}}