{"host":"92ge7uk92o4z80va","time":1611498961,"event":{"mods":["AchievementEnabler","Act Like it!","BaseMod","Better Third Choice","BetterRewards","Curses Come First","Evolution","Hubris","Infinite Spire","Lobotomy","LobotomyExtend","Marisa????????","Minty Spire (QoL Compilation)","Quick Restart","Replay The Spire","Robot Space Explorer","Spire Arcade","StSLib","The Blue Laboratory","The Bug Knight","The Jungle","The Runesmith"],"gold_per_floor":[114,215,215,227,241,267,267,293,346,346,38,38,0,29,29,139,139,162,162,189,143,169,210,210,120,120,157,72,72,112,144,144,286,286,315,341,361,285,358,358,358,392,470,539,160,211,255,269,269],"floor_reached":48,"language":"ENG","playtime":2722,"items_purged":["HollowMod:HowlingWraiths"],"score":704,"play_id":"58f1a708-37d0-4ce1-8077-ba87f9d17df3","local_time":"20210124093601","is_ascension_mode":false,"campfire_choices":[{"data":"1","floor":7,"key":"LIFT"},{"data":"2","floor":12,"key":"LIFT"},{"data":"3","floor":15,"key":"LIFT"},{"data":"ReplayTheSpireMod:Black Plague","floor":24,"key":"SMITH"},{"data":"HollowMod:VengefulVoid","floor":29,"key":"SMITH"},{"data":"HollowMod:VengefulVoid","floor":32,"key":"SMITH"},{"floor":40,"key":"REST"}],"circlet_count":0,"master_deck":["HollowMod:DashSlash","HollowMod:DashSlash","HollowMod:NailStrikeStart","HollowMod:NailStrikeStart","HollowMod:QuickDashStart+1","HollowMod:QuickDashStart","HollowMod:QuickDashStart","HollowMod:FocusHealStart+1","HollowMod:PogoStrike","HollowMod:HuntersJournal","HollowMod:WraithStrike","HollowMod:DashSlash","HollowMod:WraithStrike","HollowMod:DescendingDark","HollowMod:SiblingsShadow","HollowMod:DescendingDark","Enlightenment","HollowMod:PerfectDash","HollowMod:Hiveblood","HollowMod:QuirrelsAssistance","ReplayTheSpireMod:Black Plague+1","HollowMod:VengefulVoid+1","HollowMod:VengefulVoid+1","HollowMod:WraithStrike","Dark Shackles","HollowMod:SoulMaster","HollowMod:VengefulVoid","HollowMod:VengefulVoid+1","HollowMod:DescendingDark+1","HollowMod:BlackTendrils"],"relics":["HollowMod:VesselMask","EVO:Axolotl","Girya","ReplayTheSpireMod:Shallot","LetterFromLob","Replay:Bandana","Oddly Smooth Stone","War Paint","Strange Spoon","Black Star","Bag of Marbles","hubris:DeckOfHolding","Replay:PocketPolymizer","infinitespire:Midas Blood","Potion Belt","hubris:Backtick","Pen Nib","Gaze_r","ShedSkin_r","Replay:Wax Seal","Pondfish Scales","hubris:Towel","Snack Pack","infinitespire:EvilPickle","Bag of Marbles","HandDrill"],"acts_visited":["Exordium","TheCity","TheBeyond"],"potions_floor_usage":[16,18,22,33,39,48,48,48,48],"damage_taken":[{"damage":0,"enemies":"2 Louse","floor":1,"turns":2},{"damage":1,"enemies":"Cultist","floor":4,"turns":4},{"damage":3,"enemies":"Small Slimes","floor":5,"turns":2},{"damage":20,"enemies":"3 Sentries","floor":6,"turns":6},{"damage":0,"enemies":"Blue Slaver","floor":8,"turns":2},{"damage":0,"enemies":"3 Louse","floor":14,"turns":1},{"damage":47,"enemies":"HollowMod:FalseKnight","floor":16,"turns":7},{"damage":21,"enemies":"2 Thieves","floor":18,"turns":3},{"damage":3,"enemies":"Shell Parasite","floor":20,"turns":3},{"damage":12,"enemies":"Cultist and Chosen","floor":22,"turns":4},{"damage":19,"enemies":"Book of Stabbing","floor":23,"turns":4},{"damage":25,"enemies":"Centurion and Healer","floor":27,"turns":3},{"damage":16,"enemies":"Snecko","floor":30,"turns":4},{"damage":1,"enemies":"Cultist and Chosen","floor":31,"turns":3},{"damage":36,"enemies":"Pondfish","floor":33,"turns":10},{"damage":6,"enemies":"3 Shapes","floor":35,"turns":1},{"damage":0,"enemies":"Orb Walker","floor":36,"turns":3},{"damage":0,"enemies":"Orb Walker","floor":37,"turns":2},{"damage":61,"enemies":"2 Orb Walkers","floor":39,"turns":6},{"damage":10,"enemies":"Maw","floor":42,"turns":5},{"damage":30,"enemies":"Sphere and 2 Shapes","floor":44,"turns":4},{"damage":0,"enemies":"3 Darklings","floor":46,"turns":4},{"damage":35,"enemies":"HollowMod:SlobberingHusk","floor":47,"turns":8},{"damage":20,"enemies":"Nightmare","floor":48,"turns":2}],"seed_played":"-2800505423188900276","potions_obtained":[{"floor":6,"key":"AttackPotion"},{"floor":14,"key":"Fire Potion"},{"floor":18,"key":"BlessingOfTheForge"},{"floor":30,"key":"ColorlessPotion"},{"floor":31,"key":"Ancient Potion"},{"floor":36,"key":"blueLaboratory:BottleOfRum"},{"floor":39,"key":"blueLaboratory:SavagePotion"},{"floor":44,"key":"Elixir"},{"floor":47,"key":"blueLaboratory:LouseDecoction"}],"is_trial":false,"path_per_floor":["M","?","?","M","M","E","R","M","T","M","$","R","?","M","R","B",null,"M","AVR","M","$","M","E","R","$","T","M","?","R","M","M","R","B",null,"M","M","?","$","?","R","?","M","T","M","$","M","M","NM"],"character_chosen":"THE_BUGKNIGHT","items_purchased":["Girya","ReplayTheSpireMod:Shallot","War Paint","Strange Spoon","HollowMod:VengefulVoid","Dark Shackles","Replay:Wax Seal","Bag of Marbles","HandDrill"],"campfire_rested":1,"item_purchase_floors":[0,0,11,11,21,25,38,45,45],"current_hp_per_floor":[40,40,40,39,36,16,16,16,16,56,56,56,62,62,62,25,81,70,70,67,67,64,51,51,51,51,44,44,44,28,27,27,12,81,75,75,58,58,17,41,41,49,49,39,39,39,12,0,0],"gold":269,"neow_bonus":"","is_daily":false,"chose_seed":false,"campfire_upgraded":3,"win_rate":0.0,"timestamp":1611498961,"path_taken":["M","?","?","M","?","E","R","M","T","M","$","R","?","M","R","BOSS","M","AVR","M","$","M","E","R","$","T","M","?","R","M","M","R","BOSS","M","M","?","$","?","R","?","M","T","M","$","?","M","NM"],"items_purchased_type":["Relic","Relic","Relic","Relic","Card","Card","Relic","Relic","Relic"],"build_version":"2020-12-22","purchased_purges":1,"victory":false,"max_hp_per_floor":[75,75,75,75,75,75,75,75,75,75,75,75,81,81,81,81,81,81,81,81,81,81,81,81,81,81,81,81,81,81,81,81,81,81,81,81,81,81,81,81,81,81,81,81,81,81,81,81,81],"card_choices":[{"not_picked":["HollowMod:GoodIntentions","HollowMod:InfectedAttack"],"picked":"HollowMod:HuntersJournal","floor":1},{"not_picked":["HollowMod:ShadowDash","HollowMod:CloakDash"],"picked":"HollowMod:WraithStrike","floor":2},{"not_picked":["HollowMod:GrimmsGift","HollowMod:NewJinnsSoul"],"picked":"HollowMod:GoodIntentions","floor":2},{"not_picked":["HollowMod:DreamGate","HollowMod:WraithStrike"],"picked":"HollowMod:DashSlash","floor":2},{"not_picked":["HollowMod:SharpenedNail","HollowMod:CycloneSlash"],"picked":"HollowMod:DescendingDark","floor":4},{"not_picked":["HollowMod:CycloneSlash","HollowMod:InfectionAssault"],"picked":"HollowMod:HowlingWraiths","floor":5},{"not_picked":["HollowMod:ChannelNail","HollowMod:MidwifesHunger"],"picked":"HollowMod:SiblingsShadow","floor":6},{"not_picked":["HollowMod:FallenFury","HollowMod:LifebloodCocoon"],"picked":"HollowMod:DescendingDark","floor":8},{"not_picked":["HollowMod:SoulShaman","HollowMod:SoulEater"],"picked":"HollowMod:PerfectDash","floor":14},{"not_picked":["HollowMod:LifebloodCore","HollowMod:HornetsHelp"],"picked":"HollowMod:Hiveblood","floor":16},{"not_picked":["HollowMod:RecoilStrike+1","HollowMod:DoubleDash"],"picked":"HollowMod:QuirrelsAssistance","floor":18},{"not_picked":["HollowMod:MawleksShell","HollowMod:GoodIntentions"],"picked":"HollowMod:VengefulVoid","floor":20},{"not_picked":["HollowMod:VengefulSpirit","HollowMod:RecoilStrike+1","HollowMod:AwokenDreamNail"],"picked":"SKIP","floor":22},{"not_picked":["HollowMod:CornifersMapStart","HollowMod:MothsMistake"],"picked":"HollowMod:SiblingsSouls","floor":23},{"not_picked":["HollowMod:CrystalDash","HollowMod:CycloneSlash","HollowMod:SoulVessel"],"picked":"SKIP","floor":27},{"not_picked":["HollowMod:HeavyBlow+1","HollowMod:InfectionAssault","HollowMod:CycloneSlash"],"picked":"SKIP","floor":30},{"not_picked":["HollowMod:ElderbugsWisdom","HollowMod:NewLittleFool","HollowMod:CycloneSlash"],"picked":"SKIP","floor":31},{"not_picked":["HollowMod:theNailsmith","HollowMod:Weaversong"],"picked":"HollowMod:SoulMaster","floor":33},{"not_picked":["HollowMod:NewJinnsSoul","HollowMod:GoodIntentions"],"picked":"HollowMod:VengefulVoid","floor":35},{"not_picked":["HollowMod:DoubleDash","HollowMod:SiblingsSouls","HollowMod:MothsMistake+1"],"picked":"SKIP","floor":36},{"not_picked":["HollowMod:InfectedCysts+1","HollowMod:SiblingsShadow"],"picked":"HollowMod:VengefulVoid+1","floor":39},{"not_picked":["HollowMod:ShapeofUnn","HollowMod:SiblingsSouls+1","HollowMod:InfectedAttack+1"],"picked":"SKIP","floor":42},{"not_picked":["HollowMod:FallenFury","HollowMod:InfectedAttack"],"picked":"HollowMod:DescendingDark+1","floor":44},{"not_picked":["HollowMod:SoulStrike","HollowMod:SharpenedNail","HollowMod:InfectionAssault+1"],"picked":"SKIP","floor":46},{"not_picked":["HollowMod:LifebloodCocoon+1","HollowMod:DesolateDive+1"],"picked":"HollowMod:BlackTendrils","floor":47}],"player_experience":32776,"relics_obtained":[{"floor":1,"key":"LetterFromLob"},{"floor":6,"key":"Replay:Bandana"},{"floor":9,"key":"Oddly Smooth Stone"},{"floor":23,"key":"hubris:DeckOfHolding"},{"floor":23,"key":"Replay:PocketPolymizer"},{"floor":26,"key":"infinitespire:Midas Blood"},{"floor":39,"key":"Pondfish Scales"},{"floor":43,"key":"Snack Pack"}],"event_choices":[{"damage_healed":0,"gold_gain":0,"cards_transformed":["HollowMod:GoodIntentions"],"player_choice":"Transformed","damage_taken":0,"max_hp_gain":0,"max_hp_loss":0,"event_name":"Transmorgrifier","floor":3,"gold_loss":0,"cards_obtained":["HollowMod:WraithStrike"]},{"damage_healed":0,"gold_gain":0,"player_choice":"RENOUNCE","damage_taken":38,"max_hp_gain":0,"max_hp_loss":0,"event_name":"betterThird:BetterSerpent","floor":13,"gold_loss":38,"cards_obtained":["Enlightenment"]},{"damage_healed":0,"gold_gain":0,"player_choice":"Obtained Relic","damage_taken":0,"relics_obtained":["Potion Belt"],"max_hp_gain":0,"max_hp_loss":0,"event_name":"Addict","floor":28,"gold_loss":85},{"damage_healed":0,"gold_gain":0,"player_choice":"Fight","damage_taken":0,"max_hp_gain":0,"max_hp_loss":0,"event_name":"Mysterious Sphere","floor":39,"gold_loss":0}],"is_beta":false,"boss_relics":[{"not_picked":["ReplayTheSpireMod:SealedPack","Ring of Chaos"],"picked":"Black Star"},{"not_picked":["infinitespire:Cupcake","Kintsugi"],"picked":"hubris:Backtick"}],"items_purged_floors":[45],"is_endless":false,"potions_floor_spawned":[6,14,18,30,31,36,39,44,47],"killed_by":"Nightmare","ascension_level":0}}