{"host":"0w0k3xhweimm5vk9","time":1611464109,"event":{"mods":["Act Like it!","BaseMod","Gensokyo","Koishi","KomeijiMod","LagranYue(拉格朗・月)","Minty Spire (QoL Compilation)","Reimu（博丽灵梦）","Remilia（蕾米莉亚）","Replay The Spire","StSLib","Yakumo Yukari mod"],"gold_per_floor":[119,119,178,188,28,28,48,48,48,75,75,0,15,33,33,137,137,151,164,164,164,114,114,38,71,121,139,139,139,139],"floor_reached":29,"language":"ZHS","playtime":1731,"items_purged":[],"score":266,"play_id":"166cdda0-1885-4605-aada-67efd0e7406c","local_time":"20210124125509","is_ascension_mode":false,"campfire_choices":[{"data":"LittleLegion","floor":8.0,"key":"SMITH"},{"floor":15,"key":"REST"},{"floor":23,"key":"REST"}],"circlet_count":0,"master_deck":["Strike_Komeiji","Defend_Komeiji","Defend_Komeiji","Defend_Komeiji","Defend_Komeiji","Dash_Komeiji","KeiseiJin+1","Gensokyo:CrescentMoonSlash","LittleLegion+1","NingyouMusou+1","Melting","GasuOrimono","NingyouKisou+1","InscribeRedSoul","NingyouSousou+1","MunenMusou","DemonLordCradle+1","NingyouSousou+1","NingyouYunhei+1","OoedoNingyou+1","SeekerWire+1","HisouNoKen+1","HisouNoKen","RikonNoKama+1","KokorosuKi+1","KokorosuKi+1"],"relics":["KomeijisEye","SpellCardsRule","MusicBox","LagranYue:RandomDrawCardRelic","NeowsBlessing","Gensokyo:BookOfSpecters","Boot","CrystalOfMemory","ColorfulQuillpen","Dream Catcher","Astrolabe","Gensokyo:DayTheSeaSplit","Question Card"],"acts_visited":["Exordium","Gensokyo:Gensokyo"],"potions_floor_usage":[10,13,14,14],"damage_taken":[{"damage":0.0,"enemies":"Gensokyo:3_Fairies","floor":1.0,"turns":2.0},{"damage":0.0,"enemies":"Gensokyo:Python","floor":4.0,"turns":1.0},{"damage":0.0,"enemies":"Gensokyo:2_Kodama","floor":7.0,"turns":1.0},{"damage":0,"enemies":"Gensokyo:Mamizou","floor":10,"turns":10},{"damage":1,"enemies":"Gensokyo:5_Fairies","floor":13,"turns":3},{"damage":16,"enemies":"Gensokyo:2_Rabbits","floor":14,"turns":4},{"damage":16,"enemies":"Gensokyo:Reimu","floor":16,"turns":5},{"damage":9,"enemies":"Gensokyo:3_Dogs","floor":18,"turns":3},{"damage":14,"enemies":"Gensokyo:Chomper","floor":19,"turns":3},{"damage":29,"enemies":"Gensokyo:Reisen","floor":25,"turns":7},{"damage":0,"enemies":"Gensokyo:3_Gloops","floor":27,"turns":2},{"damage":28,"enemies":"Gensokyo:Slime_Group","floor":29,"turns":2}],"seed_played":"2450579427229994773","potions_obtained":[{"floor":1.0,"key":"ZuzhouPotion:ReiMu"},{"floor":3.0,"key":"Explosive Potion"},{"floor":3.0,"key":"Fire Potion"},{"floor":3.0,"key":"Venom Potion"},{"floor":10,"key":"Strength Potion"},{"floor":27,"key":"CalmPotion"}],"is_trial":false,"path_per_floor":["M","?","?","M","?","?","M","R","T","E","?","$","M","M","R","B",null,"M","M","?","?","?","R","$","E","T","M","?","M"],"character_chosen":"KomeijiSatori","items_purchased":["GasuOrimono","HisouNoKen"],"campfire_rested":2,"item_purchase_floors":[12,24],"current_hp_per_floor":[50,43,23,23,23,38,38,38,38,48,38,38,37,21,36,20,50,41,29,29,29,36,53,53,24,24,24,24,0,0],"gold":139,"neow_bonus":"THREE_ENEMY_KILL","is_daily":false,"chose_seed":false,"campfire_upgraded":1,"win_rate":0.0,"timestamp":1611464109,"path_taken":["M","?","?","M","?","?","M","R","T","E","?","?","?","M","R","BOSS","M","M","?","?","?","R","?","E","T","M","?","M"],"items_purchased_type":["Card","Card"],"build_version":"2020-12-22","purchased_purges":0,"victory":false,"max_hp_per_floor":[50,50,50,50,50,50,50,50,50,50,50,50,50,50,50,50,50,50,50,50,50,57,57,57,57,57,57,57,57,57],"card_choices":[{"not_picked":["TenguNoTaiko","SatsujinDooru"],"picked":"KeiseiJin+1","floor":1.0},{"not_picked":["DochyakuKami+1","OoedoNingyou+1"],"picked":"LittleLegion","floor":4.0},{"not_picked":["KimairaNoYoku","MusuNoYume"],"picked":"NingyouMusou+1","floor":7.0},{"not_picked":["KinbakuJin+1","Mishyaguji+1"],"picked":"Melting","floor":10},{"not_picked":["KouPou+1","YuumeiNoKurin","ShyakuBuku"],"picked":"NingyouKisou+1","floor":13},{"not_picked":["KeiseiJin+1","NingyouOkisou+1","NingyouYunhei+1"],"picked":"InscribeRedSoul","floor":14},{"not_picked":["MusuNoYume","LittleLegion","KouPou+1"],"picked":"NingyouSousou+1","floor":15},{"not_picked":["LunaticRedEyes","TerribleSouvenir","TerribleSouvenir"],"picked":"MunenMusou","floor":16},{"not_picked":["RoshinSou+1","KouPou+1","Sabishigari+1"],"picked":"OoedoNingyou+1","floor":18},{"not_picked":["NingyouSousou+1","EnMu+1","KeiseiJin+1"],"picked":"SeekerWire+1","floor":19},{"not_picked":["ShyakuBuku","DemonLordCradle","DochyakuKami+1"],"picked":"HisouNoKen+1","floor":23},{"not_picked":["MunenMusou","RoshinSou+1","Agarareta+1"],"picked":"RikonNoKama+1","floor":25},{"not_picked":["SeekerDolls","NingyouSP+1","NingyouFukuhei+1","HenyouMirume"],"picked":"KokorosuKi+1","floor":27}],"player_experience":79877,"relics_obtained":[{"floor":9.0,"key":"Boot"},{"floor":10,"key":"CrystalOfMemory"},{"floor":10,"key":"ColorfulQuillpen"},{"floor":25,"key":"Question Card"}],"event_choices":[],"is_beta":false,"boss_relics":[{"not_picked":["Fusion Hammer","Cursed Key"],"picked":"Astrolabe"}],"items_purged_floors":[],"is_endless":false,"potions_floor_spawned":[1,4,7,10,27],"killed_by":"Gensokyo:Slime_Group","ascension_level":0}}