{"host":"g2kelmgng7xf1xjg","time":1611464319,"event":{"mods":["BaseMod","Bestiary","Highlight Path","Minty Spire (QoL Compilation)","Relic Stats","StSLib"],"gold_per_floor":[117,127,2,13,113,113,126,126,126,136,155,187,202,236,236,331,331,342,354,27,46,46,75,75,109,109,109,109,444,444,462,462,562,562,578,578,307,12,29,57,57,69,69,99,17,28,28,62,62,62],"floor_reached":51,"language":"ENG","playtime":4459,"items_purged":["Strike_B","Strike_B","Strike_B"],"score":1195,"play_id":"7b8d77a8-d6d0-45a2-880c-cf10ae2267c3","local_time":"20210123225839","is_ascension_mode":true,"campfire_choices":[{"data":"Consume","floor":6,"key":"SMITH"},{"data":"Redo","floor":8,"key":"SMITH"},{"data":"Hologram","floor":15,"key":"SMITH"},{"floor":24,"key":"REST"},{"floor":28,"key":"REST"},{"floor":32,"key":"REST"},{"floor":41,"key":"REST"},{"floor":47,"key":"REST"},{"floor":49,"key":"REST"}],"circlet_count":0,"master_deck":["AscendersBane","Strike_B","Defend_B","Defend_B","Defend_B+1","Defend_B","Zap+1","Dualcast","Cold Snap","Compile Driver","Consume+1","Redo+1","Conserve Battery","Hologram+1","Redo+1","FTL","Leap","Electrodynamics","Cold Snap","Genetic Algorithm","Loop","Ball Lightning+1","Defragment","Defragment","Multi-Cast","Barrage+1","Echo Form","Cold Snap","Defragment","Capacitor+1"],"relics":["Cracked Core","Anchor","Letter Opener","DataDisk","Fusion Hammer","Runic Capacitor","Question Card","Pocketwatch","Tiny Chest","Old Coin","Happy Flower","SacredBark","Blood Vial","Medical Kit","Lizard Tail","Orichalcum","Bottled Lightning","War Paint","Unceasing Top"],"acts_visited":["Exordium","TheCity","TheBeyond"],"potions_floor_usage":[12,23,23,40,50,50,50],"damage_taken":[{"damage":0,"enemies":"Small Slimes","floor":1,"turns":2},{"damage":0,"enemies":"Cultist","floor":2,"turns":3},{"damage":0,"enemies":"Jaw Worm","floor":4,"turns":4},{"damage":16,"enemies":"Exordium Wildlife","floor":7,"turns":5},{"damage":0,"enemies":"Looter","floor":10,"turns":2},{"damage":0,"enemies":"Exordium Thugs","floor":11,"turns":6},{"damage":0,"enemies":"3 Sentries","floor":12,"turns":6},{"damage":4,"enemies":"Red Slaver","floor":13,"turns":3},{"damage":6,"enemies":"Gremlin Nob","floor":14,"turns":4},{"damage":10,"enemies":"The Guardian","floor":16,"turns":9},{"damage":8,"enemies":"3 Byrds","floor":18,"turns":3},{"damage":0,"enemies":"Chosen","floor":19,"turns":3},{"damage":16,"enemies":"Sentry and Sphere","floor":21,"turns":5},{"damage":7,"enemies":"Book of Stabbing","floor":23,"turns":5},{"damage":19,"enemies":"Gremlin Leader","floor":25,"turns":5},{"damage":4,"enemies":"Book of Stabbing","floor":29,"turns":5},{"damage":5,"enemies":"3 Cultists","floor":31,"turns":3},{"damage":2,"enemies":"Collector","floor":33,"turns":9},{"damage":0,"enemies":"3 Shapes","floor":35,"turns":3},{"damage":28,"enemies":"3 Darklings","floor":39,"turns":4},{"damage":26,"enemies":"Reptomancer","floor":40,"turns":5},{"damage":3,"enemies":"4 Shapes","floor":42,"turns":3},{"damage":86,"enemies":"Giant Head","floor":44,"turns":10},{"damage":6,"enemies":"Spire Growth","floor":46,"turns":5},{"damage":22,"enemies":"Nemesis","floor":48,"turns":7},{"damage":10,"enemies":"Awakened One","floor":50,"turns":10}],"seed_played":"3692920869755950428","potions_obtained":[{"floor":10,"key":"SkillPotion"},{"floor":11,"key":"AttackPotion"},{"floor":13,"key":"Swift Potion"},{"floor":14,"key":"Regen Potion"},{"floor":18,"key":"Strength Potion"},{"floor":31,"key":"FocusPotion"},{"floor":33,"key":"Regen Potion"},{"floor":39,"key":"FairyPotion"},{"floor":40,"key":"AttackPotion"},{"floor":46,"key":"DuplicationPotion"},{"floor":48,"key":"EssenceOfSteel"}],"is_trial":false,"path_per_floor":["M","M","$","M","?","R","M","R","T","M","M","E","M","E","R","B",null,"M","M","$","M","$","E","R","E","T","?","R","E","T","M","R","B",null,"M","T","$","$","M","E","R","M","T","E","$","M","R","E","R","B",null],"character_chosen":"DEFECT","items_purchased":["Fire Potion","Runic Capacitor","Loop","Medical Kit","Lizard Tail","Defragment"],"campfire_rested":6,"item_purchase_floors":[3,20,20,37,38,45],"current_hp_per_floor":[68,68,68,68,68,68,52,52,52,52,52,52,48,42,42,32,64,56,56,56,40,40,47,69,50,50,50,72,68,68,63,75,73,75,75,75,75,75,47,57,75,72,72,45,45,41,63,43,65,57],"gold":62,"neow_bonus":"UPGRADE_CARD","is_daily":false,"chose_seed":false,"campfire_upgraded":3,"win_rate":0.0,"timestamp":1611464319,"path_taken":["M","M","$","M","?","R","M","R","T","M","M","E","M","E","R","BOSS","M","M","?","?","$","E","R","E","T","?","R","E","?","?","R","BOSS","M","?","?","$","?","E","R","M","T","E","$","M","R","E","R","BOSS"],"items_purchased_type":["Potion","Relic","Card","Relic","Relic","Card"],"build_version":"2020-12-22","purchased_purges":3,"victory":true,"max_hp_per_floor":[75,75,75,75,75,75,75,75,75,75,75,75,75,75,75,75,75,75,75,75,75,75,75,75,75,75,75,75,75,75,75,75,75,75,75,75,75,75,75,75,75,75,75,75,75,75,75,75,75,75],"relic_stats":{"Happy Flower":[19],"counters":[26,129],"Letter Opener":[204],"Orichalcum":[60],"War Paint":["Redo","Defend_B"],"Question Card":11,"Medical Kit":[1],"Blood Vial":10,"Lizard Tail":0,"Tiny Chest":1,"obtain_stats":[{"Happy Flower":30,"SacredBark":34,"Runic Capacitor":20,"Letter Opener":12,"Orichalcum":40,"War Paint":44,"Question Card":23,"Medical Kit":37,"Old Coin":29,"Blood Vial":36,"Anchor":9,"DataDisk":14,"Lizard Tail":38,"Tiny Chest":26,"Fusion Hammer":17,"Bottled Lightning":43,"Cracked Core":0,"Unceasing Top":48,"Pocketwatch":25},{"Happy Flower":16,"SacredBark":18,"Runic Capacitor":12,"Letter Opener":7,"Orichalcum":21,"War Paint":23,"Question Card":14,"Medical Kit":19,"Old Coin":16,"Blood Vial":19,"Anchor":4,"DataDisk":9,"Lizard Tail":19,"Tiny Chest":15,"Fusion Hammer":10,"Bottled Lightning":22,"Cracked Core":0,"Unceasing Top":25,"Pocketwatch":15},{"Happy Flower":70,"SacredBark":82,"Runic Capacitor":50,"Letter Opener":28,"Orichalcum":94,"War Paint":107,"Question Card":60,"Medical Kit":85,"Old Coin":70,"Blood Vial":85,"Anchor":14,"DataDisk":35,"Lizard Tail":85,"Tiny Chest":65,"Fusion Hammer":44,"Bottled Lightning":97,"Cracked Core":0,"Unceasing Top":119,"Pocketwatch":65}],"Unceasing Top":[1],"Pocketwatch":[90]},"card_choices":[{"not_picked":["Aggregate","Loop"],"picked":"Cold Snap","floor":1},{"not_picked":["Stack","Storm"],"picked":"Compile Driver","floor":2},{"not_picked":["Stack","Hologram"],"picked":"Consume","floor":4},{"not_picked":["Conserve Battery","Recycle"],"picked":"Redo","floor":7},{"not_picked":["Rebound","Hello World"],"picked":"Conserve Battery","floor":10},{"not_picked":["Fusion","Cold Snap"],"picked":"Hologram","floor":11},{"not_picked":["Creative AI","Leap"],"picked":"Redo","floor":12},{"not_picked":["Stack","Double Energy"],"picked":"FTL","floor":13},{"not_picked":["Compile Driver","Redo"],"picked":"Leap","floor":14},{"not_picked":["Creative AI","Biased Cognition"],"picked":"Electrodynamics","floor":16},{"not_picked":["Stack","Scrape"],"picked":"Cold Snap","floor":18},{"not_picked":["Barrage+1","Conserve Battery"],"picked":"Genetic Algorithm","floor":19},{"not_picked":["Amplify","Turbo"],"picked":"Ball Lightning+1","floor":21},{"not_picked":["Barrage","Turbo"],"picked":"Defragment","floor":23},{"not_picked":["Barrage","Darkness","Double Energy"],"picked":"Defragment","floor":25},{"not_picked":["Compile Driver","Ball Lightning","Double Energy+1","Consume"],"picked":"SKIP","floor":29},{"not_picked":["Leap","Undo","Conserve Battery+1","Fission"],"picked":"SKIP","floor":31},{"not_picked":["Amplify","Electrodynamics","Core Surge"],"picked":"Multi-Cast","floor":33},{"not_picked":["White Noise+1","Steam Power+1","Aggregate+1"],"picked":"Barrage+1","floor":35},{"not_picked":["Redo","Beam Cell+1","Melter+1","Barrage+1"],"picked":"SKIP","floor":39},{"not_picked":["Conserve Battery+1","Glacier+1","Biased Cognition"],"picked":"Echo Form","floor":40},{"not_picked":["Hologram","Redo+1","Compile Driver+1"],"picked":"Cold Snap","floor":42},{"not_picked":["Blizzard","Beam Cell","Streamline","Compile Driver"],"picked":"SKIP","floor":44},{"not_picked":["White Noise","FTL+1","Coolheaded","Auto Shields"],"picked":"SKIP","floor":46},{"not_picked":["Sweeping Beam","Chill","Beam Cell+1"],"picked":"Capacitor+1","floor":48}],"player_experience":1020165,"relics_obtained":[{"floor":9,"key":"Anchor"},{"floor":12,"key":"Letter Opener"},{"floor":14,"key":"DataDisk"},{"floor":23,"key":"Question Card"},{"floor":25,"key":"Pocketwatch"},{"floor":26,"key":"Tiny Chest"},{"floor":29,"key":"Old Coin"},{"floor":30,"key":"Happy Flower"},{"floor":36,"key":"Blood Vial"},{"floor":40,"key":"Orichalcum"},{"floor":43,"key":"Bottled Lightning"},{"floor":44,"key":"War Paint"},{"floor":48,"key":"Unceasing Top"}],"event_choices":[{"damage_healed":0,"gold_gain":100,"player_choice":"Pray","damage_taken":0,"max_hp_gain":0,"max_hp_loss":0,"event_name":"Golden Shrine","floor":5,"gold_loss":0},{"damage_healed":0,"gold_gain":0,"player_choice":"Ignored","damage_taken":0,"max_hp_gain":0,"max_hp_loss":0,"event_name":"Vampires","floor":27,"gold_loss":0}],"is_beta":false,"boss_relics":[{"not_picked":["Empty Cage","Snecko Eye"],"picked":"Fusion Hammer"},{"not_picked":["Tiny House","Nuclear Battery"],"picked":"SacredBark"}],"items_purged_floors":[3,20,37],"is_endless":false,"potions_floor_spawned":[10,11,13,14,18,21,31,33,39,40,46,48],"ascension_level":10}}