{"host":"5uvzo7moqy5vd63g","time":1611454949,"event":{"mods":["Aspiration","BaseMod","Conspire","Curses Come First","Dio Mod","Downfall","Hermit","Hubris","Jedi Mod","Mimic Mod","Minty Spire (QoL Compilation)","Replay The Spire","StSLib","Wandering Minibosses"],"gold_per_floor":[99,112,131,146,56,56,89,89,114,124,24,39,109,46,56,56,56,56],"floor_reached":16,"language":"ENG","playtime":1083,"items_purged":["hubris:Wrath"],"score":102,"play_id":"b65a08be-2dec-4e1a-807f-882e03c21ae7","local_time":"20210123212229","is_ascension_mode":false,"campfire_choices":[{"data":"ReplayTheSpireMod:Brewmster","floor":1,"key":"SMITH"},{"floor":6,"key":"RECALL"},{"floor":11,"key":"REST"}],"circlet_count":0,"master_deck":["bronze:Strike","bronze:Strike","bronze:Strike","bronze:Defend","bronze:Defend","bronze:Defend","bronze:Defend","bronze:Replicate+1","bronze:Goto","ReplayTheSpireMod:Brewmster+1","bronze:Separator","bronze:DarkDash","bronze:Flail","bronze:OilSpill","bronze:Flail+1","bronze:WildBeam","bronze:BronzeArmor","bronze:Frontload","bronze:Repulsor+1","bronze:BugBarrage+1","bronze:ChosenStrike"],"relics":["bronze:BronzeCore","Omamori","Replay:PocketPolymizer","downfall:HeartBlessingRed","Golden Egg"],"acts_visited":["Exordium"],"potions_floor_usage":[3,5,7,7,10,14,14,14,16,16,16,16,16,16],"damage_taken":[{"damage":1,"enemies":"Jaw Worm","floor":2,"turns":5},{"damage":4,"enemies":"Cultist","floor":3,"turns":4},{"damage":0,"enemies":"2 Louse","floor":4,"turns":3},{"damage":0,"enemies":"downfall:FleeingMerchant","floor":5,"turns":4},{"damage":5,"enemies":"Large Slime","floor":7,"turns":5},{"damage":40,"enemies":"3 Sentries","floor":9,"turns":8},{"damage":3,"enemies":"Large Slime","floor":10,"turns":2},{"damage":3,"enemies":"Red Slaver","floor":12,"turns":2},{"damage":0,"enemies":"downfall:FleeingMerchant","floor":14,"turns":4},{"damage":0,"enemies":"3 Louse","floor":15,"turns":2},{"damage":35,"enemies":"SI_SHIV_ARCHETYPE","floor":16,"turns":8}],"seed_played":"-5181351395205267994","potions_obtained":[{"floor":9,"key":"Dexterity Potion"},{"floor":10,"key":"champ:CounterPotion"},{"floor":12,"key":"Flashbang"},{"floor":15,"key":"EntropicBrew"}],"is_trial":false,"path_per_floor":["R","M","M","M","$","R","MIM","?","E","M","R","M","T","$","M","B"],"character_chosen":"THE_AUTOMATON","items_purchased":["bronze:BugBarrage"],"campfire_rested":1,"item_purchase_floors":[14],"current_hp_per_floor":[70,69,65,65,65,65,60,60,20,17,38,35,35,35,35,0,0,0],"gold":56,"neow_bonus":"RANDOM_COLORLESS_2","is_daily":false,"chose_seed":false,"campfire_upgraded":1,"win_rate":0.0,"timestamp":1611454949,"path_taken":["R","M","M","M","$","R","MIM","?","E","?","R","M","?","$","M","BOSS"],"items_purchased_type":["Card"],"build_version":"2020-12-22","purchased_purges":1,"victory":false,"max_hp_per_floor":[70,70,70,70,70,70,70,70,70,70,70,70,70,70,70,70,70,70],"card_choices":[{"not_picked":["Chrysalis","Metamorphosis"],"picked":"ReplayTheSpireMod:Brewmster","floor":0},{"not_picked":["bronze:Shield","bronze:BugBarrage"],"picked":"bronze:Separator","floor":2},{"not_picked":["bronze:Constructor","bronze:Overheat"],"picked":"bronze:DarkDash","floor":3},{"not_picked":["bronze:ChildClass","bronze:BronzeOrb"],"picked":"bronze:Flail","floor":4},{"not_picked":["bronze:Refactor","bronze:Optimize"],"picked":"bronze:OilSpill","floor":5},{"not_picked":["bronze:CutThrough","bronze:ForLoop"],"picked":"bronze:Flail","floor":7},{"not_picked":["bronze:CloningBeam","bronze:Iterate"],"picked":"bronze:WildBeam","floor":9},{"not_picked":["bronze:Turbo","bronze:DelayedSlice","bronze:Return"],"picked":"SKIP","floor":10},{"not_picked":["bronze:NullPointer","bronze:BronzeArmor"],"picked":"bronze:Frontload","floor":12},{"not_picked":["bronze:Iterate","bronze:CutThrough"],"picked":"bronze:Repulsor","floor":14},{"not_picked":["bronze:Iterate","bronze:Constructor"],"picked":"bronze:ChosenStrike","floor":15}],"player_experience":611020,"relics_obtained":[{"floor":7,"key":"Omamori"},{"floor":9,"key":"Replay:PocketPolymizer"},{"floor":13,"key":"Golden Egg"}],"event_choices":[],"is_beta":false,"boss_relics":[],"items_purged_floors":[5],"is_endless":false,"potions_floor_spawned":[9,10,12,15],"killed_by":"SI_SHIV_ARCHETYPE","ascension_level":0}}