{"host":"yvb207ks1sg3cxef","time":1611473012,"event":{"mods":["2.2 Compatiblity","BaseMod","Bestiary","Colored Powertips","Minty Spire (QoL Compilation)","Permanent Neow","Quick Restart","Relic Stats","StSLib"],"gold_per_floor":[110,23,23,23,36,36,65,65,65,91,108,134,134,145,145,221,221,239,88,98,98,118,118,118,18,18,32,47,73,91,120,120,195,195,214,133,149,161,161,161],"floor_reached":39,"language":"ENG","playtime":1788,"items_purged":["Strike_P","Decay"],"score":908,"play_id":"db9ab2b3-f665-415b-8347-16d3a055586f","local_time":"20210124125332","is_ascension_mode":true,"campfire_choices":[{"data":"Vengeance","floor":6.0,"key":"SMITH"},{"data":"Eruption","floor":8.0,"key":"SMITH"},{"data":"CutThroughFate","floor":15.0,"key":"SMITH"},{"data":"Pray","floor":23.0,"key":"SMITH"},{"data":"Meditate","floor":32.0,"key":"SMITH"}],"circlet_count":0,"master_deck":["AscendersBane","Strike_P+1","Defend_P","Defend_P","Defend_P","Defend_P","Eruption+1","Vigilance","Pray+1","Vengeance+1","WindmillStrike","WheelKick+1","FearNoEvil","CutThroughFate+1","EmptyFist","Establishment","Tantrum","LikeWater","EmptyFist+1","Meditate+1","ClearTheMind","Wallop","SpiritShield","Study+1","FlurryOfBlows","WindmillStrike"],"relics":["PureWater","Mango","Mercury Hourglass","MealTicket","Pocketwatch","Coffee Dripper","HornCleat","Eternal Feather","Oddly Smooth Stone","Cursed Key","Frozen Egg 2"],"acts_visited":["Exordium","TheCity","TheBeyond"],"potions_floor_usage":[],"damage_taken":[{"damage":11.0,"enemies":"Small Slimes","floor":1.0,"turns":5.0},{"damage":0.0,"enemies":"Cultist","floor":5.0,"turns":2.0},{"damage":7.0,"enemies":"Gremlin Nob","floor":7.0,"turns":3.0},{"damage":2.0,"enemies":"3 Sentries","floor":10.0,"turns":3.0},{"damage":0.0,"enemies":"2 Louse","floor":11.0,"turns":1.0},{"damage":0.0,"enemies":"Gremlin Nob","floor":12.0,"turns":2.0},{"damage":1.0,"enemies":"Red Slaver","floor":14.0,"turns":2.0},{"damage":12.0,"enemies":"The Guardian","floor":16.0,"turns":8.0},{"damage":30.0,"enemies":"Shell Parasite","floor":18.0,"turns":4.0},{"damage":0.0,"enemies":"Chosen","floor":20.0,"turns":2.0},{"damage":0.0,"enemies":"Centurion and Healer","floor":22.0,"turns":3.0},{"damage":10.0,"enemies":"Snake Plant","floor":27.0,"turns":4.0},{"damage":8.0,"enemies":"Cultist and Chosen","floor":28.0,"turns":5.0},{"damage":17.0,"enemies":"Book of Stabbing","floor":29.0,"turns":4.0},{"damage":4.0,"enemies":"Centurion and Healer","floor":30.0,"turns":5.0},{"damage":0.0,"enemies":"Gremlin Leader","floor":31.0,"turns":4.0},{"damage":14.0,"enemies":"Champ","floor":33.0,"turns":9.0},{"damage":9.0,"enemies":"3 Shapes","floor":35.0,"turns":3.0},{"damage":0.0,"enemies":"Orb Walker","floor":37.0,"turns":3.0},{"damage":58,"enemies":"Writhing Mass","floor":38,"turns":7},{"damage":12,"enemies":"Maw","floor":39,"turns":2}],"seed_played":"3772225532483052951","potions_obtained":[{"floor":1.0,"key":"ColorlessPotion"},{"floor":7.0,"key":"AttackPotion"},{"floor":10.0,"key":"Fruit Juice"},{"floor":16.0,"key":"BlessingOfTheForge"},{"floor":18.0,"key":"Weak Potion"},{"floor":28.0,"key":"Explosive Potion"},{"floor":30.0,"key":"GamblersBrew"},{"floor":37.0,"key":"SteroidPotion"}],"is_trial":false,"path_per_floor":["M","$","?","?","M","R","E","R","T","E","M","E","?","M","R","B",null,"M","$","M","?","M","R","?","$","T","M","M","E","M","E","R","B",null,"M","?","M","M","M"],"character_chosen":"WATCHER","items_purchased":["WheelKick","LikeWater"],"campfire_rested":0,"item_purchase_floors":[2,19],"current_hp_per_floor":[50,50,55,35,35,35,42,42,42,40,40,40,40,39,39,32,73,43,58,58,58,58,58,58,73,73,63,55,38,34,34,46,32,73,64,64,64,6,0,0],"gold":161,"neow_bonus":"TRANSFORM_TWO_CARDS","is_daily":false,"chose_seed":false,"campfire_upgraded":5,"win_rate":0.0,"timestamp":1611473012,"path_taken":["M","$","?","?","M","R","E","R","T","E","M","E","?","M","R","BOSS","M","$","?","?","?","R","?","$","T","M","?","E","M","E","R","BOSS","M","?","M","M","M"],"items_purchased_type":["Card","Card"],"build_version":"2020-12-22","purchased_purges":2,"victory":false,"max_hp_per_floor":[62,62,67,67,67,67,81,81,81,81,81,81,81,81,81,86,86,86,86,86,86,86,86,86,86,86,86,86,86,86,86,86,86,86,86,86,86,86,86,86],"relic_stats":{"counters":[21,81],"MealTicket":30,"Eternal Feather":12,"Cursed Key":0,"obtain_stats":[{"HornCleat":26,"Oddly Smooth Stone":31,"Mango":7,"MealTicket":10,"Eternal Feather":29,"Coffee Dripper":17,"PureWater":0,"Frozen Egg 2":36,"Cursed Key":34,"Mercury Hourglass":9,"Pocketwatch":12},{"HornCleat":11,"Oddly Smooth Stone":16,"Mango":3,"MealTicket":4,"Eternal Feather":14,"Coffee Dripper":8,"PureWater":0,"Frozen Egg 2":18,"Cursed Key":17,"Mercury Hourglass":3,"Pocketwatch":6},{"HornCleat":35,"Oddly Smooth Stone":57,"Mango":10,"MealTicket":13,"Eternal Feather":48,"Coffee Dripper":26,"PureWater":0,"Frozen Egg 2":69,"Cursed Key":66,"Mercury Hourglass":10,"Pocketwatch":16}],"Mercury Hourglass":[222],"Pocketwatch":[35]},"card_choices":[{"not_picked":["Evaluate","PathToVictory"],"picked":"WindmillStrike","floor":1.0},{"not_picked":["PathToVictory","ThirdEye"],"picked":"FearNoEvil","floor":5.0},{"not_picked":["Weave","CarveReality"],"picked":"CutThroughFate","floor":7.0},{"not_picked":["WindmillStrike","SashWhip","FollowUp"],"picked":"SKIP","floor":10.0},{"not_picked":["FlyingSleeves","CrushJoints","JustLucky"],"picked":"SKIP","floor":11.0},{"not_picked":["Evaluate","Nirvana"],"picked":"EmptyFist","floor":12.0},{"not_picked":["SashWhip","CarveReality","CrushJoints"],"picked":"SKIP","floor":14.0},{"not_picked":["Judgement","Ragnarok"],"picked":"Establishment","floor":16.0},{"not_picked":["CutThroughFate","CrushJoints"],"picked":"Tantrum","floor":18.0},{"not_picked":["CarveReality","WindmillStrike","Evaluate"],"picked":"SKIP","floor":20.0},{"not_picked":["PathToVictory","Evaluate"],"picked":"EmptyFist+1","floor":22.0},{"not_picked":["DeceiveReality+1","ThirdEye"],"picked":"Meditate","floor":27.0},{"not_picked":["FollowUp","SashWhip+1"],"picked":"ClearTheMind","floor":28.0},{"not_picked":["Swivel","Halt","Evaluate"],"picked":"SKIP","floor":29.0},{"not_picked":["CrushJoints","Worship","Crescendo"],"picked":"SKIP","floor":30.0},{"not_picked":["FlyingSleeves","DeceiveReality"],"picked":"Wallop","floor":31.0},{"not_picked":["Omniscience","DevaForm"],"picked":"SpiritShield","floor":33.0},{"not_picked":["EmptyFist","Tantrum"],"picked":"Study+1","floor":35.0},{"not_picked":["Halt","FlyingSleeves+1"],"picked":"FlurryOfBlows","floor":37.0},{"not_picked":["Halt+1","SandsOfTime+1"],"picked":"WindmillStrike","floor":38}],"player_experience":425993,"relics_obtained":[{"floor":7.0,"key":"Mango"},{"floor":9.0,"key":"Mercury Hourglass"},{"floor":10.0,"key":"MealTicket"},{"floor":12.0,"key":"Pocketwatch"},{"floor":26.0,"key":"HornCleat"},{"floor":29.0,"key":"Eternal Feather"},{"floor":31.0,"key":"Oddly Smooth Stone"}],"event_choices":[{"damage_healed":0.0,"max_hp_gain":5.0,"max_hp_loss":0.0,"gold_gain":0.0,"event_name":"Big Fish","player_choice":"Donut","floor":3.0,"gold_loss":0.0,"damage_taken":0.0},{"damage_healed":0.0,"max_hp_gain":0.0,"max_hp_loss":0.0,"gold_gain":0.0,"event_name":"Shining Light","player_choice":"Entered Light","floor":4.0,"gold_loss":0.0,"damage_taken":20.0,"cards_upgraded":["Strike_P","WheelKick"]},{"damage_healed":0.0,"max_hp_gain":0.0,"max_hp_loss":0.0,"gold_gain":0.0,"event_name":"Match and Keep!","player_choice":"0 cards matched","floor":13.0,"gold_loss":0.0,"damage_taken":0.0,"cards_obtained":[]},{"damage_healed":0.0,"max_hp_gain":0.0,"max_hp_loss":0.0,"gold_gain":0.0,"event_name":"Match and Keep!","player_choice":"0 cards matched","floor":21.0,"gold_loss":0.0,"damage_taken":0.0,"cards_obtained":[]},{"damage_healed":0.0,"max_hp_gain":0.0,"max_hp_loss":0.0,"gold_gain":0.0,"event_name":"Wheel of Change","player_choice":"Cursed","floor":24.0,"gold_loss":0.0,"damage_taken":0.0,"cards_obtained":["Decay"]},{"damage_healed":0.0,"max_hp_gain":0.0,"max_hp_loss":0.0,"gold_gain":0.0,"event_name":"WeMeetAgain","player_choice":"Paid Gold","floor":36.0,"gold_loss":81.0,"damage_taken":0.0,"relics_obtained":["Frozen Egg 2"]}],"is_beta":false,"boss_relics":[{"not_picked":["Philosopher\u0027s Stone","Runic Dome"],"picked":"Coffee Dripper"},{"not_picked":["Velvet Choker","Runic Pyramid"],"picked":"Cursed Key"}],"items_purged_floors":[19,25],"is_endless":false,"potions_floor_spawned":[1,7,10,12,16,18,28,30,33,37],"killed_by":"Maw","ascension_level":17}}