{"host":"j4g6ia6asvpyu2b0","time":1611506759,"event":{"mods":["BaseMod","Colored Map","Minty Spire (QoL Compilation)","Permanent Neow","Quick Restart","Relic Stats","StSLib","Unceasing Turn Reminder"],"gold_per_floor":[111,127,127,141,141,141,153,153,153,153,78,97,97,128,128,201,201,212,137,187,198,208,234,234,264,264,264,214,243,82,102,102,102,102],"floor_reached":33,"language":"ENG","playtime":873,"items_purged":["Strike_G"],"score":576,"play_id":"3457618c-78ba-40ff-9e85-ff11c2d88926","local_time":"20210124094559","is_ascension_mode":true,"campfire_choices":[{"data":"Leg Sweep","floor":6,"key":"SMITH"},{"data":"Neutralize","floor":8,"key":"SMITH"},{"data":"Flying Knee","floor":10,"key":"SMITH"},{"data":"Deadly Poison","floor":13,"key":"SMITH"},{"data":"Catalyst","floor":15,"key":"SMITH"},{"data":"Corpse Explosion","floor":24,"key":"SMITH"},{"floor":27,"key":"REST"},{"data":"Backflip","floor":32,"key":"SMITH"}],"circlet_count":0,"master_deck":["AscendersBane","Strike_G","Strike_G","Defend_G","Defend_G","Defend_G","Defend_G","Defend_G","Survivor","Neutralize+1","Catalyst+1","Flying Knee","Leg Sweep+1","Flying Knee+1","Deadly Poison+1","Backflip+1","Corpse Explosion+1","Caltrops+1","Dodge and Roll","Bouncing Flask+1","Sweeping Beam"],"relics":["Ring of the Snake","Bird Faced Urn","WingedGreaves","Busted Crown","Question Card","Orichalcum","Du-Vu Doll","Meat on the Bone","PrismaticShard"],"acts_visited":["Exordium","TheCity"],"potions_floor_usage":[14,22,25,29,33],"damage_taken":[{"damage":1,"enemies":"2 Louse","floor":1,"turns":4},{"damage":2,"enemies":"Jaw Worm","floor":2,"turns":6},{"damage":1,"enemies":"Small Slimes","floor":4,"turns":4},{"damage":0,"enemies":"3 Louse","floor":7,"turns":7},{"damage":6,"enemies":"Red Slaver","floor":12,"turns":7},{"damage":10,"enemies":"Lagavulin","floor":14,"turns":5},{"damage":6,"enemies":"Hexaghost","floor":16,"turns":9},{"damage":1,"enemies":"3 Byrds","floor":18,"turns":2},{"damage":0,"enemies":"Shell Parasite","floor":21,"turns":4},{"damage":0,"enemies":"Snecko","floor":22,"turns":4},{"damage":18,"enemies":"Book of Stabbing","floor":23,"turns":5},{"damage":29,"enemies":"Slavers","floor":25,"turns":4},{"damage":19,"enemies":"Book of Stabbing","floor":29,"turns":4},{"damage":9,"enemies":"Snake Plant","floor":31,"turns":5},{"damage":80,"enemies":"Collector","floor":33,"turns":8}],"seed_played":"6802153658204988122","potions_obtained":[{"floor":1,"key":"EssenceOfSteel"},{"floor":2,"key":"Energy Potion"},{"floor":16,"key":"Regen Potion"},{"floor":22,"key":"Weak Potion"},{"floor":29,"key":"SkillPotion"},{"floor":31,"key":"FairyPotion"}],"is_trial":false,"path_per_floor":["M","M","?","M","?","R","M","R","T","R","$","M","R","E","R","B",null,"M","?","?","M","M","E","R","E","T","R","?","E","$","M","R","B"],"character_chosen":"THE_SILENT","items_purchased":["PrismaticShard"],"campfire_rested":1,"item_purchase_floors":[30],"current_hp_per_floor":[58,56,61,60,53,53,53,53,53,53,53,47,47,37,37,31,57,56,56,56,58,58,42,42,15,15,34,34,31,31,36,36,0,0],"gold":102,"neow_bonus":"ONE_RARE_RELIC","is_daily":false,"chose_seed":false,"campfire_upgraded":7,"win_rate":0.0,"timestamp":1611506759,"path_taken":["M","M","?","M","?","R","M","R","T","R","$","M","R","E","R","BOSS","M","?","?","M","M","E","R","E","T","R","?","E","$","?","R","BOSS"],"items_purchased_type":["Relic"],"build_version":"2020-12-22","purchased_purges":1,"victory":false,"max_hp_per_floor":[60,60,65,65,65,65,65,65,65,65,65,65,65,65,65,65,65,65,65,65,65,65,65,65,65,65,65,65,65,65,65,65,65,65],"relic_stats":{"Busted Crown":14,"counters":[15,78],"Bird Faced Urn":[12],"Orichalcum":[12],"Question Card":3,"obtain_stats":[{"Du-Vu Doll":26,"Busted Crown":17,"Bird Faced Urn":0,"WingedGreaves":14,"Orichalcum":25,"Question Card":23,"PrismaticShard":30,"Ring of the Snake":0,"Meat on the Bone":29},{"Du-Vu Doll":12,"Busted Crown":7,"Bird Faced Urn":0,"WingedGreaves":6,"Orichalcum":12,"Question Card":11,"PrismaticShard":13,"Ring of the Snake":0,"Meat on the Bone":13},{"Du-Vu Doll":61,"Busted Crown":42,"Bird Faced Urn":0,"WingedGreaves":33,"Orichalcum":61,"Question Card":57,"PrismaticShard":65,"Ring of the Snake":0,"Meat on the Bone":65}],"Ring of the Snake":[30],"Meat on the Bone":12},"card_choices":[{"not_picked":["Accuracy","Bane"],"picked":"Catalyst","floor":1},{"not_picked":["Skewer","Choke"],"picked":"Flying Knee","floor":2},{"not_picked":["Bane","Outmaneuver"],"picked":"Leg Sweep","floor":4},{"not_picked":["Reflex","Acrobatics"],"picked":"Flying Knee","floor":7},{"not_picked":["Deflect","Slice"],"picked":"Deadly Poison","floor":12},{"not_picked":["Deflect","Underhanded Strike"],"picked":"Backflip","floor":14},{"not_picked":["Venomology","Tools of the Trade"],"picked":"Corpse Explosion","floor":16},{"not_picked":[],"picked":"Caltrops+1","floor":18},{"not_picked":["Endless Agony"],"picked":"SKIP","floor":21},{"not_picked":["Reflex+1"],"picked":"SKIP","floor":22},{"not_picked":[],"picked":"Dodge and Roll","floor":23},{"not_picked":["Predator"],"picked":"Bouncing Flask","floor":25},{"not_picked":["Expertise","Slice"],"picked":"SKIP","floor":29},{"not_picked":["Adaptation"],"picked":"Sweeping Beam","floor":31}],"player_experience":982892,"relics_obtained":[{"floor":14,"key":"WingedGreaves"},{"floor":23,"key":"Question Card"},{"floor":25,"key":"Orichalcum"},{"floor":26,"key":"Du-Vu Doll"},{"floor":29,"key":"Meat on the Bone"}],"event_choices":[{"damage_healed":0,"gold_gain":0,"player_choice":"Donut","damage_taken":0,"max_hp_gain":5,"max_hp_loss":0,"event_name":"Big Fish","floor":3,"gold_loss":0},{"cards_removed":["Strike_G"],"damage_healed":0,"gold_gain":0,"player_choice":"Card Removal","damage_taken":7,"max_hp_gain":0,"max_hp_loss":0,"event_name":"Golden Wing","floor":5,"gold_loss":0},{"cards_removed":["Strike_G"],"damage_healed":0,"gold_gain":0,"player_choice":"Gave Gold","damage_taken":0,"max_hp_gain":0,"max_hp_loss":0,"event_name":"Beggar","floor":19,"gold_loss":75},{"damage_healed":0,"gold_gain":50,"player_choice":"Stole From Cult","damage_taken":0,"max_hp_gain":0,"max_hp_loss":0,"event_name":"Nest","floor":20,"gold_loss":0},{"damage_healed":0,"gold_gain":0,"player_choice":"Upgrade","damage_taken":0,"max_hp_gain":0,"max_hp_loss":0,"event_name":"Designer","floor":28,"gold_loss":50,"cards_upgraded":["Bouncing Flask"]}],"is_beta":false,"boss_relics":[{"not_picked":["Velvet Choker","Tiny House"],"picked":"Busted Crown"}],"items_purged_floors":[11],"is_endless":false,"potions_floor_spawned":[1,2,16,22,29,31],"killed_by":"Collector","ascension_level":18}}