{"host":"fdq5pmhluajjrf8d","time":1611449517,"event":{"mods":["BaseMod","Minty Spire (QoL Compilation)"],"gold_per_floor":[116,127,127,127,147,164,164,195,276,276,290,318,318,318,318,318,318],"floor_reached":16,"language":"ENG","playtime":691,"items_purged":[],"score":220,"play_id":"09902d9d-a598-4583-a289-38b9b7fef259","local_time":"20210123195157","is_ascension_mode":true,"campfire_choices":[{"data":"Zap","floor":7,"key":"SMITH"},{"floor":10,"key":"REST"},{"floor":13,"key":"REST"},{"data":"Chaos","floor":15,"key":"SMITH"}],"circlet_count":0,"master_deck":["AscendersBane","Strike_B","Strike_B","Strike_B","Strike_B","Defend_B","Defend_B","Defend_B","Defend_B","Zap+1","Dualcast","Fission+1","Leap","Consume","Chaos+1","Parasite"],"relics":["Cracked Core","WingedGreaves","Question Card","Pen Nib"],"acts_visited":["Exordium"],"potions_floor_usage":[8,12],"damage_taken":[{"damage":0,"enemies":"2 Louse","floor":1,"turns":1},{"damage":7,"enemies":"Jaw Worm","floor":2,"turns":3},{"damage":1,"enemies":"Small Slimes","floor":5,"turns":3},{"damage":1,"enemies":"2 Fungi Beasts","floor":6,"turns":3},{"damage":23,"enemies":"Lagavulin","floor":8,"turns":7},{"damage":7,"enemies":"3 Louse","floor":11,"turns":4},{"damage":46,"enemies":"3 Sentries","floor":12,"turns":10},{"damage":51,"enemies":"The Guardian","floor":16,"turns":7}],"seed_played":"-5543145304732794177","potions_obtained":[{"floor":2,"key":"BlessingOfTheForge"},{"floor":8,"key":"ColorlessPotion"}],"is_trial":false,"path_per_floor":["M","M","?","?","M","M","R","E","T","R","M","E","R","?","R","B"],"character_chosen":"DEFECT","items_purchased":[],"campfire_rested":2,"item_purchase_floors":[],"current_hp_per_floor":[64,57,62,62,61,60,60,37,37,59,52,6,28,47,47,0,0],"gold":318,"neow_bonus":"ONE_RANDOM_RARE_CARD","is_daily":false,"chose_seed":false,"campfire_upgraded":2,"win_rate":0.0,"timestamp":1611449517,"path_taken":["M","M","?","?","M","M","R","E","T","R","M","E","R","?","R","BOSS"],"items_purchased_type":[],"build_version":"2020-12-22","purchased_purges":0,"victory":false,"max_hp_per_floor":[71,71,76,76,76,76,76,76,76,76,76,76,76,76,76,76,76],"card_choices":[{"not_picked":["Streamline","Beam Cell"],"picked":"Leap","floor":1},{"not_picked":["Conserve Battery","Undo","Force Field"],"picked":"SKIP","floor":2},{"not_picked":["Heatsinks","Reprogram"],"picked":"Consume","floor":5},{"not_picked":["Heatsinks","Reinforced Body","Static Discharge"],"picked":"SKIP","floor":6},{"not_picked":["Gash","Blizzard","Rebound"],"picked":"SKIP","floor":8},{"not_picked":["Rebound","Turbo","Compile Driver","Gash"],"picked":"SKIP","floor":11},{"not_picked":["Barrage","Stack","Rebound"],"picked":"Chaos","floor":12}],"player_experience":1927747,"relics_obtained":[{"floor":8,"key":"WingedGreaves"},{"floor":9,"key":"Question Card"},{"floor":12,"key":"Pen Nib"}],"event_choices":[{"damage_healed":0,"gold_gain":0,"player_choice":"Donut","damage_taken":0,"max_hp_gain":5,"max_hp_loss":0,"event_name":"Big Fish","floor":3,"gold_loss":0},{"damage_healed":0,"gold_gain":0,"player_choice":"Grow","damage_taken":0,"max_hp_gain":0,"max_hp_loss":0,"event_name":"Living Wall","floor":4,"gold_loss":0,"cards_upgraded":["Fission"]},{"damage_healed":19,"gold_gain":0,"player_choice":"Healed and dodged fight","damage_taken":0,"max_hp_gain":0,"max_hp_loss":0,"event_name":"Mushrooms","floor":14,"gold_loss":0,"cards_obtained":["Parasite"]}],"is_beta":false,"boss_relics":[],"items_purged_floors":[],"is_endless":false,"potions_floor_spawned":[2,8],"killed_by":"The Guardian","ascension_level":20}}