{"host":"flnqt0m1a2s83kg7","time":1611523706,"event":{"mods":["AchievementEnabler","Act Like it!","BaseMod","Better Third Choice","Downfall","Minty Spire (QoL Compilation)","Rare Cards Sparkle","StSLib"],"gold_per_floor":[117,136,311,1,13,13,43,43,68,68,97,26,55,65,65,166,166,179,65,78,92,38,73,73,93,93,93,8,19,19,19],"floor_reached":30,"language":"ENG","playtime":1262,"items_purged":["Strike_R"],"score":320,"play_id":"eb2271b1-ca0d-4395-86e6-659247e73d95","local_time":"20210124142826","is_ascension_mode":true,"campfire_choices":[{"data":"Flex","floor":6.0,"key":"SMITH"},{"floor":10.0,"key":"REST"},{"floor":15.0,"key":"REST"},{"floor":27,"key":"REST"}],"circlet_count":0,"master_deck":["Strike_R","Strike_R","Strike_R","Strike_R","Defend_R","Defend_R","Defend_R","Defend_R","Bash","Flex+1","Pummel","Disarm","Inflame+1","Fiend Fire","Iron Wave","Corruption+1","Uppercut","Inflame+1","Flex+1","Pommel Strike","Shrug It Off","Shrug It Off+1","Sword Boomerang+1","Body Slam+1"],"relics":["Burning Blood","Frozen Egg 2","Juzu Bracelet","Pen Nib","Dream Catcher","Mark of Pain","Bottled Lightning","betterThird:NestCultRelic","Strawberry","Magic Flower"],"acts_visited":["Exordium","TheCity"],"potions_floor_usage":[29],"damage_taken":[{"damage":10.0,"enemies":"2 Louse","floor":1.0,"turns":2.0},{"damage":16.0,"enemies":"Small Slimes","floor":2.0,"turns":5.0},{"damage":9.0,"enemies":"Jaw Worm","floor":5.0,"turns":3.0},{"damage":44.0,"enemies":"Gremlin Nob","floor":7.0,"turns":5.0},{"damage":43.0,"enemies":"3 Sentries","floor":11.0,"turns":9.0},{"damage":20.0,"enemies":"Lagavulin","floor":13.0,"turns":7.0},{"damage":0.0,"enemies":"Lots of Slimes","floor":14.0,"turns":4.0},{"damage":27.0,"enemies":"Slime Boss","floor":16.0,"turns":9.0},{"damage":21.0,"enemies":"Chosen","floor":18.0,"turns":6.0},{"damage":21.0,"enemies":"3 Byrds","floor":20.0,"turns":6.0},{"damage":27.0,"enemies":"Snake Plant","floor":21.0,"turns":4.0},{"damage":33.0,"enemies":"Book of Stabbing","floor":23.0,"turns":5.0},{"damage":24,"enemies":"3 Cultists","floor":25,"turns":5},{"damage":43,"enemies":"Centurion and Healer","floor":29,"turns":3},{"damage":0,"enemies":"Snake Plant","floor":30,"turns":2}],"seed_played":"4230369857714834957","potions_obtained":[{"floor":5.0,"key":"hexamod:SoulburnPotion"},{"floor":13.0,"key":"Guardian:BlockOnCardUsePotion"},{"floor":16.0,"key":"EntropicBrew"},{"floor":21.0,"key":"Block Potion"},{"floor":29,"key":"Energy Potion"}],"is_trial":false,"path_per_floor":["M","M","?","$","M","R","E","?","T","R","E","$","E","M","R","B",null,"M","$","M","M","$","E","?","M","T","R","?","M","M"],"character_chosen":"IRONCLAD","items_purchased":["Flex","Frozen Egg 2","Inflame+1","Inflame+1","Shrug It Off"],"campfire_rested":3,"item_purchase_floors":[4,4,12,19,22],"current_hp_per_floor":[84,74,74,74,71,71,33,33,33,59,22,22,8,14,40,19,88,73,73,58,54,54,27,27,9,16,44,44,10,10,10],"gold":19,"neow_bonus":"TEN_PERCENT_HP_BONUS","is_daily":false,"chose_seed":false,"campfire_upgraded":1,"win_rate":0.0,"timestamp":1611523706,"path_taken":["M","M","?","$","M","R","E","?","T","R","E","?","E","M","R","BOSS","M","?","M","M","$","E","?","M","T","R","?","M","M"],"items_purchased_type":["Card","Relic","Card","Card","Card"],"build_version":"2020-12-22","purchased_purges":1,"victory":false,"max_hp_per_floor":[88,88,88,88,88,88,88,88,88,88,88,88,88,88,88,88,88,88,88,88,88,88,88,88,88,95,95,95,95,95,95],"card_choices":[{"not_picked":["Perfected Strike","Fire Breathing","Second Wind"],"picked":"SKIP","floor":1.0},{"not_picked":["Heavy Blade","Warcry","Twin Strike"],"picked":"SKIP","floor":2.0},{"not_picked":["Clash","Warcry","Twin Strike"],"picked":"SKIP","floor":5.0},{"not_picked":["Warcry","Burning Pact"],"picked":"Pummel","floor":7.0},{"not_picked":["Warcry","Wild Strike"],"picked":"Disarm","floor":11.0},{"not_picked":["Body Slam","Twin Strike"],"picked":"Fiend Fire","floor":13.0},{"not_picked":["Perfected Strike","Clash"],"picked":"Iron Wave","floor":14.0},{"not_picked":["Brutality+1","Offering"],"picked":"Corruption+1","floor":16.0},{"not_picked":["Pommel Strike","Clothesline"],"picked":"Uppercut","floor":18.0},{"not_picked":["Bloodletting+1","Shrug It Off+1"],"picked":"Flex+1","floor":20.0},{"not_picked":["Thunderclap","Warcry+1"],"picked":"Pommel Strike","floor":21.0},{"not_picked":["True Grit","Combust+1","Wild Strike+1"],"picked":"SKIP","floor":23.0},{"not_picked":["Body Slam","Combust+1"],"picked":"Shrug It Off+1","floor":25},{"not_picked":["Corruption+1","True Grit"],"picked":"Sword Boomerang+1","floor":27},{"not_picked":["Thunderclap","Wild Strike+1"],"picked":"Body Slam+1","floor":29}],"player_experience":53181,"relics_obtained":[{"floor":7.0,"key":"Juzu Bracelet"},{"floor":11.0,"key":"Pen Nib"},{"floor":13.0,"key":"Dream Catcher"},{"floor":23.0,"key":"Bottled Lightning"},{"floor":26,"key":"Strawberry"}],"event_choices":[{"damage_healed":0.0,"max_hp_gain":0.0,"max_hp_loss":0.0,"gold_gain":175.0,"event_name":"betterThird:BetterSerpent","player_choice":"AGREE","floor":3.0,"gold_loss":0.0,"damage_taken":136.0},{"cards_removed":["Doubt"],"damage_healed":0.0,"max_hp_gain":0.0,"max_hp_loss":0.0,"gold_gain":0.0,"event_name":"Living Wall","player_choice":"Forget","floor":8.0,"gold_loss":0.0,"damage_taken":0.0},{"damage_healed":0.0,"max_hp_gain":0.0,"max_hp_loss":0.0,"gold_gain":0.0,"event_name":"betterThird:BetterNest","player_choice":"Madness","floor":24.0,"gold_loss":0.0,"damage_taken":0.0,"relics_obtained":["betterThird:NestCultRelic"]},{"damage_healed":0,"gold_gain":0,"player_choice":"Obtained Relic","damage_taken":0,"relics_obtained":["Magic Flower"],"max_hp_gain":0,"max_hp_loss":0,"event_name":"Addict","floor":28,"gold_loss":85}],"is_beta":false,"boss_relics":[{"not_picked":["Black Blood","Coffee Dripper"],"picked":"Mark of Pain"}],"items_purged_floors":[19],"is_endless":false,"potions_floor_spawned":[5,13,16,21,29],"killed_by":"Snake Plant","ascension_level":2}}