{"host":"aj7el8l5kufbk20z","time":1611460916,"event":{"mods":["AchievementEnabler","BaseMod","Colored Map","Colored Powertips","Curses Come First","Highlight Path","Minty Spire (QoL Compilation)","Permanent Neow","Poor People Problems","Quick Restart","Rare Cards Sparkle","Relic Stats","StSLib","SuperFastMode","Waifu the Spire"],"gold_per_floor":[109,109,119,119,138,138,138,138,210,210,109,128,146,159,159,235,235,249,299,222,242,254,254,254,254],"floor_reached":24,"language":"ZHS","playtime":955,"items_purged":[],"score":329,"play_id":"1495cf48-2beb-47ce-b01f-3b25e8376d00","local_time":"20210124120156","is_ascension_mode":true,"campfire_choices":[{"data":"Second Wind","floor":6,"key":"SMITH"},{"data":"Wild Strike","floor":8,"key":"SMITH"},{"data":"Pommel Strike","floor":10,"key":"SMITH"},{"data":"Fire Breathing","floor":15,"key":"SMITH"},{"floor":23,"key":"REST"}],"circlet_count":0,"master_deck":["AscendersBane","Strike_R","Strike_R","Defend_R+1","Defend_R","Defend_R+1","Bash","Second Wind+1","Wild Strike+1","Pommel Strike+1","Fire Breathing+1","Body Slam+1","Carnage+1","Shockwave","Warcry","Berserk","Evolve","Feel No Pain","Pommel Strike+1","Headbutt+1"],"relics":["Burning Blood","War Paint","HornCleat","Molten Egg 2","Empty Cage"],"acts_visited":["Exordium","TheCity"],"potions_floor_usage":[22,24],"damage_taken":[{"damage":4,"enemies":"Jaw Worm","floor":1,"turns":4},{"damage":8,"enemies":"2 Louse","floor":3,"turns":3},{"damage":0,"enemies":"Cultist","floor":5,"turns":3},{"damage":0,"enemies":"Exordium Thugs","floor":12,"turns":3},{"damage":0,"enemies":"Looter","floor":13,"turns":2},{"damage":0,"enemies":"2 Fungi Beasts","floor":14,"turns":2},{"damage":45,"enemies":"The Guardian","floor":16,"turns":12},{"damage":29,"enemies":"2 Thieves","floor":18,"turns":4},{"damage":6,"enemies":"Chosen","floor":21,"turns":4},{"damage":25,"enemies":"Centurion and Healer","floor":22,"turns":5},{"damage":46,"enemies":"Gremlin Leader","floor":24,"turns":2}],"seed_played":"-5572398595046459002","potions_obtained":[{"floor":5,"key":"Fire Potion"},{"floor":13,"key":"SteroidPotion"},{"floor":21,"key":"Energy Potion"}],"is_trial":false,"path_per_floor":["M","?","M","?","M","R","T","R","T","R","$","M","M","M","R","B",null,"M","?","$","M","M","R","E"],"character_chosen":"IRONCLAD","items_purchased":["Fire Breathing","Body Slam+1","Feel No Pain"],"campfire_rested":1,"item_purchase_floors":[11,11,20],"current_hp_per_floor":[70,70,68,68,74,74,74,74,74,74,74,75,75,75,75,36,65,42,42,42,42,23,45,0,0],"gold":254,"neow_bonus":"RANDOM_COMMON_RELIC","is_daily":false,"chose_seed":false,"campfire_upgraded":4,"win_rate":0.0,"timestamp":1611460916,"path_taken":["M","?","M","?","?","R","?","R","T","R","$","M","M","M","R","BOSS","M","?","$","M","M","R","E"],"items_purchased_type":["Card","Card","Card"],"build_version":"2020-12-22","purchased_purges":0,"victory":false,"max_hp_per_floor":[75,75,75,75,75,75,75,75,75,75,75,75,75,75,75,75,75,75,75,75,75,75,75,75,75],"relic_stats":{"counters":[11,44],"War Paint":["Defend_R","Defend_R"],"obtain_stats":[{"HornCleat":7,"Molten Egg 2":9,"War Paint":0,"Empty Cage":17,"Burning Blood":0},{"HornCleat":3,"Molten Egg 2":3,"War Paint":0,"Empty Cage":7,"Burning Blood":0},{"HornCleat":10,"Molten Egg 2":10,"War Paint":0,"Empty Cage":29,"Burning Blood":0}],"Burning Blood":43},"card_choices":[{"not_picked":["Cleave","Pommel Strike"],"picked":"Second Wind","floor":1},{"not_picked":["Whirlwind","Sever Soul"],"picked":"Wild Strike","floor":3},{"not_picked":["Havoc","Perfected Strike"],"picked":"Pommel Strike","floor":5},{"not_picked":["Wild Strike+1","Twin Strike+1"],"picked":"Carnage+1","floor":12},{"not_picked":["Wild Strike+1","Warcry"],"picked":"Shockwave","floor":13},{"not_picked":["Blood for Blood+1","Perfected Strike+1"],"picked":"Warcry","floor":14},{"not_picked":["Brutality","Impervious"],"picked":"Berserk","floor":16},{"not_picked":["Anger+1","Iron Wave+1"],"picked":"Evolve","floor":18},{"not_picked":["Whirlwind+1","Dropkick+1"],"picked":"Pommel Strike+1","floor":21},{"not_picked":["Pummel+1","Clothesline+1"],"picked":"Headbutt+1","floor":22}],"player_experience":367618,"relics_obtained":[{"floor":7,"key":"HornCleat"},{"floor":9,"key":"Molten Egg 2"}],"event_choices":[{"cards_removed":["Strike_R"],"damage_healed":0,"gold_gain":0,"player_choice":"Forget","damage_taken":0,"max_hp_gain":0,"max_hp_loss":0,"event_name":"Living Wall","floor":2,"gold_loss":0},{"cards_removed":["Strike_R"],"damage_healed":0,"gold_gain":0,"player_choice":"Purged","damage_taken":0,"max_hp_gain":0,"max_hp_loss":0,"event_name":"Purifier","floor":4,"gold_loss":0},{"damage_healed":0,"gold_gain":50,"player_choice":"Stole From Cult","damage_taken":0,"max_hp_gain":0,"max_hp_loss":0,"event_name":"Nest","floor":19,"gold_loss":0}],"is_beta":false,"boss_relics":[{"not_picked":["Black Star","Runic Dome"],"picked":"Empty Cage"}],"items_purged_floors":[],"is_endless":false,"potions_floor_spawned":[5,13,21],"killed_by":"Gremlin Leader","ascension_level":15}}