{"host":"3po7ngt2j61s4rmj","time":1611460015,"event":{"mods":["BaseMod","JesterMod","Minty Spire (QoL Compilation)","Relic Stats","Shade Mod","StSLib","The Jungle"],"gold_per_floor":[110,110,129,33,48,48,88,108,108,108,132,153,153,180,180,180,180],"floor_reached":16,"language":"ENG","playtime":1732,"items_purged":[],"score":135,"play_id":"46461925-1337-408e-9c45-dde0c7958d79","local_time":"20210123204655","is_ascension_mode":true,"campfire_choices":[{"data":"jesterMod:Swiftness","floor":6,"key":"SMITH"},{"floor":10,"key":"REST"},{"data":"jesterMod:Inspiration","floor":13,"key":"SMITH"},{"data":"jesterMod:Haste","floor":15,"key":"SMITH"}],"circlet_count":0,"master_deck":["jesterMod:Strike","jesterMod:Strike","jesterMod:Strike","jesterMod:Strike","jesterMod:Sickle","jesterMod:Defend","jesterMod:Defend","jesterMod:Defend","jesterMod:Defend","jesterMod:Dodge","jesterMod:ButterKnife","jesterMod:DancingMad","Madness","jesterMod:Swiftness+1","jesterMod:BoilDown","jesterMod:Haste+1","jesterMod:Inspiration+1","jesterMod:Illness","jesterMod:Swiftness"],"relics":["jesterMod:JesterCap","CeramicFish","MealTicket"],"acts_visited":["Exordium"],"potions_floor_usage":[8,8,11,12,14,14,16,16,16],"damage_taken":[{"damage":3,"enemies":"Small Slimes","floor":1,"turns":6},{"damage":3,"enemies":"2 Louse","floor":3,"turns":2},{"damage":3,"enemies":"Jaw Worm","floor":5,"turns":5},{"damage":18,"enemies":"3 Sentries","floor":7,"turns":11},{"damage":17,"enemies":"Exordium Wildlife","floor":8,"turns":6},{"damage":0,"enemies":"Blue Slaver","floor":11,"turns":4},{"damage":3,"enemies":"Exordium Thugs","floor":12,"turns":6},{"damage":0,"enemies":"2 Fungi Beasts","floor":14,"turns":3},{"damage":52,"enemies":"Slime Boss","floor":16,"turns":18}],"seed_played":"540625071055335911","potions_obtained":[{"floor":1,"key":"SpeedPotion"},{"floor":3,"key":"EssenceOfSteel"},{"floor":7,"key":"FearPotion"}],"is_trial":false,"path_per_floor":["M","?","M","$","M","R","E","M","T","R","M","M","R","M","R","B"],"character_chosen":"THE_JESTER","items_purchased":["Madness"],"campfire_rested":1,"item_purchase_floors":[4],"current_hp_per_floor":[74,67,64,64,61,61,43,26,26,51,51,48,48,48,48,0,0],"gold":180,"neow_bonus":"TWENTY_PERCENT_HP_BONUS","is_daily":false,"chose_seed":false,"campfire_upgraded":3,"win_rate":0.0,"timestamp":1611460015,"path_taken":["M","?","M","$","M","R","E","M","T","R","M","M","R","M","R","BOSS"],"items_purchased_type":["Card"],"build_version":"2020-12-22","purchased_purges":0,"victory":false,"max_hp_per_floor":[84,84,84,84,84,84,84,84,84,84,84,84,84,84,84,84,84],"relic_stats":{"counters":[9,61],"CeramicFish":45,"MealTicket":0,"obtain_stats":[{"CeramicFish":7,"MealTicket":9,"jesterMod:JesterCap":0},{"CeramicFish":4,"MealTicket":5,"jesterMod:JesterCap":0},{"CeramicFish":24,"MealTicket":30,"jesterMod:JesterCap":0}]},"card_choices":[{"not_picked":["jesterMod:Precipitation","jesterMod:Mending"],"picked":"jesterMod:ButterKnife","floor":1},{"not_picked":["jesterMod:JugglerBlade","jesterMod:OblivionStrike"],"picked":"jesterMod:DancingMad","floor":3},{"not_picked":["jesterMod:SmokeScreen","jesterMod:BouncingKnife"],"picked":"jesterMod:Swiftness","floor":5},{"not_picked":["jesterMod:Prankster","jesterMod:Pause"],"picked":"jesterMod:BoilDown","floor":7},{"not_picked":["jesterMod:Rebuff","jesterMod:DancingMad"],"picked":"jesterMod:Haste","floor":8},{"not_picked":["jesterMod:SmokeScreen","jesterMod:QuickStrike"],"picked":"jesterMod:Inspiration","floor":11},{"not_picked":["jesterMod:DaggerRain","jesterMod:JackInTheBox"],"picked":"jesterMod:Illness","floor":12},{"not_picked":["jesterMod:Haste","jesterMod:OblivionStrike"],"picked":"jesterMod:Swiftness","floor":14}],"player_experience":1082831,"relics_obtained":[{"floor":7,"key":"CeramicFish"},{"floor":9,"key":"MealTicket"}],"event_choices":[{"cards_removed":["Injury"],"damage_healed":0,"gold_gain":0,"player_choice":"Card Removal","damage_taken":7,"max_hp_gain":0,"max_hp_loss":0,"event_name":"Golden Wing","floor":2,"gold_loss":0}],"is_beta":false,"boss_relics":[],"items_purged_floors":[],"is_endless":false,"potions_floor_spawned":[1,3,7,14],"killed_by":"Slime Boss","ascension_level":6}}