{"host":"42xf941fomyavgzy","time":1611455955,"event":{"mods":["BaseMod","Colored Map","KinomotoSakuraMod(–Ø”V–{?)","Minty Spire (QoL Compilation)","Shop Mod","StSLib","SuperFastMode","The Cursed"],"gold_per_floor":[116,129,109,127,146,146,164,183,183,214,231,231,260,38,38,135,135,155,190,210,227,244,244,279,135,135,135,135,153,153,179,179,284,284,304,526,526,545,562,562,579,296,296,103,120,120,22,22,22],"floor_reached":48,"language":"JPN","playtime":3535,"items_purged":["Strike_G","Strike_G","Strike_G"],"score":661,"play_id":"47097cfb-b86c-4456-b282-67e5972b9900","local_time":"20210124113915","is_ascension_mode":true,"campfire_choices":[{"data":"Poisoned Stab","floor":6,"key":"SMITH"},{"data":"Footwork","floor":12,"key":"SMITH"},{"data":"Well Laid Plans","floor":15,"key":"SMITH"},{"floor":23,"key":"REST"},{"floor":27,"key":"REST"},{"floor":30,"key":"REST"},{"data":"Burst","floor":32,"key":"SMITH"},{"floor":40,"key":"REST"},{"floor":46,"key":"REST"}],"circlet_count":0,"master_deck":["Strike_G","Strike_G","Defend_G","Defend_G","Defend_G","Defend_G","Defend_G","Survivor","Neutralize","Malaise","Well Laid Plans+1","Dagger Spray","Footwork+1","Poisoned Stab+1","Blade Dance","Burst+1","Blur","Eviscerate","Footwork+1","Wraith Form v2+1","Bane","Slice","Calculated Gamble","Cloak And Dagger","Predator","Accuracy+1","Leg Sweep","Swift Strike","Poisoned Stab","Tactician","Infinite Blades+1","Bullet Time","Backflip+1","Well Laid Plans+1","Parasite","Concentrate+1","Prepared","Noxious Fumes+1","Acrobatics","Bandage Up"],"relics":["Ring of the Snake","Pear","Frozen Egg 2","StoneCalendar","Bronze Scales","Busted Crown","Red Mask","Bottled Lightning","Dead Branch","Toy Ornithopter","SlaversCollar","Oddly Smooth Stone","Kunai"],"acts_visited":["Exordium","TheCity","TheBeyond"],"potions_floor_usage":[4,4,10,13,16,19,24,31,45,45],"damage_taken":[{"damage":6,"enemies":"Cultist","floor":1,"turns":6},{"damage":3,"enemies":"2 Louse","floor":2,"turns":5},{"damage":0,"enemies":"Small Slimes","floor":4,"turns":2},{"damage":0,"enemies":"Red Slaver","floor":5,"turns":7},{"damage":0,"enemies":"Exordium Wildlife","floor":7,"turns":2},{"damage":0,"enemies":"2 Fungi Beasts","floor":8,"turns":2},{"damage":24,"enemies":"3 Sentries","floor":10,"turns":8},{"damage":0,"enemies":"Exordium Thugs","floor":11,"turns":3},{"damage":0,"enemies":"Lagavulin","floor":13,"turns":5},{"damage":9,"enemies":"Hexaghost","floor":16,"turns":11},{"damage":6,"enemies":"Spheric Guardian","floor":18,"turns":7},{"damage":7,"enemies":"Masked Bandits","floor":19,"turns":6},{"damage":5,"enemies":"2 Thieves","floor":20,"turns":5},{"damage":42,"enemies":"3 Cultists","floor":21,"turns":7},{"damage":4,"enemies":"Snake Plant","floor":22,"turns":6},{"damage":31,"enemies":"Slavers","floor":24,"turns":7},{"damage":5,"enemies":"Centurion and Healer","floor":29,"turns":7},{"damage":5,"enemies":"Gremlin Leader","floor":31,"turns":6},{"damage":4,"enemies":"Automaton","floor":33,"turns":9},{"damage":3,"enemies":"3 Shapes","floor":35,"turns":4},{"damage":30,"enemies":"3 Darklings","floor":38,"turns":6},{"damage":11,"enemies":"Writhing Mass","floor":39,"turns":7},{"damage":9,"enemies":"4 Shapes","floor":41,"turns":5},{"damage":39,"enemies":"Spire Growth","floor":45,"turns":6},{"damage":43,"enemies":"3 Darklings","floor":48,"turns":2}],"seed_played":"-5948775966710577285","potions_obtained":[{"floor":1,"key":"Strength Potion"},{"floor":3,"key":"Regen Potion"},{"floor":7,"key":"BlessingOfTheForge"},{"floor":10,"key":"SneckoOil"},{"floor":13,"key":"Regen Potion"},{"floor":18,"key":"Swift Potion"},{"floor":22,"key":"Dexterity Potion"},{"floor":29,"key":"Strength Potion"},{"floor":38,"key":"Weak Potion"},{"floor":39,"key":"Block Potion"},{"floor":41,"key":"Ancient Potion"},{"floor":45,"key":"CunningPotion"}],"is_trial":false,"path_per_floor":["M","M","?","M","M","R","M","M","T","E","M","R","E","$","R","B",null,"M","?","M","M","M","R","E","$","T","R","?","M","R","E","R","B",null,"M","?","?","M","M","R","M","$","T","$","M","R","$","M"],"character_chosen":"THE_SILENT","items_purchased":["Bronze Scales","Accuracy+1","Leg Sweep","Prepared","Oddly Smooth Stone","Noxious Fumes+1","Bandage Up"],"campfire_rested":5,"item_purchase_floors":[14,25,25,42,42,44,47],"current_hp_per_floor":[64,61,61,66,66,66,66,66,76,52,52,52,52,52,52,58,75,69,62,57,15,11,35,4,4,4,28,28,23,47,42,42,38,70,67,67,67,37,26,50,41,41,41,41,12,36,36,0,0],"gold":22,"neow_bonus":"ONE_RANDOM_RARE_CARD","is_daily":false,"chose_seed":false,"campfire_upgraded":4,"win_rate":0.0,"timestamp":1611455955,"path_taken":["M","M","?","?","M","R","M","M","T","E","M","R","E","$","R","BOSS","M","?","M","M","M","R","E","$","T","R","?","?","R","E","R","BOSS","M","?","?","M","?","R","M","$","T","$","M","R","?","M"],"items_purchased_type":["Relic","Card","Card","Card","Relic","Card","Card"],"build_version":"2020-12-22","purchased_purges":3,"victory":false,"max_hp_per_floor":[70,70,70,70,70,70,70,70,80,80,80,80,80,80,80,80,80,80,80,80,80,80,80,80,80,80,80,80,80,80,80,80,80,80,80,80,80,80,80,80,80,80,80,80,80,80,80,80,80],"card_choices":[{"not_picked":["Quick Slash","Flechettes"],"picked":"Well Laid Plans","floor":1},{"not_picked":["Crippling Poison","PiercingWail"],"picked":"Dagger Spray","floor":2},{"not_picked":["Reflex","Calculated Gamble"],"picked":"Footwork","floor":4},{"not_picked":["Deadly Poison","Escape Plan"],"picked":"Poisoned Stab","floor":5},{"not_picked":["Skewer","Cloak And Dagger"],"picked":"Blade Dance","floor":7},{"not_picked":["Noxious Fumes","Backflip"],"picked":"Burst","floor":8},{"not_picked":["All Out Attack","Expertise"],"picked":"Blur","floor":10},{"not_picked":["Cloak And Dagger","PiercingWail"],"picked":"Eviscerate","floor":11},{"not_picked":["Outmaneuver","Reflex"],"picked":"Footwork+1","floor":13},{"not_picked":["Malaise","Envenom+1"],"picked":"Wraith Form v2+1","floor":16},{"not_picked":[],"picked":"Bane","floor":18},{"not_picked":[],"picked":"Slice","floor":19},{"not_picked":[],"picked":"Calculated Gamble","floor":20},{"not_picked":[],"picked":"Cloak And Dagger","floor":21},{"not_picked":["Bane"],"picked":"SKIP","floor":22},{"not_picked":[],"picked":"Predator","floor":24},{"not_picked":[],"picked":"Tactician","floor":29},{"not_picked":[],"picked":"Infinite Blades+1","floor":31},{"not_picked":[],"picked":"Bullet Time","floor":33},{"not_picked":[],"picked":"Backflip+1","floor":35},{"not_picked":[],"picked":"Well Laid Plans+1","floor":38},{"not_picked":[],"picked":"Concentrate+1","floor":39},{"not_picked":["Sucker Punch+1"],"picked":"SKIP","floor":41},{"not_picked":[],"picked":"Acrobatics","floor":45}],"player_experience":419244,"relics_obtained":[{"floor":9,"key":"Pear"},{"floor":10,"key":"Frozen Egg 2"},{"floor":13,"key":"StoneCalendar"},{"floor":19,"key":"Red Mask"},{"floor":24,"key":"Bottled Lightning"},{"floor":26,"key":"Dead Branch"},{"floor":31,"key":"Toy Ornithopter"},{"floor":43,"key":"Kunai"}],"event_choices":[{"damage_healed":0,"gold_gain":0,"player_choice":"Bought 1 Potion","damage_taken":0,"max_hp_gain":0,"max_hp_loss":0,"event_name":"The Woman in Blue","floor":3,"gold_loss":0},{"damage_healed":0,"gold_gain":0,"player_choice":"Fought Bandits","damage_taken":0,"max_hp_gain":0,"max_hp_loss":0,"event_name":"Masked Bandits","floor":19,"gold_loss":0},{"damage_healed":0,"gold_gain":0,"player_choice":"2 cards matched","damage_taken":0,"max_hp_gain":0,"max_hp_loss":0,"event_name":"Match and Keep!","floor":28,"gold_loss":0,"cards_obtained":["Swift Strike","Poisoned Stab"]},{"damage_healed":0,"gold_gain":222,"player_choice":"Wore Mask","damage_taken":0,"max_hp_gain":0,"max_hp_loss":0,"event_name":"Tomb of Lord Red Mask","floor":36,"gold_loss":0},{"damage_healed":0,"gold_gain":0,"player_choice":"Ignored","damage_taken":0,"max_hp_gain":0,"max_hp_loss":0,"event_name":"SecretPortal","floor":37,"gold_loss":0}],"is_beta":false,"boss_relics":[{"not_picked":["Velvet Choker","Fusion Hammer"],"picked":"Busted Crown"},{"not_picked":["Ring of the Serpent","Empty Cage"],"picked":"SlaversCollar"}],"items_purged_floors":[14,42,44],"is_endless":false,"potions_floor_spawned":[1,7,10,13,18,22,29,38,39,41,45],"killed_by":"3 Darklings","ascension_level":5}}