{"host":"mydft8i2zzydgggw","time":1611511841,"event":{"mods":["AchievementEnabler","BaseMod","BetterRewards","Colored Map","Colored Powertips","DeckTracker","Keyboard Shortcuts","Minty Spire (QoL Compilation)","Rare Cards Sparkle","StSLib","SuperFastMode","everything is the same but u backflip on backflip"],"gold_per_floor":[111,130,141,141,141,141,160,10,10,38,54,89,14,64,64,135,135,149,149,149,74,91,121,136,136,217,227,252,263,178,178,178,256,256,272,289,343,69,85,115,115,145,145,170,189,189,189,201,201,201],"floor_reached":51,"language":"KOR","playtime":1651,"items_purged":["Pain"],"score":1249,"play_id":"b785438e-f256-4816-8987-ec9b29f252fe","local_time":"20210125031041","is_ascension_mode":true,"campfire_choices":[{"data":"Go for the Eyes","floor":6,"key":"SMITH"},{"floor":15,"key":"REST"},{"data":"Seek","floor":25,"key":"SMITH"},{"data":"Zap","floor":32,"key":"SMITH"},{"data":"Undo","floor":41,"key":"SMITH"},{"data":"Echo Form","floor":47,"key":"SMITH"},{"data":"Reinforced Body","floor":49,"key":"SMITH"}],"circlet_count":0,"master_deck":["AscendersBane","Strike_B","Defend_B","Defend_B","Defend_B","Defend_B","Zap+1","Dualcast","Thunder Strike","Go for the Eyes+1","Beam Cell","Reinforced Body+1","Self Repair","Undo+1","Seek+1","Electrodynamics","Static Discharge+1","Machine Learning","Rip and Tear","Sweeping Beam+1","Ball Lightning+1","Self Repair","Core Surge+1","Echo Form+1","Conserve Battery+1","Coolheaded","Loop","Stack","Turbo","BootSequence","Seek"],"relics":["Cracked Core","WarpedTongs","DataDisk","Question Card","Ginger","Pocketwatch","Anchor","Inserter","Molten Egg 2","Bottled Flame","Singing Bowl","Ornamental Fan","Eternal Feather","Coffee Dripper","StoneCalendar","ClockworkSouvenir","Toy Ornithopter","Turnip","Pantograph","Prayer Wheel"],"acts_visited":["Exordium","TheCity","TheBeyond"],"potions_floor_usage":[12,16,16,27,28,33,37,50,50],"damage_taken":[{"damage":1,"enemies":"Cultist","floor":1,"turns":4},{"damage":7,"enemies":"Small Slimes","floor":2,"turns":3},{"damage":0,"enemies":"Jaw Worm","floor":3,"turns":2},{"damage":21,"enemies":"Lots of Slimes","floor":7,"turns":5},{"damage":7,"enemies":"Lagavulin","floor":10,"turns":7},{"damage":18,"enemies":"Exordium Thugs","floor":11,"turns":5},{"damage":24,"enemies":"Gremlin Nob","floor":12,"turns":5},{"damage":6,"enemies":"The Guardian","floor":16,"turns":11},{"damage":2,"enemies":"3 Byrds","floor":18,"turns":2},{"damage":3,"enemies":"Shell Parasite","floor":22,"turns":6},{"damage":27,"enemies":"Book of Stabbing","floor":23,"turns":5},{"damage":2,"enemies":"Snecko","floor":24,"turns":5},{"damage":15,"enemies":"Snake Plant","floor":27,"turns":3},{"damage":20,"enemies":"Slavers","floor":28,"turns":2},{"damage":1,"enemies":"Shelled Parasite and Fungi","floor":29,"turns":4},{"damage":53,"enemies":"Collector","floor":33,"turns":7},{"damage":6,"enemies":"Orb Walker","floor":35,"turns":5},{"damage":26,"enemies":"3 Darklings","floor":36,"turns":5},{"damage":28,"enemies":"2 Orb Walkers","floor":37,"turns":3},{"damage":11,"enemies":"Maw","floor":39,"turns":6},{"damage":46,"enemies":"Giant Head","floor":40,"turns":9},{"damage":8,"enemies":"Nemesis","floor":42,"turns":5},{"damage":1,"enemies":"Mind Bloom Boss Battle","floor":44,"turns":7},{"damage":18,"enemies":"4 Shapes","floor":45,"turns":4},{"damage":9,"enemies":"3 Darklings","floor":48,"turns":3},{"damage":45,"enemies":"Awakened One","floor":50,"turns":10}],"seed_played":"-5128356213443859004","potions_obtained":[{"floor":7,"key":"Block Potion"},{"floor":10,"key":"LiquidBronze"},{"floor":12,"key":"Swift Potion"},{"floor":18,"key":"Energy Potion"},{"floor":23,"key":"GamblersBrew"},{"floor":24,"key":"Regen Potion"},{"floor":27,"key":"PowerPotion"},{"floor":36,"key":"AttackPotion"},{"floor":42,"key":"Strength Potion"},{"floor":45,"key":"BlessingOfTheForge"},{"floor":48,"key":"Regen Potion"}],"is_trial":false,"path_per_floor":["M","M","M","?","?","R","M","$","T","E","M","E","$","T","R","B",null,"M","?","?","?","M","E","M","R","T","M","E","M","?","T","R","B",null,"M","M","?","$","M","E","R","E","T","?","M","?","R","M","R","B",null],"character_chosen":"DEFECT","items_purchased":["DataDisk","ClockworkSouvenir","Coolheaded","Loop"],"campfire_rested":1,"item_purchase_floors":[8,38,38,38],"current_hp_per_floor":[63,56,56,61,61,61,40,40,40,43,32,15,15,15,37,38,67,75,75,75,75,76,59,64,64,64,54,34,42,42,42,54,8,61,78,68,54,54,59,37,52,67,67,86,86,82,82,86,86,63],"gold":201,"neow_bonus":"ONE_RANDOM_RARE_CARD","is_daily":false,"chose_seed":false,"campfire_upgraded":6,"win_rate":0.0,"timestamp":1611511841,"path_taken":["M","M","?","?","?","R","?","$","T","E","M","E","$","?","R","BOSS","M","?","?","?","M","E","M","R","T","M","E","M","?","?","R","BOSS","M","M","?","$","M","E","R","E","T","?","M","?","R","M","R","BOSS"],"items_purchased_type":["Relic","Relic","Card","Card"],"build_version":"2020-12-22","purchased_purges":1,"victory":true,"max_hp_per_floor":[71,71,71,76,76,76,76,76,76,76,76,76,76,76,76,76,76,76,76,76,76,76,76,76,76,76,76,76,78,78,78,78,78,78,80,82,82,82,84,84,84,86,86,86,86,82,82,86,86,86],"card_choices":[{"not_picked":["Beam Cell","Undo"],"picked":"Go for the Eyes","floor":1},{"not_picked":["Go for the Eyes","Barrage"],"picked":"Beam Cell","floor":2},{"not_picked":["Go for the Eyes","Tempest"],"picked":"Reinforced Body","floor":3},{"not_picked":["Leap","Barrage"],"picked":"Self Repair","floor":7},{"not_picked":["Beam Cell","Reboot","Steam","Go for the Eyes"],"picked":"SKIP","floor":10},{"not_picked":["Sunder","Gash","Hologram"],"picked":"Undo","floor":11},{"not_picked":["Rebound","Self Repair","Meteor Strike"],"picked":"Seek","floor":12},{"not_picked":["Amplify","Rainbow","Thunder Strike"],"picked":"Electrodynamics","floor":16},{"not_picked":["Turbo","Sweeping Beam","Leap"],"picked":"Static Discharge+1","floor":18},{"not_picked":["Conserve Battery","Barrage","Rebound"],"picked":"Sweeping Beam+1","floor":22},{"not_picked":["Rebound+1","Genetic Algorithm","Beam Cell+1"],"picked":"Ball Lightning+1","floor":23},{"not_picked":["Fission","Ball Lightning+1","Redo"],"picked":"Self Repair","floor":24},{"not_picked":["Ball Lightning+1","Redo","Streamline+1","Darkness"],"picked":"SKIP","floor":27},{"not_picked":["Aggregate","Double Energy","Go for the Eyes+1"],"picked":"Core Surge+1","floor":28},{"not_picked":["Chill","Stack+1","Darkness","Self Repair"],"picked":"Singing Bowl","floor":29},{"not_picked":["Amplify","Fission","Core Surge+1"],"picked":"Echo Form","floor":33},{"not_picked":["Streamline+1","Ball Lightning+1","Cold Snap+1","Hello World"],"picked":"Singing Bowl","floor":35},{"not_picked":["Barrage+1","Darkness","Redo+1","Doom and Gloom+1"],"picked":"Singing Bowl","floor":36},{"not_picked":["Hello World","Redo+1","Fusion"],"picked":"Conserve Battery+1","floor":37},{"not_picked":["Doom and Gloom+1","Creative AI","Static Discharge","Go for the Eyes+1"],"picked":"Singing Bowl","floor":39},{"not_picked":["Sweeping Beam+1","Blizzard+1","Compile Driver+1"],"picked":"Stack","floor":40},{"not_picked":["Barrage+1","Rebound+1","Streamline+1","All For One+1"],"picked":"Singing Bowl","floor":42},{"not_picked":["Sweeping Beam+1","Scrape+1","Capacitor+1"],"picked":"Turbo","floor":44},{"not_picked":["Conserve Battery","Ball Lightning+1","Go for the Eyes+1"],"picked":"BootSequence","floor":45},{"not_picked":["Steam Power+1","Genetic Algorithm","Doom and Gloom+1"],"picked":"Seek","floor":45},{"not_picked":["Compile Driver+1","Redo","Turbo","Go for the Eyes+1"],"picked":"Singing Bowl","floor":48},{"not_picked":["Coolheaded","Loop","Streamline+1","Machine Learning"],"picked":"Singing Bowl","floor":48}],"player_experience":207524,"relics_obtained":[{"floor":9,"key":"Question Card"},{"floor":10,"key":"Ginger"},{"floor":12,"key":"Pocketwatch"},{"floor":14,"key":"Anchor"},{"floor":23,"key":"Molten Egg 2"},{"floor":26,"key":"Bottled Flame"},{"floor":28,"key":"Singing Bowl"},{"floor":31,"key":"Eternal Feather"},{"floor":37,"key":"StoneCalendar"},{"floor":40,"key":"Toy Ornithopter"},{"floor":42,"key":"Turnip"},{"floor":43,"key":"Pantograph"},{"floor":44,"key":"Prayer Wheel"}],"event_choices":[{"damage_healed":0,"gold_gain":0,"player_choice":"Donut","damage_taken":0,"max_hp_gain":5,"max_hp_loss":0,"event_name":"Big Fish","floor":4,"gold_loss":0},{"damage_healed":0,"gold_gain":0,"player_choice":"Rummage","damage_taken":0,"relics_obtained":["WarpedTongs"],"max_hp_gain":0,"max_hp_loss":0,"event_name":"Accursed Blacksmith","floor":5,"gold_loss":0,"cards_obtained":["Pain"]},{"damage_healed":0,"gold_gain":0,"cards_transformed":["Strike_B","Strike_B"],"player_choice":"Became Test Subject","damage_taken":0,"max_hp_gain":0,"max_hp_loss":0,"event_name":"Drug Dealer","floor":19,"gold_loss":0,"cards_obtained":["Machine Learning","Rip and Tear"]},{"damage_healed":0,"gold_gain":0,"player_choice":"Ignored","damage_taken":0,"max_hp_gain":0,"max_hp_loss":0,"event_name":"Vampires","floor":20,"gold_loss":0},{"cards_removed":["Strike_B"],"damage_healed":0,"gold_gain":0,"player_choice":"Gave Gold","damage_taken":0,"max_hp_gain":0,"max_hp_loss":0,"event_name":"Beggar","floor":21,"gold_loss":75},{"damage_healed":0,"gold_gain":0,"player_choice":"Obtained Relic","damage_taken":0,"relics_obtained":["Ornamental Fan"],"max_hp_gain":0,"max_hp_loss":0,"event_name":"Addict","floor":30,"gold_loss":85},{"damage_healed":0,"gold_gain":0,"player_choice":"Fight","damage_taken":0,"max_hp_gain":0,"max_hp_loss":0,"event_name":"Mysterious Sphere","floor":37,"gold_loss":0},{"damage_healed":0,"gold_gain":0,"player_choice":"Fight","damage_taken":0,"max_hp_gain":0,"max_hp_loss":0,"event_name":"MindBloom","floor":44,"gold_loss":0},{"damage_healed":0,"gold_gain":0,"player_choice":"Max HP","damage_taken":0,"max_hp_gain":0,"max_hp_loss":4,"event_name":"Winding Halls","floor":46,"gold_loss":0}],"is_beta":false,"boss_relics":[{"not_picked":["Fusion Hammer","Philosopher\u0027s Stone"],"picked":"Inserter"},{"not_picked":["Runic Dome","Nuclear Battery"],"picked":"Coffee Dripper"}],"items_purged_floors":[13],"is_endless":false,"potions_floor_spawned":[7,10,12,18,23,24,27,36,42,45,48],"ascension_level":14}}