{"host":"hqxy2g3i5ker09hc","time":1611523653,"event":{"mods":["2.2 Compatiblity","AlwaysNeverKeys","Aspiration","BaseMod","Beaked The Cultist","Better Match","Better Note","Better Sensory Stone","Better Silent Start","Better Third Choice","Better-Laid Plans","CCEM","CatGirl Mod","Chen","Conspire","Downfall","Fireblade Mod","GifTheSpireLib","Gold Saver","Hubris","Ironclad Rager","Minty Spire (QoL Compilation)","MostiFishMod","Permanent Neow","Quarter Circle Forward PUNCH!","Quick Restart","Replay The Spire","Shop Mod","Small Relic Pack","Spikes Relics","StSLib","Stuff the Spire","The Animator","The Bug Knight","The Forsaken","The Wild Card","vexMod"],"gold_per_floor":[2377,2377,2405,1751,1751,1751,1767,1779,1779,1799,966,1241,1241,1241,578,598,598,704,704,723,723,723,741,741,741,811,811,811,839,874,924,957,1021,1021,1126,1126,1137,1187,1339,1418,1418,1418,1418,1448,1448,1468,1468,1482,1502,1552,1552,1602,1602,1606,1606,1606,1606,1635,1643],"floor_reached":60,"language":"ENG","playtime":4756,"items_purged":["Regret","animator:Strike","animator:Defend","animator:Defend","animator:Defend","animator:Strike+1"],"score":1533,"play_id":"bc087824-fbc0-4a10-9c8d-eea17e1c5001","local_time":"20210124222733","is_ascension_mode":true,"campfire_choices":[{"data":"animator:Kazuma","floor":6.0,"key":"SMITH"},{"data":"animator:Aqua","floor":17.0,"key":"SMITH"},{"data":"animator:Urushihara","floor":25.0,"key":"SMITH"},{"data":"animator:Kaijin","floor":27.0,"key":"SMITH"},{"floor":34.0,"key":"DIG"},{"data":"animator:Darkness","floor":56,"key":"SMITH"}],"circlet_count":0,"master_deck":["animator:Megumin+33","animator:Strike_Konosuba+1","animator:Defend_Konosuba","animator:Strike+1","animator:Kazuma+1","animator:Aqua+1","animator:NagisaMomoe","animator:Chris","animator:YachiyoNanami","animator:QuestionMark","animator:Layla","animator:ShinjiMatou","animator:DolaCouronne","animator:Aqua+1","animator:Guy","animator:Emilia","animator:SayakaMiki","animator:FielNirvalen","animator:Urushihara+1","animator:Zero+1","animator:Sloth","animator:Urushihara+1","animator:Kyubey","animator:Lelouch+1","Blade Dance","animator:MisaKurobane+1","Dagger Throw","animator:Demiurge+1","animator:Kaijin+1","ReplayTheSpireMod:Scrap Shanks","Flying Knee+1","animator:Envy","MostiFishMod:PoisonShield+1","Dodge and Roll+1","MostiFishMod:InvigoratingSolution+1","hubris:Counter","animator:Bozes+1","animator:Vesta+1","MostiFishMod:SpreadingSpore+1","animator:Darkness+1","Backflip+1","Backflip+1","Noxious Fumes","animator:Priestess+1","animator:EmiyaShirou+1","Outmaneuver+1","Fluid Movement","animator:MamizouFutatsuiwa+1","animator:Priestess+1"],"relics":["animator:LivingPicture","animator:TheMissingPiece","DaveBox","animator:PurgingStone","SynthV:TestCard","relicPack:DSword","MiniBlackHole","aspiration:SeaSaltIceCream","MetatronsCube","Simple Rune","Anchor","Replay:Bottled Eggs","OrangePellets","WizardHat","CCEMRelics:FestiveHat","DiscerningMonocle","aspiration:SilentSkillbook","SsserpentHead","Toxic Egg 2","animator:WizardHat","SynthV","MerchantsRug","qcfpunch:Chain_With_Nametags","Toy Ornithopter","beaked:ShinyBauble","Red Skull","hubris:Potato","aspiration:FutureDiary","aspiration:ArtOfWarUpgrade","aspiration:HatOfInfinitePower","StuffTheSpire:GrapeVine","StuffTheSpire:ForceGauntlet","Replay:Bottled Steam","DollysMirror","Gremlin Food","conspire:Dentures","HollowMod:JonisBlessing","Lizard Tail"],"acts_visited":["Exordium","TheCity","TheBeyond","TheEnding"],"potions_floor_usage":[59],"damage_taken":[{"damage":0.0,"enemies":"Jaw Worm","floor":1.0,"turns":2.0},{"damage":0.0,"enemies":"Small Slimes","floor":3.0,"turns":2.0},{"damage":0.0,"enemies":"2 Louse","floor":7.0,"turns":3.0},{"damage":0.0,"enemies":"Exordium Wildlife","floor":8.0,"turns":1.0},{"damage":0.0,"enemies":"Large Slime","floor":10.0,"turns":2.0},{"damage":0.0,"enemies":"Red Slaver","floor":16.0,"turns":2.0},{"damage":22.0,"enemies":"Hexaghost","floor":18.0,"turns":6.0},{"damage":0.0,"enemies":"Spheric Guardian","floor":20.0,"turns":3.0},{"damage":3.0,"enemies":"2 Thieves","floor":23.0,"turns":2.0},{"damage":0.0,"enemies":"Centurion and Healer","floor":26.0,"turns":1.0},{"damage":0.0,"enemies":"conspire:HollyBat","floor":29.0,"turns":5.0},{"damage":0.0,"enemies":"Replay:Snechameleon","floor":30.0,"turns":4.0},{"damage":7.0,"enemies":"Sentry and Sphere","floor":33.0,"turns":4.0},{"damage":0.0,"enemies":"conspire:MysteriousRune","floor":35.0,"turns":5.0},{"damage":15.0,"enemies":"3 Darklings","floor":37.0,"turns":4.0},{"damage":1,"enemies":"3 Shapes","floor":40,"turns":4},{"damage":4,"enemies":"HollowMod:StalkingDevout","floor":44,"turns":4},{"damage":11,"enemies":"Spire Growth","floor":46,"turns":4},{"damage":0,"enemies":"Sphere and 2 Shapes","floor":48,"turns":2},{"damage":0,"enemies":"Jaw Worm Horde","floor":49,"turns":1},{"damage":49,"enemies":"Time Eater","floor":54,"turns":9},{"damage":0,"enemies":"Shield and Spear","floor":58,"turns":3},{"damage":36,"enemies":"The Heart","floor":59,"turns":8}],"seed_played":"-1771109314679527472","potions_obtained":[{"floor":0.0,"key":"bronze:BurnAndBuffPotion"},{"floor":0.0,"key":"SmokeBomb"},{"floor":0.0,"key":"animator:GrowthPotion"},{"floor":1.0,"key":"conspire:TimeTravelPotion"}],"is_trial":false,"path_per_floor":["M","?","M","$","?","R","M","M","T","M","$","?","PTL","PTL","$","M","R","B",null,"M","?","?","M","$","R","M","R","T","M","E","?","$","M","R","B",null,"M","?","?","M","$","PTL","PTL","E","R","M","T","M","M","?","$","?","R","B",null,"R","$","E","B",null],"character_chosen":"THE_ANIMATOR","items_purchased":["vexMod:BerryBomb","MiniBlackHole","animator:YachiyoNanami","animator:QuestionMark","animator:Layla","animator:ShinjiMatou","Anchor","FairyPotion","Replay:Bottled Eggs","OrangePellets","animator:Emilia","WizardHat","CCEMRelics:FestiveHat","DiscerningMonocle","animator:SayakaMiki","animator:FielNirvalen","animator:Urushihara","Toxic Egg 2","animator:WizardHat","SynthV","animator:MisaKurobane+1","Dagger Throw","animator:Demiurge+1","MerchantsRug","beaked:ShinyBauble","Red Skull","Fruit Juice","LiquidMemories","Art of War","aspiration:HatOfInfinitePower","animator:Vesta+1","Replay:Bottled Steam","DollysMirror","Noxious Fumes","animator:Priestess+1","animator:EmiyaShirou+1","Gremlin Food","conspire:Dentures","HollowMod:JonisBlessing","Outmaneuver+1","Fluid Movement","animator:MamizouFutatsuiwa+1"],"campfire_rested":0,"item_purchase_floors":[4,4,4,4,4,4,11,11,11,11,11,15,15,15,15,15,15,24,24,24,24,24,24,24,32,32,32,32,41,41,41,51,51,51,51,51,57,57,57,57,57,57],"current_hp_per_floor":[66,31,33,39,39,39,42,45,45,48,48,48,48,48,48,51,51,36,73,73,73,73,73,73,73,73,73,73,73,73,73,78,72,72,78,78,69,76,57,62,62,62,62,61,61,60,60,60,63,63,63,63,63,29,79,79,79,79,43],"gold":1643,"neow_bonus":"THREE_SMALL_POTIONS","is_daily":false,"chose_seed":false,"campfire_upgraded":5,"win_rate":0.0,"timestamp":1611523653,"path_taken":["M","?","M","?","?","R","M","M","T","?","$","?","PTL","PTL","$","M","R","BOSS","M","?","?","M","$","R","?","R","T","M","E","?","$","?","R","BOSS","M","?","?","?","$","PTL","PTL","E","R","M","T","M","M","?","$","?","R","BOSS","R","$","E","BOSS"],"items_purchased_type":["Relic","Relic","Card","Card","Card","Card","Relic","Potion","Relic","Relic","Card","Relic","Relic","Relic","Card","Card","Card","Relic","Relic","Relic","Card","Card","Card","Relic","Relic","Relic","Potion","Potion","Relic","Relic","Card","Relic","Relic","Card","Card","Card","Relic","Relic","Relic","Card","Card","Card"],"build_version":"2020-12-22","purchased_purges":6,"victory":true,"max_hp_per_floor":[66,66,66,72,72,72,72,72,72,72,72,72,72,72,72,72,72,73,73,73,73,73,73,73,73,73,73,73,73,73,73,78,78,78,78,78,78,78,78,78,78,78,78,78,78,79,79,79,79,79,79,79,79,79,79,79,79,79,79],"card_choices":[{"not_picked":["animator:OrikoMikuni","animator:Yoichi"],"picked":"animator:NagisaMomoe","floor":1.0},{"not_picked":["animator:Hakurou","animator:Rider","animator:DwarfShaman","animator:SakuraMatou"],"picked":"animator:Chris","floor":3.0},{"not_picked":["animator:Gluttony","animator:Emonzaemon","animator:CrowleyEusford","animator:Cocytus"],"picked":"animator:DolaCouronne","floor":7.0},{"not_picked":["animator:Mitsurugi","animator:Chris","animator:Vanir","animator:Kazuma"],"picked":"animator:Aqua","floor":8.0},{"not_picked":["animator:WinryRockbell","animator:Assassin","animator:SuzuneAmano","animator:Demiurge"],"picked":"animator:Guy","floor":10.0},{"not_picked":["animator:HarukoHaruhara+1","animator:Shimakaze+1","animator:QuestionMark+1","animator:MisaKurobane+1"],"picked":"animator:Zero+1","floor":16.0},{"not_picked":["animator:RinTohsaka","animator:Benimaru","animator:Tatsumaki","animator:CowGirl"],"picked":"animator:Sloth","floor":16.0},{"not_picked":["animator:MisakiNakahara+1","animator:Shimakaze+1","animator:TakanashiRikka+1","animator:Cirno+1"],"picked":"animator:Urushihara+1","floor":18.0},{"not_picked":["animator:Wiz","animator:ChaikaTrabant","animator:Saitama","animator:Biyorigo"],"picked":"animator:Kyubey","floor":18.0},{"not_picked":["animator:HarukoHaruhara+1","animator:Canti+1","animator:TanyaDegurechaff+1","animator:IchigoKurosaki+1","animator:Zero+1"],"picked":"animator:Lelouch+1","floor":20.0},{"not_picked":["ICR:Cloudkill","StuffTheSpire:Sprint","animator:Shalltear+1","animator:KyokoSakura","Caltrops"],"picked":"Blade Dance","floor":20.0},{"not_picked":["Well Laid Plans+1","animator:Azekura+1","StuffTheSpire:Fury+1","animator:Benimaru","animator:Raven"],"picked":"animator:Kaijin","floor":26.0},{"not_picked":["StuffTheSpire:DoubleShiv+1","animator:AcuraAkari+1","Cloak And Dagger+1","Replay:Poison Smokescreen+1","animator:Raven+1"],"picked":"ReplayTheSpireMod:Scrap Shanks","floor":29.0},{"not_picked":["animator:AcuraTooru","animator:Archer","animator:DolaCouronne+1","animator:ItamiYouji","animator:Darkness"],"picked":"Flying Knee+1","floor":30.0},{"not_picked":["animator:Gilgamesh","Poison Darts+1","Unload","animator:AcuraShin","animator:FeridBathory"],"picked":"animator:Envy","floor":35.0},{"not_picked":["animator:NagisaMomoe+1","animator:YuiTsuruno","Dagger Spray","animator:Assassin","animator:YachiyoNanami+1"],"picked":"MostiFishMod:PoisonShield+1","floor":37.0},{"not_picked":["Skewer","animator:MaesHughes+1","Infinite Blades+1","Endless Agony+1","animator:TukaLunaMarceau+1"],"picked":"Dodge and Roll+1","floor":39},{"not_picked":["animator:Rider+1","animator:Ciel+1","Blade Dance+1","Noxious Fumes+1","Deflect+1"],"picked":"MostiFishMod:InvigoratingSolution+1","floor":39},{"not_picked":["animator:IrohaTamaki","StuffTheSpire:BumpUp+1","Heel Hook","ICR:Cloudkill+1","animator:Cocytus+1"],"picked":"hubris:Counter","floor":39},{"not_picked":["animator:SuzuneAmano","ReplayTheSpireMod:Scrap Shanks+1","animator:ItamiYouji","Dagger Spray","Replay:Poison Smokescreen+1"],"picked":"animator:Bozes+1","floor":40},{"not_picked":["Bane","Fluid Movement","ICR:Vanish+1","animator:Demiurge+1","MostiFishMod:ThornCasing"],"picked":"MostiFishMod:SpreadingSpore+1","floor":44},{"not_picked":["animator:Aqua+1","animator:Chris","animator:Mitsurugi","animator:Megumin","animator:Kazuma+1"],"picked":"animator:Darkness","floor":46},{"not_picked":["animator:Mitsurugi","animator:MaesHughes+1","animator:Darkness+1","Infinite Blades","animator:Sloth"],"picked":"Backflip+1","floor":48},{"not_picked":["Sneak Up+1","Night Terror+1","PiercingWail+1","StuffTheSpire:Injection+1","Well Laid Plans+1","animator:Priestess+1"],"picked":"SKIP","floor":49},{"not_picked":["ShadowRift","animator:Chris","animator:CowGirl+1","MostiFishMod:PerfectParry+1","Well Laid Plans"],"picked":"animator:Priestess+1","floor":58}],"player_experience":725080,"relics_obtained":[{"floor":1.0,"key":"SynthV:TestCard"},{"floor":9.0,"key":"aspiration:SeaSaltIceCream"},{"floor":28.0,"key":"qcfpunch:Chain_With_Nametags"},{"floor":30.0,"key":"Toy Ornithopter"},{"floor":34.0,"key":"hubris:Potato"},{"floor":44,"key":"StuffTheSpire:GrapeVine"},{"floor":47,"key":"StuffTheSpire:ForceGauntlet"},{"floor":58,"key":"Lizard Tail"}],"event_choices":[{"damage_healed":0.0,"max_hp_gain":0.0,"max_hp_loss":0.0,"gold_gain":275.0,"event_name":"Golden Shrine","player_choice":"Desecrate","floor":12.0,"gold_loss":0.0,"damage_taken":0.0,"cards_obtained":["Regret"]},{"damage_healed":0.0,"max_hp_gain":0.0,"max_hp_loss":0.0,"gold_gain":0.0,"event_name":"Beggar","player_choice":"Ignored","floor":21.0,"gold_loss":0.0,"damage_taken":0.0},{"damage_healed":0.0,"max_hp_gain":0.0,"max_hp_loss":0.0,"gold_gain":0.0,"event_name":"FaceTrader","player_choice":"Trade","floor":22.0,"gold_loss":0.0,"damage_taken":0.0,"relics_obtained":["SsserpentHead"]},{"damage_healed":0.0,"max_hp_gain":0.0,"max_hp_loss":0.0,"gold_gain":0.0,"event_name":"N\u0027loth","player_choice":"Ignored","floor":31.0,"gold_loss":0.0,"damage_taken":0.0}],"is_beta":false,"boss_relics":[{"not_picked":["EE1DDrone","CCEMRelics:GreenEgg"],"picked":"aspiration:SilentSkillbook"},{"not_picked":["CCEMRelics:TransientCore","relicPack:StarArrow"],"picked":"aspiration:FutureDiary"}],"items_purged_floors":[15,24,32,41,51,57],"is_endless":false,"potions_floor_spawned":[1,8,18,20,23,29,35,40,48],"ascension_level":3}}