{"host":"yaxsefyig1et0yi2","time":1611511721,"event":{"mods":["Aspiration","BaseMod","BetterRewards","Colored Powertips","Conspire","Displayed Cursed Tome","Downfall","Halation","Hubris","Infinite Spire","JesterMod","Minty Spire (QoL Compilation)","Quick Restart","RatMod","Replay The Spire","Reworked Bosses","Spikes Relics","StSLib","The Jungle"],"gold_per_floor":[99,115,130,130,144,155,180,78,112,127,142,142,174,174,185,185,185,185],"floor_reached":16,"language":"ENG","playtime":953,"items_purged":[],"score":139,"play_id":"60344361-80ec-426f-b22f-0c3820abbf22","local_time":"20210124130841","is_ascension_mode":false,"campfire_choices":[{"data":"bronze:Replicate","floor":1.0,"key":"SMITH"},{"floor":12.0,"key":"REST"}],"circlet_count":0,"master_deck":["bronze:Strike","bronze:Strike","bronze:Strike","bronze:Strike","bronze:Defend","bronze:Defend","bronze:Defend","bronze:Defend","bronze:Replicate+1","bronze:Goto","bronze:WhirlingStrike","bronze:ChosenStrike","bronze:DelayedSlice","bronze:Optimize","Assess","BlessedFruit","BlessedFruit","bronze:DelayedSlice","bronze:Shell","bronze:FineTuning","bronze:Shell","bronze:Spike","bronze:Explode","bronze:RecursiveStrike","bronze:DigitalCarnage"],"relics":["bronze:BronzeCore","ReplayTheSpireMod:Lightbulb","RollingBoulder","HeavenlyBonsai","Replay:WaspNest"],"acts_visited":["Exordium"],"potions_floor_usage":[16],"damage_taken":[{"damage":0.0,"enemies":"Cultist","floor":2.0,"turns":4.0},{"damage":1.0,"enemies":"conspire:RoseBush","floor":3.0,"turns":3.0},{"damage":3.0,"enemies":"Jaw Worm","floor":5.0,"turns":3.0},{"damage":22.0,"enemies":"Exordium Thugs","floor":6.0,"turns":5.0},{"damage":0.0,"enemies":"downfall:FleeingMerchant","floor":8.0,"turns":4.0},{"damage":26.0,"enemies":"Lagavulin","floor":9.0,"turns":4.0},{"damage":13.0,"enemies":"Red Slaver","floor":10.0,"turns":2.0},{"damage":0.0,"enemies":"Large Slime","floor":11.0,"turns":6.0},{"damage":7.0,"enemies":"Gremlin Nob","floor":13.0,"turns":3.0},{"damage":10.0,"enemies":"Gremlin Nob","floor":14.0,"turns":4.0},{"damage":0.0,"enemies":"2 Fungi Beasts","floor":15.0,"turns":2.0},{"damage":28,"enemies":"WA_ARCHETYPE_RETAIN","floor":16,"turns":5}],"seed_played":"833774232335207789","potions_obtained":[{"floor":2.0,"key":"DistilledChaos"},{"floor":5.0,"key":"champ:CounterPotion"},{"floor":6.0,"key":"sneckomod:MuddlingPotion"},{"floor":14.0,"key":"DistilledChaos"}],"is_trial":false,"path_per_floor":["R","M","M","T","M","M","T","$","E","M","M","R","E","?","M","B"],"character_chosen":"THE_AUTOMATON","items_purchased":["Assess"],"campfire_rested":1,"item_purchase_floors":[8],"current_hp_per_floor":[77,77,76,76,73,51,51,51,25,12,14,37,32,24,24,0,0,0],"gold":185,"neow_bonus":"TEN_PERCENT_HP_BONUS","is_daily":false,"chose_seed":false,"campfire_upgraded":1,"win_rate":0.0,"timestamp":1611511721,"path_taken":["R","M","M","?","M","M","T","$","E","M","M","R","E","?","M","BOSS"],"items_purchased_type":["Card"],"build_version":"2020-12-22","purchased_purges":0,"victory":false,"max_hp_per_floor":[77,77,77,77,77,77,77,77,77,77,79,79,81,83,83,85,85,85],"card_choices":[{"not_picked":["bronze:OilSpill","bronze:Turbo"],"picked":"bronze:WhirlingStrike","floor":2.0},{"not_picked":["bronze:Boost","bronze:ForLoop"],"picked":"bronze:ChosenStrike","floor":3.0},{"not_picked":["bronze:Turbo","bronze:BuggyMess","bronze:Shield"],"picked":"SKIP","floor":5.0},{"not_picked":["bronze:BugBarrage","bronze:Overheat"],"picked":"bronze:DelayedSlice","floor":6.0},{"not_picked":["bronze:DigitalCarnage","bronze:ShipIt"],"picked":"bronze:Optimize","floor":8.0},{"not_picked":["bronze:Turbo","bronze:Shield"],"picked":"bronze:DelayedSlice","floor":9.0},{"not_picked":["bronze:Turbo","bronze:CutThrough"],"picked":"bronze:Shell","floor":10.0},{"not_picked":["bronze:Shield","bronze:Deprecate"],"picked":"bronze:FineTuning","floor":11.0},{"not_picked":["bronze:NullPointer","bronze:CutThrough"],"picked":"bronze:Shell","floor":13.0},{"not_picked":[],"picked":"bronze:Spike","floor":14.0},{"not_picked":[],"picked":"bronze:Explode","floor":14.0},{"not_picked":["bronze:FineTuning","bronze:Philosophize"],"picked":"bronze:RecursiveStrike","floor":14.0},{"not_picked":["bronze:Deprecate","bronze:Optimize"],"picked":"bronze:DigitalCarnage","floor":15.0}],"player_experience":257856,"relics_obtained":[{"floor":4.0,"key":"ReplayTheSpireMod:Lightbulb"},{"floor":7.0,"key":"RollingBoulder"},{"floor":9.0,"key":"HeavenlyBonsai"},{"floor":13.0,"key":"Replay:WaspNest"}],"event_choices":[],"is_beta":false,"boss_relics":[],"items_purged_floors":[],"is_endless":false,"potions_floor_spawned":[2,5,6,14],"killed_by":"WA_ARCHETYPE_RETAIN","ascension_level":0}}