{"host":"c97twqu0op5dg8i4","time":1611469403,"event":{"mods":["AchievementEnabler","BaseMod","Colored Map","Minty Spire (QoL Compilation)","Permanent Neow"],"gold_per_floor":[117,117,37,37,37,37,69,95,95,15,15,50,50,62,62,165,165,177,193,193,118,118,153,153,12,12,28,39,39,71,84,84,188,188,204,214,214,214,214,240,250,270,341,366,379,244,282,312,324,336],"floor_reached":51,"language":"ENG","playtime":1546,"items_purged":[],"score":1220,"play_id":"39400e6c-17f3-4a79-8453-a9c1d7416567","local_time":"20210124012323","is_ascension_mode":true,"campfire_choices":[{"data":"Defend_P","floor":6.0,"key":"SMITH"},{"data":"SandsOfTime","floor":11.0,"key":"SMITH"},{"data":"SandsOfTime","floor":13.0,"key":"SMITH"},{"floor":15.0,"key":"REST"},{"data":"Ragnarok","floor":29.0,"key":"SMITH"},{"data":"Wallop","floor":32.0,"key":"SMITH"},{"data":"Strike_P","floor":49,"key":"PURGE"}],"circlet_count":0,"master_deck":["Strike_P","Strike_P+1","Defend_P+1","Defend_P","Defend_P","Defend_P","Eruption+1","Vigilance+1","Tantrum+1","WreathOfFlame","SandsOfTime+1","SandsOfTime+1","EmptyMind","Vault","Fasting2","CutThroughFate","EmptyFist","Ragnarok+1","Wallop+1","Wallop+1","TalkToTheHand","Vault","Protect+1","TalkToTheHand+1","Protect","SashWhip+1"],"relics":["Snecko Eye","Mercury Hourglass","Dream Catcher","Eternal Feather","Gremlin Horn","Black Star","Oddly Smooth Stone","Darkstone Periapt","Tiny Chest","Matryoshka","Boot","GoldenEye","Coffee Dripper","Bottled Lightning","Peace Pipe","White Beast Statue","The Courier","Akabeko","Potion Belt","MawBank","CloakClasp","Incense Burner"],"acts_visited":["Exordium","TheCity","TheBeyond"],"potions_floor_usage":[47,50,50],"damage_taken":[{"damage":0.0,"enemies":"Small Slimes","floor":1.0,"turns":3.0},{"damage":0.0,"enemies":"Lagavulin","floor":7.0,"turns":3.0},{"damage":20.0,"enemies":"3 Sentries","floor":12.0,"turns":2.0},{"damage":0.0,"enemies":"Cultist","floor":14.0,"turns":2.0},{"damage":0.0,"enemies":"Slime Boss","floor":16.0,"turns":2.0},{"damage":0.0,"enemies":"Shell Parasite","floor":18.0,"turns":1.0},{"damage":12.0,"enemies":"2 Thieves","floor":19.0,"turns":3.0},{"damage":0.0,"enemies":"Masked Bandits","floor":22.0,"turns":1.0},{"damage":6.0,"enemies":"Slavers","floor":23.0,"turns":2.0},{"damage":8.0,"enemies":"Centurion and Healer","floor":27.0,"turns":3.0},{"damage":0.0,"enemies":"Shelled Parasite and Fungi","floor":28.0,"turns":1.0},{"damage":11.0,"enemies":"Gremlin Leader","floor":30.0,"turns":5.0},{"damage":0.0,"enemies":"Snake Plant","floor":31.0,"turns":1.0},{"damage":9.0,"enemies":"Champ","floor":33.0,"turns":7.0},{"damage":0.0,"enemies":"3 Darklings","floor":35.0,"turns":2.0},{"damage":1.0,"enemies":"3 Shapes","floor":36.0,"turns":3.0},{"damage":0.0,"enemies":"Reptomancer","floor":40.0,"turns":3.0},{"damage":0.0,"enemies":"Writhing Mass","floor":41.0,"turns":3.0},{"damage":0.0,"enemies":"Transient","floor":42.0,"turns":6.0},{"damage":0.0,"enemies":"Nemesis","floor":44.0,"turns":2.0},{"damage":0,"enemies":"Spire Growth","floor":45,"turns":5},{"damage":0,"enemies":"Reptomancer","floor":47,"turns":2},{"damage":0,"enemies":"3 Darklings","floor":48,"turns":3},{"damage":34,"enemies":"Awakened One","floor":50,"turns":10}],"seed_played":"8701960789824886094","potions_obtained":[{"floor":7.0,"key":"DuplicationPotion"},{"floor":16.0,"key":"SmokeBomb"},{"floor":18.0,"key":"Fruit Juice"},{"floor":27.0,"key":"DistilledChaos"},{"floor":36.0,"key":"LiquidMemories"},{"floor":41.0,"key":"BlessingOfTheForge"},{"floor":42.0,"key":"FairyPotion"},{"floor":44,"key":"Fire Potion"},{"floor":45,"key":"Strength Potion"},{"floor":47,"key":"BottledMiracle"}],"is_trial":false,"path_per_floor":["M","?","$","?","?","R","E","T","T","$","R","E","R","M","R","B",null,"M","M","?","?","?","E","?","$","T","M","M","R","E","M","R","B",null,"M","M","?","?","T","E","M","M","T","E","M","?","E","M","R","B",null],"character_chosen":"WATCHER","items_purchased":["Tantrum","SandsOfTime","Ragnarok"],"campfire_rested":1,"item_purchase_floors":[3,10,25],"current_hp_per_floor":[65,65,65,65,51,51,51,51,51,51,57,37,43,43,70,70,72,77,65,65,65,65,59,59,59,59,51,51,63,52,52,64,55,72,72,71,71,71,71,71,71,71,71,71,71,71,71,71,77,43],"gold":348,"neow_bonus":"BOSS_RELIC","is_daily":false,"chose_seed":false,"campfire_upgraded":5,"win_rate":0.0,"timestamp":1611469403,"path_taken":["M","?","?","?","?","R","E","?","T","$","R","E","R","?","R","BOSS","M","M","?","?","?","E","?","$","T","M","M","R","E","M","R","BOSS","M","M","?","?","?","E","M","M","T","E","?","?","E","?","R","BOSS"],"items_purchased_type":["Card","Card","Card"],"build_version":"2020-12-22","purchased_purges":0,"victory":true,"max_hp_per_floor":[72,72,72,72,72,72,72,72,72,72,72,72,72,72,72,72,72,77,77,77,77,77,77,77,77,77,77,77,77,77,77,77,77,77,77,77,77,77,77,77,77,77,77,77,77,77,77,77,77,77],"card_choices":[{"not_picked":["Prostrate","JustLucky","ThirdEye"],"picked":"SKIP","floor":1.0},{"not_picked":["LikeWater","MasterReality"],"picked":"WreathOfFlame","floor":7.0},{"not_picked":["InnerPeace","Vengeance"],"picked":"SandsOfTime","floor":12.0},{"not_picked":["FlyingSleeves","ThirdEye","Halt"],"picked":"SKIP","floor":14.0},{"not_picked":["Weave","Perseverance"],"picked":"EmptyMind","floor":15.0},{"not_picked":["LessonLearned","Brilliance"],"picked":"Vault","floor":16.0},{"not_picked":["Weave","Nirvana"],"picked":"Fasting2","floor":18.0},{"not_picked":["ThirdEye","FollowUp"],"picked":"CutThroughFate","floor":19.0},{"not_picked":["PathToVictory","Crescendo","SashWhip+1"],"picked":"SKIP","floor":23.0},{"not_picked":["CrushJoints","Collect","EmptyBody"],"picked":"SKIP","floor":27.0},{"not_picked":["JustLucky","CrushJoints"],"picked":"Wallop+1","floor":28.0},{"not_picked":["ThirdEye","Consecrate"],"picked":"Wallop","floor":30.0},{"not_picked":["InnerPeace","FlurryOfBlows"],"picked":"TalkToTheHand","floor":31.0},{"not_picked":["Scrawl","Judgement"],"picked":"Vault","floor":33.0},{"not_picked":["ThirdEye","ClearTheMind","EmptyBody"],"picked":"SKIP","floor":35.0},{"not_picked":["Meditate","Study+1","JustLucky"],"picked":"SKIP","floor":36.0},{"not_picked":["SignatureMove+1","EmptyFist","Meditate+1"],"picked":"SKIP","floor":40.0},{"not_picked":["CrushJoints","JustLucky","EmptyBody"],"picked":"SKIP","floor":41.0},{"not_picked":["Tantrum+1","EmptyFist"],"picked":"Protect+1","floor":42.0},{"not_picked":["ClearTheMind","Vault"],"picked":"TalkToTheHand+1","floor":44},{"not_picked":["Consecrate","Sanctity","FlurryOfBlows"],"picked":"SKIP","floor":45},{"not_picked":["PathToVictory+1","Study+1"],"picked":"Protect","floor":47},{"not_picked":["Conclude","FearNoEvil+1"],"picked":"SashWhip+1","floor":48}],"player_experience":295220,"relics_obtained":[{"floor":7.0,"key":"Mercury Hourglass"},{"floor":8.0,"key":"Dream Catcher"},{"floor":9.0,"key":"Eternal Feather"},{"floor":12.0,"key":"Gremlin Horn"},{"floor":23.0,"key":"Darkstone Periapt"},{"floor":23.0,"key":"Tiny Chest"},{"floor":26.0,"key":"Matryoshka"},{"floor":30.0,"key":"Boot"},{"floor":30.0,"key":"GoldenEye"},{"floor":39.0,"key":"Bottled Lightning"},{"floor":39.0,"key":"Peace Pipe"},{"floor":40.0,"key":"White Beast Statue"},{"floor":40.0,"key":"The Courier"},{"floor":43.0,"key":"Akabeko"},{"floor":44,"key":"Potion Belt"},{"floor":47,"key":"CloakClasp"},{"floor":47,"key":"Incense Burner"}],"event_choices":[{"damage_healed":0.0,"max_hp_gain":0.0,"max_hp_loss":0.0,"gold_gain":0.0,"event_name":"Accursed Blacksmith","player_choice":"Forge","floor":2.0,"gold_loss":0.0,"damage_taken":0.0,"cards_upgraded":["Vigilance"]},{"damage_healed":0.0,"max_hp_gain":0.0,"max_hp_loss":0.0,"gold_gain":0.0,"event_name":"Living Wall","player_choice":"Grow","floor":4.0,"gold_loss":0.0,"damage_taken":0.0,"cards_upgraded":["Tantrum"]},{"damage_healed":0.0,"max_hp_gain":0.0,"max_hp_loss":0.0,"gold_gain":0.0,"event_name":"Shining Light","player_choice":"Entered Light","floor":5.0,"gold_loss":0.0,"damage_taken":14.0,"cards_upgraded":["Eruption","Strike_P"]},{"damage_healed":0.0,"max_hp_gain":0.0,"max_hp_loss":0.0,"gold_gain":0.0,"event_name":"The Mausoleum","player_choice":"Opened","floor":20.0,"gold_loss":0.0,"damage_taken":0.0,"relics_obtained":["Oddly Smooth Stone"]},{"cards_removed":["Strike_P"],"damage_healed":0.0,"max_hp_gain":0.0,"max_hp_loss":0.0,"gold_gain":0.0,"event_name":"Beggar","player_choice":"Gave Gold","floor":21.0,"gold_loss":75.0,"damage_taken":0.0},{"damage_healed":0.0,"max_hp_gain":0.0,"max_hp_loss":0.0,"gold_gain":0.0,"event_name":"Masked Bandits","player_choice":"Fought Bandits","floor":22.0,"gold_loss":0.0,"damage_taken":0.0},{"damage_healed":0.0,"max_hp_gain":0.0,"max_hp_loss":0.0,"gold_gain":0.0,"event_name":"The Library","player_choice":"Read","floor":24.0,"gold_loss":0.0,"damage_taken":0.0,"cards_obtained":["EmptyFist"]},{"damage_healed":0.0,"max_hp_gain":0.0,"max_hp_loss":0.0,"gold_gain":0.0,"event_name":"SensoryStone","player_choice":"Memory 1","floor":37.0,"gold_loss":0.0,"damage_taken":0.0},{"damage_healed":0.0,"max_hp_gain":0.0,"max_hp_loss":0.0,"gold_gain":0.0,"event_name":"Tomb of Lord Red Mask","player_choice":"Ignored","floor":38.0,"gold_loss":0.0,"damage_taken":0.0},{"damage_healed":0,"gold_gain":0,"player_choice":"Paid Gold","damage_taken":0,"relics_obtained":["MawBank"],"max_hp_gain":0,"max_hp_loss":0,"event_name":"WeMeetAgain","floor":46,"gold_loss":135}],"is_beta":false,"boss_relics":[{"not_picked":["Ectoplasm","Runic Pyramid"],"picked":"Black Star"},{"not_picked":["Sozu","Velvet Choker"],"picked":"Coffee Dripper"}],"items_purged_floors":[],"is_endless":false,"potions_floor_spawned":[7,16,18,22,27,36,41,42,44,45,47,48],"ascension_level":6}}