{"host":"qxt9611uhnemh1bn","time":1611451449,"event":{"mods":["BaseMod","Hermit","Marisa（霧雨　魔理沙）","Minty Spire (QoL Compilation)","Remilia（蕾米莉?）","StSLib","The Bug Knight","The Cursed","The Hierophant","The Servant 0.9.4"],"gold_per_floor":[14,27,45,45,45,78,78,43,67,82,82,98,111,123,123,218,218,235,251,265,50,149,174,174,188,212,225,253,270,270,195,195,294,294,311,311,311,361,376,376,41,41,41,41,41,53,53,69,69,69,69,69,17,17,17],"floor_reached":54,"language":"ENG","playtime":2613,"items_purged":["Strike_G"],"score":654,"play_id":"11aa5f20-adc9-43da-958d-f7754eac4701","local_time":"20210123192409","is_ascension_mode":false,"campfire_choices":[{"data":"Bouncing Flask","floor":7,"key":"SMITH"},{"data":"Noxious Fumes","floor":11,"key":"SMITH"},{"data":"Deadly Poison","floor":15,"key":"SMITH"},{"data":"After Image","floor":24,"key":"SMITH"},{"data":"Footwork","floor":30,"key":"SMITH"},{"data":"Footwork","floor":32,"key":"SMITH"},{"data":"Burst","floor":40,"key":"SMITH"},{"data":"Neutralize","floor":42,"key":"SMITH"},{"floor":44,"key":"RECALL"},{"floor":49,"key":"REST"},{"data":"Dodge and Roll","floor":52,"key":"SMITH"}],"circlet_count":0,"master_deck":["Strike_G","Strike_G","Defend_G","Defend_G","Defend_G","Defend_G","Defend_G","Survivor","Neutralize+1","PiercingWail","Quick Slash","Bouncing Flask+1","Deadly Poison+1","Noxious Fumes+1","Blur","Deflect","After Image+1","Dodge and Roll+1","Caltrops+1","Footwork+1","Backflip","Footwork+1","Poisoned Stab+1","Burst+1","PiercingWail","Purity","Blur"],"relics":["Ring of the Snake","Bronze Scales","Mercury Hourglass","Blood Vial","SlaversCollar","Snake Skull","Pen Nib","Vajra","Velvet Choker","The Specimen","Mummified Hand"],"acts_visited":["Exordium","TheCity","TheBeyond","TheEnding"],"potions_floor_usage":[6,19,20,23,28,28,38,38,50],"damage_taken":[{"damage":1,"enemies":"Cultist","floor":1,"turns":5},{"damage":0,"enemies":"Jaw Worm","floor":2,"turns":4},{"damage":0,"enemies":"Small Slimes","floor":3,"turns":4},{"damage":31,"enemies":"Lagavulin","floor":6,"turns":6},{"damage":0,"enemies":"Exordium Wildlife","floor":10,"turns":3},{"damage":0,"enemies":"3 Louse","floor":12,"turns":3},{"damage":7,"enemies":"Blue Slaver","floor":13,"turns":3},{"damage":0,"enemies":"Exordium Wildlife","floor":14,"turns":5},{"damage":13,"enemies":"Slime Boss","floor":16,"turns":8},{"damage":0,"enemies":"Chosen","floor":18,"turns":4},{"damage":1,"enemies":"3 Byrds","floor":19,"turns":4},{"damage":7,"enemies":"Snake Plant","floor":20,"turns":4},{"damage":9,"enemies":"Book of Stabbing","floor":23,"turns":4},{"damage":0,"enemies":"Centurion and Healer","floor":25,"turns":6},{"damage":5,"enemies":"3 Cultists","floor":27,"turns":4},{"damage":9,"enemies":"Slavers","floor":28,"turns":4},{"damage":11,"enemies":"Shelled Parasite and Fungi","floor":29,"turns":4},{"damage":2,"enemies":"Collector","floor":33,"turns":9},{"damage":19,"enemies":"3 Shapes","floor":35,"turns":3},{"damage":18,"enemies":"2 Orb Walkers","floor":38,"turns":6},{"damage":5,"enemies":"3 Darklings","floor":39,"turns":4},{"damage":0,"enemies":"Sphere and 2 Shapes","floor":46,"turns":4},{"damage":29,"enemies":"Jaw Worm Horde","floor":48,"turns":4},{"damage":22,"enemies":"Donu and Deca","floor":50,"turns":9},{"damage":67,"enemies":"Shield and Spear","floor":54,"turns":5}],"seed_played":"-8909438267650827381","potions_obtained":[{"floor":3,"key":"DistilledChaos"},{"floor":6,"key":"SpeedPotion"},{"floor":14,"key":"Block Potion"},{"floor":16,"key":"Fire Potion"},{"floor":19,"key":"BlessingOfTheForge"},{"floor":20,"key":"LiquidBronze"},{"floor":27,"key":"FearPotion"},{"floor":33,"key":"Dexterity Potion"},{"floor":48,"key":"Block Potion"}],"is_trial":false,"path_per_floor":["M","M","M","?","?","E","R","?","T","M","R","M","M","M","R","B",null,"M","M","M","$","?","E","R","M","T","M","E","M","R","?","R","B",null,"M","?","?","?","M","R","$","R","T","R","?","M","?","M","R","B",null,"R","$","E"],"character_chosen":"THE_SILENT","items_purchased":["Snake Skull","Footwork","Mummified Hand","Strength Potion"],"campfire_rested":1,"item_purchase_floors":[21,21,41,53],"current_hp_per_floor":[69,69,69,69,62,31,31,48,48,50,50,52,47,49,49,38,70,70,69,63,63,63,56,56,58,58,55,48,39,39,39,39,39,70,51,51,51,35,32,32,32,32,32,32,32,34,34,7,26,6,66,66,66,0,0],"gold":17,"neow_bonus":"THREE_RARE_CARDS","is_daily":false,"chose_seed":false,"campfire_upgraded":9,"win_rate":0.0,"timestamp":1611451449,"path_taken":["M","?","M","?","?","E","R","?","T","M","R","M","M","M","R","BOSS","M","M","M","$","?","E","R","M","T","M","E","M","R","?","R","BOSS","M","?","?","?","?","R","$","R","T","R","?","?","?","M","R","BOSS","R","$","E"],"items_purchased_type":["Relic","Card","Relic","Potion"],"build_version":"2020-12-22","purchased_purges":1,"victory":false,"max_hp_per_floor":[70,70,70,70,70,70,70,70,70,70,70,70,70,70,70,70,70,70,70,70,70,70,70,70,70,70,70,70,70,70,70,70,70,70,70,70,66,66,66,66,66,66,66,66,66,66,66,66,66,66,66,66,66,66,66],"card_choices":[{"not_picked":["Doppelganger","Glass Knife"],"picked":"Grand Finale","floor":0},{"not_picked":["Slice","Riddle With Holes"],"picked":"PiercingWail","floor":1},{"not_picked":["Deadly Poison","Dagger Throw"],"picked":"Quick Slash","floor":2},{"not_picked":["Sucker Punch","Bane"],"picked":"Bouncing Flask","floor":3},{"not_picked":["Backflip","Finisher"],"picked":"Deadly Poison","floor":6},{"not_picked":["Blade Dance","Backflip"],"picked":"Noxious Fumes","floor":10},{"not_picked":["Accuracy","Quick Slash"],"picked":"Blur","floor":12},{"not_picked":["Bouncing Flask","Glass Knife","All Out Attack"],"picked":"SKIP","floor":13},{"not_picked":["Infinite Blades","Bane"],"picked":"Deflect","floor":14},{"not_picked":["Malaise","A Thousand Cuts"],"picked":"After Image","floor":16},{"not_picked":["Cloak And Dagger","Deadly Poison"],"picked":"Dodge and Roll","floor":18},{"not_picked":["Quick Slash","Outmaneuver+1"],"picked":"Caltrops","floor":19},{"not_picked":["Skewer+1","Underhanded Strike","Flechettes"],"picked":"SKIP","floor":20},{"not_picked":["Underhanded Strike","Terror"],"picked":"Backflip","floor":23},{"not_picked":["Distraction+1","Riddle With Holes","Dagger Throw"],"picked":"SKIP","floor":25},{"not_picked":["Well Laid Plans+1","Backflip"],"picked":"Footwork","floor":27},{"not_picked":["Sucker Punch","Dagger Spray","Dodge and Roll"],"picked":"SKIP","floor":28},{"not_picked":["Setup","Masterful Stab"],"picked":"Poisoned Stab+1","floor":29},{"not_picked":["Venomology","Wraith Form v2"],"picked":"Burst","floor":33},{"not_picked":["Prepared","Accuracy"],"picked":"PiercingWail","floor":35},{"not_picked":["The Bomb","Forethought"],"picked":"Purity","floor":36},{"not_picked":["Cloak And Dagger+1","Night Terror","Dagger Spray+1"],"picked":"SKIP","floor":39},{"not_picked":["Dodge and Roll","Deflect","Sucker Punch+1"],"picked":"SKIP","floor":46},{"not_picked":["Slice","Acrobatics"],"picked":"Blur","floor":48}],"player_experience":217844,"relics_obtained":[{"floor":6,"key":"Mercury Hourglass"},{"floor":9,"key":"Blood Vial"},{"floor":26,"key":"Pen Nib"},{"floor":28,"key":"Vajra"},{"floor":38,"key":"The Specimen"}],"event_choices":[{"cards_removed":["Grand Finale"],"damage_healed":0,"gold_gain":0,"player_choice":"Forget","damage_taken":0,"max_hp_gain":0,"max_hp_loss":0,"event_name":"Living Wall","floor":4,"gold_loss":0},{"damage_healed":0,"gold_gain":0,"player_choice":"Success","damage_taken":7,"relics_obtained":["Bronze Scales"],"max_hp_gain":0,"max_hp_loss":0,"event_name":"Scrap Ooze","floor":5,"gold_loss":0},{"damage_healed":17,"gold_gain":0,"player_choice":"Healed","damage_taken":0,"max_hp_gain":0,"max_hp_loss":0,"event_name":"The Cleric","floor":8,"gold_loss":35},{"damage_healed":0,"gold_gain":99,"player_choice":"Stole From Cult","damage_taken":0,"max_hp_gain":0,"max_hp_loss":0,"event_name":"Nest","floor":22,"gold_loss":0},{"cards_removed":["Strike_G"],"damage_healed":0,"gold_gain":0,"player_choice":"Gave Gold","damage_taken":0,"max_hp_gain":0,"max_hp_loss":0,"event_name":"Beggar","floor":31,"gold_loss":75},{"damage_healed":0,"gold_gain":0,"player_choice":"Memory 1","damage_taken":0,"max_hp_gain":0,"max_hp_loss":0,"event_name":"SensoryStone","floor":36,"gold_loss":0},{"damage_healed":0,"gold_gain":0,"player_choice":"Max HP","damage_taken":0,"max_hp_gain":0,"max_hp_loss":4,"event_name":"Winding Halls","floor":37,"gold_loss":0},{"damage_healed":0,"gold_gain":0,"player_choice":"Fight","damage_taken":0,"max_hp_gain":0,"max_hp_loss":0,"event_name":"Mysterious Sphere","floor":38,"gold_loss":0},{"damage_healed":0,"gold_gain":0,"player_choice":"Upgraded","damage_taken":0,"max_hp_gain":0,"max_hp_loss":0,"event_name":"Upgrade Shrine","floor":45,"gold_loss":0,"cards_upgraded":["Caltrops"]},{"cards_removed":["Strike_G"],"damage_healed":0,"gold_gain":0,"player_choice":"Removed Attack","damage_taken":0,"max_hp_gain":0,"max_hp_loss":0,"event_name":"Falling","floor":47,"gold_loss":0}],"is_beta":false,"boss_relics":[{"not_picked":["Snecko Eye","Runic Dome"],"picked":"SlaversCollar"},{"not_picked":["Calling Bell","Tiny House"],"picked":"Velvet Choker"}],"items_purged_floors":[41],"is_endless":false,"potions_floor_spawned":[3,6,14,16,18,19,20,27,33,46,48],"killed_by":"Shield and Spear","ascension_level":0}}