{"host":"n9lc5i44t98l6pio","time":1611532590,"event":{"mods":["BaseMod","Curses Come First","Downfall","Minty Spire (QoL Compilation)","Replay The Spire","Say the Spire","StSLib"],"gold_per_floor":[113,176,194,212,212,242,242,268,268,268,343,370,370,388,388,513,513,529,529,529,539,120,120,147,162,189,189,189,201,201,213,213,313,313,326,374,158,177,30,30,63,63,132,132],"floor_reached":43,"language":"ENG","playtime":1960,"items_purged":["Overencumbered"],"score":673,"play_id":"ee8b72d8-9a88-447d-8dcd-1d4016ff003e","local_time":"20210125005630","is_ascension_mode":true,"campfire_choices":[{"floor":7.0,"key":"REST"},{"data":"ReplayTheSpireMod:Calculation Training","floor":10.0,"key":"SMITH"},{"floor":15.0,"key":"REST"},{"floor":23.0,"key":"RECALL"},{"floor":28.0,"key":"REST"},{"floor":30.0,"key":"REST"},{"data":"Creative AI","floor":32,"key":"SMITH"},{"floor":40,"key":"REST"}],"circlet_count":0,"master_deck":["Strike_B","Strike_B","Strike_B","Strike_B","Defend_B","Defend_B","Defend_B","Defend_B","Zap","Dualcast","Chaos+1","ReplayTheSpireMod:Calculation Training+1","Coolheaded","Conserve Battery","Loop","Aggregate","ReplayRNGCard","Injury","Stack","Injury","Consume+1","FIFO Queue+1","Capacitor+1","Cold Snap","White Noise","BasicCrystalCard","Consume","Sunder+1","Leap+1","Creative AI+1","Tempest+1","Glacier","Leap","Creative AI","Blizzard","FIFO Queue","FIFO Queue+1","Consume","Melter","Static Discharge+1","Aggregate+1","ReplayTheSpireMod:Fabricate Wheel","Coolheaded","Writhe"],"relics":["Cracked Core","Bag of Preparation","Art of War","Carrot","Lizard Tail","Emotion Chip","Potion Belt","Bloody Idol","Replay:Ancient Bell","Omamori","Question Card","Replay:PocketPolymizer","Prayer Wheel","Lantern","DollysMirror","Boot","Strawberry","PreservedInsect","War Paint","SacredBark","Peace Pipe","MealTicket","Molten Egg 2"],"acts_visited":["Exordium","TheCity","TheBeyond"],"potions_floor_usage":[33],"damage_taken":[{"damage":0.0,"enemies":"Small Slimes","floor":1.0,"turns":3.0},{"damage":0.0,"enemies":"2 Louse","floor":3.0,"turns":1.0},{"damage":5.0,"enemies":"Jaw Worm","floor":4.0,"turns":3.0},{"damage":28.0,"enemies":"Gremlin Nob","floor":6.0,"turns":5.0},{"damage":4.0,"enemies":"Lagavulin","floor":8.0,"turns":7.0},{"damage":28.0,"enemies":"Gremlin Nob","floor":12.0,"turns":4.0},{"damage":0.0,"enemies":"Blue Slaver","floor":14.0,"turns":3.0},{"damage":13.0,"enemies":"The Guardian","floor":16.0,"turns":13.0},{"damage":9.0,"enemies":"Shell Parasite","floor":18.0,"turns":8.0},{"damage":5.0,"enemies":"Chosen","floor":21.0,"turns":3.0},{"damage":21.0,"enemies":"Book of Stabbing","floor":24.0,"turns":12.0},{"damage":20.0,"enemies":"Centurion and Healer","floor":25.0,"turns":7.0},{"damage":27.0,"enemies":"Snake Plant","floor":29.0,"turns":3.0},{"damage":3,"enemies":"Sentry and Sphere","floor":31,"turns":7},{"damage":41,"enemies":"Pondfish","floor":33,"turns":12},{"damage":34,"enemies":"3 Darklings","floor":35,"turns":4},{"damage":25,"enemies":"2 Orb Walkers","floor":36,"turns":3},{"damage":32,"enemies":"3 Shapes","floor":38,"turns":4},{"damage":55,"enemies":"Giant Head","floor":41,"turns":7}],"seed_played":"7922853878060837698","potions_obtained":[{"floor":1.0,"key":"sneckomod:MuddlingPotion"},{"floor":2.0,"key":"Venom Potion"},{"floor":2.0,"key":"Adrenaline Potion"},{"floor":6.0,"key":"FearPotion"},{"floor":12.0,"key":"sneckomod:MuddlingPotion"},{"floor":16.0,"key":"Elixir"},{"floor":25.0,"key":"DistilledChaos"},{"floor":31,"key":"Swift Potion"},{"floor":38,"key":"Weak Potion"}],"is_trial":false,"path_per_floor":["M","?","M","M","?","E","R","E","T","R","?","E","?","M","R","B",null,"M","?","?","M","$","R","E","M","T","?","R","M","R","M","R","B",null,"M","?","$","M","$","R","E","?","T"],"character_chosen":"DEFECT","items_purchased":["White Noise","BasicCrystalCard","DollysMirror","Boot","Consume","Melter","ReplayTheSpireMod:Fabricate Wheel"],"campfire_rested":5,"item_purchase_floors":[22,22,22,22,37,37,39],"current_hp_per_floor":[75,75,75,70,70,42,64,60,60,60,49,21,21,21,43,30,75,66,66,66,66,66,66,57,42,47,47,71,49,73,75,75,39,82,53,33,33,6,6,30,46,67,72,72],"gold":132,"neow_bonus":"RANDOM_COMMON_RELIC","is_daily":false,"chose_seed":false,"campfire_upgraded":2,"win_rate":0.0,"timestamp":1611532590,"path_taken":["M","?","M","M","?","E","R","E","T","R","?","E","?","M","R","BOSS","M","?","?","M","$","R","E","M","T","?","R","M","R","?","R","BOSS","M","?","$","M","$","R","E","?","T"],"items_purchased_type":["Card","Card","Relic","Relic","Card","Card","Card"],"build_version":"2020-12-22","purchased_purges":1,"victory":false,"max_hp_per_floor":[75,75,75,75,75,75,75,75,75,75,75,75,75,75,75,75,75,75,75,75,75,75,75,82,82,82,82,82,82,82,82,82,82,82,82,82,82,82,82,82,82,82,82,82],"card_choices":[{"not_picked":["Redo","Streamline"],"picked":"Chaos","floor":1.0},{"not_picked":["Compile Driver","ReplayTheSpireMod:Reroute Power"],"picked":"ReplayTheSpireMod:Calculation Training","floor":2.0},{"not_picked":["Blizzard","ReplaySort"],"picked":"Coolheaded","floor":3.0},{"not_picked":["Tempest","Sweeping Beam"],"picked":"Conserve Battery","floor":4.0},{"not_picked":["Go for the Eyes","Steam Power"],"picked":"Loop","floor":6.0},{"not_picked":["Streamline","Hologram"],"picked":"Aggregate","floor":8.0},{"not_picked":["Coolheaded","Turbo"],"picked":"ReplayRNGCard","floor":12.0},{"not_picked":["Scrape","ReplayTheSpireMod:GoodbyeWorld"],"picked":"Stack","floor":14.0},{"not_picked":["Echo Form","Multi-Cast"],"picked":"ReplayTheSpireMod:Fabricate Wheel","floor":16.0},{"not_picked":["AbeCurse","Replay:Hysterical Blindness","ReplayTheSpireMod:Doomed"],"picked":"CommonCold","floor":17.0},{"not_picked":["Doubt","Clumsy","downfall:Icky"],"picked":"downfall:Haunted","floor":17.0},{"not_picked":["downfall:Haunted","downfall:Icky","Doubt"],"picked":"Injury","floor":17.0},{"not_picked":["Rip and Tear","Ball Lightning","Conserve Battery"],"picked":"Consume","floor":18.0},{"not_picked":["Compile Driver","ReplayTheSpireMod:GoodbyeWorld","Seek"],"picked":"FIFO Queue+1","floor":18.0},{"not_picked":["Double Energy","Stack+1","Doom and Gloom"],"picked":"Capacitor+1","floor":21.0},{"not_picked":["Rebound","Streamline+1","Turbo"],"picked":"Cold Snap","floor":21.0},{"not_picked":["Cold Snap","ReplaySolidLightProjector+1","Panic Button+1"],"picked":"Sunder+1","floor":24.0},{"not_picked":["Storm","Self Repair","BasicCrystalCard"],"picked":"Leap+1","floor":25.0},{"not_picked":["Undo","Steam","Streamline"],"picked":"Creative AI","floor":25.0},{"not_picked":["Self Repair","Ball Lightning","Steam+1"],"picked":"Tempest+1","floor":29.0},{"not_picked":["Ball Lightning","Hologram","Conserve Battery"],"picked":"Glacier","floor":29.0},{"not_picked":["Turbo","Redo","Undo"],"picked":"Leap","floor":31},{"not_picked":["Compile Driver+1","Beam Cell+1","Sweeping Beam","Panic Button"],"picked":"SKIP","floor":31},{"not_picked":["Amplify","ReplayTheSpireMod:Fabricate Wheel","Fission"],"picked":"Creative AI","floor":33},{"not_picked":["Streamline+1","Steam+1","Rebound+1"],"picked":"Blizzard","floor":35},{"not_picked":["Compile Driver","Recycle","Sunder+1"],"picked":"FIFO Queue","floor":35},{"not_picked":["Coolheaded+1","ReplaySolidLightProjector","Defragment"],"picked":"FIFO Queue+1","floor":36},{"not_picked":["Doom and Gloom","Sweeping Beam","Stack+1"],"picked":"Static Discharge+1","floor":38},{"not_picked":["White Noise","Leap","Undo"],"picked":"Aggregate+1","floor":38},{"not_picked":["All For One","Gash+1","ReplaySolidLightProjector"],"picked":"Coolheaded","floor":41}],"player_experience":190536,"relics_obtained":[{"floor":2.0,"key":"Art of War"},{"floor":6.0,"key":"Carrot"},{"floor":8.0,"key":"Lizard Tail"},{"floor":9.0,"key":"Emotion Chip"},{"floor":12.0,"key":"Potion Belt"},{"floor":24.0,"key":"Strawberry"},{"floor":26.0,"key":"PreservedInsect"},{"floor":36,"key":"Peace Pipe"},{"floor":41,"key":"MealTicket"},{"floor":43,"key":"Molten Egg 2"}],"event_choices":[{"damage_healed":0.0,"max_hp_gain":0.0,"max_hp_loss":0.0,"gold_gain":0.0,"event_name":"Golden Wing","player_choice":"Ignored","floor":5.0,"gold_loss":0.0,"damage_taken":0.0},{"damage_healed":0.0,"max_hp_gain":0.0,"max_hp_loss":0.0,"gold_gain":75.0,"event_name":"World of Goop","player_choice":"Gather Gold","floor":11.0,"gold_loss":0.0,"damage_taken":11.0},{"damage_healed":0.0,"max_hp_gain":0.0,"max_hp_loss":0.0,"gold_gain":0.0,"event_name":"Golden Idol","player_choice":"Take Wound","floor":13.0,"gold_loss":0.0,"damage_taken":0.0,"relics_obtained":["Golden Idol"],"cards_obtained":["Injury"]},{"damage_healed":0.0,"max_hp_gain":0.0,"max_hp_loss":0.0,"gold_gain":0.0,"event_name":"Forgotten Altar","player_choice":"Gave Idol","floor":20.0,"relics_lost":["Golden Idol"],"gold_loss":0.0,"damage_taken":0.0,"relics_obtained":["Bloody Idol"]},{"damage_healed":0.0,"max_hp_gain":0.0,"max_hp_loss":0.0,"gold_gain":0.0,"event_name":"WeMeetAgain","player_choice":"Gave Potion","floor":27.0,"gold_loss":0.0,"damage_taken":0.0,"relics_obtained":["War Paint"]},{"damage_healed":0,"gold_gain":0,"player_choice":"Fight","damage_taken":0,"max_hp_gain":0,"max_hp_loss":0,"event_name":"Mysterious Sphere","floor":36,"gold_loss":0},{"damage_healed":21,"gold_gain":0,"player_choice":"Writhe","damage_taken":0,"max_hp_gain":0,"max_hp_loss":0,"event_name":"Winding Halls","floor":42,"gold_loss":0,"cards_obtained":["Writhe"]}],"is_beta":false,"boss_relics":[{"not_picked":["Honey Jar","Pandora\u0027s Box"],"picked":"Replay:Ancient Bell"},{"not_picked":["Gremlin Food","Smiling Mask"],"picked":"Omamori"},{"not_picked":["Divine Protection","Chameleon Ring"],"picked":"Question Card"},{"not_picked":["Gambling Chip","Girya"],"picked":"Replay:PocketPolymizer"},{"not_picked":["Philosopher\u0027s Stone","Runic Dome"],"picked":"SacredBark"}],"items_purged_floors":[37],"is_endless":false,"potions_floor_spawned":[1,6,12,16,25,31,38],"ascension_level":1}}