{"host":"orwsrz1cc0wttjjy","time":1611493723,"event":{"mods":["100% Spire Juice","2.2 Compatiblity","AchievementEnabler","Arknights The Spire","Astrologer","BaseMod","Better Altar","Better Match","Better Skull","Better Third Choice","BetterRewards","CapriCore","ChefMod","Colored Map","Colored Powertips","Conspire","DeckTracker","Friendly Minions","Halation","Hermit","Hubris","Infinite Spire","Mimic Mod","Minty Spire (QoL Compilation)","MostiFishMod","Permanent Neow","Puzzle Mod","Relic Sorter","Relic Stats","Robot Space Explorer","Shop Mod","Spicy Shops","Spire Arcade","StSLib","Td1madao Mod","The Accelerator","The Animator","The Cursed","The Gatherer","The Hierophant","The Marked","The Poker Player","The Runesmith","Treasure Hunter","everything is the same but u backflip on backflip","vexMod"],"gold_per_floor":[272,272,272,272,272,272,302,313,313,329,329,2,32,76,76,182,182,215,232,270,298,298,351,386,386,430,430,430,457,103,120,120,231,231,278,47,86,86,86,86,147,147,173,234,260,25,25,38,38,102,102,102,61,95,95,95],"floor_reached":55,"language":"KOR","playtime":3011,"items_purged":["RobotSpaceExplorer:SlimeMissile","Clumsy"],"score":794,"play_id":"13971c69-62af-48bd-84df-f894b679b42a","local_time":"20210124220843","is_ascension_mode":false,"campfire_choices":[{"floor":6.0,"key":"REST"},{"data":"RobotSpaceExplorer:PlasmaMissile","floor":11.0,"key":"SMITH"},{"data":"RobotSpaceExplorer:MiniBoosters","floor":15.0,"key":"SMITH"},{"floor":25.0,"key":"REST"},{"data":"RobotSpaceExplorer:Arsenal","floor":32.0,"key":"SMITH"},{"floor":40.0,"key":"RECALL"},{"floor":42,"key":"REST"},{"floor":49,"key":"REST"},{"data":"RobotSpaceExplorer:Multitool","floor":52,"key":"SMITH"}],"circlet_count":0,"master_deck":["RobotSpaceExplorer:Strike","RobotSpaceExplorer:Strike","RobotSpaceExplorer:Strike","RobotSpaceExplorer:Strike+1","RobotSpaceExplorer:Defend","RobotSpaceExplorer:Defend+1","RobotSpaceExplorer:Defend","RobotSpaceExplorer:Defend","RobotSpaceExplorer:Scan","RobotSpaceExplorer:MiniLasers+1","RobotSpaceExplorer:PlasmaMissile+1","conspire:HitWhereItHurts","TH:PixieDust","RobotSpaceExplorer:SurgingStrike","RobotSpaceExplorer:ImprovisedAttack","TH:CursedSword","RobotSpaceExplorer:SurgingStrike","RobotSpaceExplorer:MiniBoosters+1","RobotSpaceExplorer:ScrapToss","TH:DeckOfManyThings","TH:BikiniMail","RobotSpaceExplorer:Arsenal+1","RobotSpaceExplorer:ScrapMissile","RobotSpaceExplorer:SlimeMissile+1","RobotSpaceExplorer:Probe","RobotSpaceExplorer:Probe","TH:DeckOfManyThings","RobotSpaceExplorer:Reload+1","RobotSpaceExplorer:MiniDrones","TH:CopperCoins","RobotSpaceExplorer:Multitool+1","RobotSpaceExplorer:ScrapMissile","RobotSpaceExplorer:StarLightning+1","RobotSpaceExplorer:Fix+1","RobotSpaceExplorer:Fix+1","RobotSpaceExplorer:ScrapMissile+1","TH:DeckOfManyThings","RobotSpaceExplorer:ChargingLaser","RobotSpaceExplorer:SlimeMissile","RobotSpaceExplorer:SlimeMissile+1","TH:CopperCoins","RobotSpaceExplorer:MetalStrike","TH:CursedSword","RobotSpaceExplorer:StarDust+1","TH:PixieDust","RobotSpaceExplorer:ScrapMissile","RobotSpaceExplorer:SwiftStep+1","MostiFishMod:Galeforce","TH:EnergyPotion","RobotSpaceExplorer:GearShield+1"],"relics":["RobotSpaceExplorer:RoboCore","halation:StarCompass","conspire:TopHat","DaveBox","NeowsBlessing","RhineSuit","SynthV:TestCard","halation:PinkSoulGem","infinitespire:Beetle Shell","vexMod:GhostlyGear","Vajra","infinitespire:Lucky Rock","ChiXiaoBlade","vexMod:BarristanHead","Lantern","Orrery","RhineCircuit","halation:AfternoonTea","Pen Nib","Unceasing Top","MerchantsRug","hubris:Zylophone"],"acts_visited":["Exordium","TheCity","TheBeyond","TheEnding"],"potions_floor_usage":[41,50,55],"damage_taken":[{"damage":0.0,"enemies":"2 Louse","floor":1.0,"turns":1.0},{"damage":0.0,"enemies":"Gremlin Nob","floor":7.0,"turns":1.0},{"damage":0.0,"enemies":"Small Slimes","floor":8.0,"turns":1.0},{"damage":0.0,"enemies":"infinitespire:Voidling","floor":10.0,"turns":2.0},{"damage":11.0,"enemies":"Large Slime","floor":13.0,"turns":3.0},{"damage":9.0,"enemies":"3 Sentries","floor":14.0,"turns":4.0},{"damage":6.0,"enemies":"Slime Boss","floor":16.0,"turns":5.0},{"damage":13.0,"enemies":"Shell Parasite","floor":18.0,"turns":3.0},{"damage":0.0,"enemies":"conspire:FuzzyDice","floor":19.0,"turns":3.0},{"damage":7.0,"enemies":"conspire:MimicChest","floor":20.0,"turns":4.0},{"damage":9.0,"enemies":"Centurion and Healer","floor":21.0,"turns":3.0},{"damage":26.0,"enemies":"Slavers","floor":23.0,"turns":3.0},{"damage":18.0,"enemies":"Sentry and Sphere","floor":24.0,"turns":4.0},{"damage":4.0,"enemies":"Snake Plant","floor":26.0,"turns":3.0},{"damage":1.0,"enemies":"Snake Plant","floor":31.0,"turns":3.0},{"damage":14.0,"enemies":"Automaton","floor":33.0,"turns":5.0},{"damage":31.0,"enemies":"3 Shapes","floor":35.0,"turns":3.0},{"damage":22.0,"enemies":"3 Darklings","floor":37.0,"turns":3.0},{"damage":35,"enemies":"Nemesis","floor":41,"turns":5},{"damage":10,"enemies":"Mind Bloom Boss Battle","floor":44,"turns":5},{"damage":0,"enemies":"Jaw Worm Horde","floor":48,"turns":1},{"damage":63,"enemies":"Donu and Deca","floor":50,"turns":6},{"damage":28,"enemies":"Shield and Spear","floor":54,"turns":2},{"damage":102,"enemies":"The Heart","floor":55,"turns":3}],"seed_played":"677455329845524584","potions_obtained":[{"floor":7.0,"key":"RobotSpaceExplorer:RecyclePotion"},{"floor":8.0,"key":"RobotSpaceExplorer:RecyclePotion"},{"floor":10.0,"key":"Swift Potion"},{"floor":31.0,"key":"SkillPotion"},{"floor":44,"key":"Explosive Potion"}],"is_trial":false,"path_per_floor":["M","?","?","?","?","R","E","M","T","M","R","$","M","E","R","B",null,"M","M","?","M","?","E","M","R","MIM","?","?","T","$","M","R","B",null,"M","$","M","?","?","R","E","R","T","?","T","$","?","M","R","B",null,"R","$","E","B"],"character_chosen":"RobotSpaceExplorer","items_purchased":["vexMod:GhostlyGear","Vajra","RobotSpaceExplorer:MiniBoosters","halation:PrussianBluePaint","Orrery","Tiny Chest","halation:AfternoonTea","War Paint","MerchantsRug","RobotSpaceExplorer:ScrapMissile","Regen Potion","MostiFishMod:Galeforce"],"campfire_rested":4,"item_purchase_floors":[12,12,12,12,30,30,36,36,46,46,53,53],"current_hp_per_floor":[75,75,75,75,52,74,74,74,74,74,74,74,63,54,54,48,75,62,62,55,46,46,20,2,24,20,45,45,45,45,44,44,42,75,50,50,34,41,41,41,18,40,40,44,44,44,44,44,66,24,75,75,75,47,0,0],"gold":95,"neow_bonus":"THREE_ENEMY_KILL","is_daily":false,"chose_seed":false,"campfire_upgraded":4,"win_rate":0.0,"timestamp":1611493723,"path_taken":["M","?","?","?","?","R","E","M","T","M","R","$","M","E","R","BOSS","M","M","?","M","?","E","M","R","MIM","?","?","?","$","M","R","BOSS","M","$","M","?","?","R","E","R","T","?","?","$","?","M","R","BOSS","R","$","E","BOSS"],"items_purchased_type":["Relic","Relic","Card","Relic","Relic","Relic","Relic","Relic","Relic","Card","Potion","Card"],"build_version":"2020-12-22","purchased_purges":2,"victory":false,"max_hp_per_floor":[75,75,75,75,75,75,75,75,75,75,75,75,75,75,75,75,75,75,75,75,75,75,75,75,75,75,75,75,75,75,75,75,75,75,75,75,75,75,75,75,75,75,75,75,75,75,75,75,75,75,75,75,75,75,75,75],"relic_stats":{"counters":[24,76],"Pen Nib":[6],"obtain_stats":[{"Lantern":29,"DaveBox":0,"Vajra":12,"RhineSuit":0,"Juzu Bracelet":7,"Whetstone":41,"Smiling Mask":20,"halation:StarCompass":47,"conspire:TopHat":45,"halation:PrussianBluePaint":12,"Tiny Chest":30,"MerchantsRug":46,"NeowsBlessing":0,"vexMod:ConsolationPrize":9,"RobotSpaceExplorer:RoboCore":0,"infinitespire:Beetle Shell":5,"Pen Nib":43,"infinitespire:Lucky Rock":14,"War Paint":36,"RhineCircuit":34,"vexMod:GhostlyGear":12,"hubris:Zylophone":54,"SynthV:TestCard":1,"vexMod:BarristanHead":23,"ChiXiaoBlade":17,"Orrery":30,"halation:AfternoonTea":36,"halation:PinkSoulGem":2,"Unceasing Top":44},{"Lantern":14,"DaveBox":0,"Vajra":4,"RhineSuit":0,"Juzu Bracelet":2,"Whetstone":19,"Smiling Mask":10,"halation:StarCompass":20,"conspire:TopHat":20,"halation:PrussianBluePaint":4,"Tiny Chest":14,"MerchantsRug":20,"NeowsBlessing":0,"vexMod:ConsolationPrize":3,"RobotSpaceExplorer:RoboCore":0,"infinitespire:Beetle Shell":1,"Pen Nib":19,"infinitespire:Lucky Rock":6,"War Paint":17,"RhineCircuit":16,"vexMod:GhostlyGear":4,"hubris:Zylophone":23,"SynthV:TestCard":1,"vexMod:BarristanHead":12,"ChiXiaoBlade":7,"Orrery":14,"halation:AfternoonTea":17,"halation:PinkSoulGem":1,"Unceasing Top":20},{"Lantern":40,"DaveBox":0,"Vajra":5,"RhineSuit":0,"Juzu Bracelet":2,"Whetstone":59,"Smiling Mask":27,"halation:StarCompass":64,"conspire:TopHat":64,"halation:PrussianBluePaint":5,"Tiny Chest":40,"MerchantsRug":64,"NeowsBlessing":0,"vexMod:ConsolationPrize":3,"RobotSpaceExplorer:RoboCore":0,"infinitespire:Beetle Shell":1,"Pen Nib":59,"infinitespire:Lucky Rock":12,"War Paint":51,"RhineCircuit":48,"vexMod:GhostlyGear":5,"hubris:Zylophone":73,"SynthV:TestCard":1,"vexMod:BarristanHead":33,"ChiXiaoBlade":17,"Orrery":40,"halation:AfternoonTea":51,"halation:PinkSoulGem":1,"Unceasing Top":64}],"Unceasing Top":[7]},"card_choices":[{"not_picked":["RobotSpaceExplorer:GlueShot","RobotSpaceExplorer:ShockKick"],"picked":"RobotSpaceExplorer:PlasmaMissile","floor":1.0},{"not_picked":["TH:EnergyPotion","TH:CopperCoins","TH:TreasureMap"],"picked":"TH:PixieDust","floor":7.0},{"not_picked":["RobotSpaceExplorer:RigExplosive","RobotSpaceExplorer:PowerGlove","RobotSpaceExplorer:Counterblock","RobotSpaceExplorer:SelfCleaning"],"picked":"RobotSpaceExplorer:SurgingStrike","floor":7.0},{"not_picked":["RobotSpaceExplorer:Blitz","RobotSpaceExplorer:StunGrenade","RobotSpaceExplorer:ShockKick","RobotSpaceExplorer:JunkDive"],"picked":"RobotSpaceExplorer:ImprovisedAttack","floor":8.0},{"not_picked":["TH:PixieDust","TH:ArmorSpikes","TH:TreasureMap"],"picked":"TH:CursedSword","floor":9.0},{"not_picked":["RobotSpaceExplorer:TrailblazerForm","RobotSpaceExplorer:ImprovisedAttack","RobotSpaceExplorer:SurgingShield","RobotSpaceExplorer:GlueShot"],"picked":"RobotSpaceExplorer:SurgingStrike","floor":10.0},{"not_picked":["RobotSpaceExplorer:SurgingShield","RobotSpaceExplorer:Pulsar","RobotSpaceExplorer:ScrapShield","RobotSpaceExplorer:LuckyStrike"],"picked":"RobotSpaceExplorer:ScrapToss","floor":13.0},{"not_picked":["TH:CursedSword","TH:PixieDust","TH:ArmorSpikes"],"picked":"TH:DeckOfManyThings","floor":14.0},{"not_picked":["RobotSpaceExplorer:ScrapMissile","RobotSpaceExplorer:SwiftStep","RobotSpaceExplorer:Electroshield","RobotSpaceExplorer:MakeshiftVolley"],"picked":"RobotSpaceExplorer:SlimeMissile","floor":14.0},{"not_picked":["TH:PixieDust","TH:ElvenBoots","TH:TreasureMap"],"picked":"TH:BikiniMail","floor":16.0},{"not_picked":["RobotSpaceExplorer:Asteroid","RobotSpaceExplorer:Comet","RobotSpaceExplorer:Autoloader","RobotSpaceExplorer:Accelerator"],"picked":"RobotSpaceExplorer:Arsenal","floor":16.0},{"not_picked":["RobotSpaceExplorer:Ammunition","RobotSpaceExplorer:Fix","RobotSpaceExplorer:ScrapShield","RobotSpaceExplorer:SelfCleaning+1"],"picked":"RobotSpaceExplorer:ScrapMissile","floor":18.0},{"not_picked":["RobotSpaceExplorer:SwiftStep+1","RobotSpaceExplorer:Counterblock","RobotSpaceExplorer:SurgingStrike","RobotSpaceExplorer:GearShield"],"picked":"RobotSpaceExplorer:SlimeMissile+1","floor":19.0},{"not_picked":["RobotSpaceExplorer:DoubleBlock","RobotSpaceExplorer:Blitz","RobotSpaceExplorer:ImprovisedAttack","RobotSpaceExplorer:GlueShot"],"picked":"RobotSpaceExplorer:Probe","floor":20.0},{"not_picked":["RobotSpaceExplorer:FranticSearch","RobotSpaceExplorer:StarDust","RobotSpaceExplorer:ExhaustFan+1","RobotSpaceExplorer:Counterblock"],"picked":"RobotSpaceExplorer:Probe","floor":21.0},{"not_picked":["TH:ArmorSpikes","TH:BikiniMail","TH:Mimic"],"picked":"TH:DeckOfManyThings","floor":23.0},{"not_picked":["RobotSpaceExplorer:ImprovisedAttack","RobotSpaceExplorer:Electroshield+1","RobotSpaceExplorer:Smokescreen","RobotSpaceExplorer:ToxicBomb"],"picked":"RobotSpaceExplorer:Reload","floor":23.0},{"not_picked":["RobotSpaceExplorer:GlueSpray+1","RobotSpaceExplorer:ScrapMissile","RobotSpaceExplorer:ImprovisedAttack","RobotSpaceExplorer:MetalStrike"],"picked":"RobotSpaceExplorer:Electroshield","floor":24.0},{"not_picked":["RobotSpaceExplorer:IronShell","RobotSpaceExplorer:ShockKick","RobotSpaceExplorer:ShovelStrike","RobotSpaceExplorer:SwiftStep+1"],"picked":"RobotSpaceExplorer:MiniDrones","floor":26.0},{"not_picked":["TH:PixieDust","TH:BikiniMail","TH:Mimic"],"picked":"TH:CopperCoins","floor":29.0},{"not_picked":["RobotSpaceExplorer:SlimeMissile","RobotSpaceExplorer:FranticSearch","RobotSpaceExplorer:IronShell","RobotSpaceExplorer:ShovelStrike"],"picked":"RobotSpaceExplorer:Multitool","floor":30.0},{"not_picked":["RobotSpaceExplorer:Probe+1","RobotSpaceExplorer:MiniBoosters+1","RobotSpaceExplorer:Pulsar+1","RobotSpaceExplorer:TrailblazerForm"],"picked":"RobotSpaceExplorer:ScrapMissile","floor":30.0},{"not_picked":["RobotSpaceExplorer:Counterblock","RobotSpaceExplorer:Reload","RobotSpaceExplorer:FranticSearch+1","RobotSpaceExplorer:SwiftStep"],"picked":"RobotSpaceExplorer:StarLightning+1","floor":30.0},{"not_picked":["RobotSpaceExplorer:Pulsar","RobotSpaceExplorer:Multitool","RobotSpaceExplorer:Smokescreen+1","RobotSpaceExplorer:JunkDive"],"picked":"RobotSpaceExplorer:Fix+1","floor":30.0},{"not_picked":["RobotSpaceExplorer:MiniDrones","RobotSpaceExplorer:JunkDive","RobotSpaceExplorer:DoubleFind","RobotSpaceExplorer:ImprovisedAttack"],"picked":"RobotSpaceExplorer:Fix+1","floor":30.0},{"not_picked":["RobotSpaceExplorer:StunGrenade","RobotSpaceExplorer:Ammunition","RobotSpaceExplorer:FreezeRay+1","RobotSpaceExplorer:SlimeMissile"],"picked":"RobotSpaceExplorer:ScrapMissile+1","floor":31.0},{"not_picked":["TH:PixieDust","TH:Mimic","TH:TreasureMap"],"picked":"TH:DeckOfManyThings","floor":33.0},{"not_picked":["RobotSpaceExplorer:Exploration","RobotSpaceExplorer:Accelerator","RobotSpaceExplorer:Blaster","RobotSpaceExplorer:TrailblazerForm"],"picked":"RobotSpaceExplorer:ChargingLaser","floor":33.0},{"not_picked":["RobotSpaceExplorer:Probe+1","RobotSpaceExplorer:FranticSearch","RobotSpaceExplorer:TurboDodge","RobotSpaceExplorer:Blitz"],"picked":"RobotSpaceExplorer:SlimeMissile","floor":35.0},{"not_picked":["RobotSpaceExplorer:ToxicBomb+1","RobotSpaceExplorer:LaserBurst","RobotSpaceExplorer:Counterblock","RobotSpaceExplorer:MetalStrike+1"],"picked":"RobotSpaceExplorer:SlimeMissile","floor":37.0},{"not_picked":["TH:BikiniMail","TH:PixieDust","TH:ElvenBoots"],"picked":"TH:CopperCoins","floor":41},{"not_picked":["RobotSpaceExplorer:Blitz","RobotSpaceExplorer:ImprovisedAttack","RobotSpaceExplorer:Scanner","RobotSpaceExplorer:SurgingStrike"],"picked":"RobotSpaceExplorer:MetalStrike","floor":41},{"not_picked":["TH:PixieDust","TH:EnergyPotion","TH:Mimic"],"picked":"TH:CursedSword","floor":43},{"not_picked":["RobotSpaceExplorer:Pulsar+1","RobotSpaceExplorer:Probe","RobotSpaceExplorer:LaserBurst","RobotSpaceExplorer:FranticSearch+1"],"picked":"RobotSpaceExplorer:StarDust+1","floor":44},{"not_picked":["TH:TreasureMap","TH:ElvenBoots","TH:CopperCoins"],"picked":"TH:PixieDust","floor":45},{"not_picked":["RobotSpaceExplorer:ScrapShield","RobotSpaceExplorer:LaserBurst+1","RobotSpaceExplorer:ShockKick","RobotSpaceExplorer:ScrapToss"],"picked":"RobotSpaceExplorer:SwiftStep+1","floor":48},{"not_picked":["TH:ArmorSpikes","TH:PixieDust","TH:TreasureMap"],"picked":"TH:EnergyPotion","floor":54},{"not_picked":["RobotSpaceExplorer:ImprovisedAttack","RobotSpaceExplorer:StarDust","RobotSpaceExplorer:JunkDive","RobotSpaceExplorer:FreezingShield"],"picked":"RobotSpaceExplorer:GearShield+1","floor":54}],"player_experience":310000,"relics_obtained":[{"floor":1.0,"key":"SynthV:TestCard"},{"floor":7.0,"key":"Juzu Bracelet"},{"floor":9.0,"key":"vexMod:ConsolationPrize"},{"floor":14.0,"key":"infinitespire:Lucky Rock"},{"floor":20.0,"key":"Smiling Mask"},{"floor":23.0,"key":"vexMod:BarristanHead"},{"floor":29.0,"key":"Lantern"},{"floor":41,"key":"Whetstone"},{"floor":43,"key":"Pen Nib"},{"floor":44,"key":"Unceasing Top"},{"floor":45,"key":"conspire:TopHat"},{"floor":54,"key":"hubris:Zylophone"}],"event_choices":[{"damage_healed":0.0,"max_hp_gain":0.0,"max_hp_loss":0.0,"gold_gain":0.0,"event_name":"NoteForYourself","player_choice":"Ignored","floor":22.0,"gold_loss":0.0,"damage_taken":0.0},{"damage_healed":25.0,"max_hp_gain":0.0,"max_hp_loss":0.0,"gold_gain":0.0,"event_name":"The Library","player_choice":"Heal","floor":27.0,"gold_loss":0.0,"damage_taken":0.0},{"cards_removed":["RobotSpaceExplorer:Electroshield"],"damage_healed":0.0,"max_hp_gain":0.0,"max_hp_loss":0.0,"gold_gain":0.0,"event_name":"betterThird:BetterWriting","player_choice":"Elegance","floor":28.0,"gold_loss":0.0,"damage_taken":0.0},{"damage_healed":0.0,"max_hp_gain":0.0,"max_hp_loss":0.0,"gold_gain":0.0,"event_name":"conspire:Investor","player_choice":"Leave","floor":39.0,"gold_loss":0.0,"damage_taken":0.0},{"damage_healed":0,"gold_gain":0,"player_choice":"Fight","damage_taken":0,"max_hp_gain":0,"max_hp_loss":0,"event_name":"MindBloom","floor":44,"gold_loss":0}],"is_beta":false,"boss_relics":[{"not_picked":["vexMod:EndlessSickness","MoonlightInvasionPlan"],"picked":"ChiXiaoBlade"},{"not_picked":["hubris:TerracottaHorce","halation:ForbiddenBikini"],"picked":"RhineCircuit"}],"items_purged_floors":[30,46],"is_endless":false,"potions_floor_spawned":[7,8,10,18,19,20,31,44],"killed_by":"The Heart","ascension_level":0}}