{"host":"drnpqbb4x5efsqxz","time":1611514100,"event":{"mods":["ATMod(°¢èªMod)","BaseMod","Card Forge","Colored Powertips","Infinite Spire","Minty Spire (QoL Compilation)","MostiFishMod","Red Circlet Mod","Relic Filter Mod","Shop Mod","Spicy Shops","StSLib","[IsaacMod]ÒÔÈö¼âËþ","¡¾ÒÅÎï¿¨ÅÆ¡¿REMEMod","óô»ðÖ¸ÄÏ"],"gold_per_floor":[118,177,196,217,243,285,305,340,411,454,454,488,207,247,268,394,-994,-954,21,33,45,57,108,120,132,168,223,261,198,238,259,271,389,452,484,523,555,578,643,698,710,96,108,155,167,15,36,80,80,80,80,80,0,34,34],"floor_reached":56,"language":"ZHS","playtime":4222,"items_purged":["Strike_R+1","Strike_R+1","Strike_R+1"],"score":2793,"play_id":"3391ac65-9bd6-4163-a8fb-9afd8ce1b44f","local_time":"20210125024820","is_ascension_mode":true,"campfire_choices":[{"floor":11.0,"key":"RECALL"},{"floor":15,"key":"REST"},{"data":"MostiFishMod:Kaleido","floor":24,"key":"SMITH"},{"data":"infinitespire:Fortify","floor":32,"key":"SMITH"},{"data":"1","floor":49,"key":"LIFT"},{"data":"2","floor":52,"key":"LIFT"}],"circlet_count":0,"master_deck":["AscendersBane","Strike_R+1","Defend_R+1","Defend_R+1","Defend_R+1","Defend_R+1","Bash+1","AT_FamilyPortrait+1","MostiFishMod:#F4004+1","REME_HeartOfCthun+1","Secret Technique+1","MostiFishMod:UltimateDefense+2","Feel No Pain+1","Dark Embrace+1","Shrug It Off+1","MostiFishMod:#F4004+1","Pommel Strike+1","MostiFishMod:Mania+1","Feed+1","Feel No Pain+1","MostiFishMod:Kaleido+1","AT_BodySlamDance+1","Shockwave+1","Bomb","True Grit+1","infinitespire:Fortify+1","AT_FalsePromise+1","REME_ACTH+1","Disarm+1","Inflame+1","Feel No Pain+1","MostiFishMod:RacingGame+1","Feel No Pain+1","Discovery+1","Shrug It Off+1","Finesse+1","REME_BodyOfCthun+1"],"relics":["Hammer of Thor","Seething Fire","Anvil of the Gods","REME_ComplimentaryCards","AT_ATBox","HushsDoor","DaveBox","DianPoetry","Damocles","REME_LowDesire","infinitespire:Lucky Rock","infinitespire:PuzzleCube","CeramicFish","SynthV:TestCard","SatanicBible","Centennial Puzzle","The Courier","REME_HandOfSuture","TheBean","Dream Catcher","REME_PuzzleBoxRelic","Happy Flower","AT_BellDemon","TuHaoJin","MerchantsRug","BookOfRevelations","MealTicket","MostiFishMod:Haymaker","AT_SpeedBoots","SynthV:MejaisSoulstealer","REME_HourglassOfDeath","Art of War","Lantern","AT_SunfireAegis","Anchor","SynthV:C4","MutagenicStrength","Orichalcum","infinitespire:CheckeredPen","infinitespire:Beetle Shell","D6","Ornamental Fan","infinitespire:Satchel","Bag of Marbles","HowToJump","FossilizedHelix","Vajra","AT_TrinityForce","Unceasing Top","AT_BladeRuinedKing","Nunchaku","AT_SilvercatRing","Paper Frog","Singing Bowl","Champion Belt","Potion Belt","Diplopia","SalivaCoin","InkBottle","AT_RedTearstoneRing","Dodecahedron","infinitespire:BottledMercury","REME_LimitBreaker","Blood Vial","Red Skull","AT_ImmortalShieldbow","infinitespire:ShieldingShard","Bronze Scales","Girya","Mummified Hand","Bottled Lightning","Juzu Bracelet","AT_ChloranthyRing","Pen Nib","Calipers","AT_ForceNature","infinitespire:Bottled Soul"],"acts_visited":["Exordium","TheCity","TheBeyond","TheEnding"],"potions_floor_usage":[16,38],"damage_taken":[{"damage":0.0,"enemies":"Cultist","floor":1.0,"turns":2.0},{"damage":0.0,"enemies":"Jaw Worm","floor":3.0,"turns":2.0},{"damage":0.0,"enemies":"2 Louse","floor":4.0,"turns":3.0},{"damage":0.0,"enemies":"Blue Slaver","floor":5.0,"turns":2.0},{"damage":0.0,"enemies":"3 Sentries","floor":6.0,"turns":2.0},{"damage":0.0,"enemies":"2 Fungi Beasts","floor":7.0,"turns":2.0},{"damage":0.0,"enemies":"Lagavulin","floor":8.0,"turns":4.0},{"damage":0.0,"enemies":"Gremlin Nob","floor":10.0,"turns":3.0},{"damage":0.0,"enemies":"3 Sentries","floor":12.0,"turns":4.0},{"damage":0.0,"enemies":"Lots of Slimes","floor":14.0,"turns":1.0},{"damage":0,"enemies":"Hexaghost","floor":16,"turns":3},{"damage":0,"enemies":"Spheric Guardian","floor":18,"turns":3},{"damage":0,"enemies":"2 Thieves","floor":19,"turns":2},{"damage":0,"enemies":"REME_1_Revenger","floor":23,"turns":2},{"damage":0,"enemies":"Book of Stabbing","floor":27,"turns":2},{"damage":0,"enemies":"3 Cultists","floor":28,"turns":1},{"damage":0,"enemies":"Sentry and Sphere","floor":30,"turns":3},{"damage":0,"enemies":"Automaton","floor":33,"turns":2},{"damage":0,"enemies":"3 Shapes","floor":35,"turns":1},{"damage":0,"enemies":"3 Darklings","floor":36,"turns":2},{"damage":0,"enemies":"Maw","floor":37,"turns":2},{"damage":0,"enemies":"Transient","floor":38,"turns":2},{"damage":0,"enemies":"2 Orb Walkers","floor":39,"turns":1},{"damage":0,"enemies":"Nemesis","floor":40,"turns":1},{"damage":0,"enemies":"Giant Head","floor":44,"turns":1},{"damage":0,"enemies":"4 Shapes","floor":47,"turns":1},{"damage":0,"enemies":"Reptomancer","floor":48,"turns":1},{"damage":0,"enemies":"Awakened One","floor":50,"turns":2},{"damage":0,"enemies":"Shield and Spear","floor":54,"turns":1},{"damage":0,"enemies":"The Heart","floor":55,"turns":3}],"seed_played":"5984046569218121235","potions_obtained":[{"floor":1.0,"key":"SkillPotion"},{"floor":4.0,"key":"SpeedPotion"},{"floor":5.0,"key":"SkillPotion"},{"floor":7.0,"key":"Block Potion"},{"floor":10.0,"key":"BloodPotion"},{"floor":16,"key":"FearPotion"},{"floor":18,"key":"SmokeBomb"},{"floor":27,"key":"GamblersBrew"},{"floor":38,"key":"BloodPotion"},{"floor":40,"key":"Fire Potion"},{"floor":44,"key":"EssenceOfSteel"},{"floor":48,"key":"EssenceOfSteel"}],"is_trial":false,"path_per_floor":["M","?","M","M","M","E","M","E","T","E","R","E","R","M","R","B",null,"M","M","?","?","$","E","R","?","T","E","M","?","M","AVR","R","B",null,"M","M","M","M","?","E","?","R","T","E","?","$","M","E","R","B",null,"R","$","E","B",null],"character_chosen":"IRONCLAD","items_purchased":["MerchantsRug","BookOfRevelations","MawBank","REME_ACTH","Disarm","FairyPotion","Dodecahedron","infinitespire:BottledMercury","REME_LimitBreaker","Blood Vial","Mummified Hand","Discovery"],"campfire_rested":1,"item_purchase_floors":[13,13,13,34,34,34,42,42,42,42,46,46],"current_hp_per_floor":[72,72,72,86,86,86,86,86,86,94,94,94,94,91,91,91,91,94,97,97,91,97,107,107,107,107,111,115,115,119,119,119,119,103,107,107,107,127,129,129,129,129,129,129,123,123,123,123,123,127,127,127,127,131,131],"gold":34,"neow_bonus":"BOSS_RELIC","is_daily":false,"chose_seed":false,"campfire_upgraded":2,"win_rate":0.0,"timestamp":1611514100,"path_taken":["M","?","M","M","M","E","M","E","T","E","R","E","R","?","R","BOSS","M","M","?","?","?","E","R","?","T","E","M","?","?","AVR","R","BOSS","M","M","M","M","?","E","?","R","T","E","?","?","?","E","R","BOSS","R","$","E","BOSS"],"items_purchased_type":["Relic","Relic","Relic","Card","Card","Potion","Relic","Relic","Relic","Relic","Relic","Card"],"build_version":"2020-12-22","purchased_purges":3,"victory":true,"max_hp_per_floor":[80,80,80,94,94,94,94,94,94,94,94,94,94,91,91,91,91,94,97,97,97,97,107,107,107,107,111,115,115,119,119,119,119,103,107,121,125,127,129,129,129,129,129,129,123,123,123,123,123,127,127,127,127,131,131],"card_choices":[{"not_picked":[],"picked":"ChaosCard","floor":0.0},{"not_picked":["Evolve","Carnage","AT_BodySlamDance"],"picked":"REME_HeartOfCthun","floor":1.0},{"not_picked":["Iron Wave","Shockwave","True Grit","Thunderclap","Second Wind"],"picked":"Flash of Steel","floor":3.0},{"not_picked":["Iron Wave","Twin Strike","Sever Soul","infinitespire:OneForAll","Swift Strike"],"picked":"Bomb","floor":4.0},{"not_picked":["MostiFishMod:404NotFound","Heavy Blade","AT_IchimonjiDouble","Anger","Sword Boomerang"],"picked":"Secret Technique","floor":5.0},{"not_picked":["Clothesline","AT_ShrugMaster","Headbutt","Iron Wave","MostiFishMod:SupremeArchaeology"],"picked":"MostiFishMod:UltimateDefense","floor":6.0},{"not_picked":["Pummel","Havoc","Fire Breathing","Headbutt","HandOfGreed"],"picked":"Feel No Pain","floor":7.0},{"not_picked":["Heavy Blade","Warcry","Inflame","Clothesline","MostiFishMod:Kaleido"],"picked":"Dark Embrace","floor":8.0},{"not_picked":["True Grit","Anger","Flex","Reckless Charge","Thinking Ahead"],"picked":"Shrug It Off","floor":10.0},{"not_picked":["Searing Blow","AT_IchimonjiDouble","Fire Breathing","Pummel","AT_LightSaberMaster"],"picked":"MostiFishMod:#F4004","floor":12.0},{"not_picked":["Wild Strike","Cleave","Dark Embrace","Shrug It Off","EpicFetus"],"picked":"Pommel Strike","floor":14.0},{"not_picked":["Heavy Blade","Clash","Blood for Blood","Wild Strike","Impatience"],"picked":"MostiFishMod:Mania","floor":15},{"not_picked":["MostiFishMod:Mania","MostiFishMod:ChineseTea","Limit Break","Impervious","BettingIsNotGood"],"picked":"Feed","floor":16},{"not_picked":["Battle Trance","Perfected Strike","Wild Strike+1","Cleave+1","MostiFishMod:MusicBox"],"picked":"Feel No Pain","floor":18},{"not_picked":["Headbutt","Anger","Thunderclap","AT_IchimonjiDouble","Rage"],"picked":"MostiFishMod:Kaleido","floor":19},{"not_picked":["Wild Strike","Combust+1","MostiFishMod:Mania","AT_IchimonjiDouble","Dramatic Entrance"],"picked":"AT_BodySlamDance","floor":23},{"not_picked":["Flex","Wild Strike","Dark Embrace","REME_FearOfPain","REME_ShortnessOfBreath"],"picked":"Shockwave","floor":27},{"not_picked":["Anger","AT_ShrugMaster","Headbutt","Warcry","Pommel Strike"],"picked":"Bomb","floor":28},{"not_picked":["Second Wind","Infernal Blade","Sentinel","Thunderclap","REME_ShortnessOfBreath"],"picked":"True Grit+1","floor":30},{"not_picked":["MostiFishMod:KnuckleDown","Brutality","Exhume","Corruption","MostiFishMod:Chiaki"],"picked":"AT_FalsePromise","floor":33},{"not_picked":["Armaments","True Grit","AT_DiedThrough","Bloodletting","Iron Wave","EpicFetus"],"picked":"SKIP","floor":35},{"not_picked":["infinitespire:OneForAll","Flame Barrier+1","AT_BodySlamDance+1","Body Slam+1","BettingIsNotGood+1"],"picked":"Inflame+1","floor":36},{"not_picked":["Pommel Strike","AT_DrawKnifeCut","Searing Blow","Hemokinesis+1","MostiFishMod:StoryBook"],"picked":"Feel No Pain","floor":37},{"not_picked":["Dual Wield","Second Wind","Headbutt","Perfected Strike","Clash","MostiFishMod:ElfcollectionBox"],"picked":"Singing Bowl","floor":38},{"not_picked":["Blood for Blood","Pommel Strike","Perfected Strike","Dual Wield","Whirlwind","Chrysalis"],"picked":"Singing Bowl","floor":39},{"not_picked":["Ghostly Armor","Spot Weakness","Entrench","REME_Fury","PanicButton"],"picked":"MostiFishMod:RacingGame","floor":40},{"not_picked":["AT_DrawKnifeCut","Clash+1","Ghostly Armor","MostiFishMod:OrdinaryWorld","MostiFishMod:Kaleido"],"picked":"Feel No Pain","floor":44},{"not_picked":["Body Slam+1","Flame Barrier","Blood for Blood+1","Perfected Strike","Trip"],"picked":"Shrug It Off+1","floor":47},{"not_picked":["Twin Strike","Shrug It Off","Reckless Charge+1","Warcry","Carnage+1"],"picked":"Finesse","floor":48},{"not_picked":["Seeing Red","Flex","Pommel Strike+1","AT_GerminateFire","Clash"],"picked":"REME_BodyOfCthun","floor":54}],"player_experience":289230,"relics_obtained":[{"floor":0.0,"key":"infinitespire:Lucky Rock"},{"floor":0.0,"key":"infinitespire:PuzzleCube"},{"floor":1.0,"key":"CeramicFish"},{"floor":1.0,"key":"SynthV:TestCard"},{"floor":3.0,"key":"SatanicBible"},{"floor":4.0,"key":"Mango"},{"floor":5.0,"key":"Centennial Puzzle"},{"floor":6.0,"key":"The Courier"},{"floor":6.0,"key":"REME_HandOfSuture"},{"floor":7.0,"key":"TheBean"},{"floor":8.0,"key":"Dream Catcher"},{"floor":8.0,"key":"REME_PuzzleBoxRelic"},{"floor":10.0,"key":"Happy Flower"},{"floor":10.0,"key":"Matryoshka"},{"floor":12.0,"key":"AT_BellDemon"},{"floor":12.0,"key":"TuHaoJin"},{"floor":14.0,"key":"MealTicket"},{"floor":14.0,"key":"MostiFishMod:Haymaker"},{"floor":16,"key":"AT_SpeedBoots"},{"floor":18,"key":"REME_HourglassOfDeath"},{"floor":18,"key":"Art of War"},{"floor":19,"key":"Lantern"},{"floor":19,"key":"AT_SunfireAegis"},{"floor":23,"key":"Strawberry"},{"floor":23,"key":"Anchor"},{"floor":23,"key":"SynthV:C4"},{"floor":26,"key":"Orichalcum"},{"floor":26,"key":"infinitespire:CheckeredPen"},{"floor":27,"key":"infinitespire:Beetle Shell"},{"floor":27,"key":"D6"},{"floor":27,"key":"Ornamental Fan"},{"floor":28,"key":"infinitespire:Satchel"},{"floor":28,"key":"Bag of Marbles"},{"floor":30,"key":"HowToJump"},{"floor":30,"key":"FossilizedHelix"},{"floor":33,"key":"Vajra"},{"floor":35,"key":"Unceasing Top"},{"floor":35,"key":"AT_BladeRuinedKing"},{"floor":36,"key":"Nunchaku"},{"floor":36,"key":"Pear"},{"floor":37,"key":"AT_SilvercatRing"},{"floor":37,"key":"Paper Frog"},{"floor":38,"key":"Singing Bowl"},{"floor":38,"key":"War Paint"},{"floor":39,"key":"Champion Belt"},{"floor":39,"key":"Potion Belt"},{"floor":39,"key":"Diplopia"},{"floor":40,"key":"SalivaCoin"},{"floor":40,"key":"InkBottle"},{"floor":40,"key":"AT_RedTearstoneRing"},{"floor":43,"key":"Red Skull"},{"floor":43,"key":"AT_ImmortalShieldbow"},{"floor":44,"key":"infinitespire:ShieldingShard"},{"floor":44,"key":"Bronze Scales"},{"floor":44,"key":"Girya"},{"floor":47,"key":"Bottled Lightning"},{"floor":47,"key":"Juzu Bracelet"},{"floor":48,"key":"AT_ChloranthyRing"},{"floor":48,"key":"Pen Nib"},{"floor":48,"key":"Calipers"},{"floor":54,"key":"AT_ForceNature"},{"floor":54,"key":"infinitespire:Bottled Soul"}],"event_choices":[{"damage_healed":0.0,"max_hp_gain":0.0,"max_hp_loss":0.0,"gold_gain":59.0,"event_name":"Golden Wing","player_choice":"Gained Gold","floor":2.0,"gold_loss":0.0,"damage_taken":0.0},{"damage_healed":0,"gold_gain":0,"player_choice":"","damage_taken":6,"max_hp_gain":0,"max_hp_loss":0,"event_name":"Knowing Skull","floor":21,"potions_obtained":[],"gold_loss":0,"cards_obtained":[]},{"damage_healed":0,"gold_gain":0,"player_choice":"Inject Mutagens","damage_taken":0,"relics_obtained":["MutagenicStrength"],"max_hp_gain":0,"max_hp_loss":0,"event_name":"Drug Dealer","floor":25,"gold_loss":0},{"cards_removed":["Strike_R"],"damage_healed":0,"gold_gain":0,"player_choice":"Gave Gold","damage_taken":0,"max_hp_gain":0,"max_hp_loss":0,"event_name":"Beggar","floor":29,"gold_loss":75},{"damage_healed":0,"gold_gain":0,"player_choice":"Fight","damage_taken":0,"max_hp_gain":0,"max_hp_loss":0,"event_name":"Mysterious Sphere","floor":39,"gold_loss":0},{"cards_removed":["Flash of Steel"],"damage_healed":0,"gold_gain":0,"player_choice":"Removed Attack","damage_taken":0,"max_hp_gain":0,"max_hp_loss":0,"event_name":"Falling","floor":41,"gold_loss":0},{"damage_healed":0,"gold_gain":0,"player_choice":"Max HP","damage_taken":0,"max_hp_gain":0,"max_hp_loss":6,"event_name":"Winding Halls","floor":45,"gold_loss":0}],"is_beta":false,"boss_relics":[{"not_picked":["ExusiaiGun","infinitespire:Cupcake"],"picked":"SynthV:MejaisSoulstealer"},{"not_picked":[]},{"not_picked":["Transparent","EE1DDrone"],"picked":"AT_TrinityForce"},{"not_picked":[]}],"items_purged_floors":[34,42,53],"is_endless":false,"potions_floor_spawned":[1,4,5,7,10,16,18,27,38,40,44,48],"ascension_level":12}}