{"host":"qekv59dthhdg54sz","time":1611495447,"event":{"mods":["AchievementEnabler","BaseMod","Colored Map","DeckTracker","KOR Keyword Fix","Minty Spire (QoL Compilation)","Rare Cards Sparkle","StSLib","SuperFastMode"],"gold_per_floor":[118,193,212,212,10,10,10,28,28,28,28,28,61,61,61,137,137,137,137],"floor_reached":18,"language":"KOR","playtime":263,"items_purged":[],"score":537,"play_id":"856d99e2-ec28-490a-bab1-3c2ccf7a3986","local_time":"20210124223727","is_ascension_mode":true,"campfire_choices":[{"data":"Prepared","floor":6.0,"key":"SMITH"},{"data":"Deadly Poison","floor":10.0,"key":"SMITH"},{"floor":15.0,"key":"REST"}],"circlet_count":0,"master_deck":["AscendersBane","Strike_G","Strike_G","Strike_G","Strike_G","Defend_G","Defend_G","Defend_G","Defend_G","Defend_G","Survivor","Neutralize","Deadly Poison+1","Prepared+1","Parasite","Sunder","Genetic Algorithm","Demon Form+1"],"relics":["Ring of the Snake","Mango","PrismaticShard","Bottled Lightning","Frozen Egg 2","SsserpentHead","SacredBark"],"acts_visited":["Exordium","TheCity"],"potions_floor_usage":[16],"damage_taken":[{"damage":1.0,"enemies":"2 Louse","floor":1.0,"turns":4.0},{"damage":4.0,"enemies":"Jaw Worm","floor":3.0,"turns":4.0},{"damage":3.0,"enemies":"Small Slimes","floor":8.0,"turns":5.0},{"damage":42.0,"enemies":"Gremlin Nob","floor":13.0,"turns":5.0},{"damage":33,"enemies":"The Guardian","floor":16,"turns":12},{"damage":0,"enemies":"3 Byrds","floor":18,"turns":2}],"seed_played":"5376378928096169127","potions_obtained":[{"floor":8.0,"key":"EntropicBrew"},{"floor":13.0,"key":"SpeedPotion"}],"is_trial":false,"path_per_floor":["M","?","M","?","$","R","?","M","T","R","?","$","E","?","R","B",null,"M"],"character_chosen":"THE_SILENT","items_purchased":["PrismaticShard","Prepared"],"campfire_rested":1,"item_purchase_floors":[5,5],"current_hp_per_floor":[57,46,42,42,42,42,62,59,59,59,64,64,22,22,47,14,67,67,67],"gold":137,"neow_bonus":"ONE_RARE_RELIC","is_daily":false,"chose_seed":false,"campfire_upgraded":2,"win_rate":0.0,"timestamp":1611495447,"path_taken":["M","?","M","?","$","R","?","M","T","R","?","?","E","?","R","BOSS","M"],"items_purchased_type":["Relic","Card"],"build_version":"2020-12-22","purchased_purges":0,"victory":false,"max_hp_per_floor":[80,80,80,80,80,80,80,80,80,80,85,85,85,85,85,85,85,85,85],"card_choices":[{"not_picked":["Prepared","Flying Knee"],"picked":"Deadly Poison","floor":1.0},{"not_picked":["Endless Agony","Sucker Punch","Outmaneuver"],"picked":"SKIP","floor":3.0},{"not_picked":["Evaluate","Leg Sweep"],"picked":"Sunder","floor":8.0},{"not_picked":["Pummel","Beam Cell"],"picked":"Genetic Algorithm","floor":13.0},{"not_picked":["Judgement","Secret Weapon"],"picked":"Demon Form+1","floor":16}],"player_experience":820567,"relics_obtained":[{"floor":9.0,"key":"Bottled Lightning"},{"floor":13.0,"key":"Frozen Egg 2"}],"event_choices":[{"damage_healed":0.0,"max_hp_gain":0.0,"max_hp_loss":0.0,"gold_gain":75.0,"event_name":"World of Goop","player_choice":"Gather Gold","floor":2.0,"gold_loss":0.0,"damage_taken":11.0},{"cards_removed":["Strike_G"],"damage_healed":0.0,"max_hp_gain":0.0,"max_hp_loss":0.0,"gold_gain":0.0,"event_name":"Living Wall","player_choice":"Forget","floor":4.0,"gold_loss":0.0,"damage_taken":0.0},{"damage_healed":20.0,"max_hp_gain":0.0,"max_hp_loss":0.0,"gold_gain":0.0,"event_name":"Mushrooms","player_choice":"Healed and dodged fight","floor":7.0,"gold_loss":0.0,"damage_taken":0.0,"cards_obtained":["Parasite"]},{"damage_healed":0.0,"max_hp_gain":5.0,"max_hp_loss":0.0,"gold_gain":0.0,"event_name":"Big Fish","player_choice":"Donut","floor":11.0,"gold_loss":0.0,"damage_taken":0.0},{"damage_healed":0.0,"max_hp_gain":0.0,"max_hp_loss":0.0,"gold_gain":0.0,"event_name":"FaceTrader","player_choice":"Trade","floor":14.0,"gold_loss":0.0,"damage_taken":0.0,"relics_obtained":["SsserpentHead"]}],"is_beta":false,"boss_relics":[{"not_picked":["Ring of the Serpent","Busted Crown"],"picked":"SacredBark"}],"items_purged_floors":[],"is_endless":false,"potions_floor_spawned":[8,13],"killed_by":"3 Byrds","ascension_level":20}}