{"host":"uv5ws9rdk87e8i5k","time":1611468147,"event":{"mods":["AchievementEnabler","BaseMod","Colored Map","Minty Spire (QoL Compilation)","StSLib","SuperFastMode"],"gold_per_floor":[109,120,135,148,159,159,234,266,289,289,300,326,291,291,291,291,291],"floor_reached":16,"language":"ENG","playtime":270,"items_purged":[],"score":178,"play_id":"dcfe1c9e-e114-42af-afac-8ad60426e537","local_time":"20210124000227","is_ascension_mode":true,"campfire_choices":[{"data":"Perfected Strike","floor":6,"key":"SMITH"},{"data":"Wild Strike","floor":10,"key":"SMITH"},{"floor":15,"key":"REST"}],"circlet_count":0,"master_deck":["Strike_R","Strike_R","Strike_R","Strike_R","Strike_R","Defend_R","Defend_R","Defend_R","Defend_R","Bash","Thunderclap","Perfected Strike+1","Twin Strike","Anger","Rage","Wild Strike+1","Whirlwind","Battle Trance"],"relics":["SlaversCollar","Gremlin Horn","Strawberry","Omamori"],"acts_visited":["Exordium"],"potions_floor_usage":[8,8,12,16],"damage_taken":[{"damage":11,"enemies":"2 Louse","floor":1,"turns":2},{"damage":7,"enemies":"Jaw Worm","floor":2,"turns":3},{"damage":0,"enemies":"Cultist","floor":3,"turns":2},{"damage":14,"enemies":"Exordium Wildlife","floor":4,"turns":4},{"damage":10,"enemies":"Lots of Slimes","floor":5,"turns":3},{"damage":0,"enemies":"3 Sentries","floor":8,"turns":3},{"damage":0,"enemies":"3 Louse","floor":11,"turns":1},{"damage":20,"enemies":"Lagavulin","floor":12,"turns":3},{"damage":54,"enemies":"The Guardian","floor":16,"turns":9}],"seed_played":"-2595881810072128237","potions_obtained":[{"floor":2,"key":"BlessingOfTheForge"},{"floor":4,"key":"SteroidPotion"},{"floor":5,"key":"Explosive Potion"},{"floor":11,"key":"GamblersBrew"}],"is_trial":false,"path_per_floor":["M","M","M","M","M","R","?","E","T","R","M","E","?","?","R","B"],"character_chosen":"IRONCLAD","items_purchased":[],"campfire_rested":1,"item_purchase_floors":[],"current_hp_per_floor":[61,54,54,40,30,30,19,19,26,26,26,6,27,27,53,0,0],"gold":291,"neow_bonus":"BOSS_RELIC","is_daily":false,"chose_seed":false,"campfire_upgraded":2,"win_rate":0.0,"timestamp":1611468147,"path_taken":["M","M","M","M","M","R","?","E","T","R","M","E","?","?","R","BOSS"],"items_purchased_type":[],"build_version":"2020-12-22","purchased_purges":0,"victory":false,"max_hp_per_floor":[80,80,80,80,80,80,80,80,87,87,87,87,87,87,87,87,87],"card_choices":[{"not_picked":["Seeing Red","Evolve"],"picked":"Thunderclap","floor":1},{"not_picked":["Thunderclap","Sever Soul"],"picked":"Perfected Strike","floor":2},{"not_picked":["Infernal Blade","Flame Barrier"],"picked":"Twin Strike","floor":3},{"not_picked":["Armaments","Metallicize"],"picked":"Anger","floor":4},{"not_picked":["Seeing Red","Anger"],"picked":"Rage","floor":5},{"not_picked":["Flex","Body Slam"],"picked":"Wild Strike","floor":8},{"not_picked":["Shrug It Off","Clothesline"],"picked":"Whirlwind","floor":11},{"not_picked":["Feel No Pain","Cleave"],"picked":"Battle Trance","floor":12}],"player_experience":222885,"relics_obtained":[{"floor":8,"key":"Gremlin Horn"},{"floor":9,"key":"Strawberry"},{"floor":12,"key":"Omamori"}],"event_choices":[{"damage_healed":0,"gold_gain":75,"player_choice":"Gather Gold","damage_taken":11,"max_hp_gain":0,"max_hp_loss":0,"event_name":"World of Goop","floor":7,"gold_loss":0},{"damage_healed":21,"gold_gain":0,"player_choice":"Healed","damage_taken":0,"max_hp_gain":0,"max_hp_loss":0,"event_name":"The Cleric","floor":13,"gold_loss":35},{"damage_healed":0,"gold_gain":0,"player_choice":"Ignored","damage_taken":0,"max_hp_gain":0,"max_hp_loss":0,"event_name":"Liars Game","floor":14,"gold_loss":0}],"is_beta":false,"boss_relics":[],"items_purged_floors":[],"is_endless":false,"potions_floor_spawned":[2,4,5,11],"killed_by":"The Guardian","ascension_level":6}}