{"host":"mnqy5xd9fdi0p1ot","time":1611451821,"event":{"mods":["BaseMod","Better Third Choice","Conspire","Dota2Spire","Downfall","Hubris","Minty Spire (QoL Compilation)","Spicy Shops","StSLib","??????REMEMod"],"gold_per_floor":[99,274,274,285,345,377,377,389,389,401,39,70,86,121,139,243,243,243,258,269,269,5,5,5,82,114,132,148,181,81,96,111,212,212,12,29,48,48,64,64,64,89,101,134,160,160,160,194,208,208,208,238,16,16,16,16],"floor_reached":57,"language":"ENG","playtime":2493,"items_purged":["Normality"],"score":1890,"play_id":"79a9fe8e-b0f0-47a5-85bc-8e64b9fb158f","local_time":"20210124083021","is_ascension_mode":true,"campfire_choices":[{"data":"bronze:Replicate","floor":1.0,"key":"SMITH"},{"data":"bronze:Library","floor":9.0,"key":"SMITH"},{"floor":18.0,"key":"RECALL"},{"data":"bronze:InfiniteBeams","floor":23.0,"key":"SMITH"},{"data":"bronze:InfiniteLoop","floor":30.0,"key":"SMITH"},{"data":"bronze:HardenedForm","floor":35,"key":"SMITH"},{"data":"bronze:Goto","floor":47,"key":"SMITH"},{"data":"bronze:Separator","floor":54,"key":"SMITH"}],"circlet_count":0,"master_deck":["conspire:GhostlyStrike","conspire:GhostlyStrike","conspire:GhostlyStrike","conspire:GhostlyStrike","conspire:GhostlyDefend","conspire:GhostlyDefend","conspire:GhostlyDefend","conspire:GhostlyDefend","bronze:Replicate+1","bronze:Goto+1","expansioncontent:QuickStudy+1","Doubt","bronze:DigitalCarnage","bronze:Library+1","bronze:InfiniteBeams+1","bronze:InfiniteLoop+1","bronze:Repair","bronze:Branch","bronze:Separator+1","bronze:BronzeOrb","bronze:Branch","bronze:Verify","bronze:ForceShield+1","bronze:InfiniteBeams+1","bronze:DelayedGuard+1","bronze:DelayedGuard+1","bronze:Flail+1","bronze:HardenedForm+1","bronze:Safeguard+1","bronze:Iterate+1","bronze:Branch+1","bronze:ItsAFeature","bronze:Separator+1","bronze:InfiniteBeams+1","bronze:DelayedGuard+1","bronze:SpaghettiCode","bronze:DigitalCarnage"],"relics":["bronze:BronzeCore","REME_ComplimentaryCards","conspire:GiftBox","hubris:OldNail","Dota2Spire:EtherealBlade","Dota2Spire:BladeMail","REME_PuzzleBoxRelic","Tiny Chest","Dota2Spire:DrumOfEndurance","InkBottle","hubris:GrandSneckoEye","conspire:BottledYoYo","hubris:ToyBattleship","REME_HandOfSuture","downfall:HeartBlessingRed","Dota2Spire:AghanimScepter","White Beast Statue","Dota2Spire:MagicBottle","hubris:BlackHole","downfall:HeartBlessingBlue","downfall:HeartBlessingGreen","Kunai","Dota2Spire:ShivaGuard","Dota2Spire:MonkeyKingBar","Dota2Spire:MantaStyle","Bronze Scales","Centennial Puzzle","bronze:SilverBullet","Pen Nib"],"acts_visited":["Exordium","TheCity","TheBeyond","TheEnding"],"potions_floor_usage":[56,56,56],"damage_taken":[{"damage":3.0,"enemies":"2 Louse","floor":4.0,"turns":3.0},{"damage":35.0,"enemies":"Lagavulin Event","floor":5.0,"turns":5.0},{"damage":0.0,"enemies":"Lagavulin","floor":6.0,"turns":4.0},{"damage":0.0,"enemies":"Jaw Worm","floor":8.0,"turns":2.0},{"damage":0.0,"enemies":"Cultist","floor":10.0,"turns":3.0},{"damage":0.0,"enemies":"downfall:FleeingMerchant","floor":11.0,"turns":4.0},{"damage":10.0,"enemies":"Gremlin Nob","floor":12.0,"turns":3.0},{"damage":1.0,"enemies":"3 Louse","floor":13.0,"turns":2.0},{"damage":3.0,"enemies":"Lagavulin","floor":14.0,"turns":4.0},{"damage":0.0,"enemies":"Exordium Thugs","floor":15.0,"turns":3.0},{"damage":9.0,"enemies":"WA_ARCHETYPE_RETAIN","floor":16.0,"turns":4.0},{"damage":3.0,"enemies":"Spheric Guardian","floor":19.0,"turns":3.0},{"damage":13.0,"enemies":"Centurion and Healer","floor":20.0,"turns":4.0},{"damage":0.0,"enemies":"downfall:FleeingMerchant","floor":22.0,"turns":4.0},{"damage":0.0,"enemies":"downfall:FleeingMerchant","floor":25.0,"turns":1.0},{"damage":6.0,"enemies":"conspire:Head Lice","floor":26.0,"turns":4.0},{"damage":0.0,"enemies":"Sentry and Sphere","floor":27.0,"turns":4.0},{"damage":0.0,"enemies":"Snecko","floor":28.0,"turns":2.0},{"damage":8.0,"enemies":"Book of Stabbing","floor":29.0,"turns":3.0},{"damage":13.0,"enemies":"Shelled Parasite and Fungi","floor":31.0,"turns":3.0},{"damage":0,"enemies":"Shelled Parasite and Fungi","floor":32,"turns":2},{"damage":13,"enemies":"IC_MUSHROOM_ARCHETYPE","floor":33,"turns":5},{"damage":0,"enemies":"3 Shapes","floor":36,"turns":1},{"damage":0,"enemies":"Orb Walker","floor":37,"turns":3},{"damage":0,"enemies":"3 Darklings","floor":39,"turns":2},{"damage":0,"enemies":"Giant Head","floor":42,"turns":5},{"damage":0,"enemies":"Writhing Mass","floor":43,"turns":3},{"damage":15,"enemies":"Reptomancer","floor":44,"turns":2},{"damage":0,"enemies":"conspire:MimicChest","floor":45,"turns":2},{"damage":0,"enemies":"Nemesis","floor":48,"turns":3},{"damage":0,"enemies":"Spire Growth","floor":49,"turns":1},{"damage":2,"enemies":"DF_ARCHETYPE_ORBS","floor":50,"turns":4},{"damage":0,"enemies":"downfall:CharBossMerchant","floor":52,"turns":3},{"damage":0,"enemies":"downfall:NeowBoss","floor":55,"turns":6},{"damage":0,"enemies":"downfall:NeowBossFinal","floor":56,"turns":4}],"seed_played":"7138285297549640774","potions_obtained":[{"floor":8.0,"key":"SmokeBomb"},{"floor":10.0,"key":"Dota2Spire:HealingSalve"},{"floor":12.0,"key":"ColorlessPotion"},{"floor":14.0,"key":"SpeedPotion"},{"floor":15.0,"key":"PowerPotion"},{"floor":20.0,"key":"BlessingOfTheForge"},{"floor":21.0,"key":"Dota2Spire:HealingSalve"},{"floor":21.0,"key":"bronze:BuildAFunctionPotion"},{"floor":21.0,"key":"EssenceOfSteel"},{"floor":28.0,"key":"LiquidMemories"},{"floor":31,"key":"CultistPotion"},{"floor":42,"key":"bronze:BurnAndBuffPotion"},{"floor":44,"key":"Slimebound:ThreeZeroPotion"},{"floor":48,"key":"ColorlessPotion"},{"floor":49,"key":"bronze:BuildAFunctionPotion"}],"is_trial":false,"path_per_floor":["R","?","?","M","?","E","T","M","R","M","$","E","M","E","M","B",null,"R","M","M","?","$","R","T","$","E","M","M","E","R","M","M","B",null,"R","M","M","$","M","?","T","E","M","E","?","?","R","E","M","B",null,"E","$","R","B","B",null],"character_chosen":"THE_AUTOMATON","items_purchased":["Dota2Spire:BladeMail","REME_PuzzleBoxRelic","Tiny Chest","Dota2Spire:AghanimScepter","conspire:BottledYoYo","bronze:SilverBullet","Pen Nib"],"campfire_rested":0,"item_purchase_floors":[11,11,11,22,25,53,53],"current_hp_per_floor":[70,70,70,67,32,32,32,32,32,39,58,56,55,59,59,57,68,68,65,58,58,58,58,58,58,59,66,66,58,58,45,52,55,67,77,81,81,81,81,81,81,81,81,81,81,81,81,81,81,81,81,81,81,81,81,81],"gold":16,"neow_bonus":"UPGRADE_CARD","is_daily":false,"chose_seed":false,"campfire_upgraded":7,"win_rate":0.0,"timestamp":1611451821,"path_taken":["R","?","?","M","?","E","T","M","R","M","?","E","M","E","M","BOSS","R","M","M","?","$","R","T","?","E","M","M","E","R","?","M","BOSS","R","M","M","$","M","?","T","E","M","E","?","?","R","E","M","BOSS","E","$","R","BOSS","BOSS"],"items_purchased_type":["Relic","Relic","Relic","Relic","Relic","Relic","Relic"],"build_version":"2020-12-22","purchased_purges":1,"victory":true,"max_hp_per_floor":[70,70,70,70,70,70,70,70,70,70,70,71,71,71,71,71,71,71,71,71,71,71,71,71,71,71,71,71,71,71,71,71,71,71,81,81,81,81,81,81,81,81,81,81,81,81,81,81,81,81,81,81,81,81,81,81],"card_choices":[{"not_picked":["bronze:DelayedSlice","bronze:DelayedGuard"],"picked":"bronze:DigitalCarnage","floor":4.0},{"not_picked":["bronze:BurnOut","bronze:Assembly"],"picked":"bronze:Library","floor":5.0},{"not_picked":["bronze:CloningBeam","bronze:Deprecate"],"picked":"bronze:InfiniteBeams","floor":5.0},{"not_picked":["bronze:Frontload","bronze:Repulsor"],"picked":"bronze:InfiniteLoop","floor":6.0},{"not_picked":["bronze:BugBarrage","bronze:Overheat"],"picked":"bronze:Repair","floor":8.0},{"not_picked":["bronze:Backtrace","bronze:Repulsor"],"picked":"bronze:Branch","floor":10.0},{"not_picked":["bronze:Constructor","bronze:OilSpill","bronze:BitShift"],"picked":"SKIP","floor":11.0},{"not_picked":["bronze:Overheat","bronze:CloningBeam"],"picked":"bronze:Separator","floor":12.0},{"not_picked":["bronze:ChildClass","bronze:GetLatest"],"picked":"bronze:BronzeOrb","floor":13.0},{"not_picked":["bronze:OilSpill","bronze:ChosenStrike"],"picked":"bronze:Branch","floor":14.0},{"not_picked":["bronze:OilSpill","bronze:Constructor","bronze:BitShift"],"picked":"SKIP","floor":15.0},{"not_picked":["bronze:InfiniteLoop","bronze:RecursiveStrike"],"picked":"bronze:Verify","floor":16.0},{"not_picked":["bronze:Separator","bronze:Overheat","bronze:FineTuning+1"],"picked":"SKIP","floor":19.0},{"not_picked":["bronze:ItsAFeature","bronze:ForLoop"],"picked":"bronze:ForceShield+1","floor":20.0},{"not_picked":["bronze:CleanCode","bronze:ForceShield"],"picked":"bronze:InfiniteBeams+1","floor":22.0},{"not_picked":["bronze:OilSpill","bronze:Deprecate","bronze:Branch"],"picked":"SKIP","floor":25.0},{"not_picked":["bronze:Hardcode","bronze:Overheat+1"],"picked":"bronze:DelayedGuard+1","floor":26.0},{"not_picked":["bronze:Deprecate","bronze:DelayedSlice","bronze:Return"],"picked":"SKIP","floor":27.0},{"not_picked":["bronze:ForLoop","bronze:Hardcode"],"picked":"bronze:DelayedGuard+1","floor":28.0},{"not_picked":["bronze:WhirlingStrike","bronze:DelayedSlice","bronze:DelayedGuard+1"],"picked":"SKIP","floor":29.0},{"not_picked":["bronze:BronzeArmor","bronze:FineTuning"],"picked":"bronze:Flail+1","floor":32},{"not_picked":["bronze:AlphaBuild","bronze:FindAndReplace"],"picked":"bronze:HardenedForm","floor":33},{"not_picked":["bronze:Invalidate","bronze:BitShift+1"],"picked":"bronze:Safeguard+1","floor":36},{"not_picked":["bronze:DelayedSlice","bronze:BronzeOrb+1"],"picked":"bronze:Iterate+1","floor":37},{"not_picked":["bronze:ForLoop","bronze:WhirlingStrike+1"],"picked":"bronze:Branch+1","floor":39},{"not_picked":["bronze:CleanCode","bronze:FineTuning+1","bronze:Invalidate+1"],"picked":"SKIP","floor":42},{"not_picked":["bronze:BuggyMess","bronze:OilSpill"],"picked":"bronze:ItsAFeature","floor":43},{"not_picked":["bronze:Constructor+1","bronze:Frontload"],"picked":"bronze:Separator+1","floor":44},{"not_picked":["bronze:CloningBeam","bronze:Turbo"],"picked":"bronze:InfiniteBeams","floor":45},{"not_picked":["bronze:Refactor+1","bronze:WhirlingStrike+1"],"picked":"bronze:DelayedGuard+1","floor":48},{"not_picked":["bronze:WildBeam","bronze:Overheat+1"],"picked":"bronze:SpaghettiCode","floor":49},{"not_picked":["bronze:HyperBeam","bronze:Turbo+1"],"picked":"bronze:DigitalCarnage","floor":52}],"player_experience":554395,"relics_obtained":[{"floor":5.0,"key":"conspire:GiftBox"},{"floor":6.0,"key":"hubris:OldNail"},{"floor":7.0,"key":"Dota2Spire:EtherealBlade"},{"floor":12.0,"key":"Dota2Spire:DrumOfEndurance"},{"floor":14.0,"key":"InkBottle"},{"floor":26.0,"key":"hubris:ToyBattleship"},{"floor":29.0,"key":"REME_HandOfSuture"},{"floor":31,"key":"Dota2Spire:AghanimScepter"},{"floor":31,"key":"White Beast Statue"},{"floor":31,"key":"Dota2Spire:MagicBottle"},{"floor":41,"key":"Kunai"},{"floor":42,"key":"Dota2Spire:ShivaGuard"},{"floor":44,"key":"Dota2Spire:MonkeyKingBar"},{"floor":45,"key":"Dota2Spire:MantaStyle"},{"floor":48,"key":"Bronze Scales"},{"floor":52,"key":"Centennial Puzzle"}],"event_choices":[{"damage_healed":0.0,"max_hp_gain":0.0,"max_hp_loss":0.0,"gold_gain":0.0,"event_name":"conspire:LoneGhost","player_choice":"Agree","floor":3.0,"gold_loss":0.0,"damage_taken":0.0},{"damage_healed":0.0,"max_hp_gain":0.0,"max_hp_loss":0.0,"gold_gain":0.0,"event_name":"Lab","player_choice":"Got Potions","floor":21.0,"gold_loss":0.0,"damage_taken":0.0},{"damage_healed":0,"gold_gain":0,"player_choice":"Leave","damage_taken":0,"max_hp_gain":0,"max_hp_loss":0,"event_name":"conspire:Investor","floor":40,"gold_loss":0}],"is_beta":false,"boss_relics":[{"not_picked":["Coffee Dripper","Calling Bell"],"picked":"hubris:GrandSneckoEye"},{"not_picked":["Philosopher\u0027s Stone","conspire:RoyalGoblet"],"picked":"hubris:BlackHole"}],"items_purged_floors":[11],"is_endless":false,"potions_floor_spawned":[8,10,12,14,15,19,20,28,29,31,33,36,37,39,42,43,44,45,48,49,52],"ascension_level":5}}