{"host":"v3mpq6flurzldi5g","time":1611453030,"event":{"mods":["AchievementEnabler","BaseMod","Colored Powertips","Highlight Path","Minty Spire (QoL Compilation)","StSLib"],"gold_per_floor":[112,112,123,138,151,151,169,185,185,200,200,230,247,20,20,20,20],"floor_reached":16,"language":"ENG","playtime":670,"items_purged":["Strike_B"],"score":149,"play_id":"07fb64e1-e155-4c50-9f8e-a9ebb22d3c89","local_time":"20210123205030","is_ascension_mode":true,"campfire_choices":[{"floor":6.0,"key":"REST"},{"floor":11.0,"key":"REST"},{"floor":15,"key":"REST"}],"circlet_count":0,"master_deck":["AscendersBane","Strike_B","Strike_B","Strike_B","Defend_B+1","Defend_B","Defend_B","Defend_B","Zap","Dualcast","Lockon","Leap","Auto Shields","Redo"],"relics":["Cracked Core","Nunchaku","Odd Mushroom","Bronze Scales"],"acts_visited":["Exordium"],"potions_floor_usage":[],"damage_taken":[{"damage":2.0,"enemies":"2 Louse","floor":1.0,"turns":3.0},{"damage":5.0,"enemies":"Small Slimes","floor":3.0,"turns":3.0},{"damage":6.0,"enemies":"Jaw Worm","floor":4.0,"turns":4.0},{"damage":9.0,"enemies":"Exordium Thugs","floor":5.0,"turns":6.0},{"damage":22.0,"enemies":"Large Slime","floor":7.0,"turns":6.0},{"damage":20.0,"enemies":"Exordium Wildlife","floor":8.0,"turns":6.0},{"damage":6.0,"enemies":"Looter","floor":10.0,"turns":3.0},{"damage":23.0,"enemies":"The Mushroom Lair","floor":12.0,"turns":6.0},{"damage":10,"enemies":"Exordium Thugs","floor":13,"turns":5},{"damage":61,"enemies":"Hexaghost","floor":16,"turns":9}],"seed_played":"-2338337432695546703","potions_obtained":[{"floor":1.0,"key":"CultistPotion"},{"floor":4.0,"key":"Regen Potion"},{"floor":12.0,"key":"LiquidBronze"}],"is_trial":false,"path_per_floor":["M","?","M","M","M","R","M","M","T","M","R","?","M","$","R","B"],"character_chosen":"DEFECT","items_purchased":["Bronze Scales"],"campfire_rested":3,"item_purchase_floors":[14],"current_hp_per_floor":[66,71,66,60,51,75,53,33,33,27,51,43,33,33,57,0,0],"gold":20,"neow_bonus":"UPGRADE_CARD","is_daily":false,"chose_seed":false,"campfire_upgraded":0,"win_rate":0.0,"timestamp":1611453030,"path_taken":["M","?","M","M","M","R","M","M","T","M","R","?","M","$","R","BOSS"],"items_purchased_type":["Relic"],"build_version":"2020-12-22","purchased_purges":1,"victory":false,"max_hp_per_floor":[75,80,80,80,80,80,80,80,80,80,80,80,80,80,80,80,80],"card_choices":[{"not_picked":["Steam Power","Darkness","Stack"],"picked":"SKIP","floor":1.0},{"not_picked":["Rebound","Melter"],"picked":"Lockon","floor":3.0},{"not_picked":["Force Field","Ball Lightning"],"picked":"Leap","floor":4.0},{"not_picked":["Leap","Recycle","Double Energy"],"picked":"SKIP","floor":5.0},{"not_picked":["Streamline","Melter","Go for the Eyes"],"picked":"SKIP","floor":7.0},{"not_picked":["Hologram","Cold Snap","Beam Cell"],"picked":"SKIP","floor":8.0},{"not_picked":["Rip and Tear","Steam"],"picked":"Auto Shields","floor":10.0},{"not_picked":["Biased Cognition","Go for the Eyes"],"picked":"Redo","floor":12.0},{"not_picked":["Leap","Lockon","Barrage"],"picked":"SKIP","floor":13}],"player_experience":1022171,"relics_obtained":[{"floor":9.0,"key":"Nunchaku"},{"floor":12.0,"key":"Odd Mushroom"}],"event_choices":[{"damage_healed":0.0,"max_hp_gain":5.0,"max_hp_loss":0.0,"gold_gain":0.0,"event_name":"Big Fish","player_choice":"Donut","floor":2.0,"gold_loss":0.0,"damage_taken":0.0},{"damage_healed":0.0,"max_hp_gain":0.0,"max_hp_loss":0.0,"gold_gain":0.0,"event_name":"Mushrooms","player_choice":"Fought Mushrooms","floor":12.0,"gold_loss":0.0,"damage_taken":0.0}],"is_beta":false,"boss_relics":[],"items_purged_floors":[14],"is_endless":false,"potions_floor_spawned":[1,4,10,12],"killed_by":"Hexaghost","ascension_level":11}}