{"host":"ga4s3hj9m6nkn6gp","time":1611516895,"event":{"mods":["AchievementEnabler","BaseMod","Bestiary","Colored Powertips","Highlight Path","Minty Spire (QoL Compilation)","Relic Stats","everything is the same but u backflip on backflip"],"gold_per_floor":[13,25,25,44,54,54,81,94,164,176,176,256,256,290,290,363,363,377,377,395,395,310,310,152,170,170,170,95,95,95],"floor_reached":29,"language":"ENG","playtime":1287,"items_purged":["Strike_G"],"score":466,"play_id":"cc248ddb-42c0-4c7b-854b-c2105e668cd7","local_time":"20210124203455","is_ascension_mode":true,"campfire_choices":[{"data":"Noxious Fumes","floor":6,"key":"SMITH"},{"data":"Bane","floor":11,"key":"SMITH"},{"floor":13,"key":"REST"},{"data":"Unload","floor":15,"key":"SMITH"},{"data":"Catalyst","floor":23,"key":"SMITH"},{"data":"Crippling Poison","floor":27,"key":"SMITH"}],"circlet_count":0,"master_deck":["AscendersBane","Strike_G","Strike_G","Defend_G","Defend_G","Defend_G","Defend_G","Defend_G","Survivor","Neutralize","Blade Dance","Quick Slash","Noxious Fumes+1","Acrobatics","Unload+1","Bane+1","Venomology","Crippling Poison+1","Catalyst+1","Well Laid Plans"],"relics":["Ring of the Snake","Turnip","MealTicket","Gremlin Horn","The Specimen","Coffee Dripper","Tiny Chest","Kunai"],"acts_visited":["Exordium","TheCity"],"potions_floor_usage":[7,14,16,16,16,16,16,20,20],"damage_taken":[{"damage":0,"enemies":"Small Slimes","floor":1,"turns":4},{"damage":0,"enemies":"Jaw Worm","floor":2,"turns":3},{"damage":2,"enemies":"2 Louse","floor":4,"turns":2},{"damage":20,"enemies":"Looter","floor":5,"turns":4},{"damage":11,"enemies":"3 Sentries","floor":7,"turns":8},{"damage":6,"enemies":"Exordium Thugs","floor":8,"turns":3},{"damage":6,"enemies":"3 Louse","floor":10,"turns":3},{"damage":8,"enemies":"Gremlin Nob","floor":14,"turns":3},{"damage":18,"enemies":"Slime Boss","floor":16,"turns":5},{"damage":18,"enemies":"Spheric Guardian","floor":18,"turns":6},{"damage":15,"enemies":"3 Byrds","floor":20,"turns":4},{"damage":26,"enemies":"Snake Plant","floor":25,"turns":5},{"damage":8,"enemies":"Centurion and Healer","floor":29,"turns":2}],"seed_played":"-3489866959400899979","potions_obtained":[{"floor":1,"key":"Swift Potion"},{"floor":5,"key":"EntropicBrew"},{"floor":8,"key":"Strength Potion"},{"floor":14,"key":"SkillPotion"},{"floor":16,"key":"SkillPotion"},{"floor":25,"key":"DistilledChaos"}],"is_trial":false,"path_per_floor":["M","M","?","M","M","R","E","M","T","M","R","?","R","E","R","B",null,"M","?","M","?","?","R","$","M","T","R","?","M"],"character_chosen":"THE_SILENT","items_purchased":["Well Laid Plans"],"campfire_rested":1,"item_purchase_floors":[24],"current_hp_per_floor":[59,59,59,57,37,37,26,20,20,14,14,14,33,25,25,7,51,33,33,18,18,18,18,33,7,7,7,7,0,0],"gold":95,"neow_bonus":"ONE_RARE_RELIC","is_daily":false,"chose_seed":false,"campfire_upgraded":5,"win_rate":0.0,"timestamp":1611516895,"path_taken":["M","M","?","M","M","R","E","M","T","M","R","?","R","E","R","BOSS","M","?","M","?","?","R","$","?","T","R","?","M"],"items_purchased_type":["Card"],"build_version":"2020-12-22","purchased_purges":1,"victory":false,"max_hp_per_floor":[66,66,66,66,66,66,66,66,66,66,66,66,66,66,66,66,66,66,66,66,66,66,66,66,66,66,66,66,66,66],"relic_stats":{"Gremlin Horn":[5,5],"counters":[13,52],"MealTicket":15,"Tiny Chest":0,"Turnip":[10],"Kunai":[2],"obtain_stats":[{"Gremlin Horn":9,"The Specimen":14,"MealTicket":7,"Tiny Chest":22,"Turnip":0,"Coffee Dripper":17,"Kunai":26,"Ring of the Snake":0},{"Gremlin Horn":6,"The Specimen":8,"MealTicket":5,"Tiny Chest":11,"Turnip":0,"Coffee Dripper":9,"Kunai":12,"Ring of the Snake":0},{"Gremlin Horn":24,"The Specimen":30,"MealTicket":21,"Tiny Chest":45,"Turnip":0,"Coffee Dripper":35,"Kunai":50,"Ring of the Snake":0}],"Ring of the Snake":[26]},"card_choices":[{"not_picked":["Escape Plan","Slice"],"picked":"Blade Dance","floor":1},{"not_picked":["Setup","Prepared"],"picked":"Quick Slash","floor":2},{"not_picked":["Dodge and Roll","Prepared"],"picked":"Acrobatics","floor":4},{"not_picked":["Prepared","Acrobatics","Outmaneuver"],"picked":"SKIP","floor":5},{"not_picked":["Blur","Acrobatics"],"picked":"Unload","floor":7},{"not_picked":["Sucker Punch","Flying Knee"],"picked":"Bane","floor":8},{"not_picked":["Slice","Masterful Stab"],"picked":"Venomology","floor":10},{"not_picked":["Deadly Poison","Backflip","Cloak And Dagger"],"picked":"SKIP","floor":14},{"not_picked":["Quick Slash","Dagger Spray"],"picked":"Crippling Poison","floor":18},{"not_picked":["Quick Slash","Infinite Blades","Prepared"],"picked":"SKIP","floor":20},{"not_picked":["Bane","Sucker Punch","Distraction"],"picked":"SKIP","floor":25}],"player_experience":680011,"relics_obtained":[{"floor":7,"key":"MealTicket"},{"floor":9,"key":"Gremlin Horn"},{"floor":14,"key":"The Specimen"},{"floor":26,"key":"Kunai"}],"event_choices":[{"damage_healed":0,"gold_gain":0,"cards_transformed":["Strike_G"],"player_choice":"Change","damage_taken":0,"max_hp_gain":0,"max_hp_loss":0,"event_name":"Living Wall","floor":3,"gold_loss":0,"cards_obtained":["Noxious Fumes"]},{"damage_healed":0,"gold_gain":80,"player_choice":"Gained Gold","damage_taken":0,"max_hp_gain":0,"max_hp_loss":0,"event_name":"Golden Wing","floor":12,"gold_loss":0},{"damage_healed":0,"gold_gain":0,"player_choice":"Read","damage_taken":0,"max_hp_gain":0,"max_hp_loss":0,"event_name":"The Library","floor":19,"gold_loss":0,"cards_obtained":["Catalyst"]},{"damage_healed":0,"gold_gain":0,"player_choice":"Ignored","damage_taken":0,"max_hp_gain":0,"max_hp_loss":0,"event_name":"Cursed Tome","floor":21,"gold_loss":0},{"damage_healed":0,"gold_gain":0,"player_choice":"Obtained Relic","damage_taken":0,"relics_obtained":["Tiny Chest"],"max_hp_gain":0,"max_hp_loss":0,"event_name":"Addict","floor":22,"gold_loss":85},{"cards_removed":["Strike_G"],"damage_healed":0,"gold_gain":0,"player_choice":"Gave Gold","damage_taken":0,"max_hp_gain":0,"max_hp_loss":0,"event_name":"Beggar","floor":28,"gold_loss":75}],"is_beta":false,"boss_relics":[{"not_picked":["Runic Pyramid","Pandora\u0027s Box"],"picked":"Coffee Dripper"}],"items_purged_floors":[24],"is_endless":false,"potions_floor_spawned":[1,5,8,14,16,25],"killed_by":"Centurion and Healer","ascension_level":20}}