{"host":"ga4s3hj9m6nkn6gp","time":1611518897,"event":{"mods":["AchievementEnabler","BaseMod","Bestiary","Colored Powertips","Highlight Path","Minty Spire (QoL Compilation)","Relic Stats","everything is the same but u backflip on backflip"],"gold_per_floor":[116,116,116,132,143,143,158,158,158,177,202,202,31,59,59,59,59],"floor_reached":16,"language":"ENG","playtime":627,"items_purged":[],"score":223,"play_id":"804db555-182d-4968-999f-e83a6d8cc642","local_time":"20210124210817","is_ascension_mode":true,"campfire_choices":[{"data":"Scrape","floor":6,"key":"SMITH"},{"floor":8,"key":"REST"},{"floor":12,"key":"REST"},{"data":"Go for the Eyes","floor":15,"key":"SMITH"}],"circlet_count":0,"master_deck":["AscendersBane","Strike_B","Strike_B","Strike_B","Defend_B","Defend_B","Defend_B","Zap","Gash","Scrape+1","Go for the Eyes+1","Go for the Eyes","Auto Shields","Gash"],"relics":["Empty Cage","HornCleat","Bottled Flame","Membership Card","Orichalcum"],"acts_visited":["Exordium"],"potions_floor_usage":[11,14],"damage_taken":[{"damage":7,"enemies":"Jaw Worm","floor":1,"turns":4},{"damage":2,"enemies":"2 Louse","floor":4,"turns":4},{"damage":11,"enemies":"Small Slimes","floor":5,"turns":4},{"damage":28,"enemies":"Exordium Thugs","floor":7,"turns":4},{"damage":14,"enemies":"3 Louse","floor":10,"turns":3},{"damage":15,"enemies":"Lagavulin","floor":11,"turns":6},{"damage":0,"enemies":"Gremlin Nob","floor":14,"turns":4},{"damage":30,"enemies":"The Guardian","floor":16,"turns":8}],"seed_played":"-2647492932351308521","potions_obtained":[{"floor":7,"key":"FearPotion"},{"floor":11,"key":"PowerPotion"}],"is_trial":false,"path_per_floor":["M","?","?","M","M","R","M","R","T","M","E","R","$","E","R","B"],"character_chosen":"DEFECT","items_purchased":["Membership Card","Gash"],"campfire_rested":2,"item_purchase_floors":[13,13],"current_hp_per_floor":[61,54,54,52,41,41,13,35,35,21,6,28,28,28,28,0,0],"gold":59,"neow_bonus":"BOSS_RELIC","is_daily":false,"chose_seed":false,"campfire_upgraded":2,"win_rate":0.0,"timestamp":1611518897,"path_taken":["M","?","?","M","M","R","M","R","T","?","E","R","$","E","R","BOSS"],"items_purchased_type":["Relic","Card"],"build_version":"2020-12-22","purchased_purges":0,"victory":false,"max_hp_per_floor":[75,75,75,75,75,75,75,75,75,75,75,75,75,75,75,75,75],"relic_stats":{"counters":[8,37],"Orichalcum":[18],"obtain_stats":[{"Bottled Flame":11,"HornCleat":9,"Membership Card":13,"Orichalcum":14,"Cracked Core":0,"Empty Cage":0},{"Bottled Flame":6,"HornCleat":4,"Membership Card":6,"Orichalcum":7,"Cracked Core":0,"Empty Cage":0},{"Bottled Flame":25,"HornCleat":16,"Membership Card":25,"Orichalcum":29,"Cracked Core":0,"Empty Cage":0}]},"card_choices":[{"not_picked":["Conserve Battery","Go for the Eyes"],"picked":"Gash","floor":1},{"not_picked":["Capacitor","Ball Lightning","Storm"],"picked":"SKIP","floor":4},{"not_picked":["Chill","Steam"],"picked":"Scrape","floor":5},{"not_picked":["Glacier","Turbo"],"picked":"Go for the Eyes","floor":7},{"not_picked":["Leap","Turbo"],"picked":"Go for the Eyes","floor":10},{"not_picked":["Rebound","Aggregate"],"picked":"Auto Shields","floor":11},{"not_picked":["Loop","Meteor Strike","Turbo"],"picked":"SKIP","floor":14}],"player_experience":682627,"relics_obtained":[{"floor":9,"key":"HornCleat"},{"floor":11,"key":"Bottled Flame"},{"floor":14,"key":"Orichalcum"}],"event_choices":[{"cards_removed":["Dualcast"],"damage_healed":0,"gold_gain":0,"player_choice":"Card Removal","damage_taken":7,"max_hp_gain":0,"max_hp_loss":0,"event_name":"Golden Wing","floor":2,"gold_loss":0},{"damage_healed":0,"gold_gain":0,"player_choice":"Ignored","damage_taken":0,"max_hp_gain":0,"max_hp_loss":0,"event_name":"Liars Game","floor":3,"gold_loss":0}],"is_beta":false,"boss_relics":[],"items_purged_floors":[],"is_endless":false,"potions_floor_spawned":[7,11],"killed_by":"The Guardian","ascension_level":13}}