{"host":"t9zjxed0utvsfjwc","time":1611497059,"event":{"mods":["2.2 Compatiblity","Aspiration","BaseMod","Better Altar","Better Match","Better Note","Better Sensory Stone","Better Skull","Better Third Choice","Block Reminder","Colored Map","Colored Powertips","Custom Start","Hermit","Highlight Path","Hubris","Infinite Spire","Minty Spire (QoL Compilation)","Quick Restart","Rare Cards Sparkle","Replay The Spire","Shade Mod","StSLib","The Cursed","The Disciple","The Marked","The Runesmith","Unceasing Turn Reminder","everything is the same but u backflip on backflip"],"gold_per_floor":[112,112,37,52,70,70,70,105,105,117,117,143,352,352,352,455,455,455],"floor_reached":17,"language":"ENG","playtime":414,"items_purged":["Defend_R"],"score":171,"play_id":"2c1bcc41-b04d-45d1-8c54-4ebf28725ac7","local_time":"20210124140419","is_ascension_mode":true,"campfire_choices":[{"floor":6,"key":"REST"},{"floor":11,"key":"REST"}],"circlet_count":0,"master_deck":["Bash","Perfected Strike+1","Perfected Strike","Double Tap","Perfected Strike","Shrug It Off","Hallucinations","Reaper","Combust","Eclipse","Sever Soul","Thunderclap","Metallicize","ReplayTheSpireMod:Limb From Limb","Inflame","Sword Boomerang"],"relics":["Burning Blood","NeowsBlessing","aspiration:ChemicalBlood","hubris:SlimyHat","Akabeko","Potion Belt","ReplayTheSpireMod:TigerMarble","Dream Catcher","Blood Vial","ReplayTheSpireMod:Ring of Exchange","Ring of Searing","Pandora\u0027s Box"],"acts_visited":["Exordium","TheCity"],"potions_floor_usage":[8,8,12,12,12,12,16,16],"damage_taken":[{"damage":0,"enemies":"Jaw Worm","floor":1,"turns":1},{"damage":0,"enemies":"Cultist","floor":4,"turns":1},{"damage":0,"enemies":"2 Louse","floor":5,"turns":1},{"damage":13,"enemies":"3 Sentries","floor":8,"turns":6},{"damage":0,"enemies":"Blue Slaver","floor":10,"turns":1},{"damage":8,"enemies":"Gremlin Nob","floor":12,"turns":3},{"damage":37,"enemies":"Slime Boss","floor":16,"turns":7}],"seed_played":"2700900394443689760","potions_obtained":[{"floor":1,"key":"Weak Potion"},{"floor":5,"key":"FearPotion"},{"floor":8,"key":"Explosive Potion"}],"is_trial":false,"path_per_floor":["M","?","$","M","M","R","$","E","T","M","R","E","?","?","R_BF","B",null],"character_chosen":"IRONCLAD","items_purchased":[],"campfire_rested":2,"item_purchase_floors":[],"current_hp_per_floor":[80,7,7,13,19,43,43,36,36,42,66,64,64,64,80,49,80,80],"gold":455,"neow_bonus":"THREE_ENEMY_KILL","is_daily":false,"chose_seed":false,"campfire_upgraded":0,"win_rate":0.0,"timestamp":1611497059,"path_taken":["M","?","$","?","M","R","$","E","T","M","R","E","?","?","R_BF","BOSS"],"items_purchased_type":[],"build_version":"2020-12-22","purchased_purges":1,"victory":false,"max_hp_per_floor":[80,80,80,80,80,80,80,80,80,80,80,80,80,80,80,80,80,80],"card_choices":[{"not_picked":["Headbutt","Clothesline"],"picked":"Perfected Strike","floor":1},{"not_picked":["Combust","Cleave"],"picked":"Perfected Strike","floor":4},{"not_picked":["Iron Wave","Abandon","Whirlwind"],"picked":"SKIP","floor":5},{"not_picked":["Rage","Heavy Blade"],"picked":"Double Tap","floor":8},{"not_picked":["Whirlwind","Heavy Blade","True Grit"],"picked":"SKIP","floor":10},{"not_picked":["ReplayTheSpireMod:LeadingStrike","Abandon"],"picked":"Perfected Strike","floor":12},{"not_picked":["ReplayTheSpireMod:Limb From Limb","Flex"],"picked":"Shrug It Off","floor":13},{"not_picked":["Limit Break","Juggernaut"],"picked":"Reaper","floor":16}],"player_experience":407273,"relics_obtained":[{"floor":8,"key":"ReplayTheSpireMod:TigerMarble"},{"floor":9,"key":"Dream Catcher"},{"floor":12,"key":"Blood Vial"},{"floor":14,"key":"ReplayTheSpireMod:Ring of Exchange"},{"floor":14,"key":"Ring of Searing"}],"event_choices":[{"damage_healed":0,"gold_gain":0,"player_choice":"RE RE RE RE ","damage_taken":81,"relics_obtained":["aspiration:ChemicalBlood","hubris:SlimyHat","Akabeko","Potion Belt"],"max_hp_gain":0,"max_hp_loss":0,"event_name":"betterSkull:BetterSkull","floor":2,"gold_loss":0,"cards_upgraded":[]}],"is_beta":false,"boss_relics":[{"not_picked":["hubris:GrandSneckoEye","Velvet Choker"],"picked":"Pandora\u0027s Box"}],"items_purged_floors":[3],"is_endless":false,"potions_floor_spawned":[1,5,8],"ascension_level":1}}