{"host":"7sni158j623xchr2","time":1611467679,"event":{"mods":["BaseMod","Colored Map","Highlight Path","Minty Spire (QoL Compilation)","Permanent Neow","Potion Indicator Mod","Rare Cards Sparkle","Relic Sorter","Relic Stats","StSLib","everything is the same but u backflip on backflip"],"gold_per_floor":[116,136,7,7,82,82,34,65,120,120,146,160,160,175,175,276,276,286,298,573,21,32,62,62,88,88,118,129,129,129,139,139,235,235,252,252,262,279,10,10,44,44,44,97,0,0,31,31,31,31,31,31,31,31,31],"floor_reached":56,"language":"ENG","playtime":2317,"items_purged":["Defend_G","Regret","Regret"],"score":1394,"play_id":"2668ae89-36c5-4b3a-9b9c-63d394462ebc","local_time":"20210123235439","is_ascension_mode":true,"campfire_choices":[{"data":"Poisoned Stab","floor":6,"key":"SMITH"},{"data":"Venomology","floor":10,"key":"SMITH"},{"data":"Backstab","floor":15,"key":"SMITH"},{"data":"Malaise","floor":24,"key":"SMITH"},{"data":"Bouncing Flask","floor":29,"key":"SMITH"},{"data":"Footwork","floor":32,"key":"SMITH"},{"data":"Burst","floor":40,"key":"SMITH"},{"floor":49,"key":"RECALL"},{"data":"Neutralize","floor":52,"key":"SMITH"}],"circlet_count":0,"master_deck":["Defend_G","Defend_G","Defend_G+1","Defend_G","Survivor+1","Neutralize+1","Venomology+1","PiercingWail","Poisoned Stab+1","Dagger Spray+1","PiercingWail","Backstab+1","Malaise+1","All Out Attack+1","Master of Strategy","Bouncing Flask+1","Well Laid Plans+1","Acrobatics+1","Die Die Die","Bite","Bite","Bite","Bite","Bite","Footwork+1","Burst+1","Malaise+1","PiercingWail+1","Sucker Punch+1"],"relics":["Ring of the Snake","Singing Bowl","Oddly Smooth Stone","Potion Belt","Happy Flower","Cursed Key","Pantograph","Whetstone","Gremlin Horn","Matryoshka","Black Star","DollysMirror","Paper Crane","War Paint","StoneCalendar","Red Mask","Darkstone Periapt","Snake Skull"],"acts_visited":["Exordium","TheCity","TheBeyond","TheEnding"],"potions_floor_usage":[8,8,11,11,16,16,16,19,22,22,23,23,25,27,28,31,33,33,37,37,41,41,44,47,50,54,55,55,55,55,55,55],"damage_taken":[{"damage":0,"enemies":"Small Slimes","floor":1,"turns":4},{"damage":0,"enemies":"2 Louse","floor":2,"turns":3},{"damage":0,"enemies":"Gremlin Nob","floor":8,"turns":3},{"damage":13,"enemies":"Lagavulin","floor":11,"turns":6},{"damage":2,"enemies":"Jaw Worm","floor":12,"turns":3},{"damage":0,"enemies":"Gremlin Gang","floor":14,"turns":2},{"damage":33,"enemies":"Slime Boss","floor":16,"turns":13},{"damage":0,"enemies":"Spheric Guardian","floor":18,"turns":6},{"damage":3,"enemies":"2 Thieves","floor":19,"turns":4},{"damage":0,"enemies":"Shelled Parasite and Fungi","floor":22,"turns":4},{"damage":8,"enemies":"Book of Stabbing","floor":23,"turns":6},{"damage":5,"enemies":"Slavers","floor":25,"turns":4},{"damage":1,"enemies":"Gremlin Leader","floor":27,"turns":5},{"damage":2,"enemies":"Centurion and Healer","floor":28,"turns":5},{"damage":0,"enemies":"Snake Plant","floor":31,"turns":3},{"damage":59,"enemies":"Collector","floor":33,"turns":10},{"damage":13,"enemies":"3 Darklings","floor":35,"turns":4},{"damage":0,"enemies":"3 Shapes","floor":37,"turns":5},{"damage":34,"enemies":"Spire Growth","floor":38,"turns":4},{"damage":19,"enemies":"Nemesis","floor":41,"turns":11},{"damage":37,"enemies":"2 Orb Walkers","floor":44,"turns":7},{"damage":24,"enemies":"Giant Head","floor":47,"turns":10},{"damage":42,"enemies":"Time Eater","floor":50,"turns":13},{"damage":9,"enemies":"Shield and Spear","floor":54,"turns":6},{"damage":63,"enemies":"The Heart","floor":55,"turns":12}],"seed_played":"-1241322306740039196","potions_obtained":[{"floor":8,"key":"CunningPotion"},{"floor":12,"key":"Regen Potion"},{"floor":16,"key":"Dexterity Potion"},{"floor":18,"key":"PowerPotion"},{"floor":22,"key":"FearPotion"},{"floor":23,"key":"Fire Potion"},{"floor":31,"key":"FearPotion"},{"floor":47,"key":"Explosive Potion"}],"is_trial":false,"path_per_floor":["M","M","$","?","?","R","$","E","T","R","E","M","?","M","R","B",null,"M","M","?","$","M","E","R","E","T","E","M","R","?","M","R","B",null,"M","?","M","M","$","R","E","$","T","?","?","?","E","?","R","B",null,"R","$","E","B",null],"character_chosen":"THE_SILENT","items_purchased":["Dagger Spray","Strength Potion","Master of Strategy","Pantograph","DollysMirror"],"campfire_rested":0,"item_purchase_floors":[3,7,21,21,39],"current_hp_per_floor":[70,70,70,70,59,59,59,59,59,59,48,46,21,23,23,5,74,74,73,73,73,73,67,67,62,62,61,59,59,54,54,54,19,54,49,49,55,29,29,29,32,32,32,11,11,13,7,7,7,24,61,61,61,61,26],"gold":31,"neow_bonus":"ONE_RANDOM_RARE_CARD","is_daily":false,"chose_seed":false,"campfire_upgraded":8,"win_rate":0.0,"timestamp":1611467679,"path_taken":["M","M","$","?","?","R","$","E","T","R","E","M","?","M","R","BOSS","M","M","?","$","M","E","R","E","T","E","?","R","?","M","R","BOSS","M","?","M","M","$","R","E","$","T","?","?","?","E","?","R","BOSS","R","$","E","BOSS"],"items_purchased_type":["Card","Potion","Card","Relic","Relic"],"build_version":"2020-12-22","purchased_purges":3,"victory":true,"max_hp_per_floor":[70,70,70,70,70,70,70,70,70,70,72,72,72,74,74,74,74,74,76,76,76,76,78,78,78,78,78,78,78,54,54,54,54,54,56,53,55,57,57,57,57,57,57,57,57,59,61,61,61,61,61,61,61,61,61],"relic_stats":{"Darkstone Periapt":0,"Singing Bowl":18,"Happy Flower":[44],"Gremlin Horn":[14,14],"counters":[25,153],"StoneCalendar":[156],"Snake Skull":[43],"Whetstone":["All Out Attack","Strike_G"],"War Paint":["Defend_G","Survivor"],"Cursed Key":1,"Pantograph":25,"Black Star":3,"obtain_stats":[{"Potion Belt":11,"Darkstone Periapt":47,"Singing Bowl":8,"Happy Flower":13,"Gremlin Horn":25,"Oddly Smooth Stone":9,"StoneCalendar":44,"Snake Skull":47,"Whetstone":23,"Paper Crane":41,"War Paint":41,"Cursed Key":17,"Matryoshka":27,"DollysMirror":39,"Pantograph":21,"Black Star":34,"Red Mask":45,"Ring of the Snake":0},{"Potion Belt":4,"Darkstone Periapt":22,"Singing Bowl":3,"Happy Flower":5,"Gremlin Horn":12,"Oddly Smooth Stone":3,"StoneCalendar":21,"Snake Skull":22,"Whetstone":11,"Paper Crane":20,"War Paint":20,"Cursed Key":7,"Matryoshka":13,"DollysMirror":19,"Pantograph":9,"Black Star":16,"Red Mask":21,"Ring of the Snake":0},{"Potion Belt":16,"Darkstone Periapt":122,"Singing Bowl":10,"Happy Flower":19,"Gremlin Horn":58,"Oddly Smooth Stone":10,"StoneCalendar":112,"Snake Skull":122,"Whetstone":54,"Paper Crane":105,"War Paint":105,"Cursed Key":34,"Matryoshka":63,"DollysMirror":94,"Pantograph":44,"Black Star":81,"Red Mask":112,"Ring of the Snake":0}],"Ring of the Snake":[50]},"card_choices":[{"not_picked":["Underhanded Strike","Finisher"],"picked":"PiercingWail","floor":1},{"not_picked":["Backflip","Slice"],"picked":"Poisoned Stab","floor":2},{"not_picked":["Riddle With Holes","Phantasmal Killer"],"picked":"PiercingWail","floor":8},{"not_picked":["Dagger Throw","Riddle With Holes","Infinite Blades"],"picked":"Singing Bowl","floor":11},{"not_picked":["PiercingWail","Riddle With Holes"],"picked":"Backstab","floor":12},{"not_picked":["Blade Dance","Poisoned Stab","Acrobatics"],"picked":"Singing Bowl","floor":14},{"not_picked":["Bullet Time","Phantasmal Killer"],"picked":"Malaise","floor":16},{"not_picked":["Dagger Spray","Noxious Fumes"],"picked":"All Out Attack","floor":18},{"not_picked":["Poisoned Stab","Eviscerate","Slice"],"picked":"Singing Bowl","floor":19},{"not_picked":["Accuracy","PiercingWail"],"picked":"Bouncing Flask","floor":22},{"not_picked":["Deflect","Outmaneuver","Poisoned Stab"],"picked":"Singing Bowl","floor":23},{"not_picked":["Dagger Throw+1","Riddle With Holes"],"picked":"Well Laid Plans+1","floor":25},{"not_picked":["Cloak And Dagger","Poisoned Stab"],"picked":"Acrobatics+1","floor":27},{"not_picked":["Deflect","Bane"],"picked":"Die Die Die","floor":28},{"not_picked":["Deflect","Leg Sweep+1"],"picked":"Footwork","floor":31},{"not_picked":["Wraith Form v2","Venomology"],"picked":"Burst","floor":33},{"not_picked":["Dagger Throw","Slice","Deflect"],"picked":"Singing Bowl","floor":35},{"not_picked":["Leg Sweep","Die Die Die","Sucker Punch+1"],"picked":"Singing Bowl","floor":37},{"not_picked":["Masterful Stab+1","Slice","Flechettes"],"picked":"Singing Bowl","floor":38},{"not_picked":["Blade Dance+1","Backstab"],"picked":"PiercingWail+1","floor":41},{"not_picked":["Bane+1","Dagger Spray"],"picked":"Sucker Punch+1","floor":44},{"not_picked":["Apotheosis","Forethought","Jack Of All Trades"],"picked":"Singing Bowl","floor":46},{"not_picked":["Expertise","Predator","Distraction"],"picked":"Singing Bowl","floor":47}],"player_experience":1685446,"relics_obtained":[{"floor":8,"key":"Singing Bowl"},{"floor":9,"key":"Oddly Smooth Stone"},{"floor":11,"key":"Potion Belt"},{"floor":23,"key":"Whetstone"},{"floor":25,"key":"Gremlin Horn"},{"floor":27,"key":"Matryoshka"},{"floor":41,"key":"Paper Crane"},{"floor":41,"key":"War Paint"},{"floor":44,"key":"StoneCalendar"},{"floor":47,"key":"Darkstone Periapt"},{"floor":47,"key":"Snake Skull"}],"event_choices":[{"damage_healed":0,"gold_gain":0,"player_choice":"Grow","damage_taken":0,"max_hp_gain":0,"max_hp_loss":0,"event_name":"Living Wall","floor":4,"gold_loss":0,"cards_upgraded":["Dagger Spray"]},{"damage_healed":0,"gold_gain":75,"player_choice":"Gather Gold","damage_taken":11,"max_hp_gain":0,"max_hp_loss":0,"event_name":"World of Goop","floor":5,"gold_loss":0},{"damage_healed":0,"gold_gain":0,"player_choice":"Success","damage_taken":25,"relics_obtained":["Happy Flower"],"max_hp_gain":0,"max_hp_loss":0,"event_name":"Scrap Ooze","floor":13,"gold_loss":0},{"damage_healed":0,"gold_gain":275,"player_choice":"Desecrate","damage_taken":0,"max_hp_gain":0,"max_hp_loss":0,"event_name":"Golden Shrine","floor":20,"gold_loss":0,"cards_obtained":["Regret"]},{"damage_healed":0,"gold_gain":0,"player_choice":"Became a vampire","damage_taken":0,"max_hp_gain":0,"max_hp_loss":24,"event_name":"Vampires","floor":30,"gold_loss":0,"cards_obtained":["Bite","Bite","Bite","Bite","Bite"]},{"damage_healed":0,"gold_gain":0,"player_choice":"Max HP","damage_taken":0,"max_hp_gain":0,"max_hp_loss":3,"event_name":"Winding Halls","floor":36,"gold_loss":0},{"damage_healed":0,"gold_gain":0,"player_choice":"Fight","damage_taken":0,"max_hp_gain":0,"max_hp_loss":0,"event_name":"Mysterious Sphere","floor":44,"gold_loss":0},{"damage_healed":0,"gold_gain":0,"player_choice":"Paid","damage_taken":0,"relics_obtained":["Red Mask"],"max_hp_gain":0,"max_hp_loss":0,"event_name":"Tomb of Lord Red Mask","floor":45,"gold_loss":97},{"damage_healed":0,"gold_gain":0,"player_choice":"Memory 1","damage_taken":0,"max_hp_gain":0,"max_hp_loss":0,"event_name":"SensoryStone","floor":46,"gold_loss":0},{"damage_healed":0,"gold_gain":0,"player_choice":"0 cards matched","damage_taken":0,"max_hp_gain":0,"max_hp_loss":0,"event_name":"Match and Keep!","floor":48,"gold_loss":0,"cards_obtained":[]}],"is_beta":false,"boss_relics":[{"not_picked":["WristBlade","Snecko Eye"],"picked":"Cursed Key"},{"not_picked":["Velvet Choker","Philosopher\u0027s Stone"],"picked":"Black Star"}],"items_purged_floors":[3,21,39],"is_endless":false,"potions_floor_spawned":[8,12,16,18,22,23,31,38,47],"ascension_level":1}}