{"host":"rj1j8apb2x4vafcu","time":1611528470,"event":{"mods":["AchievementEnabler","Act Like it!","BaseMod","Colored Map","Colored Powertips","Minty Spire (QoL Compilation)","Rare Cards Sparkle","StSLib"],"gold_per_floor":[116,127,52,52,52,82,8,8,8,8,19,30,62,76,76,171,171,181,201,218,228,79,79,106,106,133,149,149,167,167,180,180,284,284,302,315,334,334,334],"floor_reached":38,"language":"ENG","playtime":2045,"items_purged":["Strike_R","Strike_R"],"score":529,"play_id":"a2c61e28-ba19-44ba-98e0-4ae00f48d9b6","local_time":"20210124204750","is_ascension_mode":true,"campfire_choices":[{"data":"Armaments","floor":8,"key":"SMITH"},{"data":"Fire Breathing","floor":10,"key":"SMITH"},{"data":"True Grit","floor":15,"key":"SMITH"},{"data":"Seeing Red","floor":23,"key":"SMITH"},{"floor":25,"key":"REST"},{"floor":28,"key":"REST"},{"data":"Body Slam","floor":30,"key":"SMITH"},{"floor":32,"key":"REST"}],"circlet_count":0,"master_deck":["Strike_R","Strike_R","Strike_R","Defend_R","Defend_R","Defend_R","Bash","Armaments+1","Feed","Decay","Fire Breathing+1","True Grit+1","Body Slam+1","Evolve","Reckless Charge","Immolate","Seeing Red+1","Metallicize+1","Wild Strike","Shrug It Off","Thunderclap+1","Body Slam","Double Tap","Armaments","Power Through+1"],"relics":["Burning Blood","NeowsBlessing","Pantograph","Pear","WingedGreaves","Sozu","Question Card","Ancient Tea Set","Busted Crown"],"acts_visited":["Exordium","TheCity","TheBeyond"],"potions_floor_usage":[16,29,33],"damage_taken":[{"damage":0,"enemies":"Jaw Worm","floor":1,"turns":1},{"damage":0,"enemies":"Small Slimes","floor":2,"turns":1},{"damage":0,"enemies":"Lagavulin","floor":6,"turns":1},{"damage":5,"enemies":"Cultist","floor":11,"turns":4},{"damage":23,"enemies":"Lots of Slimes","floor":12,"turns":6},{"damage":20,"enemies":"3 Sentries","floor":13,"turns":5},{"damage":17,"enemies":"3 Louse","floor":14,"turns":4},{"damage":62,"enemies":"The Guardian","floor":16,"turns":10},{"damage":27,"enemies":"Spheric Guardian","floor":18,"turns":4},{"damage":7,"enemies":"Chosen","floor":19,"turns":3},{"damage":33,"enemies":"Snake Plant","floor":20,"turns":4},{"damage":18,"enemies":"Snecko","floor":21,"turns":6},{"damage":48,"enemies":"Slavers","floor":24,"turns":5},{"damage":33,"enemies":"3 Cultists","floor":27,"turns":5},{"damage":18,"enemies":"Centurion and Healer","floor":29,"turns":5},{"damage":14,"enemies":"Chosen and Byrds","floor":31,"turns":5},{"damage":54,"enemies":"Champ","floor":33,"turns":11},{"damage":11,"enemies":"Orb Walker","floor":35,"turns":3},{"damage":46,"enemies":"3 Darklings","floor":36,"turns":6},{"damage":8,"enemies":"4 Shapes","floor":37,"turns":4},{"damage":77,"enemies":"Writhing Mass","floor":38,"turns":7}],"seed_played":"1271294348343124089","potions_obtained":[{"floor":6,"key":"FearPotion"},{"floor":12,"key":"Ancient Potion"},{"floor":14,"key":"BlessingOfTheForge"},{"floor":16,"key":"SneckoOil"}],"is_trial":false,"path_per_floor":["M","M","$","?","?","E","$","R","T","R","M","M","E","M","R","B",null,"M","M","M","M","$","R","E","R","T","M","R","M","R","M","R","B",null,"M","M","M","M"],"character_chosen":"IRONCLAD","items_purchased":["Fire Breathing","Wild Strike"],"campfire_rested":3,"item_purchase_floors":[7,22],"current_hp_per_floor":[80,80,80,73,73,82,82,82,92,92,97,84,73,65,65,34,107,90,89,62,50,50,50,8,41,41,14,47,38,38,30,64,41,114,109,69,67,0,0],"gold":334,"neow_bonus":"THREE_ENEMY_KILL","is_daily":false,"chose_seed":false,"campfire_upgraded":5,"win_rate":0.0,"timestamp":1611528470,"path_taken":["M","M","$","?","?","E","$","R","T","R","M","M","E","M","R","BOSS","M","M","M","M","?","R","E","R","T","M","R","?","R","M","R","BOSS","M","M","M","M"],"items_purchased_type":["Card","Card"],"build_version":"2020-12-22","purchased_purges":2,"victory":false,"max_hp_per_floor":[80,80,80,80,80,83,83,83,93,93,97,101,104,107,107,107,107,111,111,111,111,111,111,111,111,111,111,111,114,114,114,114,114,114,114,114,114,114,114],"card_choices":[{"not_picked":["Wild Strike","Headbutt"],"picked":"Armaments","floor":1},{"not_picked":["Body Slam","Bloodletting"],"picked":"Feed","floor":2},{"not_picked":["Clash","Thunderclap","Anger"],"picked":"SKIP","floor":6},{"not_picked":["Headbutt","Power Through"],"picked":"True Grit","floor":11},{"not_picked":["Rampage","Sentinel"],"picked":"Body Slam","floor":12},{"not_picked":["Searing Blow","Metallicize"],"picked":"Evolve","floor":13},{"not_picked":["Disarm","Double Tap"],"picked":"Reckless Charge","floor":14},{"not_picked":["Exhume","Juggernaut"],"picked":"Immolate","floor":16},{"not_picked":["Sword Boomerang+1","Pommel Strike"],"picked":"Seeing Red","floor":18},{"not_picked":["Sword Boomerang","Pummel","Searing Blow"],"picked":"SKIP","floor":19},{"not_picked":["Blood for Blood","Cleave+1"],"picked":"Metallicize+1","floor":20},{"not_picked":["Evolve","Sword Boomerang","Headbutt"],"picked":"SKIP","floor":21},{"not_picked":["Pummel","Feed"],"picked":"Shrug It Off","floor":24},{"not_picked":["Sever Soul","Clash+1","Havoc+1"],"picked":"Thunderclap+1","floor":27},{"not_picked":["Shockwave","Perfected Strike+1","Clothesline"],"picked":"Body Slam","floor":29},{"not_picked":["Twin Strike","Perfected Strike","Clash","Bloodletting"],"picked":"SKIP","floor":31},{"not_picked":["Bludgeon","Offering","Limit Break"],"picked":"Double Tap","floor":33},{"not_picked":["Thunderclap+1"],"picked":"Armaments","floor":35},{"not_picked":["Pommel Strike"],"picked":"Power Through+1","floor":36},{"not_picked":["Perfected Strike","Bloodletting"],"picked":"SKIP","floor":37}],"player_experience":115444,"relics_obtained":[{"floor":6,"key":"Pantograph"},{"floor":9,"key":"Pear"},{"floor":13,"key":"WingedGreaves"},{"floor":24,"key":"Question Card"},{"floor":26,"key":"Ancient Tea Set"}],"event_choices":[{"cards_removed":["Defend_R"],"damage_healed":0,"gold_gain":0,"player_choice":"Card Removal","damage_taken":7,"max_hp_gain":0,"max_hp_loss":0,"event_name":"Golden Wing","floor":4,"gold_loss":0},{"damage_healed":0,"gold_gain":0,"player_choice":"Cursed","damage_taken":0,"max_hp_gain":0,"max_hp_loss":0,"event_name":"Wheel of Change","floor":5,"gold_loss":0,"cards_obtained":["Decay"]}],"is_beta":false,"boss_relics":[{"not_picked":["Black Star","SlaversCollar"],"picked":"Sozu"},{"not_picked":["Astrolabe","Snecko Eye"],"picked":"Busted Crown"}],"items_purged_floors":[3,22],"is_endless":false,"potions_floor_spawned":[6,12,14,16,20,24,29,31,33,35,37],"killed_by":"Writhing Mass","ascension_level":2}}