{"host":"6v2706mfck5g68yr","time":1611522631,"event":{"mods":["BaseMod","BetterRewards","Card Forge","Colored Map","Minty Spire (QoL Compilation)","Shop Mod","StSLib","SuperFastMode"],"gold_per_floor":[117,117,137,312,335,376,397,422,467,467,507,582,595,609,609,738,738,759,759,772,772,532,560,576,608,608,608,608,304,324,414,414,515,515,529,548,559,249,259,287,287,302,302,352,370,397,397,154,154,154,154,154,9,43,43],"floor_reached":56,"language":"ENG","playtime":2530,"items_purged":[],"score":1737,"play_id":"36f617ff-4a31-403e-80cd-f555396f2dde","local_time":"20210124151031","is_ascension_mode":true,"campfire_choices":[{"floor":10,"key":"RECALL"},{"data":"Heavy Blade","floor":15,"key":"SMITH"},{"floor":27,"key":"DIG"},{"floor":32,"key":"DIG"},{"floor":41,"key":"DIG"},{"floor":49,"key":"DIG"},{"floor":52,"key":"DIG"}],"circlet_count":0,"master_deck":["Heavy Blade+1","Anger+1","Cleave+1","Headbutt+1","Inflame+1","Reaper+1","Spot Weakness+1","Seeing Red+1","Anger+1","Clash+1","Iron Wave+1","Pommel Strike+1","Berserk+1","Shrug It Off+1","Cleave+1","Feed+1","Shrug It Off+1","Dual Wield+1","Dual Wield+1"],"relics":["Burning Blood","Hammer of Thor","Seething Fire","Anvil of the Gods","NeowsBlessing","Bloody Idol","Smiling Mask","Vajra","HornCleat","Empty Cage","War Paint","Shuriken","Du-Vu Doll","Shovel","Blue Candle","Nilry\u0027s Codex","Whetstone","Lee\u0027s Waffle","Centennial Puzzle","Busted Crown","Unceasing Top","FossilizedHelix","Pen Nib","Pear","CaptainsWheel","Mercury Hourglass","Paper Frog","Pantograph","Bottled Tornado","Mummified Hand","Bag of Preparation","Eternal Feather"],"acts_visited":["Exordium","TheCity","TheBeyond","TheEnding"],"potions_floor_usage":[46,55,55],"damage_taken":[{"damage":0,"enemies":"2 Louse","floor":1,"turns":1},{"damage":0,"enemies":"Small Slimes","floor":3,"turns":1},{"damage":0,"enemies":"Jaw Worm","floor":5,"turns":1},{"damage":14,"enemies":"3 Sentries","floor":6,"turns":4},{"damage":12,"enemies":"Exordium Wildlife","floor":7,"turns":3},{"damage":10,"enemies":"Large Slime","floor":8,"turns":3},{"damage":12,"enemies":"Lagavulin","floor":11,"turns":4},{"damage":0,"enemies":"Gremlin Gang","floor":13,"turns":2},{"damage":0,"enemies":"Exordium Wildlife","floor":14,"turns":2},{"damage":0,"enemies":"Slime Boss","floor":16,"turns":6},{"damage":0,"enemies":"3 Byrds","floor":18,"turns":3},{"damage":0,"enemies":"Spheric Guardian","floor":20,"turns":2},{"damage":37,"enemies":"Book of Stabbing","floor":23,"turns":4},{"damage":10,"enemies":"Chosen and Byrds","floor":24,"turns":3},{"damage":19,"enemies":"Gremlin Leader","floor":25,"turns":4},{"damage":23,"enemies":"Centurion and Healer","floor":30,"turns":3},{"damage":52,"enemies":"Collector","floor":33,"turns":4},{"damage":3,"enemies":"Orb Walker","floor":35,"turns":2},{"damage":7,"enemies":"3 Shapes","floor":36,"turns":1},{"damage":16,"enemies":"Sphere and 2 Shapes","floor":37,"turns":2},{"damage":6,"enemies":"Maw","floor":39,"turns":4},{"damage":2,"enemies":"Reptomancer","floor":40,"turns":3},{"damage":23,"enemies":"4 Shapes","floor":42,"turns":3},{"damage":12,"enemies":"Mind Bloom Boss Battle","floor":44,"turns":4},{"damage":12,"enemies":"3 Darklings","floor":45,"turns":3},{"damage":22,"enemies":"Nemesis","floor":46,"turns":5},{"damage":23,"enemies":"Donu and Deca","floor":50,"turns":5},{"damage":13,"enemies":"Shield and Spear","floor":54,"turns":2},{"damage":157,"enemies":"The Heart","floor":55,"turns":6}],"seed_played":"1648761771274053389","potions_obtained":[{"floor":7,"key":"Energy Potion"},{"floor":8,"key":"ElixirPotion"},{"floor":13,"key":"Energy Potion"},{"floor":16,"key":"SmokeBomb"},{"floor":18,"key":"FairyPotion"},{"floor":23,"key":"Regen Potion"},{"floor":54,"key":"LiquidBronze"}],"is_trial":false,"path_per_floor":["M","?","M","?","M","E","M","M","T","R","E","?","M","M","R","B",null,"M","?","M","?","$","E","M","E","T","R","?","$","M","?","R","B",null,"M","M","M","$","M","E","R","M","T","?","M","E","T","$","R","B",null,"R","$","E","B",null],"character_chosen":"IRONCLAD","items_purchased":["Shuriken","Whetstone","Lee\u0027s Waffle","Unceasing Top","Pantograph","Bag of Preparation"],"campfire_rested":0,"item_purchase_floors":[22,29,29,38,48,53],"current_hp_per_floor":[78,74,74,74,74,70,71,74,74,74,68,57,68,74,74,74,74,74,74,74,74,74,61,62,62,62,62,46,81,69,62,62,40,71,84,87,85,85,90,90,90,93,103,105,108,98,98,98,98,100,113,113,113,111,15],"gold":43,"neow_bonus":"THREE_ENEMY_KILL","is_daily":false,"chose_seed":false,"campfire_upgraded":1,"win_rate":0.0,"timestamp":1611522631,"path_taken":["M","?","M","?","M","E","M","M","T","R","E","?","M","M","R","BOSS","M","?","M","?","?","E","M","E","T","R","?","$","M","?","R","BOSS","M","?","M","$","M","E","R","M","T","?","M","E","?","$","R","BOSS","R","$","E","BOSS"],"items_purchased_type":["Relic","Relic","Relic","Relic","Relic","Relic"],"build_version":"2020-12-22","purchased_purges":0,"victory":true,"max_hp_per_floor":[80,74,74,74,74,74,74,74,74,74,74,74,74,74,74,74,74,74,74,74,74,74,74,74,74,74,74,74,81,81,81,81,81,81,84,87,90,90,90,90,90,93,103,106,109,109,109,109,109,117,117,117,117,117,117],"card_choices":[{"not_picked":["Clash","True Grit"],"picked":"Heavy Blade","floor":1},{"not_picked":["Heavy Blade","Anger"],"picked":"Spot Weakness","floor":3},{"not_picked":["True Grit","Blood for Blood"],"picked":"Seeing Red","floor":5},{"not_picked":["Rage","Wild Strike"],"picked":"Anger","floor":6},{"not_picked":["Twin Strike","Havoc"],"picked":"Shrug It Off","floor":7},{"not_picked":["Anger","Rage"],"picked":"Clash","floor":8},{"not_picked":["Corruption","Warcry"],"picked":"Iron Wave","floor":11},{"not_picked":["Pummel","Sword Boomerang"],"picked":"Pommel Strike","floor":13},{"not_picked":["Wild Strike","Pommel Strike","Reckless Charge"],"picked":"SKIP","floor":14},{"not_picked":["Corruption","Juggernaut"],"picked":"Berserk","floor":16},{"not_picked":["Pummel","Dark Embrace","Headbutt"],"picked":"SKIP","floor":18},{"not_picked":["Flex","Reckless Charge"],"picked":"Shrug It Off","floor":20},{"not_picked":["Blood for Blood","Fiend Fire","Sever Soul"],"picked":"SKIP","floor":23},{"not_picked":["Heavy Blade","Havoc","Second Wind"],"picked":"SKIP","floor":24},{"not_picked":["Reaper","Dual Wield","Rupture+1"],"picked":"SKIP","floor":25},{"not_picked":["Feel No Pain","Thunderclap"],"picked":"Cleave+1","floor":30},{"not_picked":["Fiend Fire","Bludgeon"],"picked":"Feed","floor":33},{"not_picked":["Wild Strike"],"picked":"SKIP","floor":35},{"not_picked":[],"picked":"Shrug It Off+1","floor":36},{"not_picked":[],"picked":"Dual Wield+1","floor":37},{"not_picked":["Sword Boomerang"],"picked":"SKIP","floor":39},{"not_picked":["Offering"],"picked":"SKIP","floor":40},{"not_picked":["Clash"],"picked":"SKIP","floor":42},{"not_picked":[],"picked":"Dual Wield+1","floor":45},{"not_picked":["Metallicize"],"picked":"SKIP","floor":46},{"not_picked":["Iron Wave+1"],"picked":"SKIP","floor":54}],"player_experience":257350,"relics_obtained":[{"floor":6,"key":"Smiling Mask"},{"floor":9,"key":"Vajra"},{"floor":11,"key":"HornCleat"},{"floor":23,"key":"Du-Vu Doll"},{"floor":25,"key":"Shovel"},{"floor":27,"key":"Blue Candle"},{"floor":28,"key":"Nilry\u0027s Codex"},{"floor":32,"key":"Centennial Puzzle"},{"floor":40,"key":"FossilizedHelix"},{"floor":41,"key":"Pen Nib"},{"floor":43,"key":"Pear"},{"floor":44,"key":"CaptainsWheel"},{"floor":46,"key":"Mercury Hourglass"},{"floor":47,"key":"Paper Frog"},{"floor":49,"key":"Bottled Tornado"},{"floor":52,"key":"Mummified Hand"},{"floor":54,"key":"Eternal Feather"}],"event_choices":[{"damage_healed":0,"gold_gain":0,"player_choice":"Lose Max HP","damage_taken":0,"relics_obtained":["Golden Idol"],"max_hp_gain":0,"max_hp_loss":6,"event_name":"Golden Idol","floor":2,"gold_loss":0},{"damage_healed":0,"gold_gain":175,"player_choice":"AGREE","damage_taken":0,"max_hp_gain":0,"max_hp_loss":0,"event_name":"Liars Game","floor":4,"gold_loss":0,"cards_obtained":["Doubt"]},{"damage_healed":0,"gold_gain":75,"player_choice":"Gather Gold","damage_taken":11,"max_hp_gain":0,"max_hp_loss":0,"event_name":"World of Goop","floor":12,"gold_loss":0},{"damage_healed":0,"gold_gain":0,"player_choice":"Opened","damage_taken":0,"relics_obtained":["War Paint"],"max_hp_gain":0,"max_hp_loss":0,"event_name":"The Mausoleum","floor":19,"gold_loss":0},{"damage_healed":0,"gold_gain":0,"player_choice":"Gave Idol","damage_taken":0,"relics_obtained":["Bloody Idol"],"max_hp_gain":0,"max_hp_loss":0,"event_name":"Forgotten Altar","floor":21,"relics_lost":["Golden Idol"],"gold_loss":0},{"damage_healed":0,"gold_gain":0,"player_choice":"Obtained Book","damage_taken":16,"max_hp_gain":0,"max_hp_loss":0,"event_name":"Cursed Tome","floor":28,"gold_loss":0},{"damage_healed":0,"gold_gain":90,"player_choice":"GOLD ","damage_taken":12,"max_hp_gain":0,"max_hp_loss":0,"event_name":"Knowing Skull","floor":31,"potions_obtained":[],"gold_loss":0,"cards_obtained":[]},{"damage_healed":0,"gold_gain":0,"player_choice":"Fight","damage_taken":0,"max_hp_gain":0,"max_hp_loss":0,"event_name":"MindBloom","floor":44,"gold_loss":0}],"is_beta":false,"boss_relics":[{"not_picked":["Pandora\u0027s Box","Velvet Choker"],"picked":"Empty Cage"},{"not_picked":["Philosopher\u0027s Stone","Black Star"],"picked":"Busted Crown"}],"items_purged_floors":[],"is_endless":false,"potions_floor_spawned":[7,8,13,16,18,23,30,36,40,45,54],"ascension_level":6}}