{"host":"19r1ww88x2tc73i0","time":1611511949,"event":{"mods":["BaseMod","BetterRewards","Colored Map","Minty Spire (QoL Compilation)","Relic Stats","StSLib","SuperFastMode","slay the spire mod where everything is the same but ironclad has a cowboy hat"],"gold_per_floor":[118,118,134,158,177,177,177,202,257,257,292,130,149,183,183,279,279,295,5,5,5,19,19,50,50,73,94,137,137,151,187,187,286,286,300,134,134,10,10,43,62,75,75,115,181,181,231,564,564,564,564,564,564,11,46,46],"floor_reached":57,"language":"ENG","playtime":4092,"items_purged":["Riddle With Holes","Poisoned Stab"],"score":2827,"play_id":"6ef20fb3-9aad-47d3-9bc7-8c441212ed80","local_time":"25640125011229","is_ascension_mode":true,"campfire_choices":[{"data":"Dagger Spray","floor":6.0,"key":"SMITH"},{"data":"Corpse Explosion","floor":10.0,"key":"SMITH"},{"data":"Terror","floor":15.0,"key":"SMITH"},{"data":"Crippling Poison","floor":23.0,"key":"SMITH"},{"data":"Burst","floor":25.0,"key":"SMITH"},{"data":"Doppelganger","floor":29.0,"key":"SMITH"},{"data":"Leg Sweep","floor":32.0,"key":"SMITH"},{"data":"Adrenaline","floor":46.0,"key":"SMITH"},{"floor":49.0,"key":"RECALL"},{"floor":53.0,"key":"REST"}],"circlet_count":0,"master_deck":["AscendersBane","Survivor+1","Neutralize+1","Doppelganger+1","Dash+1","Leg Sweep+1","PiercingWail","Dagger Spray+1","Storm of Steel+1","Skewer","Blade Dance","Corpse Explosion+1","Backflip+1","Terror+1","Acrobatics","Crippling Poison+1","Envenom","Crippling Poison","Predator","Burst+1","Bouncing Flask","Adrenaline+1","Night Terror+1","Riddle With Holes+1","Glass Knife+1","Outmaneuver+1","Exhume","Undo","Caltrops","Apotheosis","Bouncing Flask","Protect"],"relics":["Pandora\u0027s Box","War Paint","Paper Crane","Anchor","Toy Ornithopter","Snecko Eye","Bronze Scales","Vajra","Oddly Smooth Stone","Centennial Puzzle","Astrolabe","Membership Card","PrismaticShard","Incense Burner","Juzu Bracelet","Omamori","Sundial","CaptainsWheel","Lantern","Whetstone","ClockworkSouvenir","Mercury Hourglass","TungstenRod"],"acts_visited":["Exordium","TheCity","TheBeyond","TheEnding"],"potions_floor_usage":[],"damage_taken":[{"damage":0.0,"enemies":"Cultist","floor":1.0,"turns":2.0},{"damage":0.0,"enemies":"Small Slimes","floor":3.0,"turns":3.0},{"damage":0.0,"enemies":"2 Louse","floor":4.0,"turns":2.0},{"damage":0.0,"enemies":"Looter","floor":5.0,"turns":3.0},{"damage":0.0,"enemies":"Lots of Slimes","floor":8.0,"turns":1.0},{"damage":21.0,"enemies":"Gremlin Nob","floor":11.0,"turns":4.0},{"damage":0.0,"enemies":"2 Fungi Beasts","floor":13.0,"turns":2.0},{"damage":10.0,"enemies":"3 Sentries","floor":14.0,"turns":4.0},{"damage":13.0,"enemies":"The Guardian","floor":16.0,"turns":9.0},{"damage":7.0,"enemies":"2 Thieves","floor":18.0,"turns":2.0},{"damage":7.0,"enemies":"Chosen","floor":22.0,"turns":3.0},{"damage":12.0,"enemies":"Book of Stabbing","floor":24.0,"turns":4.0},{"damage":0.0,"enemies":"Shelled Parasite and Fungi","floor":27.0,"turns":4.0},{"damage":7.0,"enemies":"Gremlin Leader","floor":28.0,"turns":4.0},{"damage":0.0,"enemies":"Centurion and Healer","floor":30.0,"turns":2.0},{"damage":0.0,"enemies":"Slavers","floor":31.0,"turns":3.0},{"damage":32.0,"enemies":"Champ","floor":33.0,"turns":9.0},{"damage":0.0,"enemies":"3 Shapes","floor":35.0,"turns":1.0},{"damage":18.0,"enemies":"Reptomancer","floor":40.0,"turns":3.0},{"damage":0.0,"enemies":"Orb Walker","floor":41.0,"turns":2.0},{"damage":0.0,"enemies":"Maw","floor":42.0,"turns":5.0},{"damage":0.0,"enemies":"Giant Head","floor":44.0,"turns":3.0},{"damage":0.0,"enemies":"2 Orb Walkers","floor":45.0,"turns":2.0},{"damage":40.0,"enemies":"Time Eater","floor":50.0,"turns":17.0},{"damage":15.0,"enemies":"Donu and Deca","floor":51.0,"turns":6.0},{"damage":40.0,"enemies":"Shield and Spear","floor":55.0,"turns":5.0},{"damage":19,"enemies":"The Heart","floor":56,"turns":9}],"seed_played":"-7469416490618013589","potions_obtained":[{"floor":8.0,"key":"Weak Potion"},{"floor":11.0,"key":"Energy Potion"},{"floor":13.0,"key":"Strength Potion"},{"floor":27.0,"key":"Block Potion"},{"floor":28.0,"key":"Fruit Juice"},{"floor":33.0,"key":"SteroidPotion"},{"floor":42.0,"key":"Weak Potion"},{"floor":44.0,"key":"Energy Potion"},{"floor":45.0,"key":"PowerPotion"},{"floor":55.0,"key":"SmokeBomb"}],"is_trial":false,"path_per_floor":["M","?","M","M","M","R","?","M","T","R","E","$","M","E","R","B",null,"M","$","?","?","M","R","E","R","T","M","E","R","M","E","R","B",null,"M","$","?","$","?","E","M","M","T","E","?","R","T","?","R","B","B",null,"R","$","E","B",null],"character_chosen":"THE_SILENT","items_purchased":["Anchor","Bronze Scales","Crippling Poison","Predator","Membership Card","PrismaticShard","Whetstone","ClockworkSouvenir","Mercury Hourglass","Caltrops","Swift Potion","Apotheosis","Bouncing Flask"],"campfire_rested":1,"item_purchase_floors":[12,19,19,19,36,38,54,54,54,54,54,54,54],"current_hp_per_floor":[59,59,59,59,59,59,59,59,59,59,38,38,38,28,28,15,49,42,42,42,60,53,53,46,46,46,51,44,44,44,49,49,17,49,49,49,49,49,49,36,36,36,36,46,46,46,46,46,46,11,1,47,62,62,27,8],"gold":46,"neow_bonus":"BOSS_RELIC","is_daily":false,"chose_seed":false,"campfire_upgraded":8,"win_rate":0.0,"timestamp":1611511949,"path_taken":["M","?","M","M","M","R","?","?","T","R","E","$","M","E","R","BOSS","M","$","?","?","M","R","E","R","T","?","E","R","M","E","R","BOSS","M","$","?","$","?","E","M","M","T","E","?","R","?","?","R","BOSS","BOSS","R","$","E","BOSS"],"items_purchased_type":["Relic","Relic","Card","Card","Relic","Relic","Relic","Relic","Relic","Card","Potion","Card","Card"],"build_version":"2020-12-22","purchased_purges":2,"victory":true,"max_hp_per_floor":[66,60,60,60,60,60,60,60,60,60,60,60,60,60,60,60,60,60,60,60,60,60,60,60,60,60,60,60,60,60,60,60,60,60,60,60,57,57,57,57,57,57,57,62,62,62,62,62,62,62,62,62,62,62,62,62],"relic_stats":{"counters":[27,114],"Astrolabe":["Night Terror","Riddle With Holes","Glass Knife"],"Juzu Bracelet":1,"Whetstone":["Neutralize","Dash"],"War Paint":["Backflip","Survivor"],"Mercury Hourglass":[44],"Centennial Puzzle":[15],"Sundial":[6],"Bronze Scales":[345],"Snecko Eye":[166,155,161,157],"Pandora\u0027s Box":["Doppelganger","Dash","Leg Sweep","PiercingWail","Dagger Spray","Sucker Punch","Dagger Throw","Poisoned Stab","Endless Agony","Storm of Steel"],"obtain_stats":[{"Lantern":47,"Vajra":24,"Incense Burner":39,"Juzu Bracelet":40,"Whetstone":54,"PrismaticShard":38,"ClockworkSouvenir":54,"Centennial Puzzle":31,"Sundial":44,"Ring of the Snake":0,"Golden Idol":2,"Astrolabe":34,"Oddly Smooth Stone":28,"Omamori":43,"War Paint":9,"Paper Crane":11,"Mercury Hourglass":54,"Anchor":12,"CaptainsWheel":45,"Bronze Scales":19,"Snecko Eye":17,"Pandora\u0027s Box":0,"Membership Card":36,"Toy Ornithopter":14,"TungstenRod":55},{"Lantern":23,"Vajra":12,"Incense Burner":18,"Juzu Bracelet":19,"Whetstone":25,"PrismaticShard":18,"ClockworkSouvenir":25,"Centennial Puzzle":16,"Sundial":22,"Ring of the Snake":0,"Golden Idol":1,"Astrolabe":17,"Oddly Smooth Stone":14,"Omamori":21,"War Paint":5,"Paper Crane":6,"Mercury Hourglass":25,"Anchor":6,"CaptainsWheel":23,"Bronze Scales":10,"Snecko Eye":9,"Pandora\u0027s Box":0,"Membership Card":18,"Toy Ornithopter":8,"TungstenRod":26},{"Lantern":77,"Vajra":39,"Incense Burner":62,"Juzu Bracelet":65,"Whetstone":100,"PrismaticShard":62,"ClockworkSouvenir":100,"Centennial Puzzle":52,"Sundial":75,"Ring of the Snake":0,"Golden Idol":2,"Astrolabe":61,"Oddly Smooth Stone":47,"Omamori":72,"War Paint":11,"Paper Crane":15,"Mercury Hourglass":100,"Anchor":15,"CaptainsWheel":77,"Bronze Scales":32,"Snecko Eye":30,"Pandora\u0027s Box":0,"Membership Card":62,"Toy Ornithopter":21,"TungstenRod":105}],"Toy Ornithopter":40,"TungstenRod":43},"card_choices":[{"not_picked":["Bane","Prepared"],"picked":"Skewer","floor":1.0},{"not_picked":["Bouncing Flask","Bane"],"picked":"Blade Dance","floor":3.0},{"not_picked":["Flying Knee","Acrobatics"],"picked":"Corpse Explosion","floor":4.0},{"not_picked":["Cloak And Dagger","Riddle With Holes"],"picked":"Backflip","floor":5.0},{"not_picked":["Setup","Bane","Storm of Steel"],"picked":"SKIP","floor":8.0},{"not_picked":["Outmaneuver","Endless Agony"],"picked":"Terror","floor":11.0},{"not_picked":["Underhanded Strike","Backflip"],"picked":"Acrobatics","floor":13.0},{"not_picked":["Bouncing Flask","Choke"],"picked":"Crippling Poison","floor":14.0},{"not_picked":["Die Die Die","Night Terror"],"picked":"Envenom","floor":16.0},{"not_picked":["Blade Dance","Quick Slash","Deadly Poison"],"picked":"SKIP","floor":18.0},{"not_picked":["Crippling Poison","Outmaneuver","Blur"],"picked":"SKIP","floor":22.0},{"not_picked":["Dagger Throw","Deadly Poison"],"picked":"Burst","floor":24.0},{"not_picked":["Expertise","Deadly Poison+1"],"picked":"Bouncing Flask","floor":27.0},{"not_picked":["Terror","Blade Dance+1"],"picked":"Well Laid Plans","floor":28.0},{"not_picked":["Backflip","Flying Knee"],"picked":"Riddle With Holes","floor":30.0},{"not_picked":["Endless Agony","Outmaneuver","Poisoned Stab"],"picked":"SKIP","floor":31.0},{"not_picked":["Burst","Die Die Die"],"picked":"Adrenaline","floor":33.0},{"not_picked":["Dagger Spray+1","Bane+1"],"picked":"Outmaneuver+1","floor":35.0},{"not_picked":["Turbo+1","CrushJoints"],"picked":"Exhume","floor":40.0},{"not_picked":["Forethought","Headbutt","Deflect"],"picked":"SKIP","floor":41.0},{"not_picked":["PiercingWail+1","Ball Lightning","Armaments"],"picked":"SKIP","floor":42.0},{"not_picked":["FollowUp","Sucker Punch","Violence"],"picked":"SKIP","floor":44.0},{"not_picked":["Havoc+1","Thunderclap"],"picked":"Undo","floor":45.0},{"not_picked":["Compile Driver","Headbutt+1"],"picked":"Protect","floor":55.0}],"player_experience":941492,"relics_obtained":[{"floor":9.0,"key":"War Paint"},{"floor":11.0,"key":"Paper Crane"},{"floor":14.0,"key":"Toy Ornithopter"},{"floor":24.0,"key":"Vajra"},{"floor":28.0,"key":"Oddly Smooth Stone"},{"floor":31.0,"key":"Centennial Puzzle"},{"floor":40.0,"key":"Juzu Bracelet"},{"floor":43.0,"key":"Omamori"},{"floor":44.0,"key":"Sundial"},{"floor":45.0,"key":"CaptainsWheel"},{"floor":47.0,"key":"Lantern"},{"floor":55.0,"key":"TungstenRod"}],"event_choices":[{"damage_healed":0.0,"max_hp_gain":0.0,"max_hp_loss":6.0,"gold_gain":0.0,"event_name":"Golden Idol","player_choice":"Lose Max HP","floor":2.0,"gold_loss":0.0,"damage_taken":0.0,"relics_obtained":["Golden Idol"]},{"damage_healed":0.0,"max_hp_gain":0.0,"max_hp_loss":0.0,"gold_gain":0.0,"event_name":"Upgrade Shrine","player_choice":"Upgraded","floor":7.0,"gold_loss":0.0,"damage_taken":0.0,"cards_upgraded":["Storm of Steel"]},{"damage_healed":18.0,"max_hp_gain":0.0,"max_hp_loss":0.0,"gold_gain":0.0,"event_name":"Wheel of Change","player_choice":"Full Heal","floor":21.0,"gold_loss":0.0,"damage_taken":0.0},{"damage_healed":0.0,"max_hp_gain":0.0,"max_hp_loss":3.0,"gold_gain":0.0,"event_name":"Winding Halls","player_choice":"Max HP","floor":37.0,"gold_loss":0.0,"damage_taken":0.0},{"cards_removed":["Well Laid Plans"],"damage_healed":0.0,"max_hp_gain":0.0,"max_hp_loss":0.0,"gold_gain":0.0,"event_name":"WeMeetAgain","player_choice":"Gave Card","floor":39.0,"gold_loss":0.0,"damage_taken":0.0,"relics_obtained":["Incense Burner"]},{"damage_healed":0.0,"max_hp_gain":0.0,"max_hp_loss":0.0,"gold_gain":0.0,"event_name":"Mysterious Sphere","player_choice":"Fight","floor":45.0,"gold_loss":0.0,"damage_taken":0.0},{"damage_healed":0.0,"max_hp_gain":0.0,"max_hp_loss":0.0,"gold_gain":333.0,"event_name":"The Moai Head","player_choice":"Gave Idol","floor":48.0,"relics_lost":["Golden Idol"],"gold_loss":0.0,"damage_taken":0.0}],"is_beta":false,"boss_relics":[{"not_picked":["Runic Pyramid","Philosopher\u0027s Stone"],"picked":"Snecko Eye"},{"not_picked":["Tiny House","Runic Dome"],"picked":"Astrolabe"}],"items_purged_floors":[38,54],"is_endless":false,"potions_floor_spawned":[8,11,13,14,16,18,27,28,30,33,42,44,45,55],"ascension_level":20}}