{"host":"q0qnzbgdx8oqogg9","time":1611514003,"event":{"mods":["BaseMod","Minty Spire (QoL Compilation)","StSLib"],"gold_per_floor":[110,126,201,220,233,260,260,293,293,44,59,89,89,89,89,189,189,202,217,217,237,261,261,289,300,300,333,333,43,43,43,43,138,138,155,170,220,220,239,269,295,321,321,321,421,72,119,150,150,150],"floor_reached":51,"language":"ENG","playtime":2342,"items_purged":[],"score":1289,"play_id":"c3213d51-672f-4279-b758-ca00f7c83bef","local_time":"20210124134643","is_ascension_mode":true,"campfire_choices":[{"floor":7.0,"key":"REST"},{"floor":13.0,"key":"REST"},{"data":"Noxious Fumes","floor":15.0,"key":"SMITH"},{"data":"Blade Dance","floor":23.0,"key":"SMITH"},{"data":"Wraith Form v2","floor":28.0,"key":"SMITH"},{"data":"Accuracy","floor":32.0,"key":"SMITH"},{"floor":44.0,"key":"REST"},{"floor":49,"key":"REST"}],"circlet_count":0,"master_deck":["AscendersBane","Strike_G","Strike_G","Strike_G","Defend_G","Defend_G","Defend_G","Defend_G","Defend_G","Survivor","Neutralize","Dagger Spray","Dagger Spray","Noxious Fumes+1","Deflect","Blade Dance+1","Deadly Poison+1","PiercingWail+1","Cloak And Dagger+1","Wraith Form v2+1","Crippling Poison+1","Ghostly+1","Ghostly+1","Ghostly+1","Ghostly+1","Ghostly+1","Bouncing Flask+1","Crippling Poison+1","PiercingWail+1","Footwork","Accuracy+1","Bullet Time+1","Blade Dance+1","Cloak And Dagger+1","Sadistic Nature","Leg Sweep+1","Cloak And Dagger+1"],"relics":["Ring of the Snake","NeowsBlessing","Matryoshka","Toxic Egg 2","Toy Ornithopter","StoneCalendar","Regal Pillow","Snecko Eye","Bag of Marbles","MealTicket","WingedGreaves","Sundial","Oddly Smooth Stone","Ginger","Black Star","Turnip","Strawberry","Lantern","Ice Cream","PreservedInsect","Bag of Preparation","Ancient Tea Set","Ornamental Fan","Strange Spoon","The Specimen","Ninja Scroll","Bronze Scales"],"acts_visited":["Exordium","TheCity","TheBeyond"],"potions_floor_usage":[47,47,50,50],"damage_taken":[{"damage":0.0,"enemies":"2 Louse","floor":1.0,"turns":1.0},{"damage":0.0,"enemies":"Cultist","floor":2.0,"turns":1.0},{"damage":0.0,"enemies":"Jaw Worm","floor":4.0,"turns":1.0},{"damage":6.0,"enemies":"Blue Slaver","floor":5.0,"turns":5.0},{"damage":22.0,"enemies":"Lagavulin","floor":6.0,"turns":9.0},{"damage":39.0,"enemies":"Gremlin Nob","floor":8.0,"turns":5.0},{"damage":2.0,"enemies":"Large Slime","floor":11.0,"turns":5.0},{"damage":0.0,"enemies":"Gremlin Nob","floor":12.0,"turns":1.0},{"damage":30.0,"enemies":"Slime Boss","floor":16.0,"turns":7.0},{"damage":6.0,"enemies":"Shell Parasite","floor":18.0,"turns":7.0},{"damage":3.0,"enemies":"3 Byrds","floor":19.0,"turns":4.0},{"damage":1.0,"enemies":"Shelled Parasite and Fungi","floor":21.0,"turns":5.0},{"damage":5.0,"enemies":"Book of Stabbing","floor":24.0,"turns":7.0},{"damage":0.0,"enemies":"3 Cultists","floor":25.0,"turns":4.0},{"damage":14.0,"enemies":"Slavers","floor":27.0,"turns":7.0},{"damage":3.0,"enemies":"Automaton","floor":33.0,"turns":8.0},{"damage":0.0,"enemies":"Orb Walker","floor":35.0,"turns":2.0},{"damage":0.0,"enemies":"3 Darklings","floor":36.0,"turns":5.0},{"damage":0.0,"enemies":"Mind Bloom Boss Battle","floor":37.0,"turns":7.0},{"damage":3.0,"enemies":"Writhing Mass","floor":39.0,"turns":6.0},{"damage":5.0,"enemies":"Reptomancer","floor":40.0,"turns":7.0},{"damage":1.0,"enemies":"Giant Head","floor":41.0,"turns":8.0},{"damage":3.0,"enemies":"Nemesis","floor":42.0,"turns":7.0},{"damage":15,"enemies":"2 Orb Walkers","floor":47,"turns":7},{"damage":3,"enemies":"Reptomancer","floor":48,"turns":6},{"damage":46,"enemies":"Time Eater","floor":50,"turns":14}],"seed_played":"8230578255916963233","potions_obtained":[{"floor":6.0,"key":"Dexterity Potion"},{"floor":8.0,"key":"SteroidPotion"},{"floor":11.0,"key":"SmokeBomb"},{"floor":14.0,"key":"DuplicationPotion"},{"floor":14.0,"key":"Fruit Juice"},{"floor":24.0,"key":"Explosive Potion"},{"floor":36.0,"key":"Block Potion"},{"floor":37.0,"key":"DistilledChaos"},{"floor":47,"key":"Fruit Juice"}],"is_trial":false,"path_per_floor":["M","M","?","M","M","E","R","E","T","$","M","?","R","?","R","B",null,"M","M","?","M","T","R","E","M","T","E","R","$","?","?","R","B",null,"M","M","?","?","M","E","E","E","T","R","?","$","?","E","R","B",null],"character_chosen":"THE_SILENT","items_purchased":["Deadly Poison+1","PiercingWail+1","Regal Pillow","Ginger","Sadistic Nature","Strange Spoon"],"campfire_rested":4,"item_purchase_floors":[10,10,10,29,46,46],"current_hp_per_floor":[63,63,56,56,50,28,49,10,10,10,8,13,49,49,49,29,60,54,51,35,34,34,34,29,29,29,15,15,30,26,26,26,23,36,36,36,36,36,33,35,34,31,31,47,47,47,32,29,47,15],"gold":150,"neow_bonus":"THREE_ENEMY_KILL","is_daily":false,"chose_seed":false,"campfire_upgraded":4,"win_rate":0.0,"timestamp":1611514003,"path_taken":["M","M","?","M","M","E","R","E","T","?","M","?","R","?","R","BOSS","M","M","?","M","?","R","E","M","T","E","R","$","?","?","R","BOSS","M","M","?","?","?","E","E","E","T","R","?","?","?","E","R","BOSS"],"items_purchased_type":["Card","Card","Relic","Relic","Card","Relic"],"build_version":"2020-12-22","purchased_purges":0,"victory":true,"max_hp_per_floor":[70,70,70,70,70,70,70,70,70,70,70,70,70,70,70,70,70,70,70,35,35,35,35,35,35,35,35,35,35,40,40,40,40,40,40,40,40,40,40,47,47,47,47,47,47,47,47,47,47,57],"card_choices":[{"not_picked":["Sucker Punch","Prepared"],"picked":"Dagger Spray","floor":1.0},{"not_picked":["Leg Sweep","Outmaneuver"],"picked":"Dagger Spray","floor":2.0},{"not_picked":["Flying Knee","Calculated Gamble"],"picked":"Noxious Fumes","floor":4.0},{"not_picked":["Slice","Acrobatics"],"picked":"Deflect","floor":5.0},{"not_picked":["Poisoned Stab","Acrobatics"],"picked":"Blade Dance","floor":6.0},{"not_picked":["Caltrops","All Out Attack","Quick Slash"],"picked":"SKIP","floor":8.0},{"not_picked":["Dodge and Roll+1","Bane"],"picked":"Cloak And Dagger+1","floor":11.0},{"not_picked":["Adrenaline+1","Doppelganger+1"],"picked":"Wraith Form v2","floor":16.0},{"not_picked":["Backstab","Leg Sweep+1"],"picked":"Crippling Poison+1","floor":18.0},{"not_picked":["Dagger Spray","Reflex+1"],"picked":"Footwork","floor":19.0},{"not_picked":["Predator+1","Accuracy"],"picked":"Bouncing Flask+1","floor":21.0},{"not_picked":["Setup+1","Blur+1"],"picked":"Crippling Poison+1","floor":24.0},{"not_picked":["Dagger Throw+1","Backflip+1"],"picked":"PiercingWail+1","floor":25.0},{"not_picked":["Skewer","Dagger Spray","Backflip+1"],"picked":"SKIP","floor":27.0},{"not_picked":["Corpse Explosion+1","Glass Knife"],"picked":"Bullet Time+1","floor":33.0},{"not_picked":["Endless Agony+1","Blur+1","Outmaneuver+1"],"picked":"SKIP","floor":35.0},{"not_picked":["Dagger Throw+1","Outmaneuver+1"],"picked":"Blade Dance+1","floor":36.0},{"not_picked":["Dodge and Roll+1","Heel Hook"],"picked":"Cloak And Dagger+1","floor":39.0},{"not_picked":["Grand Finale","PiercingWail+1","Acrobatics+1"],"picked":"SKIP","floor":40.0},{"not_picked":["A Thousand Cuts","Dagger Spray","Doppelganger+1"],"picked":"SKIP","floor":41.0},{"not_picked":["Distraction+1","Poisoned Stab","Prepared+1"],"picked":"SKIP","floor":42.0},{"not_picked":["Skewer+1","PiercingWail+1"],"picked":"Leg Sweep+1","floor":47},{"not_picked":["Deadly Poison+1","Poisoned Stab"],"picked":"Cloak And Dagger+1","floor":48}],"player_experience":293184,"relics_obtained":[{"floor":6.0,"key":"Matryoshka"},{"floor":8.0,"key":"Toxic Egg 2"},{"floor":9.0,"key":"Toy Ornithopter"},{"floor":9.0,"key":"StoneCalendar"},{"floor":22.0,"key":"Bag of Marbles"},{"floor":22.0,"key":"MealTicket"},{"floor":24.0,"key":"WingedGreaves"},{"floor":26.0,"key":"Sundial"},{"floor":27.0,"key":"Oddly Smooth Stone"},{"floor":37.0,"key":"Turnip"},{"floor":40.0,"key":"Strawberry"},{"floor":40.0,"key":"Lantern"},{"floor":41.0,"key":"Ice Cream"},{"floor":41.0,"key":"PreservedInsect"},{"floor":42.0,"key":"Bag of Preparation"},{"floor":42.0,"key":"Ancient Tea Set"},{"floor":43.0,"key":"Ornamental Fan"},{"floor":47,"key":"The Specimen"},{"floor":48,"key":"Ninja Scroll"},{"floor":48,"key":"Bronze Scales"}],"event_choices":[{"damage_healed":0.0,"max_hp_gain":0.0,"max_hp_loss":0.0,"gold_gain":75.0,"event_name":"FaceTrader","player_choice":"Touch","floor":3.0,"gold_loss":0.0,"damage_taken":7.0},{"damage_healed":0.0,"max_hp_gain":0.0,"max_hp_loss":0.0,"gold_gain":30.0,"event_name":"Dead Adventurer","player_choice":"Searched \u00273\u0027 times","floor":12.0,"gold_loss":0.0,"damage_taken":0.0},{"damage_healed":0.0,"max_hp_gain":0.0,"max_hp_loss":0.0,"gold_gain":0.0,"event_name":"Lab","player_choice":"Got Potions","floor":14.0,"gold_loss":0.0,"damage_taken":0.0},{"damage_healed":0.0,"max_hp_gain":0.0,"max_hp_loss":35.0,"gold_gain":0.0,"event_name":"Ghosts","player_choice":"Became a Ghost","floor":20.0,"gold_loss":0.0,"damage_taken":0.0,"cards_obtained":["Ghostly","Ghostly","Ghostly","Ghostly","Ghostly"]},{"damage_healed":0.0,"max_hp_gain":5.0,"max_hp_loss":0.0,"gold_gain":0.0,"event_name":"Forgotten Altar","player_choice":"Shed Blood","floor":30.0,"gold_loss":0.0,"damage_taken":9.0},{"damage_healed":0.0,"max_hp_gain":0.0,"max_hp_loss":0.0,"gold_gain":0.0,"cards_transformed":["Strike_G","Strike_G"],"event_name":"Drug Dealer","player_choice":"Became Test Subject","floor":31.0,"gold_loss":0.0,"damage_taken":0.0,"cards_obtained":["Footwork","Accuracy"]},{"damage_healed":0.0,"max_hp_gain":0.0,"max_hp_loss":0.0,"gold_gain":0.0,"event_name":"MindBloom","player_choice":"Fight","floor":37.0,"gold_loss":0.0,"damage_taken":0.0},{"cards_removed":["Footwork"],"damage_healed":0.0,"max_hp_gain":0.0,"max_hp_loss":0.0,"gold_gain":0.0,"event_name":"Falling","player_choice":"Removed Power","floor":38.0,"gold_loss":0.0,"damage_taken":0.0},{"damage_healed":0.0,"max_hp_gain":0.0,"max_hp_loss":0.0,"gold_gain":100.0,"event_name":"Golden Shrine","player_choice":"Pray","floor":45.0,"gold_loss":0.0,"damage_taken":0.0},{"damage_healed":0,"gold_gain":0,"player_choice":"Fight","damage_taken":0,"max_hp_gain":0,"max_hp_loss":0,"event_name":"Mysterious Sphere","floor":47,"gold_loss":0}],"is_beta":false,"boss_relics":[{"not_picked":["Busted Crown","HoveringKite"],"picked":"Snecko Eye"},{"not_picked":["SlaversCollar","Cursed Key"],"picked":"Black Star"}],"items_purged_floors":[],"is_endless":false,"potions_floor_spawned":[6,8,11,12,24,36,37,42,47],"ascension_level":10}}