{"host":"wmtpv4eernmufsky","time":1611456558,"event":{"mods":["ATMod(阿瑾Mod)","Act Like it!","Arknights The Spire","Ascension Reborn","Aspiration","BaseMod","Decade(王小明)","FoggyMod","Friendly Minions","Gensokyo","KinomotoSakuraMod(木之本樱)","Minty Spire (QoL Compilation)","MostiFishMod","Remilia（蕾米莉亚）","StSLib","The Alterego","The Animator","The Servant 0.9.4","TheWitcher","Waifu the Spire","Yakumo Yukari mod","Youmu（魂魄妖梦）","【功能Mod】混沌之环修复补丁","【功能Mod】聪明的最终Boss","残留之物"],"gold_per_floor":[111,10,22,22,22,22,32,32,111,111,111,111,88,41,41,141,141,156,76,76,89,0,0,27,27,27,27,27,27,27,27,27,27,27],"floor_reached":33,"language":"ZHS","playtime":2643,"items_purged":[],"score":270,"play_id":"40df980f-f67b-40b0-b5b1-56be499b693a","local_time":"20210124104918","is_ascension_mode":true,"campfire_choices":[{"data":"alterego_mod:Impale","floor":6,"key":"SMITH"},{"data":"alterego_mod:ClassAdvantage","floor":8,"key":"SMITH"},{"data":"alterego_mod:IndependentAction","floor":12,"key":"SMITH"},{"data":"alterego_mod:Mirror","floor":15,"key":"SMITH"},{"data":"alterego_mod:Palingenesis","floor":23,"key":"SMITH"},{"data":"Gensokyo:CrescentMoonSlash","floor":25,"key":"SMITH"},{"data":"alterego_mod:Bounce","floor":27,"key":"SMITH"},{"floor":32,"key":"REST"}],"circlet_count":0,"master_deck":["alterego_mod:Strike","alterego_mod:Strike","alterego_mod:Strike","alterego_mod:Strike","alterego_mod:Defend","alterego_mod:Defend","alterego_mod:Defend","alterego_mod:Defend","alterego_mod:Impale+1","alterego_mod:BigMeatyClaws","alterego_mod:BrynhildrsRune","AT_FamilyPortrait","alterego_mod:BiFurious","alterego_mod:IndependentAction+1","Gensokyo:CrescentMoonSlash+1","alterego_mod:ClassAdvantage+1","alterego_mod:Skirt","alterego_mod:Mirror+1","alterego_mod:TrashNCrash","alterego_mod:Undulate","alterego_mod:PainIsPleasure+1","MostiFishMod:Neptune","MostiFishMod:TheEndOfMoonlight","MostiFishMod:SparklingWater","MostiFishMod:FantasySummer","MostiFishMod:NightSea","alterego_mod:1TonWallop+1","alterego_mod:Bounce+1","alterego_mod:DeftHands","alterego_mod:Palingenesis+1","alterego_mod:Complex","alterego_mod:Nekomimi"],"relics":["alterego_mod:MasochisticConstitution","AT_ATBox","DaveBox","ShadowXiaoBlade","SynthV:TestCard","aspiration:FetidBarrel","MoonlightInvasionPlan","Gensokyo:Companionship","Du-Vu Doll","Thread and Needle","OriginationStaff"],"acts_visited":["Gensokyo:Gensokyo","Gensokyo:Gensokyoer"],"potions_floor_usage":[24,33,33],"damage_taken":[{"damage":3,"enemies":"Gensokyo:3_Fairies","floor":1,"turns":4},{"damage":13,"enemies":"Gensokyo:Python","floor":3,"turns":3},{"damage":0,"enemies":"Gensokyo:2_Kodama","floor":7,"turns":3},{"damage":12,"enemies":"Gensokyo:Reimu","floor":16,"turns":6},{"damage":23,"enemies":"Gensokyo:3_Dogs","floor":18,"turns":4},{"damage":25,"enemies":"Gensokyo:AngelMirror","floor":21,"turns":3},{"damage":12,"enemies":"Gensokyo:Reisen","floor":24,"turns":5},{"damage":88,"enemies":"Gensokyo:Eternal_Rivals","floor":33,"turns":8}],"seed_played":"653048527728133065","potions_obtained":[{"floor":3,"key":"PlaceholderMod:PlaceholderPotion"},{"floor":7,"key":"Fire Potion"},{"floor":16,"key":"Weak Potion"},{"floor":24,"key":"Ancient Potion"}],"is_trial":false,"path_per_floor":["M","COS","M","?","?","R","M","R","T","?","?","R","$","$","R","B",null,"M","$","?","M","?","R","E","R","T","R","T","?","?","$","R","B"],"character_chosen":"The_Alterego","items_purchased":["alterego_mod:TrashNCrash","alterego_mod:Undulate","alterego_mod:Bounce","alterego_mod:DeftHands"],"campfire_rested":1,"item_purchase_floors":[13,14,19,19],"current_hp_per_floor":[75,75,63,52,60,60,60,60,60,60,67,67,67,67,67,87,87,67,67,76,52,52,52,41,41,41,41,41,41,41,41,68,0,0],"gold":27,"neow_bonus":"TEN_PERCENT_HP_BONUS","is_daily":false,"chose_seed":false,"campfire_upgraded":7,"win_rate":0.0,"timestamp":1611456558,"path_taken":["M","COS","?","?","?","R","?","R","T","?","?","R","?","$","R","BOSS","M","$","?","?","?","R","E","R","T","R","?","?","?","?","R","BOSS"],"items_purchased_type":["Card","Card","Card","Card"],"build_version":"2020-12-22","purchased_purges":0,"victory":false,"max_hp_per_floor":[78,78,79,79,79,79,79,79,79,79,86,86,86,86,86,87,87,88,88,88,89,89,89,90,90,90,90,90,90,90,90,90,90,90],"card_choices":[{"not_picked":["alterego_mod:Collar","alterego_mod:Jiggle"],"picked":"alterego_mod:BiFurious","floor":1},{"not_picked":["alterego_mod:SakuraPetals","alterego_mod:Clones","alterego_mod:Pet","alterego_mod:Skirt"],"picked":"alterego_mod:IndependentAction","floor":3},{"not_picked":["alterego_mod:TrashNCrash","alterego_mod:Pet","alterego_mod:HighServant","alterego_mod:Skirt"],"picked":"alterego_mod:ClassAdvantage","floor":7},{"not_picked":["alterego_mod:PerceptionDisorder","alterego_mod:Rip","alterego_mod:Stockings","alterego_mod:BeGentle"],"picked":"alterego_mod:Skirt","floor":10},{"not_picked":["alterego_mod:Crossover","alterego_mod:DiscoLights","alterego_mod:Birthday","alterego_mod:Punishment"],"picked":"alterego_mod:Mirror","floor":10},{"not_picked":["alterego_mod:ClassAdvantage","alterego_mod:Venus","alterego_mod:TrickOrTreatment","alterego_mod:SideboobHour"],"picked":"alterego_mod:PainIsPleasure","floor":16},{"not_picked":["alterego_mod:Collar","alterego_mod:PerceptionDisorder","alterego_mod:BiFurious","alterego_mod:Punishment"],"picked":"alterego_mod:1TonWallop+1","floor":18},{"not_picked":["alterego_mod:Belle+1","alterego_mod:Bounce","alterego_mod:MagicResistance","alterego_mod:Cycle"],"picked":"alterego_mod:Palingenesis","floor":21},{"not_picked":["alterego_mod:DestructionOfProperty","alterego_mod:Palingenesis","alterego_mod:Jiggle","alterego_mod:Swimsuit"],"picked":"alterego_mod:Complex","floor":24}],"player_experience":258166,"relics_obtained":[{"floor":1,"key":"SynthV:TestCard"},{"floor":9,"key":"aspiration:FetidBarrel"},{"floor":24,"key":"Du-Vu Doll"},{"floor":26,"key":"Thread and Needle"},{"floor":28,"key":"OriginationStaff"}],"event_choices":[],"is_beta":false,"boss_relics":[{"not_picked":["SacredBark","aspiration:WatcherSkillbook"],"picked":"MoonlightInvasionPlan"}],"items_purged_floors":[],"is_endless":false,"potions_floor_spawned":[3,7,16,21,24],"killed_by":"Gensokyo:Eternal_Rivals","ascension_level":0}}