{"host":"2tgyrzvaa7l04o2e","time":1611494657,"event":{"mods":["BaseMod","Highlight Path","Minty Spire (QoL Compilation)","Permanent Neow","Relic Stats"],"gold_per_floor":[217,231,246,257,267,267,267,267],"floor_reached":7,"language":"ENG","playtime":304,"items_purged":[],"score":90,"play_id":"18e1afa1-4d70-47d6-80cd-b7b70bc2292c","local_time":"20210124142417","is_ascension_mode":true,"campfire_choices":[{"data":"Dagger Spray","floor":6,"key":"SMITH"}],"circlet_count":0,"master_deck":["AscendersBane","Strike_G","Strike_G","Strike_G","Strike_G","Strike_G","Defend_G","Defend_G","Defend_G","Defend_G","Defend_G","Survivor","Neutralize","Flying Knee","Dagger Spray+1","Blade Dance","Predator"],"relics":["Ring of the Snake"],"acts_visited":["Exordium"],"potions_floor_usage":[7],"damage_taken":[{"damage":1,"enemies":"Cultist","floor":1,"turns":4},{"damage":8,"enemies":"Jaw Worm","floor":2,"turns":6},{"damage":0,"enemies":"2 Louse","floor":3,"turns":3},{"damage":3,"enemies":"Looter","floor":4,"turns":4},{"damage":13,"enemies":"Gremlin Gang","floor":5,"turns":3},{"damage":40,"enemies":"Lagavulin","floor":7,"turns":5}],"seed_played":"7989755088145695744","potions_obtained":[{"floor":5,"key":"Poison Potion"}],"is_trial":false,"path_per_floor":["M","M","M","M","M","R","E"],"character_chosen":"THE_SILENT","items_purchased":[],"campfire_rested":0,"item_purchase_floors":[],"current_hp_per_floor":[58,50,50,47,34,34,0,0],"gold":267,"neow_bonus":"HUNDRED_GOLD","is_daily":false,"chose_seed":false,"campfire_upgraded":1,"win_rate":0.0,"timestamp":1611494657,"path_taken":["M","M","M","?","M","R","E"],"items_purchased_type":[],"build_version":"2020-12-22","purchased_purges":0,"victory":false,"max_hp_per_floor":[66,66,66,66,66,66,66,66],"relic_stats":{"counters":[6,25],"obtain_stats":[{"Ring of the Snake":0},{"Ring of the Snake":0},{"Ring of the Snake":0}],"Ring of the Snake":[12]},"card_choices":[{"not_picked":["PiercingWail","Calculated Gamble"],"picked":"Flying Knee","floor":1},{"not_picked":["Cloak And Dagger","Caltrops"],"picked":"Dagger Spray","floor":2},{"not_picked":["Backflip","Distraction"],"picked":"Blade Dance","floor":3},{"not_picked":["Prepared","Cloak And Dagger","Dodge and Roll"],"picked":"SKIP","floor":4},{"not_picked":["Escape Plan","Outmaneuver"],"picked":"Predator","floor":5}],"player_experience":647317,"relics_obtained":[],"event_choices":[],"is_beta":false,"boss_relics":[],"items_purged_floors":[],"is_endless":false,"potions_floor_spawned":[5],"killed_by":"Lagavulin","ascension_level":20}}