{"host":"c2bue2hyafvtxka5","time":1611494477,"event":{"mods":["BaseMod","Hermit","Minty Spire (QoL Compilation)","StSLib","The Cursed","The Disciple","The Necromancer","The Servant 0.9.4"],"gold_per_floor":[114,128,128,143,143,170,170,204,204,223,257,275,287,307,307,409,409,409,409,230,170,170,170,170,170,170,170,170],"floor_reached":27,"language":"ENG","playtime":1580,"items_purged":[],"score":275,"play_id":"3a617a24-88fa-4398-b223-32ef7b880447","local_time":"20210124082117","is_ascension_mode":false,"campfire_choices":[{"floor":15,"key":"REST"}],"circlet_count":0,"master_deck":["Strike_W","Strike_W","Strike_W","Strike_W","Defend_W+1","Defend_W","Defend_W","Defend_W","Negative_Energy_Arrows","Bone_Wall+1","Toxic_Smoke_Screen+1","Negative_Energy_Shield","Bone_Bullets","Bone_Armory","Bone_Armory","Vampiric_Strike","Bone_Armory","Summon_Undead","Summon_Lich","Decay","Summon_Undead","Summon_Undead_Army","Life_Drain"],"relics":["Runic Pyramid","Strawberry","Darkstone Periapt","Lantern","Regal Pillow","War Paint","Mercury Hourglass","Ectoplasm","Happy Flower","Orichalcum","Gambling Chip","Toxic Egg 2"],"acts_visited":["Exordium","TheCity"],"potions_floor_usage":[8,16,16,16,25,27],"damage_taken":[{"damage":0,"enemies":"Jaw Worm","floor":1,"turns":4},{"damage":6,"enemies":"Cultist","floor":2,"turns":5},{"damage":0,"enemies":"Small Slimes","floor":4,"turns":4},{"damage":5,"enemies":"3 Sentries","floor":6,"turns":13},{"damage":14,"enemies":"Gremlin Nob","floor":8,"turns":4},{"damage":5,"enemies":"3 Louse","floor":10,"turns":3},{"damage":6,"enemies":"3 Sentries","floor":11,"turns":13},{"damage":3,"enemies":"Red Slaver","floor":12,"turns":5},{"damage":0,"enemies":"2 Fungi Beasts","floor":13,"turns":2},{"damage":2,"enemies":"Looter","floor":14,"turns":3},{"damage":17,"enemies":"The Guardian","floor":16,"turns":14},{"damage":9,"enemies":"Spheric Guardian","floor":18,"turns":10},{"damage":10,"enemies":"2 Thieves","floor":21,"turns":4},{"damage":9,"enemies":"Book of Stabbing","floor":23,"turns":7},{"damage":6,"enemies":"Centurion and Healer","floor":24,"turns":8},{"damage":59,"enemies":"Slavers","floor":25,"turns":5},{"damage":5,"enemies":"Book of Stabbing","floor":27,"turns":2}],"seed_played":"-3468093385383633833","potions_obtained":[{"floor":1,"key":"CultistPotion"},{"floor":6,"key":"AttackPotion"},{"floor":8,"key":"Weak Potion"},{"floor":13,"key":"FearPotion"},{"floor":14,"key":"DuplicationPotion"},{"floor":16,"key":"Fire Potion"},{"floor":18,"key":"Block Potion"},{"floor":21,"key":"SkillPotion"}],"is_trial":false,"path_per_floor":["M","M","?","M","?","E","?","E","T","M","E","M","M","M","R","B",null,"M","?","$","M","?","E","M","E","T","E"],"character_chosen":"NECROMANCER","items_purchased":["Summon_Lich","Happy Flower"],"campfire_rested":1,"item_purchase_floors":[20,20],"current_hp_per_floor":[75,69,69,69,69,64,64,50,50,45,39,36,36,36,75,65,82,73,73,73,65,71,64,62,3,3,0,0],"gold":170,"neow_bonus":"BOSS_RELIC","is_daily":false,"chose_seed":false,"campfire_upgraded":0,"win_rate":0.0,"timestamp":1611494477,"path_taken":["M","M","?","?","?","E","?","E","T","M","E","?","M","M","R","BOSS","M","?","$","M","?","E","?","E","T","E"],"items_purchased_type":["Card","Relic"],"build_version":"2020-12-22","purchased_purges":0,"victory":false,"max_hp_per_floor":[75,75,75,75,82,82,82,82,82,82,82,82,82,82,82,82,82,82,82,82,82,88,88,88,88,88,88,88],"card_choices":[{"not_picked":["Corrupt","Negative_Energy_Sphere"],"picked":"Toxic_Smoke_Screen","floor":1},{"not_picked":["Shackles_Of_Pain","Blood_Whip"],"picked":"Negative_Energy_Shield","floor":2},{"not_picked":["Necrotic_Claws","Deaths_Shadow"],"picked":"Bone_Bullets","floor":4},{"not_picked":["Life_Tap","Bone_Prison"],"picked":"Bone_Armory","floor":6},{"not_picked":["Negative_Energy_Shield","Negative_Energy_Bomb"],"picked":"Bone_Armory","floor":8},{"not_picked":["Negative_Energy_Mist","Necrotic_Claws","Corrupt"],"picked":"SKIP","floor":10},{"not_picked":["Epidemic","Scare","Uncharnel"],"picked":"SKIP","floor":11},{"not_picked":["Death_Coil","Blood_Curse","Consume_Illness"],"picked":"SKIP","floor":12},{"not_picked":["Negative_Energy_Mist","Negative_Energy_Sphere"],"picked":"Vampiric_Strike","floor":13},{"not_picked":["Chill_Blood","Necrotic_Claws","Blood_Whip"],"picked":"SKIP","floor":14},{"not_picked":["Scare","Bone_Armor"],"picked":"Bone_Armory","floor":18},{"not_picked":["Death_Knell","Violent_Necrosis","Negative_Energy_Sphere+1"],"picked":"SKIP","floor":21},{"not_picked":["Plague_Bolt+1","Negative_Energy_Mist"],"picked":"Summon_Undead","floor":23},{"not_picked":["Finger_Of_Death","Death_Coil"],"picked":"Summon_Undead_Army","floor":24},{"not_picked":["Spectral_Armor","Acid_Javelin+1"],"picked":"Life_Drain","floor":25}],"player_experience":85021,"relics_obtained":[{"floor":6,"key":"Darkstone Periapt"},{"floor":7,"key":"Lantern"},{"floor":8,"key":"Regal Pillow"},{"floor":9,"key":"War Paint"},{"floor":11,"key":"Mercury Hourglass"},{"floor":23,"key":"Orichalcum"},{"floor":25,"key":"Gambling Chip"},{"floor":26,"key":"Toxic Egg 2"}],"event_choices":[{"damage_healed":0,"gold_gain":0,"player_choice":"Upgraded","damage_taken":0,"max_hp_gain":0,"max_hp_loss":0,"event_name":"Upgrade Shrine","floor":3,"gold_loss":0,"cards_upgraded":["Toxic_Smoke_Screen"]},{"damage_healed":0,"gold_gain":0,"player_choice":"Success","damage_taken":7,"relics_obtained":["Strawberry"],"max_hp_gain":0,"max_hp_loss":0,"event_name":"Scrap Ooze","floor":5,"gold_loss":0},{"damage_healed":0,"gold_gain":0,"player_choice":"Relic","damage_taken":0,"max_hp_gain":0,"max_hp_loss":0,"event_name":"Wheel of Change","floor":7,"gold_loss":0},{"damage_healed":0,"gold_gain":0,"player_choice":"Read","damage_taken":0,"max_hp_gain":0,"max_hp_loss":0,"event_name":"The Library","floor":19,"gold_loss":0,"cards_obtained":["Summon_Undead"]},{"damage_healed":0,"gold_gain":0,"player_choice":"Cursed","damage_taken":0,"max_hp_gain":0,"max_hp_loss":0,"event_name":"Wheel of Change","floor":22,"gold_loss":0,"cards_obtained":["Decay"]}],"is_beta":false,"boss_relics":[{"not_picked":["Cursed Key","Coffee Dripper"],"picked":"Ectoplasm"}],"items_purged_floors":[],"is_endless":false,"potions_floor_spawned":[1,6,8,13,14,16,18,21],"killed_by":"Book of Stabbing","ascension_level":0}}