{"host":"ooods2gf71idc86d","time":1611524633,"event":{"mods":["AchievementEnabler","BaseMod","Downfall","Marisa????????","Minty Spire (QoL Compilation)","Replay The Spire","StSLib","The Cursed","The Necromancer","The Servant 0.9.4"],"gold_per_floor":[116,291,291,12,287,312,312,337,337,353,368,388,0,18,18,119,119,139,139,139,12,28,53,53,67,90,109,109,135,147,186,198,305,317,339,32,44,44,60,60,90,90,90,90,116,128,128,139,139,139],"floor_reached":51,"language":"ENG","playtime":6978,"items_purged":["Regret","Doubt"],"score":1127,"play_id":"901d3fc5-11f0-4d40-b893-f306c306d64f","local_time":"20210124234353","is_ascension_mode":true,"campfire_choices":[{"data":"Neutralize","floor":7,"key":"SMITH"},{"data":"After Image","floor":15,"key":"SMITH"},{"data":"Infinite Blades","floor":15,"key":"SMITH"},{"floor":24,"key":"REST"},{"data":"A Thousand Cuts","floor":28,"key":"SMITH"},{"data":"Replay:Bag of Tricks","floor":28,"key":"SMITH"},{"data":"Corpse Explosion","floor":30,"key":"SMITH"},{"data":"Deadly Poison","floor":30,"key":"SMITH"},{"floor":32,"key":"REST"},{"data":"Accuracy","floor":42,"key":"SMITH"},{"data":"Accuracy","floor":42,"key":"SMITH"},{"data":"Apotheosis","floor":44,"key":"SMITH"},{"data":"Envenom","floor":44,"key":"SMITH"},{"data":"Cloak And Dagger","floor":47,"key":"SMITH"},{"data":"Infinite Blades","floor":47,"key":"SMITH"},{"floor":49,"key":"DIG"}],"circlet_count":0,"master_deck":["Defend_G+1","Defend_G+1","Survivor","Neutralize+1","Dagger Spray","Well Laid Plans","PiercingWail","Flying Knee","Deadly Poison","Blur","After Image+1","Infinite Blades+1","Dodge and Roll","Corpse Explosion+1","Replay:Bag of Tricks+1","Dodge and Roll+1","downfall:Aged","Deadly Poison","Cloak And Dagger+1","Accuracy+1","Riddle With Holes","Accuracy+1","Terror","A Thousand Cuts+1","Dash","Deadly Poison+1","Poisoned Stab","Envenom+1","Calculated Gamble","Infinite Blades+1","Dash","Madness","Madness","PiercingWail+1","Apotheosis+1","Chrysalis","Hidden Blade+1","ReplayTheSpireMod:From All Sides","Malaise","Leg Sweep+1","Poison Darts","Blade Dance+1"],"relics":["Ring of the Snake","NeowsBlessing","Potion Belt","Toy Ornithopter","War Paint","Juzu Bracelet","Replay:PocketPolymizer","Replay:Arrowhead","ChewingGum","Meat on the Bone","Enchiridion","Lantern","Orichalcum","MawBank","Du-Vu Doll","Painkiller Herb","Mummified Hand","Onion Ring","InkBottle","Akabeko","ReplayFunnel"],"acts_visited":["Exordium","TheCity","TheBeyond"],"potions_floor_usage":[11,12,23,29,33,39,41,41,45,50],"damage_taken":[{"damage":0,"enemies":"2 Louse","floor":1,"turns":1},{"damage":0,"enemies":"Lagavulin","floor":6,"turns":1},{"damage":4,"enemies":"3 Sentries","floor":8,"turns":2},{"damage":7,"enemies":"Jaw Worm","floor":10,"turns":5},{"damage":3,"enemies":"Small Slimes","floor":11,"turns":4},{"damage":15,"enemies":"Exordium Thugs","floor":12,"turns":7},{"damage":1,"enemies":"Blue Slaver","floor":14,"turns":5},{"damage":12,"enemies":"Fading Forest","floor":16,"turns":11},{"damage":9,"enemies":"Chosen","floor":18,"turns":6},{"damage":2,"enemies":"Spheric Guardian","floor":22,"turns":5},{"damage":39,"enemies":"Slavers","floor":23,"turns":4},{"damage":37,"enemies":"Shelled Parasite and Fungi","floor":25,"turns":6},{"damage":1,"enemies":"Snake Plant","floor":27,"turns":4},{"damage":3,"enemies":"Replay:Snechameleon","floor":29,"turns":5},{"damage":19,"enemies":"Book of Stabbing","floor":31,"turns":5},{"damage":32,"enemies":"Collector","floor":33,"turns":7},{"damage":0,"enemies":"3 Darklings","floor":35,"turns":4},{"damage":0,"enemies":"3 Shapes","floor":37,"turns":2},{"damage":11,"enemies":"Maw","floor":39,"turns":6},{"damage":0,"enemies":"R_Hoarder","floor":41,"turns":4},{"damage":14,"enemies":"Reptomancer","floor":45,"turns":3},{"damage":0,"enemies":"Transient","floor":46,"turns":5},{"damage":0,"enemies":"3 Darklings","floor":48,"turns":3},{"damage":22,"enemies":"Time Eater","floor":50,"turns":9}],"seed_played":"8015219504744942940","potions_obtained":[{"floor":1,"key":"Dexterity Potion"},{"floor":8,"key":"Energy Potion"},{"floor":16,"key":"Energy Potion"},{"floor":23,"key":"Energy Potion"},{"floor":29,"key":"Swift Potion"},{"floor":31,"key":"Fire Potion"},{"floor":33,"key":"Swift Potion"},{"floor":37,"key":"CunningPotion"},{"floor":39,"key":"Energy Potion"},{"floor":46,"key":"BlessingOfTheForge"},{"floor":48,"key":"SmokeBomb"}],"is_trial":false,"path_per_floor":["M","?","?","$","?","E","R","E","T","M","M","M","$","M","R","B",null,"M","?","?","$","M","E","R","M","T","M","R","E","R","E","R","B",null,"?","T","?","?","?","?","E","T","T","T","E","?","T","?","T","B",null],"character_chosen":"THE_SILENT","items_purchased":["Toy Ornithopter","Well Laid Plans","PiercingWail","Replay:Arrowhead","Deadly Poison","Mummified Hand","Infinite Blades"],"campfire_rested":2,"item_purchase_floors":[4,4,4,13,21,36,36],"current_hp_per_floor":[63,63,51,51,51,51,51,47,47,40,42,32,32,31,31,27,59,50,50,34,34,44,22,43,18,18,29,29,43,43,36,57,42,63,63,63,63,54,48,43,53,53,53,53,44,44,44,44,44,39],"gold":139,"neow_bonus":"THREE_ENEMY_KILL","is_daily":false,"chose_seed":false,"campfire_upgraded":13,"win_rate":0.0,"timestamp":1611524633,"path_taken":["M","?","?","?","?","E","R","E","T","M","M","M","$","M","R","BOSS","M","?","?","$","M","E","R","M","T","M","R","E","R","E","R","BOSS","?","T","?","?","?","?","E","T","T","T","E","?","T","?","T","BOSS"],"items_purchased_type":["Relic","Card","Card","Relic","Card","Relic","Card"],"build_version":"2020-12-22","purchased_purges":2,"victory":true,"max_hp_per_floor":[70,70,70,70,70,70,70,70,70,70,70,70,70,70,70,70,70,70,70,70,70,70,70,70,70,70,70,70,70,70,70,70,70,70,70,70,70,70,70,70,70,70,70,70,70,70,70,70,70,70],"card_choices":[{"not_picked":["Catalyst","Prepared"],"picked":"Dagger Spray","floor":1},{"not_picked":["Bane","Flechettes"],"picked":"Flying Knee","floor":6},{"not_picked":["Underhanded Strike","Escape Plan"],"picked":"Deadly Poison","floor":8},{"not_picked":["Dagger Throw","Quick Slash"],"picked":"Blur","floor":10},{"not_picked":["Outmaneuver","Underhanded Strike"],"picked":"After Image","floor":11},{"not_picked":["Outmaneuver","Setup"],"picked":"Infinite Blades","floor":12},{"not_picked":["Underhanded Strike","Reflex"],"picked":"Dodge and Roll","floor":14},{"not_picked":["Wraith Form v2","Glass Knife"],"picked":"Replay:Bag of Tricks","floor":16},{"not_picked":["ReplayTheSpireMod:Tripwire+1","Tactician+1"],"picked":"Dodge and Roll+1","floor":18},{"not_picked":["Slice","Acrobatics"],"picked":"Cloak And Dagger","floor":22},{"not_picked":["Underhanded Strike","Eviscerate+1"],"picked":"Accuracy","floor":23},{"not_picked":["Flying Knee","Heel Hook"],"picked":"Accuracy","floor":25},{"not_picked":["Dagger Throw","Toxin Wave"],"picked":"Terror","floor":27},{"not_picked":["Bouncing Flask","Wraith Form v2"],"picked":"Dash","floor":29},{"not_picked":["Deflect+1","Well Laid Plans","Deadly Poison"],"picked":"SKIP","floor":31},{"not_picked":["Die Die Die","Glass Knife"],"picked":"Envenom","floor":33},{"not_picked":["ReplayTheSpireMod:Scrap Shanks+1","Poisoned Stab"],"picked":"Calculated Gamble","floor":35},{"not_picked":["Acrobatics+1","ReplayTheSpireMod:Scrap Shanks+1"],"picked":"Dash","floor":37},{"not_picked":["Flying Knee","Bouncing Flask+1"],"picked":"PiercingWail+1","floor":39},{"not_picked":["Purity","Replay:Sssssssssshield"],"picked":"Apotheosis","floor":40},{"not_picked":["Impatience","Replay:Parry"],"picked":"Chrysalis","floor":40},{"not_picked":["Dagger Throw+1","Concentrate"],"picked":"Hidden Blade+1","floor":41},{"not_picked":["Heel Hook","ReplayTheSpireMod:Tripwire"],"picked":"Leg Sweep+1","floor":45},{"not_picked":["Bane+1","Flying Knee+1","Dagger Throw"],"picked":"SKIP","floor":46},{"not_picked":["Underhanded Strike+1","Quick Slash"],"picked":"Blade Dance+1","floor":48}],"player_experience":990979,"relics_obtained":[{"floor":6,"key":"War Paint"},{"floor":8,"key":"Juzu Bracelet"},{"floor":9,"key":"Replay:PocketPolymizer"},{"floor":20,"key":"Enchiridion"},{"floor":23,"key":"Lantern"},{"floor":26,"key":"Orichalcum"},{"floor":29,"key":"MawBank"},{"floor":31,"key":"Du-Vu Doll"},{"floor":41,"key":"Onion Ring"},{"floor":43,"key":"InkBottle"},{"floor":45,"key":"Akabeko"},{"floor":49,"key":"ReplayFunnel"}],"event_choices":[{"damage_healed":0,"gold_gain":175,"player_choice":"AGREE","damage_taken":0,"max_hp_gain":0,"max_hp_loss":0,"event_name":"Liars Game","floor":2,"gold_loss":0,"cards_obtained":["Doubt"]},{"damage_healed":0,"gold_gain":0,"player_choice":"Success","damage_taken":12,"relics_obtained":["Potion Belt"],"max_hp_gain":0,"max_hp_loss":0,"event_name":"Scrap Ooze","floor":3,"gold_loss":0},{"damage_healed":0,"gold_gain":275,"player_choice":"Desecrate","damage_taken":0,"max_hp_gain":0,"max_hp_loss":0,"event_name":"Golden Shrine","floor":5,"gold_loss":0,"cards_obtained":["Regret"]},{"damage_healed":0,"gold_gain":0,"player_choice":"Obtained Book","damage_taken":16,"max_hp_gain":0,"max_hp_loss":0,"event_name":"Cursed Tome","floor":20,"gold_loss":0},{"damage_healed":0,"gold_gain":0,"player_choice":"Embrace Madness","damage_taken":9,"max_hp_gain":0,"max_hp_loss":0,"event_name":"Winding Halls","floor":38,"gold_loss":0,"cards_obtained":["Madness","Madness"]},{"damage_healed":0,"gold_gain":0,"player_choice":"Memory 2","damage_taken":5,"max_hp_gain":0,"max_hp_loss":0,"event_name":"SensoryStone","floor":40,"gold_loss":0}],"is_beta":false,"boss_relics":[{"not_picked":["WristBlade","Replay:Drink Me"],"picked":"ChewingGum"},{"not_picked":["Runic Dome","SacredBark"],"picked":"Painkiller Herb"}],"items_purged_floors":[13,21],"is_endless":false,"potions_floor_spawned":[1,8,16,23,29,31,33,37,39,46,48],"ascension_level":7}}