{"host":"rzvepkyh9344fbo1","time":1611472645,"event":{"mods":["AchievementEnabler","Act Like it!","BaseMod","Colored Map","Colored Powertips","Curses Come First","Downfall","Hermit","Highlight Path","Minty Spire (QoL Compilation)","Replay The Spire","Shop Mod","StS++","StSLib","The Cursed","The Necromancer"],"gold_per_floor":[99,118,118,118,132,132,132,148,19,46,46,46,46,78,89,24,34,138,138,38,49,34,34,46,46,46,46],"floor_reached":25,"language":"ENG","playtime":3088,"items_purged":["hexamod:Defend","downfall:Malfunctioning"],"score":259,"play_id":"de9abb50-0cc8-4d68-8b84-04acec9742cf","local_time":"20210124181725","is_ascension_mode":false,"campfire_choices":[{"data":"hexamod:Float","floor":1,"key":"SMITH"},{"data":"hexamod:ThermalTransfer","floor":6,"key":"SMITH"},{"data":"hexamod:InspiringFlames","floor":11,"key":"SMITH"},{"data":"hexamod:HexaLevel","floor":20,"key":"SMITH"}],"circlet_count":0,"master_deck":["hexamod:Strike","hexamod:Strike","hexamod:Strike","hexamod:Strike+1","hexamod:Defend+1","hexamod:Defend+1","hexamod:Defend","hexamod:Sear","hexamod:Float+1","hexamod:SkipABeat","hexamod:FirstSeal","hexamod:FourthSeal","hexamod:ThermalTransfer+1","hexamod:RainOfEmbers+1","hexamod:InspiringFlames+1","hexamod:EmpoweredFlame","hexamod:SpectersWail+1","hexamod:PhantomCloak","hexamod:RecurringNightmare","hexamod:FastForward","hexamod:VolcanoVisage","hexamod:TimeOfNeed","hexamod:GhostflameInferno","hexamod:WildfireWeapon","hexamod:UnleashSpirits","hexamod:TimeWarp","hexamod:ForkedFlame","hexamod:SearingWound+1","hexamod:SixthSeal","hexamod:HexaLevel+1","hexamod:TurnItUp","hexamod:ParanormalForm","hexamod:UnlimitedPower","hexamod:VolcanoVisage","hexamod:FifthSeal","hexamod:GhostOfSpirePresent","hexamod:DynamicBlow+1","hexamod:SecondSeal","hexamod:GhostOfSpireFuture"],"relics":["hexamod:SpiritBrand","Molten Egg 2","Smiling Mask","Bottled Lightning","StSpp:CrystalBall","Nloth\u0027s Gift"],"acts_visited":["Exordium","TheCity"],"potions_floor_usage":[10,10,14,17,18,22,22,25,25],"damage_taken":[{"damage":0,"enemies":"Cultist","floor":2,"turns":4},{"damage":15,"enemies":"Small Slimes","floor":5,"turns":4},{"damage":0,"enemies":"Jaw Worm","floor":8,"turns":5},{"damage":0,"enemies":"downfall:FleeingMerchant","floor":9,"turns":4},{"damage":13,"enemies":"Lagavulin","floor":10,"turns":6},{"damage":0,"enemies":"Gremlin Nob","floor":14,"turns":4},{"damage":0,"enemies":"Blue Slaver","floor":15,"turns":3},{"damage":0,"enemies":"downfall:FleeingMerchant","floor":16,"turns":4},{"damage":3,"enemies":"Red Slaver","floor":17,"turns":3},{"damage":53,"enemies":"DF_ARCHETYPE_STREAMLINE","floor":18,"turns":12},{"damage":0,"enemies":"Chosen","floor":21,"turns":4},{"damage":1,"enemies":"downfall:FleeingMerchant","floor":22,"turns":4},{"damage":21,"enemies":"Shell Parasite","floor":24,"turns":6},{"damage":65,"enemies":"Shelled Parasite and Fungi","floor":25,"turns":5}],"seed_played":"-8955478926569453687","potions_obtained":[{"floor":2,"key":"SteroidPotion"},{"floor":5,"key":"BlessingOfTheForge"},{"floor":8,"key":"Energy Potion"},{"floor":9,"key":"Elixir"},{"floor":14,"key":"Fire Potion"},{"floor":14,"key":"FearPotion"},{"floor":16,"key":"SneckoOil"},{"floor":17,"key":"Venom Potion"},{"floor":21,"key":"hexamod:EctoCoolerPotion"},{"floor":22,"key":"Weak Potion"},{"floor":24,"key":"FearPotion"},{"floor":24,"key":"hexamod:DoubleChargePotion"}],"is_trial":false,"path_per_floor":["R","M","?","?","M","R","T","M","$","E","R","PTL","PTL","E","M","$","M","B",null,"R","M","$","?","M","M"],"character_chosen":"THE_SPIRIT","items_purchased":["hexamod:EmpoweredFlame"],"campfire_rested":0,"item_purchase_floors":[9],"current_hp_per_floor":[77,77,77,70,62,62,62,69,69,56,56,56,56,63,70,77,77,24,77,77,77,76,76,62,0,0,0],"gold":46,"neow_bonus":"TEN_PERCENT_HP_BONUS","is_daily":false,"chose_seed":false,"campfire_upgraded":4,"win_rate":0.0,"timestamp":1611472645,"path_taken":["R","M","?","?","M","R","T","M","?","E","R","PTL","PTL","E","M","$","M","BOSS","R","M","$","?","M","M"],"items_purchased_type":["Card"],"build_version":"2020-12-22","purchased_purges":2,"victory":false,"max_hp_per_floor":[77,77,77,77,77,77,77,77,77,77,77,77,77,77,77,77,77,77,77,77,77,77,77,77,77,77,77],"card_choices":[{"not_picked":["hexamod:Hexaguard","hexamod:ShieldOfDarkness"],"picked":"hexamod:SkipABeat","floor":2},{"not_picked":["hexamod:SpectersWail","hexamod:EtherealExpedition"],"picked":"hexamod:ThermalTransfer","floor":5},{"not_picked":["hexamod:FastForward","hexamod:HauntingEcho+1"],"picked":"hexamod:RainOfEmbers+1","floor":8},{"not_picked":["hexamod:GhostOfSpireFuture","hexamod:HeatMetal+1"],"picked":"hexamod:InspiringFlames","floor":9},{"not_picked":["hexamod:Firestarter+1","hexamod:Incineration+1"],"picked":"hexamod:SpectersWail+1","floor":10},{"not_picked":["hexamod:GhostShield","hexamod:Incineration+1","hexamod:UnleashSpirits+1"],"picked":"SKIP","floor":14},{"not_picked":["hexamod:NightmareGuise","hexamod:InspiringFlames"],"picked":"hexamod:PhantomCloak","floor":15},{"not_picked":["hexamod:FirstSeal","hexamod:BacktrackSmack+1"],"picked":"hexamod:RecurringNightmare","floor":16},{"not_picked":["hexamod:FourthSeal","hexamod:SecondSeal"],"picked":"hexamod:FastForward","floor":17},{"not_picked":["hexamod:UnleashSpirits+1","hexamod:HexaLevel"],"picked":"hexamod:VolcanoVisage","floor":18},{"not_picked":["hexamod:GhostLash+1","hexamod:ShieldOfDarkness+1"],"picked":"hexamod:DynamicBlow+1","floor":21},{"not_picked":["hexamod:SixthSeal","hexamod:FirstSeal"],"picked":"hexamod:SecondSeal","floor":22},{"not_picked":["hexamod:InspiringFlames","hexamod:NightmareGuise","hexamod:RainOfEmbers+1"],"picked":"SKIP","floor":22},{"not_picked":["hexamod:StepThrough+1","hexamod:Firestarter+1"],"picked":"hexamod:GhostOfSpireFuture","floor":24},{"not_picked":["hexamod:FirstSeal","hexamod:SixthSeal","hexamod:FourthSeal"],"picked":"SKIP","floor":24}],"player_experience":221483,"relics_obtained":[{"floor":7,"key":"Molten Egg 2"},{"floor":10,"key":"Smiling Mask"},{"floor":14,"key":"Bottled Lightning"}],"event_choices":[],"is_beta":false,"boss_relics":[{"not_picked":["StSpp:Magatama","Calling Bell"],"picked":"StSpp:CrystalBall"}],"items_purged_floors":[9,16],"is_endless":false,"potions_floor_spawned":[2,14,21,24],"killed_by":"Shelled Parasite and Fungi","ascension_level":0}}