{"host":"2tgyrzvaa7l04o2e","time":1611512947,"event":{"mods":["BaseMod","Highlight Path","Minty Spire (QoL Compilation)","Permanent Neow","Relic Stats"],"gold_per_floor":[20,30,43,59,134,134,169,169,196,214,214,214,214,248,248,343,343,356,369,48,60,60,89,89,114,114,114,131,147,147,158,158,254,254,265,282,335,82,82,111,111,143,167,167,178,205,126,154,154,154,154,154,8,42,42,42],"floor_reached":55,"language":"ENG","playtime":2835,"items_purged":["Strike_P","Strike_P"],"score":1181,"play_id":"50920758-b57b-4266-ad2b-27ae6ddb916d","local_time":"20210124192907","is_ascension_mode":true,"campfire_choices":[{"data":"Eruption","floor":6,"key":"SMITH"},{"data":"Conclude","floor":8,"key":"SMITH"},{"data":"EmptyFist","floor":11,"key":"SMITH"},{"data":"Protect","floor":15,"key":"SMITH"},{"floor":24,"key":"REST"},{"floor":27,"key":"REST"},{"data":"Establishment","floor":32,"key":"SMITH"},{"data":"Vault","floor":41,"key":"SMITH"},{"floor":49,"key":"RECALL"},{"data":"Ragnarok","floor":52,"key":"SMITH"}],"circlet_count":0,"master_deck":["Strike_P","Strike_P+1","Defend_P","Defend_P","Defend_P","Defend_P","Eruption+1","Vigilance","EmptyFist+1","Conclude+1","ClearTheMind","JustLucky","Protect","Protect+1","Establishment+1","EmptyFist","Tantrum+1","BattleHymn","CutThroughFate","SandsOfTime","Bandage Up","Adaptation","Halt","Wallop","FearNoEvil+1","Protect","Scrawl","Vault+1","Evaluate+1","FollowUp+1","Ragnarok+1","Meditate","TalkToTheHand","FearNoEvil+1","SashWhip+1"],"relics":["PureWater","Mango","Bag of Marbles","PreservedInsect","Art of War","Eternal Feather","Philosopher\u0027s Stone","Darkstone Periapt","Nunchaku","Dream Catcher","Runic Dome","Shovel","Du-Vu Doll","Gremlin Horn","Bird Faced Urn","Whetstone","Ornamental Fan","Happy Flower","Strawberry"],"acts_visited":["Exordium","TheCity","TheBeyond","TheEnding"],"potions_floor_usage":[7,16,25,25,33,33,46,48,50],"damage_taken":[{"damage":2,"enemies":"Jaw Worm","floor":1,"turns":3},{"damage":8,"enemies":"Small Slimes","floor":2,"turns":4},{"damage":0,"enemies":"Cultist","floor":3,"turns":2},{"damage":0,"enemies":"Lots of Slimes","floor":4,"turns":1},{"damage":25,"enemies":"Lagavulin","floor":7,"turns":5},{"damage":0,"enemies":"2 Fungi Beasts","floor":10,"turns":1},{"damage":0,"enemies":"Gremlin Nob","floor":14,"turns":2},{"damage":42,"enemies":"Hexaghost","floor":16,"turns":13},{"damage":11,"enemies":"Shell Parasite","floor":18,"turns":6},{"damage":14,"enemies":"Chosen","floor":19,"turns":7},{"damage":23,"enemies":"Sentry and Sphere","floor":21,"turns":6},{"damage":17,"enemies":"Book of Stabbing","floor":23,"turns":3},{"damage":41,"enemies":"Slavers","floor":25,"turns":3},{"damage":14,"enemies":"Cultist and Chosen","floor":28,"turns":3},{"damage":0,"enemies":"Snecko","floor":29,"turns":3},{"damage":0,"enemies":"Centurion and Healer","floor":31,"turns":4},{"damage":17,"enemies":"Champ","floor":33,"turns":9},{"damage":0,"enemies":"3 Shapes","floor":35,"turns":2},{"damage":2,"enemies":"Orb Walker","floor":36,"turns":4},{"damage":52,"enemies":"2 Orb Walkers","floor":37,"turns":5},{"damage":9,"enemies":"Giant Head","floor":40,"turns":6},{"damage":48,"enemies":"Reptomancer","floor":42,"turns":5},{"damage":1,"enemies":"Jaw Worm Horde","floor":45,"turns":4},{"damage":31,"enemies":"Giant Head","floor":46,"turns":8},{"damage":2,"enemies":"Reptomancer","floor":48,"turns":5},{"damage":53,"enemies":"Donu and Deca","floor":50,"turns":8},{"damage":67,"enemies":"Shield and Spear","floor":54,"turns":6},{"damage":117,"enemies":"The Heart","floor":55,"turns":2}],"seed_played":"6718770484239714720","potions_obtained":[{"floor":4,"key":"Ambrosia"},{"floor":7,"key":"EssenceOfSteel"},{"floor":10,"key":"Fire Potion"},{"floor":21,"key":"Explosive Potion"},{"floor":29,"key":"SkillPotion"},{"floor":31,"key":"Swift Potion"},{"floor":35,"key":"Energy Potion"},{"floor":37,"key":"FearPotion"},{"floor":40,"key":"SpeedPotion"},{"floor":45,"key":"Fruit Juice"},{"floor":54,"key":"Block Potion"}],"is_trial":false,"path_per_floor":["M","M","M","M","?","R","E","R","T","M","R","?","?","E","R","B",null,"M","M","$","M","?","E","R","E","T","R","M","M","?","M","R","B",null,"M","M","?","$","?","E","R","E","T","T","M","E","$","E","R","B",null,"R","$","E","B"],"character_chosen":"WATCHER","items_purchased":["Tantrum","BattleHymn","AttackPotion","CutThroughFate","Ragnarok","Meditate","Regen Potion","Happy Flower"],"campfire_rested":2,"item_purchase_floors":[20,20,20,20,38,38,47,53],"current_hp_per_floor":[77,69,69,69,58,58,33,33,33,33,33,38,38,38,47,5,70,59,45,45,22,22,9,48,11,11,53,39,43,43,47,62,49,81,81,83,35,35,80,71,80,36,36,36,41,25,25,47,65,22,69,85,85,33,0,0],"gold":42,"neow_bonus":"ONE_RARE_RELIC","is_daily":false,"chose_seed":false,"campfire_upgraded":7,"win_rate":0.0,"timestamp":1611512947,"path_taken":["M","M","M","M","?","R","E","R","T","M","R","?","?","E","R","BOSS","M","M","$","M","?","E","R","E","T","R","M","?","?","M","R","BOSS","M","M","?","$","?","E","R","E","T","?","M","E","$","E","R","BOSS","R","$","E","BOSS"],"items_purchased_type":["Card","Card","Potion","Card","Card","Card","Potion","Relic"],"build_version":"2020-12-22","purchased_purges":2,"victory":false,"max_hp_per_floor":[86,86,86,86,86,86,86,86,86,86,86,91,91,91,91,91,91,91,91,91,91,91,91,91,91,91,91,91,91,91,91,91,91,91,91,91,91,91,80,80,80,80,80,80,80,85,85,85,85,85,85,85,85,92,92,92],"relic_stats":{"Darkstone Periapt":0,"Gremlin Horn":[7,7],"Happy Flower":[2],"counters":[28,130],"Eternal Feather":94,"PreservedInsect":566,"Whetstone":["Tantrum","Strike_P"],"Nunchaku":[22],"Dream Catcher":1,"Shovel":0,"Ornamental Fan":[60],"Bird Faced Urn":[26],"Art of War":[5],"obtain_stats":[{"Darkstone Periapt":23,"Gremlin Horn":42,"Happy Flower":53,"Mango":0,"Eternal Feather":14,"PreservedInsect":9,"Whetstone":46,"Du-Vu Doll":40,"Runic Dome":34,"Nunchaku":25,"Dream Catcher":26,"Shovel":37,"Ornamental Fan":48,"Bird Faced Urn":44,"Strawberry":54,"Philosopher\u0027s Stone":17,"Bag of Marbles":7,"Art of War":13,"PureWater":0},{"Darkstone Periapt":12,"Gremlin Horn":22,"Happy Flower":26,"Mango":0,"Eternal Feather":7,"PreservedInsect":5,"Whetstone":24,"Du-Vu Doll":21,"Runic Dome":17,"Nunchaku":13,"Dream Catcher":13,"Shovel":20,"Ornamental Fan":25,"Bird Faced Urn":22,"Strawberry":27,"Philosopher\u0027s Stone":8,"Bag of Marbles":5,"Art of War":6,"PureWater":0},{"Darkstone Periapt":53,"Gremlin Horn":97,"Happy Flower":122,"Mango":0,"Eternal Feather":18,"PreservedInsect":15,"Whetstone":109,"Du-Vu Doll":92,"Runic Dome":75,"Nunchaku":56,"Dream Catcher":56,"Shovel":86,"Ornamental Fan":114,"Bird Faced Urn":97,"Strawberry":128,"Philosopher\u0027s Stone":31,"Bag of Marbles":15,"Art of War":16,"PureWater":0}]},"card_choices":[{"not_picked":["Evaluate","FollowUp"],"picked":"EmptyFist","floor":1},{"not_picked":["JustLucky","Consecrate"],"picked":"Conclude","floor":2},{"not_picked":["SignatureMove","Fasting2"],"picked":"ClearTheMind","floor":3},{"not_picked":["PathToVictory","DevaForm","FollowUp"],"picked":"SKIP","floor":4},{"not_picked":["Swivel","Vengeance"],"picked":"JustLucky","floor":7},{"not_picked":["SandsOfTime","CrushJoints"],"picked":"Protect","floor":10},{"not_picked":["WaveOfTheHand","Consecrate"],"picked":"Protect","floor":14},{"not_picked":["DevaForm","Wish"],"picked":"Establishment","floor":16},{"not_picked":["DeceiveReality","JustLucky"],"picked":"EmptyFist","floor":18},{"not_picked":["CrushJoints","Sanctity","JustLucky"],"picked":"SKIP","floor":19},{"not_picked":["Consecrate","CrushJoints"],"picked":"SandsOfTime","floor":21},{"not_picked":["JustLucky","SandsOfTime"],"picked":"Halt","floor":23},{"not_picked":["CutThroughFate","MasterReality"],"picked":"Wallop","floor":25},{"not_picked":["EmptyFist","Protect"],"picked":"FearNoEvil+1","floor":28},{"not_picked":["WindmillStrike","ClearTheMind"],"picked":"Protect","floor":29},{"not_picked":["ClearTheMind+1","SashWhip","Indignation"],"picked":"SKIP","floor":31},{"not_picked":["Omniscience","DeusExMachina"],"picked":"Vault","floor":33},{"not_picked":["Protect","CrushJoints","JustLucky"],"picked":"SKIP","floor":35},{"not_picked":["PathToVictory+1","FlurryOfBlows"],"picked":"Evaluate+1","floor":36},{"not_picked":["Consecrate+1","Fasting2+1"],"picked":"FollowUp+1","floor":37},{"not_picked":["Protect","Halt+1","EmptyBody"],"picked":"SKIP","floor":40},{"not_picked":["LessonLearned","BowlingBash","Establishment"],"picked":"SKIP","floor":42},{"not_picked":["Crescendo","ClearTheMind","Worship+1"],"picked":"SKIP","floor":45},{"not_picked":["SandsOfTime","ClearTheMind+1"],"picked":"TalkToTheHand","floor":46},{"not_picked":["Crescendo+1","Pray+1"],"picked":"FearNoEvil+1","floor":48},{"not_picked":["FlyingSleeves","EmptyBody"],"picked":"SashWhip+1","floor":54}],"player_experience":662190,"relics_obtained":[{"floor":7,"key":"Bag of Marbles"},{"floor":9,"key":"PreservedInsect"},{"floor":14,"key":"Eternal Feather"},{"floor":23,"key":"Darkstone Periapt"},{"floor":25,"key":"Nunchaku"},{"floor":26,"key":"Dream Catcher"},{"floor":37,"key":"Shovel"},{"floor":40,"key":"Du-Vu Doll"},{"floor":42,"key":"Gremlin Horn"},{"floor":44,"key":"Bird Faced Urn"},{"floor":46,"key":"Whetstone"},{"floor":48,"key":"Ornamental Fan"},{"floor":54,"key":"Strawberry"}],"event_choices":[{"damage_healed":0,"gold_gain":75,"player_choice":"Gather Gold","damage_taken":11,"max_hp_gain":0,"max_hp_loss":0,"event_name":"World of Goop","floor":5,"gold_loss":0},{"damage_healed":0,"gold_gain":0,"player_choice":"Donut","damage_taken":0,"max_hp_gain":5,"max_hp_loss":0,"event_name":"Big Fish","floor":12,"gold_loss":0},{"damage_healed":0,"gold_gain":0,"player_choice":"Gave Potion","damage_taken":0,"relics_obtained":["Art of War"],"max_hp_gain":0,"max_hp_loss":0,"event_name":"WeMeetAgain","floor":13,"gold_loss":0},{"damage_healed":0,"gold_gain":0,"player_choice":"2 cards matched","damage_taken":0,"max_hp_gain":0,"max_hp_loss":0,"event_name":"Match and Keep!","floor":22,"gold_loss":0,"cards_obtained":["Bandage Up","Adaptation"]},{"damage_healed":0,"gold_gain":0,"player_choice":"Read","damage_taken":0,"max_hp_gain":0,"max_hp_loss":0,"event_name":"The Library","floor":30,"gold_loss":0,"cards_obtained":["Scrawl"]},{"damage_healed":0,"gold_gain":0,"player_choice":"Fight","damage_taken":0,"max_hp_gain":0,"max_hp_loss":0,"event_name":"Mysterious Sphere","floor":37,"gold_loss":0},{"damage_healed":80,"gold_gain":0,"player_choice":"Heal","damage_taken":0,"max_hp_gain":0,"max_hp_loss":11,"event_name":"The Moai Head","floor":39,"gold_loss":0}],"is_beta":false,"boss_relics":[{"not_picked":["Cursed Key","Calling Bell"],"picked":"Philosopher\u0027s Stone"},{"not_picked":["Runic Pyramid","Black Star"],"picked":"Runic Dome"}],"items_purged_floors":[20,38],"is_endless":false,"potions_floor_spawned":[4,7,10,21,29,31,35,37,40,45,54],"killed_by":"The Heart","ascension_level":8}}