{"host":"tr12w2fixbnujl15","time":1611511051,"event":{"mods":["100% Spire Juice","2.2 Compatiblity","Arknights The Spire","BaseMod","Better Skull","BetterRewards","CapriCore","Clockwork Mod","Colored Powertips","Evolution","Hermit","Hubris","Infinite Spire","JesterMod","Koishi","Mad Scientist","Magitek Elite","Minty Spire (QoL Compilation)","Prisma Mod","Quick Restart","Replay The Spire","Shop Mod","StSLib","SuperFastMode","The Accelerator","The Animator","The Bug Knight","The Construct","The Cursed","The Hierophant","The Immortal","The Mystic","The Necromancer","The Runesmith","The Sage","The Senshi","The Servant 0.9.4","The Spell Scribe","TheFirefly","TheVelvet","WarShipGirlsR/????R mod","Yakumo Yukari mod"],"gold_per_floor":[114,114,129,152,152,152,170,170,196,196,196,39,50,60,60,74,74,74,74],"floor_reached":18,"language":"ENG","playtime":509,"items_purged":[],"score":112,"play_id":"d155ba35-e999-449e-8900-78c8501bfaee","local_time":"20210124125731","is_ascension_mode":false,"campfire_choices":[{"floor":8,"key":"REST"},{"floor":10,"key":"REST"},{"floor":17,"key":"REST"}],"circlet_count":0,"master_deck":["Strike_L","Strike_L","Strike_L","Strike_L","Defend_L","Defend_L","Defend_L","Defend_L","Defend_L","Fire2","Cure","Thunder_P","hubris:Fate+1","Diamond_Shield2","Float2_Spell","Aero","Haste","Thunder_Blade","Thunder_Blade"],"relics":["Pendant","EVO:Axolotl","NeowsBlessing","ReplayTheSpireMod:Lightbulb","construct:FoamFinger","Pear","Blue Doll"],"acts_visited":["Exordium"],"potions_floor_usage":[14,18,18],"damage_taken":[{"damage":0,"enemies":"2 Louse","floor":1,"turns":1},{"damage":0,"enemies":"Jaw Worm","floor":3,"turns":1},{"damage":0,"enemies":"Small Slimes","floor":7,"turns":1},{"damage":55,"enemies":"3 Sentries","floor":9,"turns":9},{"damage":11,"enemies":"Looter","floor":13,"turns":3},{"damage":26,"enemies":"Gremlin Gang","floor":14,"turns":7},{"damage":12,"enemies":"3 Louse","floor":16,"turns":4},{"damage":48,"enemies":"Hexaghost","floor":18,"turns":10}],"seed_played":"3925736177112553408","potions_obtained":[{"floor":7,"key":"Dexterity Potion"},{"floor":13,"key":"Block Potion"},{"floor":16,"key":"Weak Potion"}],"is_trial":false,"path_per_floor":["M","?","M","T","PTL","PTL","M","R","E","R","T","$","M","M","?","M","R","B"],"character_chosen":"MAGITEKELITE","items_purchased":["Blue Doll"],"campfire_rested":3,"item_purchase_floors":[12],"current_hp_per_floor":[63,49,49,49,49,49,49,63,17,35,45,45,40,20,20,14,35,0,0],"gold":74,"neow_bonus":"THREE_ENEMY_KILL","is_daily":false,"chose_seed":false,"campfire_upgraded":0,"win_rate":0.0,"timestamp":1611511051,"path_taken":["M","?","M","?","PTL","PTL","M","R","E","R","T","$","M","M","?","M","R","BOSS"],"items_purchased_type":["Relic"],"build_version":"2020-12-22","purchased_purges":0,"victory":false,"max_hp_per_floor":[63,63,63,63,63,63,63,63,63,63,73,73,73,73,73,73,73,73,73],"card_choices":[{"not_picked":["Slow","Throw"],"picked":"Thunder_P","floor":1},{"not_picked":["infinitespire:Menacing","infinitespire:TheBestDefense"],"picked":"hubris:Fate","floor":2},{"not_picked":["Heavy_Shield","Circlet"],"picked":"Diamond_Shield2","floor":3},{"not_picked":["Thunder_P","Gladius"],"picked":"Float2_Spell","floor":7},{"not_picked":["Transpose2","Heavy_Shield"],"picked":"Aero","floor":9},{"not_picked":["Icebrand","Water"],"picked":"Haste","floor":13},{"not_picked":["Flare","Aero"],"picked":"Thunder_Blade","floor":14},{"not_picked":["Focus","Icebrand"],"picked":"Thunder_Blade","floor":16}],"player_experience":80237,"relics_obtained":[{"floor":4,"key":"ReplayTheSpireMod:Lightbulb"},{"floor":9,"key":"construct:FoamFinger"},{"floor":11,"key":"Pear"}],"event_choices":[{"damage_healed":0,"gold_gain":0,"player_choice":"Grow","damage_taken":0,"max_hp_gain":0,"max_hp_loss":0,"event_name":"Living Wall","floor":15,"gold_loss":0,"cards_upgraded":["hubris:Fate"]}],"is_beta":false,"boss_relics":[],"items_purged_floors":[],"is_endless":false,"potions_floor_spawned":[7,13,16],"killed_by":"Hexaghost","ascension_level":0}}