{"host":"n7mxhpjy89lltbhc","time":1611500141,"event":{"mods":["2.2 Compatiblity","Act Like it!","BaseMod","Better Match","Better Sensory Stone","Better Synergies","BetterRewards","Colored Map","Colored Powertips","Downfall","Exacting","Gensokyo","Infinite Spire","Jedi Mod","Marisa????????","Minty Spire (QoL Compilation)","Permanent Neow","Rare Cards Sparkle","Relic Stats","Replay The Spire","Shop Mod","Small Relic Pack","Spicy Shops","Spire Arcade","StSLib","The Blue Laboratory","The Servant 0.9.4","Waifu the Spire","Wandering Minibosses"],"gold_per_floor":[99,114,114,145,55,90,113,142,592,606,632,664,692,722,736,837,837,737,756,756,756,774,343,413,448,482,500,54,66,66,95,115,115,115,115],"floor_reached":33,"language":"ENG","playtime":1619,"items_purged":["downfall:Malfunctioning","downfall:Icky","downfall:Icky"],"score":438,"play_id":"910d08b2-9865-4fe9-9a6c-4ab5157128e3","local_time":"25640124215541","is_ascension_mode":true,"campfire_choices":[{"data":"bronze:RecursiveStrike","floor":1.0,"key":"SMITH"},{"floor":30,"key":"REST"}],"circlet_count":0,"master_deck":["bronze:Strike","bronze:Strike+1","bronze:Strike","bronze:Strike+1","bronze:Defend+1","bronze:Defend","bronze:Defend","bronze:Defend+1","bronze:Replicate","bronze:Goto","bronze:RecursiveStrike+1","bronze:DelayedGuard","bronze:Terminator","bronze:Repair","bronze:ForceShield","downfall:Icky","bronze:BronzeOrb","bronze:Refactor","bronze:ChosenStrike","bronze:Shell","bronze:FollowUp+1","bronze:Separator","bronze:Break","RitualDagger","bronze:ItsAFeature","ReplayTheSpireMod:Haul","bronze:FineTuning+1","bronze:Boost","wanderingMiniBosses:FinaleOfPromise","bronze:MaxOutput","bronze:Allocate","bronze:BronzeArmor"],"relics":["bronze:BronzeCore","Replay:Bottled Steam","Replay:Baseball","infinitespire:WardingShard","Letter Opener","Whetstone","downfall:HeartBlessingGreen","wanderingMiniBosses:Blackblade","Bottled Flame","Onion Ring","Replay:Kaleidoscope","Pondfish Scales","Ornamental Fan"],"acts_visited":["Exordium","TheCity"],"potions_floor_usage":[27,33,33],"damage_taken":[{"damage":4.0,"enemies":"Jaw Worm","floor":2.0,"turns":3.0},{"damage":0.0,"enemies":"2 Louse","floor":4.0,"turns":3.0},{"damage":7.0,"enemies":"downfall:FleeingMerchant","floor":5.0,"turns":7.0},{"damage":29.0,"enemies":"3 Sentries","floor":6.0,"turns":7.0},{"damage":31.0,"enemies":"Gremlin Nob","floor":8.0,"turns":4.0},{"damage":0.0,"enemies":"Cultist","floor":10.0,"turns":2.0},{"damage":10.0,"enemies":"Red Slaver","floor":11.0,"turns":5.0},{"damage":5.0,"enemies":"3 Sentries","floor":12.0,"turns":6.0},{"damage":5.0,"enemies":"3 Louse","floor":13.0,"turns":2.0},{"damage":0.0,"enemies":"Lagavulin","floor":14.0,"turns":7.0},{"damage":4.0,"enemies":"Blue Slaver","floor":15.0,"turns":4.0},{"damage":12.0,"enemies":"DF_ARCHETYPE_STREAMLINE","floor":16.0,"turns":12.0},{"damage":0.0,"enemies":"Spheric Guardian","floor":19.0,"turns":4.0},{"damage":0.0,"enemies":"Chosen","floor":22.0,"turns":4.0},{"damage":1.0,"enemies":"downfall:FleeingMerchant","floor":23.0,"turns":7.0},{"damage":34.0,"enemies":"Nightmare","floor":25.0,"turns":6.0},{"damage":15.0,"enemies":"Snake Plant","floor":26.0,"turns":3.0},{"damage":3,"enemies":"Cultist and Chosen","floor":27,"turns":4},{"damage":3,"enemies":"downfall:FleeingMerchant","floor":28,"turns":4},{"damage":8,"enemies":"Sentry and Sphere","floor":29,"turns":5},{"damage":16,"enemies":"Book of Stabbing","floor":31,"turns":5},{"damage":0,"enemies":"Snecko","floor":32,"turns":2},{"damage":42,"enemies":"SI_MIRROR_ARCHETYPE","floor":33,"turns":8}],"seed_played":"7845761109622035796","potions_obtained":[{"floor":4.0,"key":"LiquidBronze"},{"floor":8.0,"key":"Dexterity Potion"},{"floor":11.0,"key":"blueLaboratory:NullPotion"},{"floor":14.0,"key":"blueLaboratory:PyrophylliteBrew"},{"floor":15.0,"key":"Fire Potion"},{"floor":22.0,"key":"Milkshake"},{"floor":26.0,"key":"blueLaboratory:EmptyBottle"},{"floor":29,"key":"champ:CounterPotion"},{"floor":32,"key":"Weak Potion"}],"is_trial":false,"path_per_floor":["R","M","?","M","$","E","T","E","?","M","M","E","M","E","M","B",null,"R_BF","M","?","?","M","$","T","NM","M","M","$","M","R","E","M","B"],"character_chosen":"THE_AUTOMATON","items_purchased":["bronze:MaxOutput","bronze:Allocate","Bottled Flame","Pondfish Scales"],"campfire_rested":1,"item_purchase_floors":[23,23,23,28],"current_hp_per_floor":[70,66,66,66,59,30,30,6,6,6,3,5,9,16,19,14,70,64,70,70,53,60,66,66,39,24,28,25,25,46,30,30,0,0,0],"gold":115,"neow_bonus":"THREE_RARE_CARDS","is_daily":false,"chose_seed":false,"campfire_upgraded":1,"win_rate":0.0,"timestamp":1611500141,"path_taken":["R","M","?","M","$","E","T","E","?","?","M","E","M","E","M","BOSS","R_BF","M","?","?","M","$","T","NM","M","M","?","?","R","E","M","BOSS"],"items_purchased_type":["Card","Card","Relic","Relic"],"build_version":"2020-12-22","purchased_purges":3,"victory":false,"max_hp_per_floor":[70,70,70,70,70,70,70,70,70,70,70,70,70,70,70,70,70,70,70,70,70,70,70,70,70,70,70,70,70,70,70,70,70,70,70],"relic_stats":{"counters":[23,114],"Ornamental Fan":[8],"Letter Opener":[61],"Whetstone":["bronze:Strike","bronze:FollowUp"],"obtain_stats":[{"bronze:BronzeCore":0,"downfall:HeartBlessingGreen":18,"Letter Opener":12,"Whetstone":14,"Replay:Kaleidoscope":25,"Replay:Baseball":7,"Bottled Flame":23,"Pondfish Scales":28,"infinitespire:WardingShard":8,"wanderingMiniBosses:Blackblade":23,"Ornamental Fan":31,"Onion Ring":24,"Replay:Bottled Steam":6},{"bronze:BronzeCore":0,"downfall:HeartBlessingGreen":12,"Letter Opener":8,"Whetstone":10,"Replay:Kaleidoscope":16,"Replay:Baseball":4,"Bottled Flame":15,"Pondfish Scales":19,"infinitespire:WardingShard":5,"wanderingMiniBosses:Blackblade":15,"Ornamental Fan":21,"Onion Ring":15,"Replay:Bottled Steam":4},{"bronze:BronzeCore":0,"downfall:HeartBlessingGreen":62,"Letter Opener":37,"Whetstone":46,"Replay:Kaleidoscope":83,"Replay:Baseball":20,"Bottled Flame":77,"Pondfish Scales":94,"infinitespire:WardingShard":24,"wanderingMiniBosses:Blackblade":77,"Ornamental Fan":104,"Onion Ring":77,"Replay:Bottled Steam":20}]},"card_choices":[{"not_picked":["bronze:ShipIt","bronze:Format"],"picked":"bronze:RecursiveStrike","floor":0.0},{"not_picked":["bronze:BugBarrage","bronze:DelayedSlice"],"picked":"bronze:DelayedGuard","floor":2.0},{"not_picked":["bronze:Iterate","bronze:Deprecate"],"picked":"bronze:Terminator","floor":4.0},{"not_picked":["bronze:Allocate","bronze:DelayedSlice","bronze:WildBeam"],"picked":"SKIP","floor":5.0},{"not_picked":["bronze:WildBeam","bronze:Shield"],"picked":"bronze:Repair","floor":6.0},{"not_picked":["bronze:ItsAFeature","bronze:Return"],"picked":"bronze:ForceShield","floor":6.0},{"not_picked":["bronze:WildBeam","bronze:BitShift","bronze:BuggyMess"],"picked":"SKIP","floor":8.0},{"not_picked":["bronze:Branch","bronze:WildBeam"],"picked":"bronze:BronzeOrb","floor":10.0},{"not_picked":["bronze:DelayedGuard","bronze:Repulsor"],"picked":"bronze:Refactor","floor":11.0},{"not_picked":["bronze:ShipIt","bronze:DelayedGuard"],"picked":"bronze:ChosenStrike","floor":12.0},{"not_picked":["bronze:BitShift","bronze:CutThrough"],"picked":"bronze:Shell","floor":12.0},{"not_picked":["bronze:BugBarrage","bronze:Branch"],"picked":"bronze:FollowUp","floor":13.0},{"not_picked":["bronze:NullPointer","bronze:Shield"],"picked":"bronze:Separator","floor":14.0},{"not_picked":["bronze:Overheat","bronze:Deprecate","bronze:Invalidate"],"picked":"SKIP","floor":15.0},{"not_picked":["bronze:Assembly","bronze:Virus"],"picked":"bronze:Break","floor":16.0},{"not_picked":["bronze:ItsAFeature","bronze:Return","bronze:Safeguard+1"],"picked":"SKIP","floor":19.0},{"not_picked":["bronze:Return","bronze:Safeguard+1"],"picked":"bronze:ItsAFeature","floor":19.0},{"not_picked":["infinitespire:SealOfDarkness+","infinitespire:Oblivion"],"picked":"ReplayTheSpireMod:Haul","floor":21.0},{"not_picked":["bronze:Refactor+1","bronze:Backtrace"],"picked":"bronze:FineTuning+1","floor":22.0},{"not_picked":["bronze:Overload","bronze:Repulsor+1"],"picked":"bronze:Boost","floor":23.0},{"not_picked":[],"picked":"wanderingMiniBosses:FinaleOfPromise","floor":23.0},{"not_picked":["bronze:BurnOut","bronze:DelayedSlice"],"picked":"bronze:BronzeArmor","floor":25.0},{"not_picked":["bronze:DelayedGuard","bronze:CutThrough","bronze:Iterate"],"picked":"SKIP","floor":26.0},{"not_picked":["bronze:OilSpill+1","bronze:DelayedGuard+1","bronze:BurnOut"],"picked":"SKIP","floor":27},{"not_picked":["bronze:CutThrough","bronze:Deprecate","bronze:NullPointer"],"picked":"SKIP","floor":28},{"not_picked":["bronze:CutThrough","bronze:Return+1","bronze:Deprecate"],"picked":"SKIP","floor":29},{"not_picked":["bronze:DelayedGuard","bronze:Constructor","bronze:CutThrough"],"picked":"SKIP","floor":31},{"not_picked":["bronze:Iterate+1","bronze:BuggyMess","bronze:FineTuning"],"picked":"SKIP","floor":32}],"player_experience":1027112,"relics_obtained":[{"floor":6.0,"key":"Replay:Bottled Steam"},{"floor":7.0,"key":"Replay:Baseball"},{"floor":8.0,"key":"infinitespire:WardingShard"},{"floor":12.0,"key":"Letter Opener"},{"floor":14.0,"key":"Whetstone"},{"floor":23.0,"key":"wanderingMiniBosses:Blackblade"},{"floor":24.0,"key":"Onion Ring"},{"floor":25.0,"key":"Replay:Kaleidoscope"},{"floor":31,"key":"Ornamental Fan"}],"event_choices":[],"is_beta":false,"boss_relics":[{"not_picked":["Pandora\u0027s Box","Snecko Eye","Honey Jar"]}],"items_purged_floors":[5,23,28],"is_endless":false,"potions_floor_spawned":[4,8,11,14,15,22,26,29,32],"killed_by":"SI_MIRROR_ARCHETYPE","ascension_level":4}}