{"host":"lnt5dzsuhru0aonl","time":1611497235,"event":{"mods":["2.2 Compatiblity","BaseMod","Colored Map","Colored Powertips","DeckTracker","Keyboard Shortcuts","Minty Spire (QoL Compilation)","Permanent Neow","Rare Cards Sparkle","StSLib","SuperFastMode","everything is the same but u backflip on backflip"],"gold_per_floor":[362,20,95,95,95,130,130,141,141,141,141],"floor_reached":10,"language":"KOR","playtime":160,"items_purged":["Strike_B"],"score":128,"play_id":"facaaa02-b999-4378-a746-04f3a26a0c4c","local_time":"20210124230715","is_ascension_mode":true,"campfire_choices":[{"data":"Zap","floor":7.0,"key":"SMITH"}],"circlet_count":0,"master_deck":["AscendersBane","Strike_B","Strike_B","Defend_B","Defend_B","Defend_B","Defend_B","Zap+1","Dualcast","Sweeping Beam","Loop","Sweeping Beam","Defragment","Cold Snap"],"relics":["Cracked Core","PreservedInsect","StrikeDummy","Blue Candle"],"acts_visited":["Exordium"],"potions_floor_usage":[],"damage_taken":[{"damage":2.0,"enemies":"Jaw Worm","floor":1.0,"turns":3.0},{"damage":20.0,"enemies":"Lagavulin","floor":6.0,"turns":6.0},{"damage":6.0,"enemies":"2 Louse","floor":8.0,"turns":2.0},{"damage":39,"enemies":"Gremlin Nob","floor":10,"turns":3}],"seed_played":"-1007033624978836990","potions_obtained":[],"is_trial":false,"path_per_floor":["M","$","?","?","?","E","R","M","T","E"],"character_chosen":"DEFECT","items_purchased":["PreservedInsect","Loop","Sweeping Beam"],"campfire_rested":0,"item_purchase_floors":[2,2,2],"current_hp_per_floor":[44,44,33,56,49,29,29,23,23,0,0],"gold":141,"neow_bonus":"TWO_FIFTY_GOLD","is_daily":false,"chose_seed":false,"campfire_upgraded":1,"win_rate":0.0,"timestamp":1611497235,"path_taken":["M","$","?","?","?","E","R","M","T","E"],"items_purchased_type":["Relic","Card","Card"],"build_version":"2020-12-22","purchased_purges":1,"victory":false,"max_hp_per_floor":[71,71,71,71,71,71,71,71,71,71,71],"card_choices":[{"not_picked":["Double Energy","Rebound"],"picked":"Sweeping Beam","floor":1.0},{"not_picked":["Aggregate","Steam"],"picked":"Defragment","floor":6.0},{"not_picked":["Hello World","Stack"],"picked":"Cold Snap","floor":8.0}],"player_experience":754991,"relics_obtained":[{"floor":6.0,"key":"StrikeDummy"},{"floor":9.0,"key":"Blue Candle"}],"event_choices":[{"damage_healed":0.0,"max_hp_gain":0.0,"max_hp_loss":0.0,"gold_gain":75.0,"event_name":"World of Goop","player_choice":"Gather Gold","floor":3.0,"gold_loss":0.0,"damage_taken":11.0},{"damage_healed":23.0,"max_hp_gain":0.0,"max_hp_loss":0.0,"gold_gain":0.0,"event_name":"Big Fish","player_choice":"Banana","floor":4.0,"gold_loss":0.0,"damage_taken":0.0},{"cards_removed":["Strike_B"],"damage_healed":0.0,"max_hp_gain":0.0,"max_hp_loss":0.0,"gold_gain":0.0,"event_name":"Golden Wing","player_choice":"Card Removal","floor":5.0,"gold_loss":0.0,"damage_taken":7.0}],"is_beta":false,"boss_relics":[],"items_purged_floors":[2],"is_endless":false,"potions_floor_spawned":[],"killed_by":"Gremlin Nob","ascension_level":20}}