{"host":"7wagoesq7cf4lu47","time":1611491205,"event":{"mods":["BaseMod","Minty Spire (QoL Compilation)","StSLib","Yuyuko"],"gold_per_floor":[111,111,36,51,51,51,1,12,12,31,31,51,80,11,11,109,109,121,121,137,137,0,0,18,18,18,86,104,29,47,79,79,178,228,248,248,248,259,208,243,243,255,309,322,322,337,337,351,351,351],"floor_reached":51,"language":"ZHS","playtime":4059,"items_purged":["Fantasy Butterflies"],"score":747,"play_id":"89494f1d-8255-41c4-ae84-4703eecde43d","local_time":"20210124202645","is_ascension_mode":false,"campfire_choices":[{"data":"Phantom Gift","floor":6.0,"key":"SMITH"},{"floor":15.0,"key":"REST"},{"floor":23.0,"key":"REST"},{"data":"Bloom","floor":25.0,"key":"SMITH"},{"data":"Unfulfilling Attachment","floor":32.0,"key":"SMITH"},{"floor":41.0,"key":"REST"},{"data":"Remain Here","floor":45.0,"key":"SMITH"},{"floor":49,"key":"REST"}],"circlet_count":0,"master_deck":["Fantasy Butterflies","Fantasy Butterflies","Fantasy Butterflies","Dreamy Sakura","Dreamy Sakura","Dreamy Sakura+1","Dreamy Sakura+1","Deathly Ground+1","Faramita\u0027s Temptation","Phantom Gift+1","Serene Spring","Remain Here+1","Bloom+1","Gather the Spring+1","Unfulfilling Attachment+1","Infinite Reviving+1","Dancing Soul","Bloom+1"],"relics":["Coronal","Yuyuko\u0027s fan","NeowsBlessing","Boot","Art of War","Blue Kimono (FullMoon)","CaptainsWheel","Toxic Egg 2","Turnip","Tiny House","Ornamental Fan","Darkstone Periapt","Happy Flower"],"acts_visited":["Exordium","TheCity","TheBeyond"],"potions_floor_usage":[48,50,50],"damage_taken":[{"damage":1.0,"enemies":"Jaw Worm","floor":1.0,"turns":1.0},{"damage":1.0,"enemies":"2 Louse","floor":4.0,"turns":1.0},{"damage":1.0,"enemies":"Small Slimes","floor":8.0,"turns":1.0},{"damage":2.0,"enemies":"Exordium Wildlife","floor":10.0,"turns":2.0},{"damage":21.0,"enemies":"2 Fungi Beasts","floor":12.0,"turns":3.0},{"damage":17.0,"enemies":"Gremlin Nob","floor":13.0,"turns":4.0},{"damage":33.0,"enemies":"Hexaghost","floor":16.0,"turns":8.0},{"damage":24.0,"enemies":"Spheric Guardian","floor":18.0,"turns":3.0},{"damage":35.0,"enemies":"2 Thieves","floor":20.0,"turns":3.0},{"damage":27.0,"enemies":"3 Cultists","floor":24.0,"turns":5.0},{"damage":40.0,"enemies":"Snake Plant","floor":28.0,"turns":4.0},{"damage":26.0,"enemies":"Shelled Parasite and Fungi","floor":30.0,"turns":5.0},{"damage":30.0,"enemies":"Slavers","floor":31.0,"turns":4.0},{"damage":67.0,"enemies":"Collector","floor":33.0,"turns":11.0},{"damage":12.0,"enemies":"3 Darklings","floor":35.0,"turns":3.0},{"damage":27.0,"enemies":"Orb Walker","floor":38.0,"turns":3.0},{"damage":49.0,"enemies":"Giant Head","floor":40.0,"turns":8.0},{"damage":30.0,"enemies":"Jaw Worm Horde","floor":42.0,"turns":2.0},{"damage":49.0,"enemies":"4 Shapes","floor":44.0,"turns":3.0},{"damage":43.0,"enemies":"3 Darklings","floor":46.0,"turns":6.0},{"damage":31,"enemies":"Jaw Worm Horde","floor":48,"turns":4},{"damage":44,"enemies":"Time Eater","floor":50,"turns":9}],"seed_played":"-8005092012161428149","potions_obtained":[{"floor":1.0,"key":"SkillPotion"},{"floor":8.0,"key":"SkillPotion"},{"floor":12.0,"key":"PowerPotion"},{"floor":13.0,"key":"Turbid Wine"},{"floor":16.0,"key":"Turbid Wine"},{"floor":16.0,"key":"Explosive Potion"},{"floor":18.0,"key":"Turbid Wine"},{"floor":20.0,"key":"Turbid Wine"},{"floor":31.0,"key":"Turbid Wine"},{"floor":31.0,"key":"Energy Potion"},{"floor":33.0,"key":"LiquidBronze"},{"floor":38.0,"key":"DuplicationPotion"},{"floor":46.0,"key":"Turbid Wine"},{"floor":48,"key":"Turbid Wine"}],"is_trial":false,"path_per_floor":["M","?","$","M","?","R","?","M","T","M","?","M","E","$","R","B",null,"M","$","M","?","?","R","M","R","T","T","M","?","M","E","R","B",null,"M","?","?","M","$","E","R","M","T","M","R","M","?","M","R","B",null],"character_chosen":"YUYOKO","items_purchased":["Serene Spring","Firefly"],"campfire_rested":4,"item_purchase_floors":[14,39],"current_hp_per_floor":[39,39,39,38,43,43,43,42,42,43,34,32,21,21,34,37,45,29,29,17,11,11,26,45,45,45,45,45,45,45,40,40,39,55,52,52,52,44,44,33,49,53,53,49,49,49,49,51,55,46],"gold":351,"neow_bonus":"THREE_ENEMY_KILL","is_daily":false,"chose_seed":false,"campfire_upgraded":4,"win_rate":0.0,"timestamp":1611491205,"path_taken":["M","?","$","M","?","R","?","M","T","?","?","M","E","?","R","BOSS","M","$","M","?","?","R","M","R","T","?","M","?","?","E","R","BOSS","M","?","?","M","$","E","R","?","T","M","R","M","?","M","R","BOSS"],"items_purchased_type":["Card","Potion"],"build_version":"2020-12-22","purchased_purges":1,"victory":true,"max_hp_per_floor":[40,40,40,40,45,45,45,45,45,45,45,45,45,45,45,45,45,45,45,45,50,50,50,50,50,50,50,50,50,50,50,50,50,55,55,55,55,55,55,55,55,55,55,55,55,55,55,55,55,55],"card_choices":[{"not_picked":["All Wander","Wandering Soul"],"picked":"Phantom Gift","floor":1.0},{"not_picked":["Unknown Petal","Sweet of Phantom","End of Faramita"],"picked":"SKIP","floor":4.0},{"not_picked":["The Nether","Sakura Ward","Unborn Light"],"picked":"SKIP","floor":8.0},{"not_picked":["Gather the Spring","Gone"],"picked":"Death Dancing","floor":10.0},{"not_picked":["Sweet of Phantom","End of Faramita","Immigrant Phantom"],"picked":"SKIP","floor":12.0},{"not_picked":["Snow","Final of Final","Dancing Butterflies"],"picked":"SKIP","floor":13.0},{"not_picked":["Reunion after Death","Infinite Reviving"],"picked":"Remain Here","floor":16.0},{"not_picked":["Triple Snow","Postpone Bloom"],"picked":"Bloom","floor":18.0},{"not_picked":["The Nether+1","Butterflies Rainbow+1","Become Phantom"],"picked":"SKIP","floor":20.0},{"not_picked":["Linger over Flower","Reunion after Death"],"picked":"Gather the Spring+1","floor":24.0},{"not_picked":["Death Dancing","Spear of Papilio","Mini Ghostdom+1"],"picked":"SKIP","floor":28.0},{"not_picked":["Dying Butterflies+1","Reverse The Screen+1","Final of Final+1"],"picked":"SKIP","floor":30.0},{"not_picked":["Stifle+1","Sweet of Phantom+1"],"picked":"Unfulfilling Attachment","floor":31.0},{"not_picked":["Supernatural Nether+1","Snowing Sakura+1"],"picked":"Infinite Reviving+1","floor":33.0},{"not_picked":["Ghostdom Sakura+1","Fondling of Papilio+1"],"picked":"Dancing Soul","floor":34.0},{"not_picked":["Gather the Spring+1","Spear of Papilio+1","Full Moon+1"],"picked":"SKIP","floor":35.0},{"not_picked":["Unstable Ward+1","Elegance+1"],"picked":"Bloom+1","floor":38.0},{"not_picked":["Ghastly Dream+1","Unpaved Way+1","Open The Fan+1"],"picked":"SKIP","floor":40.0},{"not_picked":["Gone+1","Elegance+1","Unstable Ward+1"],"picked":"SKIP","floor":42.0},{"not_picked":["Dancing Soul","Dark Wind+1","The Forgotten Winter+1"],"picked":"SKIP","floor":44.0},{"not_picked":["Elegance+1","Cerasus Subhirtella+1","Fondling of Papilio+1"],"picked":"SKIP","floor":46.0},{"not_picked":["Float on Moon","Open The Fan+1","Nihility+1"],"picked":"SKIP","floor":48}],"player_experience":167096,"relics_obtained":[{"floor":9.0,"key":"Boot"},{"floor":13.0,"key":"Art of War"},{"floor":26.0,"key":"CaptainsWheel"},{"floor":27.0,"key":"Toxic Egg 2"},{"floor":31.0,"key":"Turnip"},{"floor":40.0,"key":"Darkstone Periapt"},{"floor":43.0,"key":"Happy Flower"}],"event_choices":[{"cards_removed":["Fantasy Butterflies"],"damage_healed":0.0,"max_hp_gain":0.0,"max_hp_loss":0.0,"gold_gain":0.0,"event_name":"Living Wall","player_choice":"Forget","floor":2.0,"gold_loss":0.0,"damage_taken":0.0},{"damage_healed":0.0,"max_hp_gain":5.0,"max_hp_loss":0.0,"gold_gain":0.0,"event_name":"Big Fish","player_choice":"Donut","floor":5.0,"gold_loss":0.0,"damage_taken":0.0},{"cards_removed":["Dreamy Sakura"],"damage_healed":0.0,"max_hp_gain":0.0,"max_hp_loss":0.0,"gold_gain":0.0,"event_name":"The Cleric","player_choice":"Card Removal","floor":7.0,"gold_loss":50.0,"damage_taken":0.0},{"damage_healed":0.0,"max_hp_gain":0.0,"max_hp_loss":0.0,"gold_gain":0.0,"event_name":"Shining Light","player_choice":"Entered Light","floor":11.0,"gold_loss":0.0,"damage_taken":9.0,"cards_upgraded":["Deathly Ground","Dreamy Sakura"]},{"damage_healed":0.0,"max_hp_gain":5.0,"max_hp_loss":0.0,"gold_gain":0.0,"event_name":"Forgotten Altar","player_choice":"Shed Blood","floor":21.0,"gold_loss":0.0,"damage_taken":11.0},{"damage_healed":0.0,"max_hp_gain":0.0,"max_hp_loss":0.0,"gold_gain":0.0,"event_name":"Masked Bandits","player_choice":"Paid Fearfully","floor":22.0,"gold_loss":137.0,"damage_taken":0.0},{"cards_removed":["Death Dancing"],"damage_healed":0.0,"max_hp_gain":0.0,"max_hp_loss":0.0,"gold_gain":0.0,"event_name":"Beggar","player_choice":"Gave Gold","floor":29.0,"gold_loss":75.0,"damage_taken":0.0},{"damage_healed":0.0,"max_hp_gain":0.0,"max_hp_loss":0.0,"gold_gain":0.0,"event_name":"Tomb of Lord Red Mask","player_choice":"Ignored","floor":36.0,"gold_loss":0.0,"damage_taken":0.0},{"damage_healed":0.0,"max_hp_gain":0.0,"max_hp_loss":0.0,"gold_gain":0.0,"event_name":"WeMeetAgain","player_choice":"Gave Potion","floor":37.0,"gold_loss":0.0,"damage_taken":0.0,"relics_obtained":["Ornamental Fan"]},{"damage_healed":0,"gold_gain":0,"player_choice":"Ignored","damage_taken":0,"max_hp_gain":0,"max_hp_loss":0,"event_name":"Transmorgrifier","floor":47,"gold_loss":0}],"is_beta":false,"boss_relics":[{"not_picked":["Pandora\u0027s Box","Sozu"],"picked":"Blue Kimono"},{"not_picked":["Snecko Eye","Coffee Dripper"],"picked":"Tiny House"}],"items_purged_floors":[3],"is_endless":false,"potions_floor_spawned":[1,8,12,13,16,31,33,38,46],"ascension_level":0}}