{"host":"hw9lt6p3yhr90vz0","time":1611475545,"event":{"mods":["BaseMod","DeckTracker","Minty Spire (QoL Compilation)","Relic Stats"],"gold_per_floor":[116,126,136,150,150,178,178,178,178,178,212,212,212,224,224,326,326,344,389,389,488,448,448,468,487,487,499,519,519,519,575,575,672,672,707,724,724,742,762,762,797,797,851,869,869,899,899,933,933,933,933],"floor_reached":50,"language":"ENG","playtime":6244,"items_purged":[],"score":789,"play_id":"9e3bbc96-ee3d-45e1-93e9-a2b37836aeff","local_time":"20210124030545","is_ascension_mode":true,"campfire_choices":[{"floor":7,"key":"REST"},{"floor":12,"key":"REST"},{"floor":15,"key":"RECALL"},{"floor":23,"key":"REST"},{"floor":30,"key":"REST"},{"floor":32,"key":"REST"},{"floor":40,"key":"REST"},{"floor":42,"key":"REST"},{"floor":47,"key":"REST"},{"floor":49,"key":"REST"}],"circlet_count":0,"master_deck":["Defend_P+1","Defend_P","Defend_P","Defend_P","Eruption","Vigilance","Crescendo","SignatureMove","Conclude+1","WheelKick","Wireheading+1","MasterReality+1","LikeWater+1","FearNoEvil+1","Wish","Worship+1","EmptyMind+1","FearNoEvil+1","DeceiveReality","InnerPeace+1","FollowUp+1","BowlingBash+1","FlurryOfBlows+1","Consecrate+1","Swivel","DevaForm+1","TalkToTheHand+1","MentalFortress+1","Magnetism+1","Thinking Ahead","EmptyBody+1","Parasite","TalkToTheHand+1","FlurryOfBlows+1","Nirvana+1","Crescendo","ThirdEye"],"relics":["HolyWater","Ancient Tea Set","Frozen Egg 2","Smiling Mask","Molten Egg 2","Vajra","Astrolabe","Bag of Marbles","CaptainsWheel","Strawberry","Orichalcum","Letter Opener","Lantern"],"acts_visited":["Exordium","TheCity","TheBeyond"],"potions_floor_usage":[6,11,16,19,24,24,24,31,31,33,33,33,33,41,44,46,48],"damage_taken":[{"damage":10,"enemies":"Jaw Worm","floor":1,"turns":4},{"damage":0,"enemies":"2 Louse","floor":2,"turns":2},{"damage":1,"enemies":"Small Slimes","floor":3,"turns":3},{"damage":2,"enemies":"Looter","floor":4,"turns":3},{"damage":37,"enemies":"3 Sentries","floor":6,"turns":6},{"damage":0,"enemies":"Lagavulin","floor":11,"turns":2},{"damage":0,"enemies":"Blue Slaver","floor":14,"turns":1},{"damage":39,"enemies":"The Guardian","floor":16,"turns":12},{"damage":19,"enemies":"Chosen","floor":18,"turns":7},{"damage":20,"enemies":"2 Thieves","floor":19,"turns":4},{"damage":26,"enemies":"Snake Plant","floor":24,"turns":4},{"damage":13,"enemies":"Centurion and Healer","floor":25,"turns":5},{"damage":5,"enemies":"Cultist and Chosen","floor":27,"turns":3},{"damage":0,"enemies":"Snecko","floor":28,"turns":2},{"damage":0,"enemies":"Gremlin Leader","floor":31,"turns":3},{"damage":38,"enemies":"Collector","floor":33,"turns":8},{"damage":14,"enemies":"Orb Walker","floor":35,"turns":3},{"damage":0,"enemies":"3 Darklings","floor":36,"turns":3},{"damage":0,"enemies":"Spire Growth","floor":38,"turns":5},{"damage":12,"enemies":"Writhing Mass","floor":39,"turns":6},{"damage":18,"enemies":"Reptomancer","floor":41,"turns":4},{"damage":25,"enemies":"Jaw Worm Horde","floor":44,"turns":4},{"damage":6,"enemies":"Giant Head","floor":46,"turns":7},{"damage":42,"enemies":"Nemesis","floor":48,"turns":7},{"damage":49,"enemies":"Awakened One","floor":50,"turns":9}],"seed_played":"5662610677408814357","potions_obtained":[{"floor":4,"key":"PowerPotion"},{"floor":6,"key":"Swift Potion"},{"floor":14,"key":"Dexterity Potion"},{"floor":16,"key":"Regen Potion"},{"floor":18,"key":"EntropicBrew"},{"floor":24,"key":"EntropicBrew"},{"floor":25,"key":"Swift Potion"},{"floor":36,"key":"Strength Potion"},{"floor":41,"key":"EssenceOfSteel"},{"floor":44,"key":"SneckoOil"},{"floor":46,"key":"Fire Potion"}],"is_trial":false,"path_per_floor":["M","M","M","M","?","E","R","T","T","?","E","R","?","M","R","B",null,"M","M","?","?","?","R","M","M","T","M","M","?","R","E","R","B",null,"M","M","?","M","M","R","E","R","T","M","?","E","R","E","R","B"],"character_chosen":"WATCHER","items_purchased":[],"campfire_rested":9,"item_purchase_floors":[],"current_hp_per_floor":[62,62,61,59,41,4,25,25,25,25,25,46,46,46,46,7,72,53,45,45,45,45,66,40,27,27,22,22,16,37,37,58,20,72,58,58,53,53,41,62,51,74,74,49,49,43,66,24,47,0,0],"gold":933,"neow_bonus":"RANDOM_COMMON_RELIC","is_daily":false,"chose_seed":false,"campfire_upgraded":0,"win_rate":0.0,"timestamp":1611475545,"path_taken":["M","M","M","M","?","E","R","?","T","?","E","R","?","M","R","BOSS","M","M","?","?","?","R","M","M","T","M","?","?","R","E","R","BOSS","M","?","?","M","M","R","E","R","T","M","?","E","R","E","R","BOSS"],"items_purchased_type":[],"build_version":"2020-12-22","purchased_purges":0,"victory":false,"max_hp_per_floor":[72,72,72,72,72,72,72,72,72,72,72,72,72,72,72,72,72,72,72,72,72,72,72,72,72,72,72,72,72,72,72,72,72,72,72,72,72,72,72,72,79,79,79,79,79,79,79,79,79,79,79],"relic_stats":{"counters":[25,117],"Astrolabe":["Worship","EmptyMind","FearNoEvil"],"Letter Opener":[57],"Orichalcum":[12],"Smiling Mask":0,"obtain_stats":[{"Lantern":48,"Astrolabe":17,"Vajra":11,"Letter Opener":46,"Frozen Egg 2":5,"Orichalcum":43,"Ancient Tea Set":0,"Smiling Mask":6,"CaptainsWheel":31,"Strawberry":41,"HolyWater":34,"Molten Egg 2":8,"Bag of Marbles":26,"PureWater":0},{"Lantern":24,"Astrolabe":8,"Vajra":6,"Letter Opener":23,"Frozen Egg 2":4,"Orichalcum":21,"Ancient Tea Set":0,"Smiling Mask":5,"CaptainsWheel":15,"Strawberry":21,"HolyWater":16,"Molten Egg 2":5,"Bag of Marbles":12,"PureWater":0},{"Lantern":108,"Astrolabe":33,"Vajra":20,"Letter Opener":101,"Frozen Egg 2":12,"Orichalcum":90,"Ancient Tea Set":0,"Smiling Mask":18,"CaptainsWheel":61,"Strawberry":90,"HolyWater":69,"Molten Egg 2":18,"Bag of Marbles":53,"PureWater":0}]},"card_choices":[{"not_picked":["Consecrate","Halt"],"picked":"Crescendo","floor":1},{"not_picked":["FlurryOfBlows","EmptyMind"],"picked":"SignatureMove","floor":2},{"not_picked":["Crescendo","WindmillStrike"],"picked":"Conclude","floor":3},{"not_picked":["ClearTheMind","SashWhip"],"picked":"WheelKick","floor":4},{"not_picked":["WaveOfTheHand","Halt"],"picked":"Wireheading+1","floor":6},{"not_picked":["ForeignInfluence","Indignation"],"picked":"LikeWater+1","floor":11},{"not_picked":["FollowUp+1","BowlingBash+1"],"picked":"FearNoEvil+1","floor":14},{"not_picked":["Alpha","Blasphemy"],"picked":"Wish","floor":16},{"not_picked":["FearNoEvil+1","ClearTheMind+1"],"picked":"DeceiveReality","floor":18},{"not_picked":["ThirdEye","SashWhip+1"],"picked":"InnerPeace+1","floor":19},{"not_picked":["SignatureMove+1","ClearTheMind"],"picked":"FollowUp+1","floor":24},{"not_picked":["Crescendo+1","Evaluate"],"picked":"BowlingBash+1","floor":25},{"not_picked":["CutThroughFate+1","BowlingBash+1"],"picked":"FlurryOfBlows+1","floor":27},{"not_picked":["Adaptation+1","Crescendo"],"picked":"Consecrate+1","floor":28},{"not_picked":["PathToVictory","Protect"],"picked":"Swivel","floor":31},{"not_picked":["LessonLearned+1","Vault"],"picked":"DevaForm+1","floor":33},{"not_picked":["FlurryOfBlows+1","Conclude+1"],"picked":"TalkToTheHand+1","floor":35},{"not_picked":["Halt","ThirdEye"],"picked":"MentalFortress+1","floor":36},{"not_picked":["Good Instincts","Enlightenment"],"picked":"Magnetism+1","floor":37},{"not_picked":["Deep Breath","Finesse"],"picked":"Thinking Ahead","floor":37},{"not_picked":["EmptyFist+1","Halt"],"picked":"EmptyBody+1","floor":38},{"not_picked":["EmptyFist+1","ClearTheMind"],"picked":"TalkToTheHand+1","floor":39},{"not_picked":["ThirdEye","Consecrate+1"],"picked":"FlurryOfBlows+1","floor":41},{"not_picked":["Vengeance+1","WheelKick+1"],"picked":"Nirvana+1","floor":44},{"not_picked":["CrushJoints+1","Protect"],"picked":"Crescendo","floor":46},{"not_picked":["InnerPeace","FlyingSleeves+1"],"picked":"ThirdEye","floor":48}],"player_experience":1249074,"relics_obtained":[{"floor":6,"key":"Smiling Mask"},{"floor":8,"key":"Molten Egg 2"},{"floor":11,"key":"Vajra"},{"floor":26,"key":"Bag of Marbles"},{"floor":31,"key":"CaptainsWheel"},{"floor":41,"key":"Strawberry"},{"floor":43,"key":"Orichalcum"},{"floor":46,"key":"Letter Opener"},{"floor":48,"key":"Lantern"}],"event_choices":[{"damage_healed":0,"gold_gain":0,"player_choice":"Success","damage_taken":18,"relics_obtained":["Frozen Egg 2"],"max_hp_gain":0,"max_hp_loss":0,"event_name":"Scrap Ooze","floor":5,"gold_loss":0},{"damage_healed":0,"gold_gain":0,"cards_transformed":["Strike_P"],"player_choice":"Change","damage_taken":0,"max_hp_gain":0,"max_hp_loss":0,"event_name":"Living Wall","floor":10,"gold_loss":0,"cards_obtained":["MasterReality"]},{"damage_healed":0,"gold_gain":0,"player_choice":"Ignored","damage_taken":0,"max_hp_gain":0,"max_hp_loss":0,"event_name":"Shining Light","floor":13,"gold_loss":0},{"damage_healed":0,"gold_gain":0,"player_choice":"Ignored","damage_taken":0,"max_hp_gain":0,"max_hp_loss":0,"event_name":"Ghosts","floor":20,"gold_loss":0},{"damage_healed":0,"gold_gain":99,"player_choice":"Stole From Cult","damage_taken":0,"max_hp_gain":0,"max_hp_loss":0,"event_name":"Nest","floor":21,"gold_loss":0},{"damage_healed":0,"gold_gain":0,"player_choice":"Upgraded Two","damage_taken":0,"max_hp_gain":0,"max_hp_loss":0,"event_name":"Designer","floor":22,"gold_loss":40,"cards_upgraded":["Conclude","Defend_P"]},{"damage_healed":0,"gold_gain":0,"player_choice":"","damage_taken":6,"max_hp_gain":0,"max_hp_loss":0,"event_name":"Knowing Skull","floor":29,"potions_obtained":[],"gold_loss":0,"cards_obtained":[]},{"damage_healed":0,"gold_gain":0,"player_choice":"Memory 2","damage_taken":5,"max_hp_gain":0,"max_hp_loss":0,"event_name":"SensoryStone","floor":37,"gold_loss":0},{"damage_healed":0,"gold_gain":0,"player_choice":"Ignored","damage_taken":0,"max_hp_gain":0,"max_hp_loss":0,"event_name":"Tomb of Lord Red Mask","floor":45,"gold_loss":0}],"is_beta":false,"boss_relics":[{"not_picked":["Ectoplasm","Runic Pyramid"],"picked":"Astrolabe"},{"not_picked":["VioletLotus","Calling Bell"],"picked":"HolyWater"}],"items_purged_floors":[],"is_endless":false,"potions_floor_spawned":[4,6,14,16,18,24,25,36,41,44,46],"killed_by":"Awakened One","ascension_level":4}}