{"host":"phniwng9zo19jwdb","time":1611525006,"event":{"mods":["AchievementEnabler","BaseMod","Colored Powertips","Dark Map","Faster Ascension Climbing","GifTheSpireLib","Minty Spire (QoL Compilation)","Permanent Neow","Rare Cards Sparkle","StSLib"],"gold_per_floor":[116,116,132,32,48,79,99,133,133,164,183,218,218,231,231,302,302,302,302,302,302,302,302,202,202,202,202,202,202,202,202,202,202,202,202,202,202,202,202,202,202,202,202,9,9,9,9,9,9,9],"floor_reached":51,"language":"ENG","playtime":2219,"items_purged":["Pain","Writhe"],"score":1506,"play_id":"574e6861-e81d-4b35-b2e4-f340e006a3b5","local_time":"20210124225006","is_ascension_mode":true,"campfire_choices":[{"data":"1","floor":15.0,"key":"LIFT"},{"floor":30.0,"key":"REST"},{"data":"2","floor":32.0,"key":"LIFT"},{"data":"3","floor":46,"key":"LIFT"},{"data":"Armaments","floor":49,"key":"SMITH"}],"circlet_count":0,"master_deck":["AscendersBane","Strike_R+1","Strike_R+1","Strike_R+1","Strike_R+1","Defend_R+1","Defend_R+1","Defend_R+1","Defend_R+1","Bash","Feed","Iron Wave","Cleave","True Grit","Bludgeon","Carnage+1","Flame Barrier","Iron Wave","Warcry","Demon Form","Infernal Blade+1","Armaments+1","Inflame","Fire Breathing","Metallicize","Pummel+1","Warcry","Juggernaut","Evolve+1","Iron Wave","Shrug It Off","Metallicize+1","Juggernaut","Pommel Strike+1","True Grit"],"relics":["Burning Blood","WarpedTongs","Boot","Strawberry","White Beast Statue","Girya","Charon\u0027s Ashes","Ectoplasm","Ginger","Toy Ornithopter","Happy Flower","Bottled Tornado","Mark of Pain","Mercury Hourglass","Omamori","Lantern","Lee\u0027s Waffle","Eternal Feather","Torii"],"acts_visited":["Exordium","TheCity","TheBeyond"],"potions_floor_usage":[50,50],"damage_taken":[{"damage":1.0,"enemies":"Small Slimes","floor":1.0,"turns":4.0},{"damage":7.0,"enemies":"Cultist","floor":3.0,"turns":4.0},{"damage":2.0,"enemies":"Jaw Worm","floor":5.0,"turns":5.0},{"damage":30.0,"enemies":"Gremlin Nob","floor":6.0,"turns":5.0},{"damage":0.0,"enemies":"Large Slime","floor":7.0,"turns":5.0},{"damage":15.0,"enemies":"3 Sentries","floor":8.0,"turns":8.0},{"damage":13.0,"enemies":"Lagavulin","floor":10.0,"turns":6.0},{"damage":5.0,"enemies":"2 Fungi Beasts","floor":11.0,"turns":3.0},{"damage":10.0,"enemies":"3 Sentries","floor":12.0,"turns":10.0},{"damage":0.0,"enemies":"3 Louse","floor":14.0,"turns":4.0},{"damage":24.0,"enemies":"Hexaghost","floor":16.0,"turns":12.0},{"damage":25.0,"enemies":"Spheric Guardian","floor":18.0,"turns":7.0},{"damage":6.0,"enemies":"Shell Parasite","floor":19.0,"turns":3.0},{"damage":3.0,"enemies":"Snecko","floor":21.0,"turns":3.0},{"damage":22.0,"enemies":"Slavers","floor":23.0,"turns":5.0},{"damage":48.0,"enemies":"Book of Stabbing","floor":25.0,"turns":5.0},{"damage":28.0,"enemies":"Shelled Parasite and Fungi","floor":28.0,"turns":4.0},{"damage":12.0,"enemies":"Chosen and Byrds","floor":29.0,"turns":4.0},{"damage":0.0,"enemies":"3 Cultists","floor":31.0,"turns":4.0},{"damage":50.0,"enemies":"Automaton","floor":33.0,"turns":7.0},{"damage":1.0,"enemies":"3 Shapes","floor":35.0,"turns":3.0},{"damage":11.0,"enemies":"Orb Walker","floor":37.0,"turns":3.0},{"damage":58.0,"enemies":"Spire Growth","floor":38.0,"turns":6.0},{"damage":11.0,"enemies":"Jaw Worm Horde","floor":39.0,"turns":5.0},{"damage":26.0,"enemies":"Reptomancer","floor":40.0,"turns":5.0},{"damage":37,"enemies":"Maw","floor":41,"turns":5},{"damage":25,"enemies":"Giant Head","floor":42,"turns":6},{"damage":33,"enemies":"Nemesis","floor":45,"turns":5},{"damage":18,"enemies":"Giant Head","floor":48,"turns":6},{"damage":62,"enemies":"Time Eater","floor":50,"turns":8}],"seed_played":"-3866809199038332312","potions_obtained":[{"floor":1.0,"key":"Ancient Potion"},{"floor":3.0,"key":"EntropicBrew"},{"floor":10.0,"key":"Swift Potion"},{"floor":11.0,"key":"Fire Potion"},{"floor":12.0,"key":"SpeedPotion"},{"floor":14.0,"key":"Swift Potion"},{"floor":16.0,"key":"Energy Potion"},{"floor":18.0,"key":"BlessingOfTheForge"},{"floor":21.0,"key":"PowerPotion"},{"floor":23.0,"key":"CultistPotion"},{"floor":25.0,"key":"Ancient Potion"},{"floor":28.0,"key":"BloodPotion"},{"floor":29.0,"key":"FearPotion"},{"floor":35.0,"key":"EssenceOfSteel"},{"floor":38.0,"key":"SpeedPotion"},{"floor":39.0,"key":"Swift Potion"},{"floor":40.0,"key":"Explosive Potion"},{"floor":41,"key":"FairyPotion"},{"floor":42,"key":"PowerPotion"},{"floor":45,"key":"BlessingOfTheForge"},{"floor":48,"key":"LiquidMemories"}],"is_trial":false,"path_per_floor":["M","?","M","$","M","E","M","E","T","E","M","E","?","M","R","B",null,"M","M","?","M","?","E","$","E","T","?","M","M","R","M","R","B",null,"M","?","M","M","M","E","M","E","T","$","E","R","$","E","R","B",null],"character_chosen":"IRONCLAD","items_purchased":["True Grit","Lee\u0027s Waffle","True Grit"],"campfire_rested":1,"item_purchase_floors":[4,44,44],"current_hp_per_floor":[76,76,75,75,82,58,67,68,68,64,69,68,36,45,45,27,88,72,76,76,79,79,66,66,29,29,29,7,29,64,70,70,29,98,107,107,102,55,58,48,17,44,44,135,112,133,133,125,143,92],"gold":9,"neow_bonus":"ONE_RANDOM_RARE_CARD","is_daily":false,"chose_seed":false,"campfire_upgraded":1,"win_rate":0.0,"timestamp":1611525006,"path_taken":["M","?","?","$","M","E","M","E","T","E","M","E","?","M","R","BOSS","M","M","?","M","?","E","$","E","T","?","M","?","R","M","R","BOSS","M","?","M","M","M","E","M","E","T","$","E","R","$","E","R","BOSS"],"items_purchased_type":["Card","Relic","Card"],"build_version":"2020-12-22","purchased_purges":2,"victory":true,"max_hp_per_floor":[78,78,78,78,82,82,85,95,95,98,102,105,105,108,108,108,108,111,115,115,115,115,118,118,118,118,118,118,118,118,118,118,121,121,125,125,125,125,128,128,128,128,128,135,139,139,139,143,143,143],"card_choices":[{"not_picked":["Searing Blow","Disarm"],"picked":"Iron Wave","floor":1.0},{"not_picked":["Searing Blow","Infernal Blade"],"picked":"Cleave","floor":3.0},{"not_picked":["Second Wind","Thunderclap","Reckless Charge"],"picked":"SKIP","floor":5.0},{"not_picked":["Rage","Heavy Blade"],"picked":"Bludgeon","floor":6.0},{"not_picked":["Body Slam","Anger"],"picked":"Carnage","floor":7.0},{"not_picked":["Heavy Blade","True Grit"],"picked":"Flame Barrier","floor":8.0},{"not_picked":["Perfected Strike","Dual Wield","Body Slam"],"picked":"SKIP","floor":10.0},{"not_picked":["Clothesline","Entrench"],"picked":"Iron Wave","floor":11.0},{"not_picked":["Heavy Blade","Ghostly Armor"],"picked":"Warcry","floor":12.0},{"not_picked":["Headbutt","Anger","Reckless Charge"],"picked":"SKIP","floor":14.0},{"not_picked":["Juggernaut","Feed"],"picked":"Demon Form","floor":16.0},{"not_picked":["Pommel Strike","Rupture"],"picked":"Infernal Blade+1","floor":18.0},{"not_picked":["Headbutt","Anger","Warcry"],"picked":"SKIP","floor":19.0},{"not_picked":["Headbutt","Sever Soul"],"picked":"Armaments","floor":21.0},{"not_picked":["Reckless Charge","Warcry"],"picked":"Inflame","floor":23.0},{"not_picked":["Feel No Pain","Fiend Fire"],"picked":"Fire Breathing","floor":25.0},{"not_picked":["Rage","Pommel Strike"],"picked":"Metallicize","floor":28.0},{"not_picked":["Spot Weakness","Reckless Charge"],"picked":"Pummel+1","floor":29.0},{"not_picked":["Body Slam+1","Headbutt"],"picked":"Warcry","floor":31.0},{"not_picked":["Demon Form","Fiend Fire"],"picked":"Juggernaut","floor":33.0},{"not_picked":["Twin Strike","Blood for Blood+1"],"picked":"Evolve+1","floor":35.0},{"not_picked":["Cleave","Twin Strike+1"],"picked":"Iron Wave","floor":37.0},{"not_picked":["Sword Boomerang","Hemokinesis+1"],"picked":"Shrug It Off","floor":38.0},{"not_picked":["Clothesline","Armaments","Feel No Pain"],"picked":"SKIP","floor":39.0},{"not_picked":["Iron Wave+1","Wild Strike"],"picked":"Metallicize+1","floor":40.0},{"not_picked":["Armaments+1","Dark Embrace"],"picked":"Juggernaut","floor":41},{"not_picked":["Warcry","Perfected Strike"],"picked":"Pommel Strike+1","floor":42},{"not_picked":["Headbutt","Perfected Strike","Double Tap"],"picked":"SKIP","floor":45},{"not_picked":["Flex+1","Dropkick","Armaments+1"],"picked":"SKIP","floor":48}],"player_experience":63585,"relics_obtained":[{"floor":6.0,"key":"Boot"},{"floor":8.0,"key":"Strawberry"},{"floor":9.0,"key":"White Beast Statue"},{"floor":10.0,"key":"Girya"},{"floor":12.0,"key":"Charon\u0027s Ashes"},{"floor":23.0,"key":"Toy Ornithopter"},{"floor":25.0,"key":"Happy Flower"},{"floor":26.0,"key":"Bottled Tornado"},{"floor":40.0,"key":"Mercury Hourglass"},{"floor":42,"key":"Omamori"},{"floor":43,"key":"Lantern"},{"floor":45,"key":"Eternal Feather"},{"floor":48,"key":"Torii"}],"event_choices":[{"damage_healed":0.0,"max_hp_gain":0.0,"max_hp_loss":0.0,"gold_gain":0.0,"event_name":"Accursed Blacksmith","player_choice":"Rummage","floor":2.0,"gold_loss":0.0,"damage_taken":0.0,"relics_obtained":["WarpedTongs"],"cards_obtained":["Pain"]},{"damage_healed":0.0,"max_hp_gain":0.0,"max_hp_loss":0.0,"gold_gain":0.0,"event_name":"Shining Light","player_choice":"Entered Light","floor":13.0,"gold_loss":0.0,"damage_taken":32.0,"cards_upgraded":["Carnage","Defend_R"]},{"damage_healed":0.0,"max_hp_gain":0.0,"max_hp_loss":0.0,"gold_gain":50.0,"event_name":"Nest","player_choice":"Stole From Cult","floor":20.0,"gold_loss":0.0,"damage_taken":0.0},{"damage_healed":0.0,"max_hp_gain":0.0,"max_hp_loss":0.0,"gold_gain":0.0,"event_name":"The Mausoleum","player_choice":"Opened","floor":22.0,"gold_loss":0.0,"damage_taken":0.0,"relics_obtained":["Ginger"],"cards_obtained":["Writhe"]},{"damage_healed":0.0,"max_hp_gain":0.0,"max_hp_loss":0.0,"gold_gain":0.0,"event_name":"Back to Basics","player_choice":"Simplicity","floor":27.0,"gold_loss":0.0,"damage_taken":0.0,"cards_upgraded":["Strike_R","Strike_R","Strike_R","Strike_R","Strike_R","Defend_R","Defend_R","Defend_R"]},{"cards_removed":["Strike_R"],"damage_healed":0.0,"max_hp_gain":0.0,"max_hp_loss":0.0,"gold_gain":0.0,"event_name":"Falling","player_choice":"Removed Attack","floor":36.0,"gold_loss":0.0,"damage_taken":0.0}],"is_beta":false,"boss_relics":[{"not_picked":["Runic Cube","Philosopher\u0027s Stone"],"picked":"Ectoplasm"},{"not_picked":["Snecko Eye","Pandora\u0027s Box"],"picked":"Mark of Pain"}],"items_purged_floors":[4,24],"is_endless":false,"potions_floor_spawned":[1,3,6,10,11,12,14,16,18,19,21,23,25,28,29,31,33,35,37,38,39,40,41,42,45,48],"ascension_level":15}}