{"host":"8fnghcq8tvbg6z9e","time":1611459499,"event":{"mods":["BaseMod","Downfall","KinomotoSakuraMod(Ä¾Ö®±¾Ó£)","Minty Spire (QoL Compilation)","Quick Restart","Spicy Shops","StSLib"],"gold_per_floor":[114,133,133,22,39,39,70,87,87,107,138,138,154,165,165,260,260,275,49,61,77,96,110,139,139,139,139,155,12,23,23,23,125,125,143,161,211,8,24,49,49,149,174,0,35,51,69,99,99,99,99,99,30,58,58],"floor_reached":56,"language":"ZHS","playtime":2530,"items_purged":["Defend_R","Defend_R","Injury","Strike_R","Defend_R","Strike_R"],"score":1296,"play_id":"5021f401-57c6-47fd-94cc-85f84eb7bef9","local_time":"20210124113819","is_ascension_mode":false,"campfire_choices":[{"data":"Flex","floor":6.0,"key":"SMITH"},{"floor":12.0,"key":"REST"},{"data":"True Grit","floor":15.0,"key":"SMITH"},{"floor":25,"key":"RECALL"},{"floor":27,"key":"REST"},{"data":"Shrug It Off","floor":32,"key":"SMITH"},{"data":"Shockwave","floor":41,"key":"SMITH"},{"floor":49,"key":"REST"},{"data":"Evolve","floor":52,"key":"SMITH"}],"circlet_count":0,"master_deck":["Bash","Flex+1","Wild Strike","Evolve+1","Shrug It Off+1","Wild Strike","True Grit+1","Wild Strike","Immolate","Fire Breathing","Fire Breathing+1","Metallicize","Immolate","Shockwave+1","Shrug It Off+1","Evolve+1","Madness+1","Madness+1","Fire Breathing"],"relics":["Burning Blood","Incense Burner","Gremlin Horn","Singing Bowl","Empty Cage","HandDrill","Akabeko","Mummified Hand","Membership Card","CultistMask","Mark of Pain","Champion Belt","Nunchaku","Toxic Egg 2","Smiling Mask","ClockworkSouvenir","CeramicFish","Art of War","CaptainsWheel","Bottled Tornado"],"acts_visited":["Exordium","TheCity","TheBeyond","TheEnding"],"potions_floor_usage":[21,22,24,28,30,39,40,55],"damage_taken":[{"damage":0.0,"enemies":"2 Louse","floor":1.0,"turns":3.0},{"damage":5.0,"enemies":"Cultist","floor":2.0,"turns":4.0},{"damage":12.0,"enemies":"Jaw Worm","floor":5.0,"turns":4.0},{"damage":10.0,"enemies":"Lagavulin","floor":7.0,"turns":6.0},{"damage":16.0,"enemies":"Gremlin Gang","floor":8.0,"turns":5.0},{"damage":0.0,"enemies":"2 Fungi Beasts","floor":10.0,"turns":2.0},{"damage":36.0,"enemies":"Gremlin Nob","floor":11.0,"turns":5.0},{"damage":5.0,"enemies":"Looter","floor":13.0,"turns":3.0},{"damage":0.0,"enemies":"3 Louse","floor":14.0,"turns":2.0},{"damage":48.0,"enemies":"The Guardian","floor":16.0,"turns":14.0},{"damage":10,"enemies":"Chosen","floor":18,"turns":6},{"damage":19,"enemies":"Spheric Guardian","floor":20,"turns":4},{"damage":25,"enemies":"Centurion and Healer","floor":21,"turns":4},{"damage":5,"enemies":"3 Cultists","floor":22,"turns":4},{"damage":8,"enemies":"Cultist and Chosen","floor":23,"turns":4},{"damage":8,"enemies":"Slavers","floor":24,"turns":3},{"damage":14,"enemies":"Shelled Parasite and Fungi","floor":28,"turns":4},{"damage":19,"enemies":"Centurion and Healer","floor":30,"turns":4},{"damage":10,"enemies":"Collector","floor":33,"turns":6},{"damage":6,"enemies":"Orb Walker","floor":35,"turns":3},{"damage":17,"enemies":"3 Darklings","floor":36,"turns":2},{"damage":0,"enemies":"Mind Bloom Boss Battle","floor":37,"turns":4},{"damage":25,"enemies":"Writhing Mass","floor":39,"turns":5},{"damage":7,"enemies":"Nemesis","floor":40,"turns":5},{"damage":0,"enemies":"Reptomancer","floor":45,"turns":3},{"damage":0,"enemies":"Transient","floor":46,"turns":5},{"damage":25,"enemies":"Nemesis","floor":48,"turns":5},{"damage":67,"enemies":"Time Eater","floor":50,"turns":8},{"damage":46,"enemies":"Shield and Spear","floor":54,"turns":3},{"damage":71,"enemies":"The Heart","floor":55,"turns":7}],"seed_played":"-442396322976024509","potions_obtained":[{"floor":2.0,"key":"Dexterity Potion"},{"floor":5.0,"key":"EntropicBrew"},{"floor":13.0,"key":"Regen Potion"},{"floor":14.0,"key":"Dexterity Potion"},{"floor":16.0,"key":"Swift Potion"},{"floor":22,"key":"FairyPotion"},{"floor":23,"key":"Fire Potion"},{"floor":24,"key":"Block Potion"},{"floor":35,"key":"GamblersBrew"},{"floor":36,"key":"Block Potion"},{"floor":45,"key":"Strength Potion"}],"is_trial":false,"path_per_floor":["M","M","?","$","M","R","E","M","T","M","E","R","M","M","R","B",null,"M","$","M","M","M","M","E","R","T","R","M","$","M","?","R","B",null,"M","M","?","$","M","E","R","?","T","$","E","M","?","E","R","B",null,"R","$","E","B",null],"character_chosen":"IRONCLAD","items_purchased":["Evolve","HandDrill","bronze:BurnAndBuffPotion","Membership Card","Nunchaku","Toxic Egg 2","ClockworkSouvenir","CaptainsWheel","Fire Breathing"],"campfire_rested":3,"item_purchase_floors":[4,19,19,29,38,38,44,53,53],"current_hp_per_floor":[80,80,80,80,74,74,70,60,60,66,36,60,63,71,71,29,84,82,82,71,57,60,58,58,58,58,85,79,79,66,66,66,62,94,96,85,93,93,74,75,75,75,75,75,81,89,76,59,90,29,104,104,104,66,34],"gold":58,"neow_bonus":"REMOVE_CARD","is_daily":false,"chose_seed":false,"campfire_upgraded":5,"win_rate":0.0,"timestamp":1611459499,"path_taken":["M","M","?","$","M","R","E","M","T","M","E","R","M","M","R","BOSS","M","$","M","M","M","M","E","R","T","R","M","?","M","?","R","BOSS","M","M","?","$","M","E","R","?","T","$","E","?","?","E","R","BOSS","R","$","E","BOSS"],"items_purchased_type":["Card","Relic","Potion","Relic","Relic","Relic","Relic","Relic","Card"],"build_version":"2020-12-22","purchased_purges":6,"victory":true,"max_hp_per_floor":[80,80,80,80,80,80,80,80,80,80,80,80,82,84,84,84,84,86,86,88,88,90,90,92,92,92,92,94,94,94,94,94,94,94,96,96,98,98,98,100,100,100,100,100,100,102,102,104,104,104,104,104,104,106,106],"card_choices":[{"not_picked":["Havoc","Evolve"],"picked":"Flex","floor":1.0},{"not_picked":["Ghostly Armor","Cleave"],"picked":"Wild Strike","floor":2.0},{"not_picked":["Body Slam","Iron Wave","Infernal Blade"],"picked":"SKIP","floor":5.0},{"not_picked":["Body Slam","Headbutt"],"picked":"Shrug It Off","floor":7.0},{"not_picked":["Cleave","Havoc"],"picked":"Wild Strike","floor":8.0},{"not_picked":["Pummel","Wild Strike"],"picked":"True Grit","floor":10.0},{"not_picked":["Shrug It Off","Searing Blow"],"picked":"Wild Strike","floor":11.0},{"not_picked":["Heavy Blade","Headbutt","Impervious"],"picked":"Singing Bowl","floor":13.0},{"not_picked":["Clothesline","Clash","Flex"],"picked":"Singing Bowl","floor":14.0},{"not_picked":["Feed","Berserk"],"picked":"Immolate","floor":16.0},{"not_picked":["Flex","Cleave","True Grit"],"picked":"Singing Bowl","floor":18},{"not_picked":["Clash","Clothesline","Hemokinesis"],"picked":"Singing Bowl","floor":20},{"not_picked":["Reckless Charge+1","Twin Strike"],"picked":"Fire Breathing","floor":21},{"not_picked":["Sword Boomerang+1","Intimidate+1","Combust"],"picked":"Singing Bowl","floor":22},{"not_picked":["Clothesline+1","Rage"],"picked":"Fire Breathing+1","floor":23},{"not_picked":["Cleave+1","Double Tap","Hemokinesis+1"],"picked":"Singing Bowl","floor":24},{"not_picked":["True Grit","Burning Pact","Armaments"],"picked":"Singing Bowl","floor":28},{"not_picked":["Cleave","Seeing Red"],"picked":"Metallicize","floor":30},{"not_picked":["Feed","Impervious"],"picked":"Immolate","floor":33},{"not_picked":["Dropkick+1","Iron Wave+1","Cleave"],"picked":"Singing Bowl","floor":35},{"not_picked":["Pommel Strike","Spot Weakness"],"picked":"Shockwave","floor":36},{"not_picked":["Heavy Blade","Seeing Red+1","Flex"],"picked":"Singing Bowl","floor":37},{"not_picked":["Shockwave+1","Reckless Charge+1"],"picked":"Shrug It Off+1","floor":39},{"not_picked":["Iron Wave","Warcry+1","Perfected Strike"],"picked":"Singing Bowl","floor":40},{"not_picked":["Sever Soul+1","Immolate"],"picked":"Evolve+1","floor":45},{"not_picked":["Thunderclap+1","Wild Strike","Pummel+1"],"picked":"Singing Bowl","floor":46},{"not_picked":["Heavy Blade+1","Cleave+1","Havoc+1"],"picked":"Singing Bowl","floor":48},{"not_picked":["Reckless Charge+1","Corruption","Perfected Strike+1"],"picked":"Singing Bowl","floor":54}],"player_experience":161174,"relics_obtained":[{"floor":7.0,"key":"Incense Burner"},{"floor":9.0,"key":"Gremlin Horn"},{"floor":11.0,"key":"Singing Bowl"},{"floor":24,"key":"Akabeko"},{"floor":26,"key":"Mummified Hand"},{"floor":37,"key":"Champion Belt"},{"floor":40,"key":"Smiling Mask"},{"floor":45,"key":"CeramicFish"},{"floor":48,"key":"Art of War"},{"floor":54,"key":"Bottled Tornado"}],"event_choices":[{"cards_removed":["Strike_R"],"damage_healed":0.0,"max_hp_gain":0.0,"max_hp_loss":0.0,"gold_gain":0.0,"event_name":"Bonfire Elementals","player_choice":"Offered Basic","floor":3.0,"gold_loss":0.0,"damage_taken":0.0},{"damage_healed":0,"gold_gain":0,"player_choice":"Trade","damage_taken":0,"relics_obtained":["CultistMask"],"max_hp_gain":0,"max_hp_loss":0,"event_name":"FaceTrader","floor":31,"gold_loss":0},{"damage_healed":0,"gold_gain":0,"player_choice":"Fight","damage_taken":0,"max_hp_gain":0,"max_hp_loss":0,"event_name":"MindBloom","floor":37,"gold_loss":0},{"damage_healed":0,"gold_gain":100,"player_choice":"Pray","damage_taken":0,"max_hp_gain":0,"max_hp_loss":0,"event_name":"Golden Shrine","floor":42,"gold_loss":0},{"damage_healed":0,"gold_gain":0,"player_choice":"Embrace Madness","damage_taken":13,"max_hp_gain":0,"max_hp_loss":0,"event_name":"Winding Halls","floor":47,"gold_loss":0,"cards_obtained":["Madness","Madness"]}],"is_beta":false,"boss_relics":[{"not_picked":["Busted Crown","SacredBark"],"picked":"Empty Cage"},{"not_picked":["Cursed Key","Tiny House"],"picked":"Mark of Pain"}],"items_purged_floors":[19,38,38,44,44,53],"is_endless":false,"potions_floor_spawned":[2,5,13,14,16,22,23,24,35,36,45,54],"ascension_level":0}}