{"host":"j019w4cyowrad0mf","time":1611488889,"event":{"mods":["2.2 Compatiblity","Act Like it!","BaseMod","CapriCore","Gensokyo","HololiveMod","Marisa????????","Minty Spire (QoL Compilation)","Reimu??????","StSLib","Waifu the Spire","WarShipGirlsR/????R mod"],"gold_per_floor":[89,89,89,107,107,107,107,125,125,25,49,83,83,133,133,302,302,317,339,339,339,362,362,362,362,441,466,466,466,487,47,47,163,163,178,66,91,21,45,45,76,76,76,87,87,87,130,149,149,177],"floor_reached":51,"language":"ENG","playtime":3250,"items_purged":[],"score":908,"play_id":"de040dea-dd9e-4c90-ab21-1458e9af48b3","local_time":"20210124034809","is_ascension_mode":true,"campfire_choices":[{"data":"Hololive_CallSpadeEcho","floor":6.0,"key":"SMITH"},{"data":"Hololive_CallSpadeEcho","floor":13.0,"key":"SMITH"},{"data":"Hololive_CallArtia","floor":15.0,"key":"SMITH"},{"data":"Hololive_FlareMind","floor":23.0,"key":"SMITH"},{"data":"Gensokyo:FourOfAKind","floor":25.0,"key":"SMITH"},{"data":"Gensokyo:FourOfAKind","floor":28.0,"key":"SMITH"},{"data":"Gensokyo:FourOfAKind","floor":29.0,"key":"SMITH"},{"data":"Gensokyo:FourOfAKind","floor":32.0,"key":"SMITH"},{"data":"Hololive_CallYozoraMel","floor":40.0,"key":"SMITH"},{"data":"Hololive_CallAkiRosenthal","floor":42.0,"key":"SMITH"},{"data":"Hololive_CallShirakamiFubuki","floor":46.0,"key":"SMITH"},{"data":"Hololive_Rebirth","floor":49,"key":"SMITH"}],"circlet_count":0,"master_deck":["Hololive_Defend","Hololive_ILoveYou","Hololive_CallSpadeEcho+1","Hololive_CallAyundaRisu","Hololive_CallRoboco","Hololive_CallYogiri+1","Hololive_CallSpadeEcho+1","Hololive_CallNatsuiroMatsuri","Hololive_CallShirakamiFubuki+1","Hololive_CallMoonaHoshinova","Hololive_CallUruhaRushia","Hololive_CallArtia+1","Hololive_RevenueBasedLive","Hololive_FlareMind+1","Hololive_CallYozoraMel+1","Hololive_CallRosalyn+1","Gensokyo:AllTheWorldsEvil","Hololive_CallAkiRosenthal+1","Gensokyo:FourOfAKind+1","Gensokyo:FourOfAKind+1","Gensokyo:FourOfAKind+1","Gensokyo:FourOfAKind+1","Hololive_CallDoris+1","Hololive_CallUruhaRushia+1","Hololive_Rebirth+1","Hololive_CallNakiriAyame+1","Hololive_CallAiraniIofifteen+1","Hololive_CallShishiroBotan+1","Hololive_CallMomosuzuNene+5","Hololive_CallManoAloe+1","Hololive_CallNekomataOkayu+1","Hololive_CallOkamiMio+1","Hololive_CallAkaiHaato+1"],"relics":["Hololive_TheStar","Gensokyo:PortableGap","Peace Pipe","CrazyTorch:ReiMu","Kunai","Art of War","Velvet Choker","Gensokyo:MosesMiracle","Frozen Egg 2","Hololive_FriedShrimpLion","TheAbacus","SlaversCollar","Nunchaku","Eternal Feather","Turnip"],"acts_visited":["Exordium","Gensokyo:Gensokyo","Gensokyo:Gensokyoer"],"potions_floor_usage":[50],"damage_taken":[{"damage":0.0,"enemies":"Gensokyo:2_Kodama","floor":1.0,"turns":3.0},{"damage":0.0,"enemies":"Gensokyo:Gryphon","floor":4.0,"turns":3.0},{"damage":0.0,"enemies":"Gensokyo:Python","floor":8.0,"turns":2.0},{"damage":0.0,"enemies":"Gensokyo:LivingMonolith","floor":11.0,"turns":2.0},{"damage":0.0,"enemies":"Gensokyo:Aya","floor":12.0,"turns":2.0},{"damage":0.0,"enemies":"Gensokyo:Cirno","floor":14.0,"turns":5.0},{"damage":0.0,"enemies":"Gensokyo:Reimu","floor":16.0,"turns":5.0},{"damage":0.0,"enemies":"Gensokyo:Chomper","floor":18.0,"turns":2.0},{"damage":0.0,"enemies":"Gensokyo:3_Dogs","floor":19.0,"turns":3.0},{"damage":0.0,"enemies":"Gensokyo:Wraith","floor":22.0,"turns":4.0},{"damage":3.0,"enemies":"Gensokyo:Slime_Group","floor":27.0,"turns":5.0},{"damage":6.0,"enemies":"Gensokyo:Monolith_and_Dog","floor":30.0,"turns":5.0},{"damage":8.0,"enemies":"Gensokyo:Kaguya","floor":33.0,"turns":7.0},{"damage":0.0,"enemies":"Gensokyo:3_Bats","floor":35.0,"turns":4.0},{"damage":0.0,"enemies":"Gensokyo:AncientGuardian","floor":37.0,"turns":5.0},{"damage":0.0,"enemies":"Gensokyo:AtlasGolem","floor":39.0,"turns":5.0},{"damage":0.0,"enemies":"Gensokyo:Rafflesia","floor":41.0,"turns":9.0},{"damage":0.0,"enemies":"Gensokyo:Dusk_and_Dawn","floor":44.0,"turns":4.0},{"damage":0.0,"enemies":"Gensokyo:4_Bats","floor":47.0,"turns":7.0},{"damage":0,"enemies":"Gensokyo:AtlasGolem","floor":48,"turns":3},{"damage":0,"enemies":"Gensokyo:Shinki","floor":50,"turns":11}],"seed_played":"2804080380429006408","potions_obtained":[{"floor":12.0,"key":"DuplicationPotion"},{"floor":18.0,"key":"Dexterity Potion"},{"floor":48,"key":"DistilledChaos"}],"is_trial":false,"path_per_floor":["M","?","T","M","?","R","?","M","T","?","M","E","R","E","R","B",null,"M","M","?","?","M","R","?","R","T","M","R","R","M","$","R","B",null,"M","COS","M","$","M","R","M","R","T","M","$","R","M","M","R","B",null],"character_chosen":"Hololive_HololiveCharacter","items_purchased":["Hololive_FriedShrimpLion","TheAbacus","Hololive_CallUruhaRushia+1","GamblersBrew","Hololive_CallShishiroBotan+1"],"campfire_rested":0,"item_purchase_floors":[31,31,31,31,38],"current_hp_per_floor":[35,21,21,21,21,21,21,21,21,21,21,21,21,21,21,21,29,29,29,29,29,29,29,21,21,21,18,15,15,9,9,9,1,15,15,15,15,15,18,18,21,21,21,21,18,18,21,21,21,21],"gold":177,"neow_bonus":"UPGRADE_CARD","is_daily":false,"chose_seed":false,"campfire_upgraded":12,"win_rate":0.0,"timestamp":1611488889,"path_taken":["M","?","?","M","?","R","?","?","T","?","?","E","R","E","R","BOSS","M","?","?","?","?","R","?","R","T","M","R","R","M","$","R","BOSS","M","COS","M","$","M","R","M","R","T","M","$","R","M","M","R","BOSS"],"items_purchased_type":["Relic","Relic","Card","Potion","Card"],"build_version":"2020-12-22","purchased_purges":0,"victory":true,"max_hp_per_floor":[35,35,35,35,35,35,32,32,32,32,29,29,29,29,29,29,29,29,29,29,29,29,29,21,21,21,18,15,15,15,15,15,15,15,15,15,15,15,18,18,21,21,21,21,18,18,21,21,21,21],"card_choices":[{"not_picked":["Hololive_CocoNews","Hololive_Rebound","Hololive_RevenueBasedLive"],"picked":"Hololive_CallNatsuiroMatsuri","floor":1.0},{"not_picked":["Hololive_LuckPotion","Hololive_BringToTrial","Hololive_Rebound"],"picked":"Hololive_CallShirakamiFubuki","floor":4.0},{"not_picked":["Hololive_Drill","Hololive_Sequa","Hololive_OvertimeWork"],"picked":"Hololive_CallMoonaHoshinova","floor":8.0},{"not_picked":["Hololive_Trident","Hololive_StarCraft","Hololive_Spy"],"picked":"Hololive_CallUruhaRushia","floor":11.0},{"not_picked":["Hololive_CallRoboco","Hololive_HuntDinosaur","Hololive_CocoNews"],"picked":"Hololive_CallArtia","floor":12.0},{"not_picked":["Hololive_DevilCharm","Hololive_LuckPotion","Hololive_BringToTrial"],"picked":"Hololive_RevenueBasedLive","floor":14.0},{"not_picked":["Hololive_HighAtkLowDef","Hololive_BeCareful","Hololive_IdolExercise"],"picked":"Hololive_FlareMind","floor":16.0},{"not_picked":["Hololive_StrengthChampion","Hololive_FlyingPonyTail","Hololive_LuckPotion"],"picked":"Hololive_CallYozoraMel","floor":18.0},{"not_picked":["Hololive_CallNatsuiroMatsuri","Hololive_CallYogiri","Hololive_CallUruhaRushia+1"],"picked":"Hololive_CallRosalyn+1","floor":19.0},{"not_picked":["Hololive_CallManoAloe","Hololive_FlyingPonyTail","Hololive_StrengthChampion"],"picked":"Hololive_CallAkiRosenthal","floor":22.0},{"not_picked":["Hololive_SummonFox","Hololive_Drill","Hololive_OvertimeWork","Hololive_ScarfAndHalo"],"picked":"SKIP","floor":27.0},{"not_picked":["Hololive_Drill+1","Hololive_CallShiroganeNoel+1","Hololive_Spy+1"],"picked":"Hololive_CallDoris+1","floor":30.0},{"not_picked":["Hololive_AWSL","Hololive_DiamondStrike","Hololive_MaximGun"],"picked":"Hololive_Rebirth","floor":33.0},{"not_picked":["Hololive_ManjiGathering","Hololive_Breathe+1","Hololive_CallRoboco+1"],"picked":"Hololive_CallNakiriAyame+1","floor":35.0},{"not_picked":["Hololive_LuckPotion","Hololive_DevilCharm+1","Hololive_CallHoshimachiSuisei+1"],"picked":"Hololive_CallAiraniIofifteen+1","floor":37.0},{"not_picked":["Hololive_OvertimeWork+1","Hololive_Drill+1","Hololive_CandyCastle+1"],"picked":"Hololive_CallMomosuzuNene+1","floor":39.0},{"not_picked":["Hololive_Psychosis","Hololive_ManjiGathering","Hololive_CallHimemoriLuna+1"],"picked":"Hololive_CallManoAloe+1","floor":41.0},{"not_picked":["Hololive_Sequa+1","Hololive_Psychosis","Hololive_Breathe"],"picked":"Hololive_CallNekomataOkayu+1","floor":44.0},{"not_picked":["Hololive_CocoNews+1","Hololive_Sequa","Hololive_Trident+1"],"picked":"Hololive_CallOkamiMio+1","floor":47.0},{"not_picked":["Hololive_SummonFox","Hololive_StrengthChampion","Hololive_CallTokinoSora+1"],"picked":"Hololive_CallAkaiHaato+1","floor":48}],"player_experience":325613,"relics_obtained":[{"floor":9.0,"key":"Peace Pipe"},{"floor":12.0,"key":"Kunai"},{"floor":14.0,"key":"Art of War"},{"floor":26.0,"key":"Frozen Egg 2"},{"floor":30.0,"key":"Gensokyo:MosesMiracle"},{"floor":43.0,"key":"Eternal Feather"}],"event_choices":[],"is_beta":false,"boss_relics":[{"not_picked":["Cursed Key","Sozu"],"picked":"Velvet Choker"},{"not_picked":["Empty Cage","Coffee Dripper"],"picked":"SlaversCollar"}],"items_purged_floors":[],"is_endless":false,"potions_floor_spawned":[12,18,35,44,48],"ascension_level":2}}