{"host":"sav7uxregyirlf69","time":1611497675,"event":{"mods":["AchievementEnabler","BaseMod","Colored Map","DeckTracker","Keyboard Shortcuts","Minty Spire (QoL Compilation)","READ ME - Guardian Mod","StSLib","SuperFastMode"],"gold_per_floor":[116,131,56,74,85,85,118,118,118,118,132,163,163,180,180,254,254,272,290,52,72,84,113,113,140,140,158,158,158,192,227,227,227,227],"floor_reached":33,"language":"KOR","playtime":640,"items_purged":["Bash"],"score":684,"play_id":"6babb2cf-d07a-40be-a912-2aab39567641","local_time":"20210124231435","is_ascension_mode":true,"campfire_choices":[{"data":"Immolate","floor":6,"key":"SMITH"},{"floor":8,"key":"REST"},{"data":"Fire Breathing","floor":10,"key":"SMITH"},{"data":"True Grit","floor":13,"key":"SMITH"},{"data":"Rage","floor":15,"key":"SMITH"},{"data":"Offering","floor":24,"key":"SMITH"},{"data":"Feel No Pain","floor":32,"key":"SMITH"}],"circlet_count":0,"master_deck":["AscendersBane","Immolate+1","Fire Breathing+1","Warcry","Rage+1","Thunderclap","True Grit+1","Demon Form","Burning Pact","Offering+1","Double Tap","Juggernaut","Second Wind","Dark Embrace","Shockwave","Feel No Pain+1","Evolve","Twin Strike","Metallicize","Sentinel"],"relics":["Burning Blood","Paper Frog","Mummified Hand","Darkstone Periapt","Pandora\u0027s Box","ClockworkSouvenir","Girya","Juzu Bracelet","InkBottle","Red Mask","Boot"],"acts_visited":["Exordium","TheCity"],"potions_floor_usage":[12,16,21,31,33,33],"damage_taken":[{"damage":7,"enemies":"Cultist","floor":1,"turns":4},{"damage":7,"enemies":"Jaw Worm","floor":2,"turns":3},{"damage":0,"enemies":"2 Louse","floor":4,"turns":2},{"damage":12,"enemies":"Exordium Wildlife","floor":5,"turns":3},{"damage":43,"enemies":"Lagavulin","floor":7,"turns":7},{"damage":0,"enemies":"Looter","floor":11,"turns":1},{"damage":4,"enemies":"3 Sentries","floor":12,"turns":4},{"damage":14,"enemies":"Red Slaver","floor":14,"turns":3},{"damage":39,"enemies":"Slime Boss","floor":16,"turns":6},{"damage":13,"enemies":"2 Thieves","floor":18,"turns":2},{"damage":8,"enemies":"Spheric Guardian","floor":19,"turns":3},{"damage":9,"enemies":"Snake Plant","floor":21,"turns":3},{"damage":10,"enemies":"3 Cultists","floor":22,"turns":3},{"damage":16,"enemies":"Book of Stabbing","floor":23,"turns":3},{"damage":6,"enemies":"Slavers","floor":25,"turns":1},{"damage":6,"enemies":"Snecko","floor":27,"turns":3},{"damage":6,"enemies":"Masked Bandits","floor":30,"turns":2},{"damage":15,"enemies":"Book of Stabbing","floor":31,"turns":3},{"damage":37,"enemies":"Champ","floor":33,"turns":8}],"seed_played":"-3871301892643183851","potions_obtained":[{"floor":4,"key":"Strength Potion"},{"floor":7,"key":"Regen Potion"},{"floor":12,"key":"DistilledChaos"},{"floor":18,"key":"Weak Potion"},{"floor":23,"key":"Dexterity Potion"},{"floor":30,"key":"Weak Potion"},{"floor":31,"key":"Fruit Juice"}],"is_trial":false,"path_per_floor":["M","M","?","M","M","R","E","R","T","R","M","E","R","M","R","B",null,"M","M","$","M","M","E","R","E","T","M","?","?","?","E","R","B"],"character_chosen":"IRONCLAD","items_purchased":["ClockworkSouvenir"],"campfire_rested":1,"item_purchase_floors":[20],"current_hp_per_floor":[49,48,48,54,48,48,11,33,33,33,39,53,53,45,45,12,59,52,50,50,47,43,33,33,33,33,33,33,33,33,24,24,0,0],"gold":227,"neow_bonus":"THREE_RARE_CARDS","is_daily":false,"chose_seed":false,"campfire_upgraded":6,"win_rate":0.0,"timestamp":1611497675,"path_taken":["M","M","?","M","M","R","E","R","T","R","M","E","R","M","R","BOSS","M","M","$","M","M","E","R","E","T","M","?","?","?","E","R","BOSS"],"items_purchased_type":["Relic"],"build_version":"2020-12-22","purchased_purges":1,"victory":false,"max_hp_per_floor":[75,75,75,75,75,75,75,75,75,75,75,75,75,75,75,75,75,75,75,75,75,75,75,75,75,75,75,75,75,75,75,75,80,80],"card_choices":[{"not_picked":["Impervious","Brutality"],"picked":"Immolate","floor":0},{"not_picked":["Pommel Strike","Intimidate"],"picked":"Fire Breathing","floor":1},{"not_picked":["Whirlwind","Metallicize","Clothesline"],"picked":"SKIP","floor":2},{"not_picked":["Warcry","Rupture","Armaments"],"picked":"SKIP","floor":4},{"not_picked":["Rupture","Armaments"],"picked":"Warcry","floor":4},{"not_picked":["Burning Pact","Combust"],"picked":"Rage","floor":5},{"not_picked":["Heavy Blade","Pommel Strike"],"picked":"Thunderclap","floor":7},{"not_picked":["Pummel","Armaments"],"picked":"True Grit","floor":11},{"not_picked":["Flex","Rage","Havoc"],"picked":"SKIP","floor":12},{"not_picked":["Body Slam","Exhume","Headbutt"],"picked":"SKIP","floor":14},{"not_picked":["Wild Strike","Entrench","Perfected Strike"],"picked":"SKIP","floor":18},{"not_picked":["Ghostly Armor+1","Clash"],"picked":"Dark Embrace","floor":19},{"not_picked":["Heavy Blade+1","Reckless Charge"],"picked":"Shockwave","floor":21},{"not_picked":["Carnage","Pommel Strike"],"picked":"Feel No Pain","floor":22},{"not_picked":["Rampage+1","Havoc","Armaments"],"picked":"SKIP","floor":23},{"not_picked":["Rage","Bloodletting","Clothesline"],"picked":"SKIP","floor":25},{"not_picked":["Iron Wave","Sever Soul","Dropkick"],"picked":"SKIP","floor":27},{"not_picked":["Warcry","Heavy Blade"],"picked":"Sentinel","floor":31}],"player_experience":1378998,"relics_obtained":[{"floor":7,"key":"Paper Frog"},{"floor":9,"key":"Mummified Hand"},{"floor":12,"key":"Darkstone Periapt"},{"floor":23,"key":"Girya"},{"floor":25,"key":"Juzu Bracelet"},{"floor":26,"key":"InkBottle"},{"floor":30,"key":"Red Mask"},{"floor":31,"key":"Boot"}],"event_choices":[{"cards_removed":["Strike_R"],"damage_healed":0,"gold_gain":0,"player_choice":"Card Removal","damage_taken":0,"max_hp_gain":0,"max_hp_loss":0,"event_name":"The Cleric","floor":3,"gold_loss":75},{"damage_healed":0,"gold_gain":0,"player_choice":"Read","damage_taken":0,"max_hp_gain":0,"max_hp_loss":0,"event_name":"The Library","floor":28,"gold_loss":0,"cards_obtained":["Evolve"]},{"damage_healed":0,"gold_gain":0,"cards_transformed":["Dual Wield","Brutality"],"player_choice":"Became Test Subject","damage_taken":0,"max_hp_gain":0,"max_hp_loss":0,"event_name":"Drug Dealer","floor":29,"gold_loss":0,"cards_obtained":["Twin Strike","Metallicize"]},{"damage_healed":0,"gold_gain":0,"player_choice":"Fought Bandits","damage_taken":0,"max_hp_gain":0,"max_hp_loss":0,"event_name":"Masked Bandits","floor":30,"gold_loss":0}],"is_beta":false,"boss_relics":[{"not_picked":["Sozu","Black Blood"],"picked":"Pandora\u0027s Box"}],"items_purged_floors":[20],"is_endless":false,"potions_floor_spawned":[4,7,11,12,18,23,27,30,31],"killed_by":"Champ","ascension_level":20}}