{"host":"qyjrmrr57odine7m","time":1611486190,"event":{"mods":["AchievementEnabler","BaseMod","Bestiary","Block Reminder","Card Forge","Highlight Path","Minty Spire (QoL Compilation)","Permanent Neow","Rare Cards Sparkle","StSLib"],"gold_per_floor":[113,113,128,128,145,180,180,215,227,274,302,314,342,167,167,265,265,277,291,213,230,35,63,80,80,80],"floor_reached":25,"language":"ENG","playtime":1722,"items_purged":[],"score":477,"play_id":"619d150b-beb5-49ae-865a-cfeb8042e622","local_time":"20210124110310","is_ascension_mode":true,"campfire_choices":[{"floor":7.0,"key":"REST"},{"floor":12.0,"key":"REST"},{"floor":15.0,"key":"REST"}],"circlet_count":0,"master_deck":["AscendersBane","Strike_B+1","Strike_B+1","Strike_B+1","Defend_B+1","Defend_B+1","Defend_B+1","Redo+1","Leap+1","BootSequence+1","Defragment+1","Gash+1","Echo Form+1","Capacitor+1","Reprogram+1"],"relics":["Hammer of Thor","Seething Fire","Anvil of the Gods","Velvet Choker","Eternal Feather","MawBank","Akabeko","StrikeDummy","Membership Card","SlaversCollar","Singing Bowl","Medical Kit","Frozen Egg 2"],"acts_visited":["Exordium","TheCity"],"potions_floor_usage":[25,25],"damage_taken":[{"damage":0.0,"enemies":"Cultist","floor":1.0,"turns":3.0},{"damage":0.0,"enemies":"2 Louse","floor":3.0,"turns":2.0},{"damage":0.0,"enemies":"Jaw Worm","floor":5.0,"turns":4.0},{"damage":40.0,"enemies":"Gremlin Nob","floor":6.0,"turns":5.0},{"damage":16.0,"enemies":"Lagavulin","floor":8.0,"turns":7.0},{"damage":24.0,"enemies":"3 Sentries","floor":10.0,"turns":7.0},{"damage":0.0,"enemies":"Looter","floor":11.0,"turns":2.0},{"damage":0.0,"enemies":"Gremlin Gang","floor":13.0,"turns":4.0},{"damage":0.0,"enemies":"The Guardian","floor":16.0,"turns":10.0},{"damage":9.0,"enemies":"Shell Parasite","floor":18.0,"turns":6.0},{"damage":0.0,"enemies":"3 Byrds","floor":19.0,"turns":3.0},{"damage":19.0,"enemies":"Snake Plant","floor":21.0,"turns":4.0},{"damage":0.0,"enemies":"Gremlin Leader","floor":23.0,"turns":10.0},{"damage":38.0,"enemies":"Shelled Parasite and Fungi","floor":24.0,"turns":7.0},{"damage":14,"enemies":"Centurion and Healer","floor":25,"turns":1}],"seed_played":"8592253502113602631","potions_obtained":[{"floor":3.0,"key":"DuplicationPotion"},{"floor":5.0,"key":"Explosive Potion"},{"floor":6.0,"key":"SteroidPotion"},{"floor":13.0,"key":"Block Potion"},{"floor":16.0,"key":"AttackPotion"},{"floor":19.0,"key":"FearPotion"},{"floor":24.0,"key":"ColorlessPotion"}],"is_trial":false,"path_per_floor":["M","$","M","?","M","E","R","E","T","E","M","R","M","$","R","B",null,"M","M","$","M","$","E","M","M"],"character_chosen":"DEFECT","items_purchased":["Membership Card","LiquidBronze","EssenceOfSteel","Capacitor","Singing Bowl","Medical Kit"],"campfire_rested":3,"item_purchase_floors":[14,14,20,20,22,22],"current_hp_per_floor":[68,68,68,68,68,28,56,40,40,16,16,44,44,44,72,72,74,65,65,65,46,46,48,10,0,0],"gold":80,"neow_bonus":"BOSS_RELIC","is_daily":false,"chose_seed":false,"campfire_upgraded":0,"win_rate":0.0,"timestamp":1611486190,"path_taken":["M","$","M","?","M","E","R","E","T","E","M","R","M","$","R","BOSS","M","M","$","M","?","E","M","M"],"items_purchased_type":["Relic","Potion","Potion","Card","Relic","Relic"],"build_version":"2020-12-22","purchased_purges":0,"victory":false,"max_hp_per_floor":[75,75,75,75,75,75,75,75,75,75,75,75,75,75,75,75,75,75,75,75,75,75,77,77,77,77],"card_choices":[{"not_picked":["Compile Driver","Stack"],"picked":"Redo","floor":1.0},{"not_picked":["Turbo","Conserve Battery"],"picked":"Leap","floor":3.0},{"not_picked":["Redo","Conserve Battery"],"picked":"BootSequence","floor":5.0},{"not_picked":["Leap","FTL"],"picked":"Defragment","floor":6.0},{"not_picked":["Melter","Biased Cognition"],"picked":"Gash","floor":8.0},{"not_picked":["Coolheaded","Consume","Redo"],"picked":"SKIP","floor":10.0},{"not_picked":["Scrape","Beam Cell","Redo"],"picked":"SKIP","floor":11.0},{"not_picked":["Steam","Consume","Redo"],"picked":"SKIP","floor":13.0},{"not_picked":["Creative AI","Fission"],"picked":"Echo Form","floor":16.0},{"not_picked":["Aggregate+1","Go for the Eyes+1","Double Energy"],"picked":"SKIP","floor":18.0},{"not_picked":["Rebound","Fusion","Beam Cell"],"picked":"SKIP","floor":19.0},{"not_picked":["Turbo","Meteor Strike","Steam"],"picked":"SKIP","floor":21.0},{"not_picked":["Consume","Auto Shields","Compile Driver"],"picked":"Singing Bowl","floor":23.0},{"not_picked":["Melter+1","Aggregate"],"picked":"Reprogram","floor":24.0}],"player_experience":1264863,"relics_obtained":[{"floor":6.0,"key":"Eternal Feather"},{"floor":8.0,"key":"MawBank"},{"floor":9.0,"key":"Akabeko"},{"floor":10.0,"key":"StrikeDummy"},{"floor":23.0,"key":"Frozen Egg 2"}],"event_choices":[{"damage_healed":0.0,"max_hp_gain":0.0,"max_hp_loss":0.0,"gold_gain":0.0,"event_name":"Wheel of Change","player_choice":"Relic","floor":4.0,"gold_loss":0.0,"damage_taken":0.0}],"is_beta":false,"boss_relics":[{"not_picked":["Calling Bell","Snecko Eye"],"picked":"SlaversCollar"}],"items_purged_floors":[],"is_endless":false,"potions_floor_spawned":[3,5,6,13,16,19,21,24],"killed_by":"Centurion and Healer","ascension_level":10}}