{"host":"vgoo8hagqzs0eqkg","time":1611490118,"event":{"mods":["BaseMod","Downfall","Minty Spire (QoL Compilation)","Quick Restart","StSLib"],"gold_per_floor":[99,99,99,99,116,126,151,184,84,104,141,188,88,123,151,151,151,151],"floor_reached":16,"language":"ZHS","playtime":768,"items_purged":[],"score":112,"play_id":"cd815f0a-5e61-49c3-99ee-a50c0fa13406","local_time":"20210124200838","is_ascension_mode":false,"campfire_choices":[{"floor":1,"key":"RECALL"},{"floor":9,"key":"REST"},{"floor":13,"key":"REST"}],"circlet_count":0,"master_deck":["hexamod:Strike","hexamod:Strike","hexamod:Strike","hexamod:Strike","hexamod:Defend","hexamod:Defend","hexamod:Defend","hexamod:Defend","hexamod:Sear","hexamod:Float","hexamod:InspiringFlames","hexamod:RadiantFlame","hexamod:HauntingEcho","hexamod:RadiantFlame","hexamod:SecondSeal","hexamod:SpectralAdrenaline","hexamod:PhantomCloak","hexamod:SwordOfDarkness"],"relics":["hexamod:SpiritBrand","downfall:HeartsMalice","CeramicFish","Toy Ornithopter","downfall:HeartBlessingGreen","Pen Nib","downfall:HeartBlessingRed"],"acts_visited":["Exordium"],"potions_floor_usage":[8,12,12,14],"damage_taken":[{"damage":0,"enemies":"Small Slimes","floor":2,"turns":1},{"damage":0,"enemies":"Jaw Worm","floor":3,"turns":1},{"damage":0,"enemies":"Cultist","floor":4,"turns":1},{"damage":30,"enemies":"Large Slime","floor":5,"turns":7},{"damage":5,"enemies":"2 Fungi Beasts","floor":6,"turns":3},{"damage":8,"enemies":"3 Sentries","floor":8,"turns":10},{"damage":18,"enemies":"3 Louse","floor":10,"turns":5},{"damage":25,"enemies":"Exordium Thugs","floor":11,"turns":8},{"damage":1,"enemies":"Lagavulin","floor":12,"turns":7},{"damage":4,"enemies":"Blue Slaver","floor":14,"turns":5},{"damage":17,"enemies":"Gremlin Gang","floor":15,"turns":6},{"damage":19,"enemies":"DF_ARCHETYPE_STREAMLINE","floor":16,"turns":3}],"seed_played":"-2481470539792972382","potions_obtained":[{"floor":5,"key":"ColorlessPotion"},{"floor":6,"key":"Swift Potion"},{"floor":10,"key":"Energy Potion"},{"floor":12,"key":"Block Potion"},{"floor":15,"key":"Swift Potion"}],"is_trial":false,"path_per_floor":["R","M","M","M","M","M","T","E","R","M","M","E","R","M","M","B"],"character_chosen":"THE_SPIRIT","items_purchased":[],"campfire_rested":2,"item_purchase_floors":[],"current_hp_per_floor":[70,70,70,70,40,35,35,27,48,30,5,14,35,36,19,0,0,0],"gold":151,"neow_bonus":"THREE_ENEMY_KILL","is_daily":false,"chose_seed":false,"campfire_upgraded":0,"win_rate":0.0,"timestamp":1611490118,"path_taken":["R","M","M","M","M","M","T","E","R","M","M","E","R","M","M","BOSS"],"items_purchased_type":[],"build_version":"2020-12-22","purchased_purges":0,"victory":false,"max_hp_per_floor":[70,70,70,70,70,70,70,70,70,70,70,70,70,70,70,70,70,70],"card_choices":[{"not_picked":["hexamod:SpectralSpark","hexamod:NightmareGuise"],"picked":"hexamod:InspiringFlames","floor":2},{"not_picked":["hexamod:SpectralAdrenaline","hexamod:CatchUp"],"picked":"hexamod:RadiantFlame","floor":3},{"not_picked":["hexamod:FlamesFromBeyond","hexamod:SuperheatedStrike"],"picked":"hexamod:HauntingEcho","floor":4},{"not_picked":["hexamod:ShieldOfDarkness","hexamod:RetreatToShadows"],"picked":"hexamod:RadiantFlame","floor":5},{"not_picked":["hexamod:DynamicBlow","hexamod:ThirdSeal"],"picked":"hexamod:SecondSeal","floor":6},{"not_picked":["hexamod:GhostflameBarrier","hexamod:GhostOfSpirePast","hexamod:NightmareGuise"],"picked":"SKIP","floor":8},{"not_picked":["hexamod:RecurringNightmare","hexamod:GhostLash","hexamod:GhostShield"],"picked":"SKIP","floor":10},{"not_picked":["hexamod:GhostLash","hexamod:ShieldOfDarkness"],"picked":"hexamod:SpectralAdrenaline","floor":11},{"not_picked":["hexamod:Again","hexamod:GhostOfSpirePresent"],"picked":"hexamod:PhantomCloak","floor":12},{"not_picked":["hexamod:FlamesFromBeyond","hexamod:AdvancingGuard"],"picked":"hexamod:SwordOfDarkness","floor":14},{"not_picked":["hexamod:Haunt","hexamod:SwordOfDarkness","hexamod:GhostLash"],"picked":"SKIP","floor":15}],"player_experience":455989,"relics_obtained":[{"floor":7,"key":"CeramicFish"},{"floor":8,"key":"Toy Ornithopter"},{"floor":12,"key":"Pen Nib"}],"event_choices":[],"is_beta":false,"boss_relics":[],"items_purged_floors":[],"is_endless":false,"potions_floor_spawned":[5,6,10,12,15],"killed_by":"DF_ARCHETYPE_STREAMLINE","ascension_level":0}}