{"host":"wttmrzzrx8nzm6lv","time":1611492755,"event":{"mods":["Arknights The Spire","BaseMod","Marisa£®ÏF”Í°°ƒß¿Ì…≥£©","Minty Spire (QoL Compilation)","Remilia£®¿Ÿ√◊¿Ú—«£©","StSLib","Youmu£®ªÍ∆«—˝√Œ£©"],"gold_per_floor":[111,111,42,118,118,118,137,168,215,235,235,251,251,172,172,271,271,289,66,84,84,84,84,84,159,209,227,227,227,326,326,326,425,425,442,261,271,271,288,288,288,288,288,18,33,50,50,84,84,84],"floor_reached":51,"language":"ZHS","playtime":1728,"items_purged":["ats:Defend","Shame","ats:Composite Medical Shells"],"score":794,"play_id":"60b770c5-5ea4-4cb1-b497-9cfcf88a16ae","local_time":"20210124205235","is_ascension_mode":false,"campfire_choices":[{"data":"ats:Part Time Job","floor":6.0,"key":"SMITH"},{"data":"ats:Overload","floor":15.0,"key":"SMITH"},{"data":"ats:Ignite","floor":23.0,"key":"SMITH"},{"data":"ats:Shadow Assault","floor":28.0,"key":"SMITH"},{"floor":32.0,"key":"REST"},{"data":"ats:Flame Of Heaven","floor":40.0,"key":"SMITH"},{"data":"Deep Breath","floor":42.0,"key":"SMITH"},{"data":"ats:Echo Reverb","floor":47.0,"key":"SMITH"},{"data":"ats:Demon Strength","floor":49.0,"key":"SMITH"}],"circlet_count":0,"master_deck":["ats:Strike C","ats:Strike G","ats:Strike S","ats:Strike V","ats:Defend","ats:Defend","ats:Defend","ats:Emotion Absorption+1","ats:Sword Rain","ats:Part Time Job+1","ats:Composite Medical Shells","ats:Hammer On","ats:Overload+1","ats:Shadow Assault+1","ats:Ignite+1","ats:Flame Of Heaven+1","ats:Healing Strengthening+1","ats:Shell Defense","ats:Echo Reverb+1","ats:Guard Mode+1","ats:Apocalypse","ats:Closed Bolt Burst Fire+1","ats:Mental Burst+1","Deep Breath+1","ats:Demon Strength+1","ats:Thorns"],"relics":["ats:Sanity","NeowsBlessing","Dream Catcher","ats:Originium","Juzu Bracelet","Ancient Tea Set","Runic Dome","Tiny Chest","Gremlin Horn","Matryoshka","Bag of Marbles","Meat on the Bone","Vajra","ScarletDevilRocket","SacredBark","Molten Egg 2","ats:Lavender","HandDrill","Pantograph"],"acts_visited":["Exordium","TheCity","TheBeyond"],"potions_floor_usage":[50,50,50],"damage_taken":[{"damage":0.0,"enemies":"Small Slimes","floor":1.0,"turns":1.0},{"damage":0.0,"enemies":"Jaw Worm","floor":7.0,"turns":1.0},{"damage":0.0,"enemies":"Gremlin Nob","floor":8.0,"turns":1.0},{"damage":2.0,"enemies":"2 Louse","floor":10.0,"turns":4.0},{"damage":24.0,"enemies":"Red Slaver","floor":12.0,"turns":5.0},{"damage":56.0,"enemies":"Hexaghost","floor":16.0,"turns":8.0},{"damage":10.0,"enemies":"2 Thieves","floor":18.0,"turns":2.0},{"damage":5.0,"enemies":"Chosen","floor":20.0,"turns":4.0},{"damage":7.0,"enemies":"3 Cultists","floor":27.0,"turns":3.0},{"damage":85.0,"enemies":"Collector","floor":33.0,"turns":10.0},{"damage":10.0,"enemies":"Orb Walker","floor":35.0,"turns":2.0},{"damage":40.0,"enemies":"3 Darklings","floor":37.0,"turns":5.0},{"damage":29.0,"enemies":"Transient","floor":39.0,"turns":5.0},{"damage":18.0,"enemies":"Sphere and 2 Shapes","floor":45.0,"turns":1.0},{"damage":6.0,"enemies":"4 Shapes","floor":46.0,"turns":5.0},{"damage":28.0,"enemies":"Nemesis","floor":48.0,"turns":5.0},{"damage":79,"enemies":"Donu and Deca","floor":50,"turns":5}],"seed_played":"3294275027033189340","potions_obtained":[{"floor":8.0,"key":"Energy Potion"},{"floor":10.0,"key":"ats:Top Emergency Sanity Potion"},{"floor":12.0,"key":"PowerPotion"},{"floor":18.0,"key":"LiquidBronze"},{"floor":37.0,"key":"SpeedPotion"},{"floor":45.0,"key":"FearPotion"},{"floor":48.0,"key":"ats:Top Emergency Sanity Potion"}],"is_trial":false,"path_per_floor":["M","?","$","?","?","R","M","E","T","M","?","M","?","$","R","B",null,"M","$","M","?","?","R","T","T","T","M","R","?","?","?","R","B",null,"M","$","M","T","M","R","?","R","T","$","M","M","R","E","R","B",null],"character_chosen":"DOCTOR_CLASS","items_purchased":["ats:Part Time Job","ats:Overload","Tiny Chest","ats:Composite Medical Shells","ats:Apocalypse","HandDrill"],"campfire_rested":1,"item_purchase_floors":[3,14,19,36,36,44],"current_hp_per_floor":[72,72,72,72,60,60,60,60,60,60,60,44,72,72,72,28,72,62,62,63,63,63,63,63,63,63,58,58,45,45,45,68,49,77,67,67,51,51,57,57,57,57,57,57,39,65,65,54,54,39],"gold":84,"neow_bonus":"THREE_ENEMY_KILL","is_daily":false,"chose_seed":false,"campfire_upgraded":8,"win_rate":0.0,"timestamp":1611492755,"path_taken":["M","?","$","?","?","R","M","E","T","M","?","M","?","$","R","BOSS","M","$","M","?","?","R","?","?","T","M","R","?","?","?","R","BOSS","M","$","M","?","M","R","?","R","T","$","M","M","R","E","R","BOSS"],"items_purchased_type":["Card","Card","Relic","Card","Card","Relic"],"build_version":"2020-12-22","purchased_purges":3,"victory":true,"max_hp_per_floor":[72,72,72,72,72,72,72,72,72,72,72,72,72,72,72,72,72,72,72,72,72,72,72,72,72,72,72,72,77,77,77,77,77,77,77,77,77,77,77,77,77,77,77,77,77,77,77,77,77,77],"card_choices":[{"not_picked":["ats:Ignite","ats:Apocalypse"],"picked":"ats:Sword Rain","floor":1.0},{"not_picked":["ats:Consecutive Shot Auto","ats:Revitalization"],"picked":"ats:Composite Medical Shells","floor":7.0},{"not_picked":["ats:Blood Oath","ats:LN2 Cannon"],"picked":"ats:Defend Order","floor":8.0},{"not_picked":["ats:Absolute Focus","ats:Poison Spread","ats:Revitalization"],"picked":"SKIP","floor":10.0},{"not_picked":["ats:Blood Oath","ats:Absolute Focus"],"picked":"ats:Hammer On","floor":12.0},{"not_picked":["ats:Volcano","ats:Echo Reverb"],"picked":"ats:Shadow Assault","floor":16.0},{"not_picked":["ats:Shell Defense","ats:Very Hot Blade+1"],"picked":"ats:Ignite","floor":18.0},{"not_picked":["ats:Rapid Magazine","ats:Healing Drone"],"picked":"ats:Flame Of Heaven","floor":20.0},{"not_picked":["ats:Absolute Focus","ats:Powerful Strike"],"picked":"ats:Healing Strengthening+1","floor":27.0},{"not_picked":["ats:Overload","ats:True Silver Slash"],"picked":"ats:Shell Defense","floor":32.0},{"not_picked":["ats:Roar Of Ursus","ats:True Silver Slash"],"picked":"ats:Echo Reverb","floor":33.0},{"not_picked":["ats:Assault Order","ats:Guardian Obelisk+1"],"picked":"ats:Guard Mode+1","floor":35.0},{"not_picked":["ats:Hammer On","ats:Song Of Battle"],"picked":"ats:Closed Bolt Burst Fire+1","floor":37.0},{"not_picked":["ats:Poison Spread+1","ats:Absolute Focus+1"],"picked":"ats:Mental Burst+1","floor":39.0},{"not_picked":["Good Instincts","Trip"],"picked":"Deep Breath","floor":41.0},{"not_picked":["ats:Very Hot Blade+1","ats:Nebulous Foxfire"],"picked":"ats:Demon Strength","floor":45.0},{"not_picked":["ats:Flexible Camouflage+1","ats:Cat Scratch+1"],"picked":"ats:Thorns","floor":46.0},{"not_picked":["ats:Blood Oath+1","ats:Curse Doll+1","ats:Defend Order"],"picked":"SKIP","floor":48.0}],"player_experience":744815,"relics_obtained":[{"floor":8.0,"key":"ats:Originium"},{"floor":8.0,"key":"Juzu Bracelet"},{"floor":9.0,"key":"Ancient Tea Set"},{"floor":24.0,"key":"Matryoshka"},{"floor":25.0,"key":"Bag of Marbles"},{"floor":25.0,"key":"Meat on the Bone"},{"floor":26.0,"key":"Vajra"},{"floor":26.0,"key":"ScarletDevilRocket"},{"floor":38.0,"key":"Molten Egg 2"},{"floor":43.0,"key":"ats:Lavender"},{"floor":48.0,"key":"ats:Originium"},{"floor":48.0,"key":"Pantograph"}],"event_choices":[{"damage_healed":0.0,"max_hp_gain":0.0,"max_hp_loss":0.0,"gold_gain":0.0,"event_name":"Living Wall","player_choice":"Grow","floor":2.0,"gold_loss":0.0,"damage_taken":0.0,"cards_upgraded":["ats:Emotion Absorption"]},{"damage_healed":0.0,"max_hp_gain":0.0,"max_hp_loss":0.0,"gold_gain":76.0,"event_name":"Golden Wing","player_choice":"Gained Gold","floor":4.0,"gold_loss":0.0,"damage_taken":0.0},{"damage_healed":0.0,"max_hp_gain":0.0,"max_hp_loss":0.0,"gold_gain":0.0,"event_name":"Scrap Ooze","player_choice":"Success","floor":5.0,"gold_loss":0.0,"damage_taken":12.0,"relics_obtained":["Dream Catcher"]},{"cards_removed":["ats:Armor Crushing Shot"],"damage_healed":0.0,"max_hp_gain":0.0,"max_hp_loss":0.0,"gold_gain":0.0,"event_name":"Purifier","player_choice":"Purged","floor":11.0,"gold_loss":0.0,"damage_taken":0.0},{"cards_removed":["ats:Defend Order"],"damage_healed":28.0,"max_hp_gain":0.0,"max_hp_loss":0.0,"gold_gain":0.0,"event_name":"Bonfire Elementals","player_choice":"Offered Uncommon","floor":13.0,"gold_loss":0.0,"damage_taken":0.0},{"damage_healed":0.0,"max_hp_gain":0.0,"max_hp_loss":0.0,"gold_gain":0.0,"event_name":"Vampires","player_choice":"Ignored","floor":21.0,"gold_loss":0.0,"damage_taken":0.0},{"damage_healed":0.0,"max_hp_gain":0.0,"max_hp_loss":0.0,"gold_gain":0.0,"event_name":"Addict","player_choice":"Stole Relic","floor":22.0,"gold_loss":0.0,"damage_taken":0.0,"relics_obtained":["Gremlin Horn"],"cards_obtained":["Shame"]},{"damage_healed":0.0,"max_hp_gain":5.0,"max_hp_loss":0.0,"gold_gain":0.0,"event_name":"Forgotten Altar","player_choice":"Shed Blood","floor":29.0,"gold_loss":0.0,"damage_taken":18.0},{"damage_healed":0.0,"max_hp_gain":0.0,"max_hp_loss":0.0,"gold_gain":99.0,"event_name":"Nest","player_choice":"Stole From Cult","floor":30.0,"gold_loss":0.0,"damage_taken":0.0},{"damage_healed":0.0,"max_hp_gain":0.0,"max_hp_loss":0.0,"gold_gain":0.0,"event_name":"The Woman in Blue","player_choice":"Bought 0 Potions","floor":31.0,"gold_loss":0.0,"damage_taken":0.0},{"damage_healed":0.0,"max_hp_gain":0.0,"max_hp_loss":0.0,"gold_gain":0.0,"event_name":"SensoryStone","player_choice":"Memory 1","floor":41.0,"gold_loss":0.0,"damage_taken":0.0}],"is_beta":false,"boss_relics":[{"not_picked":["ats:Tactical Delivery","Busted Crown"],"picked":"Runic Dome"},{"not_picked":["Pandora\u0027s Box","Cursed Key"],"picked":"SacredBark"}],"items_purged_floors":[19,36,44],"is_endless":false,"potions_floor_spawned":[8,10,12,18,37,45,48],"ascension_level":0}}