{"host":"rzjc4nrqz5d54r3r","time":1611487248,"event":{"mods":["BaseMod","Colored Map","Keyboard Shortcuts","Minty Spire (QoL Compilation)","Quick Restart","StSLib","SuperFastMode","everything is the same but u backflip on backflip"],"gold_per_floor":[111,129,141,159,159,159,194,218,218,232,307,328,349,385,385,511,511,536,496,276,191,21,59,103,128,128,142,241,87,110,145,145,266,266,279,26,26,45,63,96,111,154,154,187,187,62,62,10,10,10],"floor_reached":51,"language":"KOR","playtime":1538,"items_purged":["Strike_R","Strike_R","Strike_R"],"score":1049,"play_id":"5e13d71e-9435-4129-97b4-964a6bab9f10","local_time":"20210124202048","is_ascension_mode":true,"campfire_choices":[{"data":"Apotheosis","floor":6.0,"key":"SMITH"},{"data":"True Grit","floor":15.0,"key":"SMITH"},{"floor":32.0,"key":"REST"},{"floor":45,"key":"REST"},{"floor":49,"key":"REST"}],"circlet_count":0,"master_deck":["Defend_R","Defend_R","Defend_R","Defend_R","Bash","Apotheosis+1","Pommel Strike","Seeing Red","Thunderclap","Flex","Double Tap","Headbutt","True Grit+1","Shrug It Off","Dropkick","Feed","Second Wind","Berserk","Inflame","Uppercut+1","Limit Break","Sword Boomerang+1"],"relics":["Burning Blood","Golden Idol","Anchor","Potion Belt","Bag of Preparation","Empty Cage","Happy Flower","Molten Egg 2","PreservedInsect","Red Mask","Ancient Tea Set","Red Skull","OrangePellets","Vajra","Runic Dome","Gremlin Horn","Juzu Bracelet","Toy Ornithopter","Gambling Chip","Bottled Lightning","Self Forming Clay"],"acts_visited":["Exordium","TheCity","TheBeyond"],"potions_floor_usage":[41,42,42,42,42,50,50,50],"damage_taken":[{"damage":3.0,"enemies":"Jaw Worm","floor":1.0,"turns":4.0},{"damage":2.0,"enemies":"Small Slimes","floor":2.0,"turns":3.0},{"damage":1.0,"enemies":"Cultist","floor":3.0,"turns":3.0},{"damage":3.0,"enemies":"Large Slime","floor":4.0,"turns":4.0},{"damage":21.0,"enemies":"3 Sentries","floor":7.0,"turns":7.0},{"damage":2.0,"enemies":"Looter","floor":8.0,"turns":4.0},{"damage":0.0,"enemies":"2 Fungi Beasts","floor":10.0,"turns":3.0},{"damage":1.0,"enemies":"Large Slime","floor":12.0,"turns":2.0},{"damage":0.0,"enemies":"Red Slaver","floor":13.0,"turns":2.0},{"damage":14.0,"enemies":"Gremlin Nob","floor":14.0,"turns":4.0},{"damage":16.0,"enemies":"Hexaghost","floor":16.0,"turns":8.0},{"damage":0.0,"enemies":"Shell Parasite","floor":18.0,"turns":4.0},{"damage":26.0,"enemies":"Gremlin Leader","floor":23.0,"turns":8.0},{"damage":14.0,"enemies":"Masked Bandits","floor":24.0,"turns":4.0},{"damage":0.0,"enemies":"Chosen","floor":27.0,"turns":4.0},{"damage":14.0,"enemies":"Snecko","floor":30.0,"turns":5.0},{"damage":38.0,"enemies":"Slavers","floor":31.0,"turns":5.0},{"damage":45.0,"enemies":"Automaton","floor":33.0,"turns":7.0},{"damage":7.0,"enemies":"3 Darklings","floor":35.0,"turns":7.0},{"damage":31.0,"enemies":"Orb Walker","floor":38.0,"turns":5.0},{"damage":0.0,"enemies":"Maw","floor":39.0,"turns":4.0},{"damage":2.0,"enemies":"Nemesis","floor":40.0,"turns":3.0},{"damage":9,"enemies":"Jaw Worm Horde","floor":41,"turns":5},{"damage":29,"enemies":"Reptomancer","floor":42,"turns":5},{"damage":16,"enemies":"Nemesis","floor":44,"turns":3},{"damage":0,"enemies":"Donu and Deca","floor":50,"turns":4}],"seed_played":"9076221561338330056","potions_obtained":[{"floor":4.0,"key":"EssenceOfSteel"},{"floor":7.0,"key":"Weak Potion"},{"floor":10.0,"key":"Block Potion"},{"floor":12.0,"key":"GamblersBrew"},{"floor":19.0,"key":"Swift Potion"},{"floor":19.0,"key":"EntropicBrew"},{"floor":19.0,"key":"Regen Potion"},{"floor":24.0,"key":"ColorlessPotion"},{"floor":31.0,"key":"EntropicBrew"},{"floor":33.0,"key":"BlessingOfTheForge"},{"floor":38.0,"key":"Dexterity Potion"},{"floor":40.0,"key":"Dexterity Potion"},{"floor":42,"key":"SteroidPotion"}],"is_trial":false,"path_per_floor":["M","M","M","M","?","R","E","M","T","M","?","M","M","E","R","B",null,"M","?","$","?","$","E","?","T","T","M","?","$","M","E","R","B",null,"M","$","?","M","M","E","M","E","T","E","R","$","?","$","R","B",null],"character_chosen":"IRONCLAD","items_purchased":["Happy Flower","Second Wind","OrangePellets","Gremlin Horn","Energy Potion"],"campfire_rested":3,"item_purchase_floors":[20,22,29,36,48],"current_hp_per_floor":[59,63,68,71,51,51,36,40,40,46,35,40,46,38,38,28,80,84,84,84,84,84,80,76,76,76,82,82,82,78,50,80,45,104,107,107,107,86,92,100,101,82,82,72,109,109,109,109,124,124],"gold":10,"neow_bonus":"RANDOM_COLORLESS_2","is_daily":false,"chose_seed":false,"campfire_upgraded":2,"win_rate":0.0,"timestamp":1611487248,"path_taken":["M","M","M","M","?","R","E","M","T","M","?","M","M","E","R","BOSS","M","?","?","?","$","E","?","?","T","M","?","$","M","E","R","BOSS","M","$","?","?","M","E","M","E","T","E","R","$","?","?","R","BOSS"],"items_purchased_type":["Relic","Card","Relic","Relic","Potion"],"build_version":"2020-12-22","purchased_purges":3,"victory":true,"max_hp_per_floor":[80,80,80,80,80,80,80,80,80,80,80,80,80,80,80,80,80,84,84,84,84,84,88,92,92,92,92,92,92,96,100,100,104,104,108,108,108,112,112,116,120,124,124,124,124,124,124,124,124,124],"card_choices":[{"not_picked":["Mayhem","Violence"],"picked":"Apotheosis","floor":0.0},{"not_picked":["Entrench","Intimidate"],"picked":"Pommel Strike","floor":1.0},{"not_picked":["Anger","Ghostly Armor"],"picked":"Seeing Red","floor":2.0},{"not_picked":["Blood for Blood","Cleave"],"picked":"Thunderclap","floor":3.0},{"not_picked":["Rupture","Intimidate"],"picked":"Flex","floor":4.0},{"not_picked":["Fire Breathing","Reckless Charge"],"picked":"Double Tap","floor":7.0},{"not_picked":["Iron Wave","Clothesline"],"picked":"Headbutt","floor":8.0},{"not_picked":["Ghostly Armor","Thunderclap","Clothesline"],"picked":"SKIP","floor":10.0},{"not_picked":["Anger","Ghostly Armor"],"picked":"True Grit","floor":12.0},{"not_picked":["Clash","Pommel Strike"],"picked":"Shrug It Off","floor":13.0},{"not_picked":["Iron Wave","Warcry"],"picked":"Dropkick","floor":14.0},{"not_picked":["Double Tap","Berserk"],"picked":"Feed","floor":16.0},{"not_picked":["Iron Wave","Flex","True Grit"],"picked":"SKIP","floor":18.0},{"not_picked":["Flame Barrier+1","Inflame"],"picked":"Berserk","floor":23.0},{"not_picked":["Fire Breathing","Pummel+1","Headbutt+1"],"picked":"SKIP","floor":27.0},{"not_picked":["Carnage+1","Flame Barrier+1"],"picked":"Inflame","floor":30.0},{"not_picked":["Shockwave+1","Clothesline+1"],"picked":"Uppercut+1","floor":31.0},{"not_picked":["Brutality","Double Tap"],"picked":"Limit Break","floor":33.0},{"not_picked":["Heavy Blade+1","Anger+1","Warcry+1"],"picked":"SKIP","floor":35.0},{"not_picked":["Armaments+1","Burning Pact","Ghostly Armor+1"],"picked":"SKIP","floor":38.0},{"not_picked":["Headbutt+1","Metallicize","Shrug It Off"],"picked":"SKIP","floor":39.0},{"not_picked":["Barricade","Rupture","Rampage+1"],"picked":"SKIP","floor":40.0},{"not_picked":["Pommel Strike+1","Second Wind","True Grit+1"],"picked":"SKIP","floor":41},{"not_picked":["Demon Form","Headbutt+1"],"picked":"Sword Boomerang+1","floor":42},{"not_picked":["Burning Pact","Intimidate","Flex"],"picked":"SKIP","floor":44}],"player_experience":1851,"relics_obtained":[{"floor":7.0,"key":"Anchor"},{"floor":9.0,"key":"Potion Belt"},{"floor":14.0,"key":"Bag of Preparation"},{"floor":23.0,"key":"PreservedInsect"},{"floor":24.0,"key":"Red Mask"},{"floor":25.0,"key":"Ancient Tea Set"},{"floor":26.0,"key":"Red Skull"},{"floor":31.0,"key":"Vajra"},{"floor":40.0,"key":"Juzu Bracelet"},{"floor":42,"key":"Toy Ornithopter"},{"floor":43,"key":"Gambling Chip"},{"floor":44,"key":"Bottled Lightning"}],"event_choices":[{"damage_healed":0.0,"max_hp_gain":0.0,"max_hp_loss":0.0,"gold_gain":0.0,"event_name":"Golden Idol","player_choice":"Take Damage","floor":5.0,"gold_loss":0.0,"damage_taken":20.0,"relics_obtained":["Golden Idol"]},{"damage_healed":0.0,"max_hp_gain":0.0,"max_hp_loss":0.0,"gold_gain":75.0,"event_name":"World of Goop","player_choice":"Gather Gold","floor":11.0,"gold_loss":0.0,"damage_taken":11.0},{"damage_healed":0.0,"max_hp_gain":0.0,"max_hp_loss":0.0,"gold_gain":0.0,"event_name":"The Woman in Blue","player_choice":"Bought 3 Potions","floor":19.0,"gold_loss":0.0,"damage_taken":0.0},{"damage_healed":0.0,"max_hp_gain":0.0,"max_hp_loss":0.0,"gold_gain":0.0,"event_name":"Addict","player_choice":"Obtained Relic","floor":21.0,"gold_loss":85.0,"damage_taken":0.0,"relics_obtained":["Molten Egg 2"]},{"damage_healed":0.0,"max_hp_gain":0.0,"max_hp_loss":0.0,"gold_gain":0.0,"event_name":"Masked Bandits","player_choice":"Fought Bandits","floor":24.0,"gold_loss":0.0,"damage_taken":0.0},{"damage_healed":0.0,"max_hp_gain":0.0,"max_hp_loss":0.0,"gold_gain":99.0,"event_name":"Nest","player_choice":"Stole From Cult","floor":28.0,"gold_loss":0.0,"damage_taken":0.0},{"damage_healed":0.0,"max_hp_gain":0.0,"max_hp_loss":0.0,"gold_gain":0.0,"event_name":"SecretPortal","player_choice":"Ignored","floor":37.0,"gold_loss":0.0,"damage_taken":0.0},{"damage_healed":0,"gold_gain":0,"player_choice":"Gave Potion","damage_taken":0,"relics_obtained":["Self Forming Clay"],"max_hp_gain":0,"max_hp_loss":0,"event_name":"WeMeetAgain","floor":47,"gold_loss":0}],"is_beta":false,"boss_relics":[{"not_picked":["Snecko Eye","Coffee Dripper"],"picked":"Empty Cage"},{"not_picked":["Calling Bell","Runic Pyramid"],"picked":"Runic Dome"}],"items_purged_floors":[20,22,46],"is_endless":false,"potions_floor_spawned":[4,7,10,12,24,31,33,38,40,42],"ascension_level":1}}