{"host":"xy5qih4nvxccm4rc","time":1611512349,"event":{"mods":["AchievementEnabler","BaseMod","Minty Spire (QoL Compilation)","StSLib"],"gold_per_floor":[117,117,135,6,21,53,53,53,53],"floor_reached":8,"language":"ENG","playtime":226,"items_purged":[],"score":62,"play_id":"f8542355-faf5-484a-be9a-71f03b6c415f","local_time":"20210124121909","is_ascension_mode":true,"campfire_choices":[],"circlet_count":0,"master_deck":["Strike_G","Strike_G","Strike_G","Strike_G","Strike_G","Defend_G","Defend_G","Defend_G","Defend_G","Survivor","Neutralize","Distraction","PiercingWail","Deadly Poison","Well Laid Plans","Deadly Poison","Backflip"],"relics":["Ring of the Snake","NeowsBlessing","StoneCalendar"],"acts_visited":["Exordium"],"potions_floor_usage":[8],"damage_taken":[{"damage":0,"enemies":"2 Louse","floor":1,"turns":1},{"damage":0,"enemies":"Small Slimes","floor":3,"turns":1},{"damage":0,"enemies":"Cultist","floor":5,"turns":1},{"damage":32,"enemies":"Lagavulin","floor":6,"turns":7},{"damage":43,"enemies":"Gremlin Nob","floor":8,"turns":4}],"seed_played":"-5968883528417661086","potions_obtained":[{"floor":1,"key":"Energy Potion"},{"floor":6,"key":"Ancient Potion"}],"is_trial":false,"path_per_floor":["M","?","M","$","M","E","?","E"],"character_chosen":"THE_SILENT","items_purchased":["Deadly Poison","Well Laid Plans"],"campfire_rested":0,"item_purchase_floors":[4,4],"current_hp_per_floor":[70,75,75,75,75,43,36,0,0],"gold":53,"neow_bonus":"THREE_ENEMY_KILL","is_daily":false,"chose_seed":false,"campfire_upgraded":0,"win_rate":0.0,"timestamp":1611512349,"path_taken":["M","?","M","$","M","E","?","E"],"items_purchased_type":["Card","Card"],"build_version":"2020-12-22","purchased_purges":0,"victory":false,"max_hp_per_floor":[70,75,75,75,75,75,75,75,75],"card_choices":[{"not_picked":["Underhanded Strike","Blur"],"picked":"Distraction","floor":1},{"not_picked":["Leg Sweep","Deflect"],"picked":"PiercingWail","floor":3},{"not_picked":["Bane","Underhanded Strike"],"picked":"Deadly Poison","floor":5},{"not_picked":["Doppelganger","Heel Hook"],"picked":"Backflip","floor":6}],"player_experience":332901,"relics_obtained":[{"floor":6,"key":"StoneCalendar"}],"event_choices":[{"damage_healed":0,"gold_gain":0,"player_choice":"Donut","damage_taken":0,"max_hp_gain":5,"max_hp_loss":0,"event_name":"Big Fish","floor":2,"gold_loss":0},{"cards_removed":["Defend_G"],"damage_healed":0,"gold_gain":0,"player_choice":"Card Removal","damage_taken":7,"max_hp_gain":0,"max_hp_loss":0,"event_name":"Golden Wing","floor":7,"gold_loss":0}],"is_beta":false,"boss_relics":[],"items_purged_floors":[],"is_endless":false,"potions_floor_spawned":[1,6],"killed_by":"Gremlin Nob","ascension_level":2}}