{"host":"fuszjwm6fqgjjp4d","time":1611466527,"event":{"mods":["BaseMod","Bestiary","Colored Map","DeckTracker","Minty Spire (QoL Compilation)","Permanent Neow","Relic Sorter","Relic Stats","StSLib"],"gold_per_floor":[118,193,207,207,51,51,64,99,99,99,120,148,202,36,36,119,119,142,164,164,186,186,217,217,233,233,233,233],"floor_reached":27,"language":"ENG","playtime":937,"items_purged":["Pain"],"score":631,"play_id":"79fcd766-473c-4a66-9916-5ccc3541133b","local_time":"20210123233527","is_ascension_mode":true,"campfire_choices":[{"data":"LessonLearned","floor":6.0,"key":"SMITH"},{"data":"Vigilance","floor":10.0,"key":"SMITH"},{"floor":15.0,"key":"REST"},{"floor":24.0,"key":"REST"}],"circlet_count":0,"master_deck":["AscendersBane","Strike_P","Strike_P+1","Strike_P+1","Strike_P","Defend_P+1","Defend_P","Defend_P","Defend_P+1","Eruption+1","Vigilance+1","Protect","CarveReality","LessonLearned+1","ForeignInfluence","Ragnarok+1","Study","FearNoEvil+1","Halt"],"relics":["PureWater","Tiny Chest","WarpedTongs","Bottled Flame","CeramicFish","Bag of Marbles","Smiling Mask","War Paint","SacredBark","Enchiridion","Pantograph","PreservedInsect"],"acts_visited":["Exordium","TheCity"],"potions_floor_usage":[],"damage_taken":[{"damage":11.0,"enemies":"Small Slimes","floor":1.0,"turns":5.0},{"damage":2.0,"enemies":"Jaw Worm","floor":3.0,"turns":7.0},{"damage":6.0,"enemies":"Cultist","floor":7.0,"turns":5.0},{"damage":9.0,"enemies":"Lagavulin","floor":8.0,"turns":8.0},{"damage":11.0,"enemies":"3 Louse","floor":11.0,"turns":4.0},{"damage":0.0,"enemies":"Gremlin Nob","floor":12.0,"turns":2.0},{"damage":0.0,"enemies":"Slime Boss","floor":16.0,"turns":3.0},{"damage":0.0,"enemies":"Chosen","floor":18.0,"turns":2.0},{"damage":0.0,"enemies":"2 Thieves","floor":19.0,"turns":1.0},{"damage":0.0,"enemies":"Centurion and Healer","floor":21.0,"turns":3.0},{"damage":0.0,"enemies":"Slavers","floor":23.0,"turns":16.0},{"damage":18,"enemies":"Cultist and Chosen","floor":25,"turns":4},{"damage":30,"enemies":"Book of Stabbing","floor":27,"turns":2}],"seed_played":"-730194766104557331","potions_obtained":[{"floor":3.0,"key":"LiquidBronze"},{"floor":11.0,"key":"EssenceOfSteel"},{"floor":18.0,"key":"Block Potion"},{"floor":23.0,"key":"GamblersBrew"}],"is_trial":false,"path_per_floor":["M","?","M","?","$","R","M","E","T","R","M","E","T","$","R","B",null,"M","M","?","M","?","E","R","M","T","E"],"character_chosen":"WATCHER","items_purchased":["LessonLearned","War Paint"],"campfire_rested":2,"item_purchase_floors":[5,14],"current_hp_per_floor":[50,39,37,37,37,37,31,22,22,22,11,11,11,11,31,31,59,59,59,38,38,19,19,40,22,22,0,0],"gold":233,"neow_bonus":"RANDOM_COMMON_RELIC","is_daily":false,"chose_seed":false,"campfire_upgraded":2,"win_rate":0.0,"timestamp":1611466527,"path_taken":["M","?","M","?","$","R","M","E","T","R","?","E","?","?","R","BOSS","M","M","?","M","?","E","R","M","T","E"],"items_purchased_type":["Card","Relic"],"build_version":"2020-12-22","purchased_purges":1,"victory":false,"max_hp_per_floor":[68,68,68,68,68,68,68,68,68,68,68,68,68,68,68,68,68,68,68,68,68,73,73,73,73,73,73,73],"relic_stats":{"counters":[13,62],"CeramicFish":45,"Pantograph":0,"Tiny Chest":1,"PreservedInsect":43,"War Paint":["Defend_P","Defend_P"],"Smiling Mask":0,"obtain_stats":[{"Bottled Flame":8,"CeramicFish":9,"SacredBark":17,"Pantograph":23,"Enchiridion":20,"Tiny Chest":0,"PreservedInsect":26,"Bag of Marbles":12,"PureWater":0,"War Paint":14,"Smiling Mask":13,"WarpedTongs":4},{"Bottled Flame":4,"CeramicFish":4,"SacredBark":7,"Pantograph":11,"Enchiridion":9,"Tiny Chest":0,"PreservedInsect":12,"Bag of Marbles":6,"PureWater":0,"War Paint":6,"Smiling Mask":6,"WarpedTongs":2},{"Bottled Flame":25,"CeramicFish":25,"SacredBark":34,"Pantograph":56,"Enchiridion":37,"Tiny Chest":0,"PreservedInsect":60,"Bag of Marbles":31,"PureWater":0,"War Paint":31,"Smiling Mask":31,"WarpedTongs":12}],"WarpedTongs":[46]},"card_choices":[{"not_picked":["Prostrate","BowlingBash"],"picked":"Protect","floor":1.0},{"not_picked":["EmptyMind","Halt"],"picked":"CarveReality","floor":3.0},{"not_picked":["FearNoEvil","SandsOfTime","WaveOfTheHand"],"picked":"SKIP","floor":7.0},{"not_picked":["JustLucky","ClearTheMind","Worship"],"picked":"SKIP","floor":8.0},{"not_picked":["InnerPeace","ThirdEye"],"picked":"ForeignInfluence","floor":11.0},{"not_picked":["CrushJoints","SashWhip","SandsOfTime"],"picked":"SKIP","floor":12.0},{"not_picked":["Wish","ConjureBlade"],"picked":"Ragnarok","floor":16.0},{"not_picked":["PathToVictory","EmptyFist"],"picked":"Study","floor":18.0},{"not_picked":["InnerPeace","Adaptation"],"picked":"FearNoEvil","floor":19.0},{"not_picked":["Collect","Weave+1"],"picked":"Halt","floor":21.0},{"not_picked":["SashWhip","Adaptation","Weave"],"picked":"SKIP","floor":23.0},{"not_picked":["CarveReality","ClearTheMind","Halt"],"picked":"SKIP","floor":25}],"player_experience":1326045,"relics_obtained":[{"floor":8.0,"key":"Bottled Flame"},{"floor":9.0,"key":"CeramicFish"},{"floor":12.0,"key":"Bag of Marbles"},{"floor":13.0,"key":"Smiling Mask"},{"floor":20.0,"key":"Enchiridion"},{"floor":23.0,"key":"Pantograph"},{"floor":26,"key":"PreservedInsect"}],"event_choices":[{"damage_healed":0.0,"max_hp_gain":0.0,"max_hp_loss":0.0,"gold_gain":75.0,"event_name":"World of Goop","player_choice":"Gather Gold","floor":2.0,"gold_loss":0.0,"damage_taken":11.0},{"damage_healed":0.0,"max_hp_gain":0.0,"max_hp_loss":0.0,"gold_gain":0.0,"event_name":"Accursed Blacksmith","player_choice":"Rummage","floor":4.0,"gold_loss":0.0,"damage_taken":0.0,"relics_obtained":["WarpedTongs"],"cards_obtained":["Pain"]},{"damage_healed":0.0,"max_hp_gain":0.0,"max_hp_loss":0.0,"gold_gain":0.0,"event_name":"Cursed Tome","player_choice":"Obtained Book","floor":20.0,"gold_loss":0.0,"damage_taken":21.0},{"damage_healed":0.0,"max_hp_gain":5.0,"max_hp_loss":0.0,"gold_gain":0.0,"event_name":"Forgotten Altar","player_choice":"Shed Blood","floor":22.0,"gold_loss":0.0,"damage_taken":24.0}],"is_beta":false,"boss_relics":[{"not_picked":["Pandora\u0027s Box","Runic Dome"],"picked":"SacredBark"}],"items_purged_floors":[5],"is_endless":false,"potions_floor_spawned":[3,11,18,21,23],"killed_by":"Book of Stabbing","ascension_level":17}}