{"host":"zx8rmvlb08usbkpl","time":1611528729,"event":{"mods":["BaseMod","BetterRewards","Colored Powertips","Dota2Spire","Downfall","GifTheSpireLib","Marisa????????","Minty Spire (QoL Compilation)","Quick Restart","StSLib","Stuff the Spire","The Bug Knight","The Senshi"],"gold_per_floor":[118,26,46,71,71,71,101,118,144,163,203,203,203,203,203,324,324,347,347,347,30,30,30,59,92,92,44,319,366,366,291,291,421,421,438,338,361,386,417,461,461,485,485,504,65,65,92,92,92,105],"floor_reached":51,"language":"ENG","playtime":2475,"items_purged":["Pain","Strike_R","Regret"],"score":797,"play_id":"9bc2baca-d717-47b6-bee8-5fc06ad062d2","local_time":"20210124175208","is_ascension_mode":false,"campfire_choices":[{"data":"StuffTheSpire:FreeRealEstate","floor":6,"key":"SMITH"},{"data":"True Grit","floor":13,"key":"SMITH"},{"data":"Battle Trance","floor":15,"key":"SMITH"},{"data":"Exhume","floor":23,"key":"SMITH"},{"data":"True Grit","floor":30,"key":"SMITH"},{"floor":32,"key":"REST"},{"floor":41,"key":"REST"},{"data":"Barricade","floor":46,"key":"SMITH"},{"data":"StuffTheSpire:BrainWave","floor":49,"key":"SMITH"}],"circlet_count":0,"master_deck":["Strike_R","Strike_R","Strike_R","Strike_R","Defend_R","Defend_R","Defend_R","Defend_R","Bash","StuffTheSpire:FreeRealEstate+1","Finesse","Anger","Battle Trance+1","True Grit+1","Dropkick","Offering","Exhume+1","Flame Barrier","Master of Strategy","StuffTheSpire:CelestialWarden","Armaments+1","Sentinel","True Grit+1","Regret","Flex","Exhume","Infernal Blade+1","Sentinel+1","Pummel","Wild Strike","Shrug It Off+1","Barricade+1","Sword Boomerang","StuffTheSpire:BrainWave+1"],"relics":["Burning Blood","StuffTheSpire:RedRose","Bronze Scales","Dota2Spire:PowerTreads","Toy Ornithopter","Philosopher\u0027s Stone","MutagenicStrength","Bag of Preparation","Vajra","Lantern","Busted Crown","Dota2Spire:Desolator","Dota2Spire:BattleFury","Happy Flower"],"acts_visited":["Exordium","TheCity","TheBeyond"],"potions_floor_usage":[11,11,29,29],"damage_taken":[{"damage":3,"enemies":"Small Slimes","floor":1,"turns":3},{"damage":6,"enemies":"Jaw Worm","floor":3,"turns":5},{"damage":5,"enemies":"2 Louse","floor":4,"turns":3},{"damage":17,"enemies":"Exordium Wildlife","floor":7,"turns":7},{"damage":7,"enemies":"2 Fungi Beasts","floor":8,"turns":3},{"damage":10,"enemies":"Looter","floor":10,"turns":3},{"damage":18,"enemies":"Gremlin Nob","floor":11,"turns":3},{"damage":29,"enemies":"Hexaghost","floor":16,"turns":8},{"damage":19,"enemies":"Spheric Guardian","floor":18,"turns":4},{"damage":9,"enemies":"Shell Parasite","floor":24,"turns":4},{"damage":16,"enemies":"Centurion and Healer","floor":25,"turns":4},{"damage":26,"enemies":"Slavers","floor":29,"turns":3},{"damage":25,"enemies":"Champ","floor":33,"turns":14},{"damage":0,"enemies":"Orb Walker","floor":35,"turns":4},{"damage":14,"enemies":"3 Shapes","floor":37,"turns":6},{"damage":27,"enemies":"Spire Growth","floor":38,"turns":5},{"damage":1,"enemies":"Jaw Worm Horde","floor":39,"turns":5},{"damage":14,"enemies":"Nemesis","floor":40,"turns":9},{"damage":11,"enemies":"3 Darklings","floor":42,"turns":2},{"damage":16,"enemies":"Jaw Worm Horde","floor":44,"turns":3},{"damage":3,"enemies":"Spire Growth","floor":47,"turns":3},{"damage":6,"enemies":"Donu and Deca","floor":50,"turns":10}],"seed_played":"2009499588828365880","potions_obtained":[{"floor":3,"key":"DuplicationPotion"},{"floor":4,"key":"Guardian:BlockOnCardUsePotion"},{"floor":10,"key":"PowerPotion"},{"floor":16,"key":"Energy Potion"},{"floor":18,"key":"hexamod:SoulburnPotion"},{"floor":33,"key":"Energy Potion"},{"floor":38,"key":"Dota2Spire:Clarity"},{"floor":40,"key":"Slimebound:ThreeZeroPotion"}],"is_trial":false,"path_per_floor":["M","$","M","M","?","R","M","M","T","M","E","?","R","?","R","B",null,"M","?","?","$","?","R","M","M","T","$","?","E","R","$","R","B",null,"M","$","M","M","M","E","R","M","T","M","$","R","M","?","R","B",null],"character_chosen":"IRONCLAD","items_purchased":["Finesse","Master of Strategy","Bag of Preparation","True Grit","Barricade","Happy Flower"],"campfire_rested":2,"item_purchase_floors":[2,21,21,27,45,45],"current_hp_per_floor":[80,80,80,80,80,80,69,68,68,64,52,45,45,71,71,48,80,67,67,67,67,67,67,64,54,54,54,54,44,44,44,68,49,80,80,80,72,51,56,48,72,67,67,57,57,57,60,60,60,60],"gold":105,"neow_bonus":"RANDOM_COLORLESS","is_daily":false,"chose_seed":false,"campfire_upgraded":7,"win_rate":0.0,"timestamp":1611528728,"path_taken":["M","$","M","M","?","R","M","M","T","M","E","?","R","?","R","BOSS","M","?","?","$","?","R","M","M","T","?","?","E","R","$","R","BOSS","M","$","M","?","M","E","R","M","T","M","?","R","?","?","R","BOSS"],"items_purchased_type":["Card","Card","Relic","Card","Card","Relic"],"build_version":"2020-12-22","purchased_purges":3,"victory":true,"max_hp_per_floor":[80,80,80,80,80,80,80,80,80,80,80,80,80,80,80,80,80,80,80,80,80,80,80,80,80,80,80,80,80,80,80,80,80,80,80,80,80,80,80,80,80,80,80,80,80,80,80,72,72,72],"card_choices":[{"not_picked":["Flash of Steel","Finesse"],"picked":"StuffTheSpire:FreeRealEstate","floor":0},{"not_picked":["Dual Wield","StuffTheSpire:Pyroclast","Pummel"],"picked":"SKIP","floor":1},{"not_picked":["StuffTheSpire:Incineration","Shockwave"],"picked":"Anger","floor":3},{"not_picked":["Entrench","Carnage"],"picked":"Battle Trance","floor":4},{"not_picked":["Body Slam","Searing Blow","StuffTheSpire:Incineration"],"picked":"SKIP","floor":7},{"not_picked":["Spot Weakness","Warcry"],"picked":"True Grit","floor":8},{"not_picked":["Evolve","Demon Form"],"picked":"Dropkick","floor":10},{"not_picked":["Whirlwind","Warcry"],"picked":"Offering","floor":11},{"not_picked":["Limit Break","Brutality"],"picked":"Exhume","floor":16},{"not_picked":["Dual Wield","Twin Strike"],"picked":"Flame Barrier","floor":18},{"not_picked":["Shrug It Off","Thunderclap"],"picked":"Armaments+1","floor":24},{"not_picked":["Twin Strike","StuffTheSpire:Slingshot"],"picked":"Sentinel","floor":25},{"not_picked":["Bludgeon","Bloodletting"],"picked":"Flex","floor":29},{"not_picked":["Fiend Fire","Double Tap"],"picked":"Exhume","floor":33},{"not_picked":[],"picked":"Infernal Blade+1","floor":35},{"not_picked":["Perfected Strike"],"picked":"SKIP","floor":37},{"not_picked":[],"picked":"Sentinel+1","floor":38},{"not_picked":[],"picked":"Pummel","floor":39},{"not_picked":[],"picked":"Wild Strike","floor":40},{"not_picked":["Twin Strike"],"picked":"SKIP","floor":42},{"not_picked":[],"picked":"Shrug It Off+1","floor":44},{"not_picked":[],"picked":"Sword Boomerang","floor":47}],"player_experience":973436,"relics_obtained":[{"floor":9,"key":"Bronze Scales"},{"floor":11,"key":"Dota2Spire:PowerTreads"},{"floor":26,"key":"Vajra"},{"floor":29,"key":"Lantern"},{"floor":40,"key":"Dota2Spire:Desolator"},{"floor":43,"key":"Dota2Spire:BattleFury"}],"event_choices":[{"damage_healed":0,"gold_gain":0,"player_choice":"Success","damage_taken":7,"relics_obtained":["Toy Ornithopter"],"max_hp_gain":0,"max_hp_loss":0,"event_name":"Scrap Ooze","floor":12,"gold_loss":0},{"damage_healed":26,"gold_gain":0,"player_choice":"Banana","damage_taken":0,"max_hp_gain":0,"max_hp_loss":0,"event_name":"Big Fish","floor":14,"gold_loss":0},{"damage_healed":0,"gold_gain":0,"player_choice":"Ignored","damage_taken":0,"max_hp_gain":0,"max_hp_loss":0,"event_name":"Ghosts","floor":19,"gold_loss":0},{"damage_healed":0,"gold_gain":0,"player_choice":"Inject Mutagens","damage_taken":0,"relics_obtained":["MutagenicStrength"],"max_hp_gain":0,"max_hp_loss":0,"event_name":"Drug Dealer","floor":20,"gold_loss":0},{"damage_healed":0,"gold_gain":275,"player_choice":"Desecrate","damage_taken":0,"max_hp_gain":0,"max_hp_loss":0,"event_name":"Golden Shrine","floor":28,"gold_loss":0,"cards_obtained":["Regret"]}],"is_beta":false,"boss_relics":[{"not_picked":["Velvet Choker","StuffTheSpire:Kangaroo"],"picked":"Philosopher\u0027s Stone"},{"not_picked":["Cursed Key","Fusion Hammer"],"picked":"Busted Crown"}],"items_purged_floors":[31,36,45],"is_endless":false,"potions_floor_spawned":[3,4,10,16,18,24,33,38,39,40,42,47],"ascension_level":0}}