{"host":"0hb9w7uizu7y13wj","time":1611503916,"event":{"mods":["Act Like it!","Aspiration","BaseMod","BetterRewards","Colored Map","Conspire","Downfall","Energized Spire","FTL Soundtrack","Friendly Minions","Halation","Hubris","Infinite Spire","Minty Spire (QoL Compilation)","Quick Restart","Replay The Spire","StSLib","Synergy Search","The Hierophant","The Jungle","The Poker Player","Trackpad","everything is the same but u backflip on backflip","vexMod"],"gold_per_floor":[117,97,107,54,54,83,83,83,83,108,122,46,74,88,88,159,159,172,172,67,87,101,101,101,101],"floor_reached":24,"language":"ENG","playtime":1525,"items_purged":["Strike_G"],"score":478,"play_id":"13678edd-9b38-4601-9bfc-e0e52fb4b5bc","local_time":"20210124155836","is_ascension_mode":true,"campfire_choices":[{"data":"infinitespire:Collect","floor":8.0,"key":"SMITH"},{"floor":15,"key":"REST"},{"data":"Neutralize","floor":23,"key":"SMITH"}],"circlet_count":0,"master_deck":["AscendersBane","Strike_G+1","Strike_G","Strike_G","Strike_G","Defend_G+2","Defend_G","Defend_G+1","Defend_G","Defend_G","Survivor","Neutralize+1","Poisoned Stab+1","Quick Slash","Deadly Poison","infinitespire:Collect+1","Crippling Poison","Blur","Noxious Fumes","Adrenaline","All Out Attack+1","Poisoned Stab"],"relics":["Ring of the Snake","NeowsBlessing","Orichalcum","aspiration:VileToxins","ReplayTheSpireMod:Lightbulb","Gremlin Food","Whetstone","Philosopher\u0027s Stone","Simple Rune"],"acts_visited":["Exordium","TheCity"],"potions_floor_usage":[13,13],"damage_taken":[{"damage":0.0,"enemies":"Small Slimes","floor":1.0,"turns":1.0},{"damage":0.0,"enemies":"Cultist","floor":3.0,"turns":1.0},{"damage":0.0,"enemies":"3 Sentries","floor":6.0,"turns":1.0},{"damage":12.0,"enemies":"Lagavulin","floor":10.0,"turns":5.0},{"damage":1.0,"enemies":"Jaw Worm","floor":11.0,"turns":3.0},{"damage":1,"enemies":"3 Sentries","floor":13,"turns":8},{"damage":7,"enemies":"2 Fungi Beasts","floor":14,"turns":4},{"damage":29,"enemies":"Fading Forest","floor":16,"turns":13},{"damage":7,"enemies":"2 Thieves","floor":18,"turns":5},{"damage":0,"enemies":"Chosen","floor":21,"turns":3},{"damage":12,"enemies":"Shelled Parasite and Fungi","floor":22,"turns":7},{"damage":29,"enemies":"Gremlin Leader","floor":24,"turns":7}],"seed_played":"8423870454187281762","potions_obtained":[{"floor":2.0,"key":"BlessingOfTheForge"},{"floor":3.0,"key":"Elixir"},{"floor":14,"key":"FairyPotion"},{"floor":16,"key":"FearPotion"}],"is_trial":false,"path_per_floor":["M","?","M","$","?","E","?","R","T","E","M","$","E","M","R","B",null,"M","?","$","M","M","R","E"],"character_chosen":"THE_SILENT","items_purchased":["Deadly Poison","Noxious Fumes","Poisoned Stab"],"campfire_rested":1,"item_purchase_floors":[4,12,20],"current_hp_per_floor":[59,59,59,59,43,43,38,38,38,26,25,25,24,17,36,15,53,46,46,46,46,34,34,5,5],"gold":101,"neow_bonus":"THREE_ENEMY_KILL","is_daily":false,"chose_seed":false,"campfire_upgraded":2,"win_rate":0.0,"timestamp":1611503916,"path_taken":["M","?","?","$","?","E","?","R","T","E","M","$","E","M","R","BOSS","M","?","$","?","M","R","E"],"items_purchased_type":["Card","Card","Card"],"build_version":"2020-12-22","purchased_purges":1,"victory":false,"max_hp_per_floor":[66,66,66,66,66,66,66,66,66,66,66,66,66,66,66,66,66,66,66,66,66,66,66,66,66],"card_choices":[{"not_picked":["Eviscerate","Toxin Wave"],"picked":"Poisoned Stab","floor":1.0},{"not_picked":["Prepared","hubris:Counter"],"picked":"Quick Slash","floor":3.0},{"not_picked":["infinitespire:TheBestDefense","infinitespire:Menacing"],"picked":"infinitespire:Collect","floor":5.0},{"not_picked":["Escape Plan","Slice"],"picked":"Crippling Poison","floor":6.0},{"not_picked":["Outmaneuver","Acrobatics","Bane"],"picked":"SKIP","floor":10.0},{"not_picked":["Hidden Blade","ReplayTheSpireMod:Speed Training"],"picked":"Blur","floor":11.0},{"not_picked":["Escape Plan","Dagger Spray","Slice"],"picked":"SKIP","floor":13},{"not_picked":["Masterful Stab","Distraction","Bane"],"picked":"SKIP","floor":14},{"not_picked":["Wraith Form v2","Tools of the Trade"],"picked":"Adrenaline","floor":16},{"not_picked":["Deflect","Flying Knee"],"picked":"All Out Attack+1","floor":18},{"not_picked":["Blade Dance+1","Terror","Backflip+1"],"picked":"SKIP","floor":21},{"not_picked":["Riddle With Holes","All Out Attack+1","Outmaneuver"],"picked":"SKIP","floor":22}],"player_experience":946102,"relics_obtained":[{"floor":6.0,"key":"Orichalcum"},{"floor":9.0,"key":"ReplayTheSpireMod:Lightbulb"},{"floor":10.0,"key":"Gremlin Food"},{"floor":13,"key":"Whetstone"},{"floor":19,"key":"Simple Rune"}],"event_choices":[{"damage_healed":0.0,"max_hp_gain":0.0,"max_hp_loss":0.0,"gold_gain":0.0,"event_name":"The Woman in Blue","player_choice":"Bought 1 Potion","floor":2.0,"gold_loss":0.0,"damage_taken":0.0},{"damage_healed":0.0,"max_hp_gain":0.0,"max_hp_loss":0.0,"gold_gain":0.0,"event_name":"Scrap Ooze","player_choice":"Success","floor":7.0,"gold_loss":0.0,"damage_taken":5.0,"relics_obtained":["aspiration:VileToxins"]},{"damage_healed":0,"gold_gain":0,"player_choice":"Relic","damage_taken":0,"max_hp_gain":0,"max_hp_loss":0,"event_name":"Wheel of Change","floor":19,"gold_loss":0}],"is_beta":false,"boss_relics":[{"not_picked":["Replay:Wanted Poster","vexMod:BigBerry"],"picked":"Philosopher\u0027s Stone"}],"items_purged_floors":[20],"is_endless":false,"potions_floor_spawned":[3,6,14,16,18],"killed_by":"Gremlin Leader","ascension_level":20}}