{"host":"c2bue2hyafvtxka5","time":1611497262,"event":{"mods":["BaseMod","Hermit","Minty Spire (QoL Compilation)","StSLib","The Cursed","The Disciple","The Necromancer","The Servant 0.9.4"],"gold_per_floor":[113,36,36,52,52,77,93,107,132,165,11,11,11,21,21,123,123,143,159,258,20,33,65,65,75,75,75,75,75,85,111,111,211,211,226,186,61,76,3,3,37,55,55,55,69,98,115,133,133,133],"floor_reached":51,"language":"ENG","playtime":2072,"items_purged":["Strike_W","Strike_W","Shame"],"score":762,"play_id":"86b2ad60-bf81-404a-98b9-c723da304fde","local_time":"20210124090742","is_ascension_mode":false,"campfire_choices":[{"floor":12,"key":"REST"},{"data":"Summon_Undead_Army","floor":15,"key":"SMITH"},{"floor":24,"key":"REST"},{"floor":32,"key":"REST"},{"floor":40,"key":"REST"},{"floor":44,"key":"REST"},{"data":"Summon_Death_Knight","floor":49,"key":"SMITH"}],"circlet_count":0,"master_deck":["Strike_W","Defend_W+1","Defend_W","Defend_W+1","Defend_W","Negative_Energy_Arrows","Bone_Wall","Negative_Energy_Sphere+1","Summon_Lich","Whirlwind_of_Bones","Death_March_Dance","Summon_Lich","Uncharnel+1","Summon_Death_Knight","Summon_Undead_Army+1","Spectral_Armor","Summon_Death_Knight","Summon_Undead_Army","Summon_Death_Knight+1","Spectral_Armor","Bone_Armory","Skeleton_Dragon","Summon_Undead","Normality"],"relics":["Vampire_Amulet","NeowsBlessing","Omamori","PreservedInsect","Dream Catcher","Bronze Scales","Blood Vial","Cursed Key","Tiny Chest","Meat on the Bone","MutagenicStrength","Bag of Marbles","Busted Crown","Gambling Chip","Bottled Tornado","War Paint"],"acts_visited":["Exordium","TheCity","TheBeyond"],"potions_floor_usage":[16,19,23,25,33,35,35,41,46,50,50],"damage_taken":[{"damage":0,"enemies":"Jaw Worm","floor":1,"turns":1},{"damage":0,"enemies":"2 Louse","floor":4,"turns":2},{"damage":0,"enemies":"3 Sentries","floor":6,"turns":2},{"damage":2,"enemies":"Small Slimes","floor":7,"turns":4},{"damage":5,"enemies":"3 Louse","floor":8,"turns":3},{"damage":28,"enemies":"Gremlin Nob","floor":10,"turns":4},{"damage":15,"enemies":"Large Slime","floor":14,"turns":4},{"damage":5,"enemies":"Hexaghost","floor":16,"turns":8},{"damage":0,"enemies":"Chosen","floor":18,"turns":4},{"damage":0,"enemies":"Shell Parasite","floor":19,"turns":6},{"damage":7,"enemies":"Snake Plant","floor":22,"turns":4},{"damage":17,"enemies":"Book of Stabbing","floor":23,"turns":5},{"damage":0,"enemies":"Sentry and Sphere","floor":25,"turns":7},{"damage":14,"enemies":"Centurion and Healer","floor":30,"turns":7},{"damage":32,"enemies":"Champ","floor":33,"turns":10},{"damage":34,"enemies":"3 Darklings","floor":35,"turns":4},{"damage":3,"enemies":"Orb Walker","floor":38,"turns":5},{"damage":44,"enemies":"Nemesis","floor":41,"turns":7},{"damage":15,"enemies":"Maw","floor":42,"turns":8},{"damage":14,"enemies":"Jaw Worm Horde","floor":45,"turns":5},{"damage":32,"enemies":"Giant Head","floor":46,"turns":9},{"damage":8,"enemies":"Writhing Mass","floor":47,"turns":6},{"damage":0,"enemies":"4 Shapes","floor":48,"turns":5},{"damage":61,"enemies":"Donu and Deca","floor":50,"turns":9}],"seed_played":"5023835730367645384","potions_obtained":[{"floor":4,"key":"SkillPotion"},{"floor":6,"key":"BlessingOfTheForge"},{"floor":8,"key":"BlessingOfTheForge"},{"floor":16,"key":"Block Potion"},{"floor":22,"key":"Block Potion"},{"floor":23,"key":"FearPotion"},{"floor":33,"key":"SkillPotion"},{"floor":38,"key":"Regen Potion"},{"floor":41,"key":"Swift Potion"},{"floor":46,"key":"BlessingOfTheForge"},{"floor":48,"key":"EssenceOfSteel"}],"is_trial":false,"path_per_floor":["M","$","?","M","?","E","M","M","T","E","$","R","?","M","R","B",null,"M","M","?","$","M","E","R","M","T","?","?","?","M","T","R","B",null,"M","?","$","M","$","R","E","M","T","R","M","E","M","M","R","B",null],"character_chosen":"NECROMANCER","items_purchased":["Summon_Lich","Summon_Undead_Army","Summon_Death_Knight","Summon_Undead"],"campfire_rested":5,"item_purchase_floors":[2,11,21,39],"current_hp_per_floor":[75,75,68,72,69,75,75,74,74,48,48,70,70,61,61,60,75,75,75,75,75,70,57,75,75,75,61,61,61,53,53,77,49,80,48,48,48,49,49,73,45,52,52,76,70,64,60,80,80,35],"gold":133,"neow_bonus":"THREE_ENEMY_KILL","is_daily":false,"chose_seed":false,"campfire_upgraded":2,"win_rate":0.0,"timestamp":1611497262,"path_taken":["M","$","?","M","?","E","M","M","T","E","$","R","?","M","R","BOSS","M","M","?","$","M","E","R","M","T","?","?","?","M","?","R","BOSS","M","?","$","M","?","R","E","M","T","R","M","E","?","M","R","BOSS"],"items_purchased_type":["Card","Card","Card","Card"],"build_version":"2020-12-22","purchased_purges":3,"victory":true,"max_hp_per_floor":[75,75,75,75,75,75,75,75,75,75,75,75,75,75,75,75,75,75,75,75,75,75,75,75,75,75,80,80,80,80,80,80,80,80,80,80,80,80,80,80,80,80,80,80,80,80,80,80,80,80],"card_choices":[{"not_picked":["Bones_to_Steel","Spectral_Walk"],"picked":"Negative_Energy_Sphere","floor":1},{"not_picked":["Blood_Whip","Slay_Living"],"picked":"Whirlwind_of_Bones","floor":4},{"not_picked":["Negative_Energy_Javelin","Death_Coil"],"picked":"Death_March_Dance","floor":6},{"not_picked":["Spectral_Walk","Pandemic"],"picked":"Summon_Lich","floor":7},{"not_picked":["Bones_to_Steel","Negative_Energy_Mist"],"picked":"Uncharnel","floor":8},{"not_picked":["Deaths_Shadow","Death_March_Dance"],"picked":"Summon_Death_Knight","floor":10},{"not_picked":["Negative_Energy_Mist","Necrotic_Claws"],"picked":"Spectral_Armor","floor":14},{"not_picked":["Requiem","Cloudkill"],"picked":"Summon_Death_Knight","floor":16},{"not_picked":["Chill_Blood","Negative_Energy_Javelin+1","Life_Tap"],"picked":"SKIP","floor":18},{"not_picked":["Negative_Energy_Shield","Bone_Bullets+1"],"picked":"Summon_Undead_Army","floor":19},{"not_picked":["Stop_Heart","Corrupt","Vampiric_Strike"],"picked":"SKIP","floor":22},{"not_picked":["Spectral_Walk","Consume_Illness+1","Life_Drain"],"picked":"SKIP","floor":23},{"not_picked":["Negative_Energy_Sphere","Chill_Blood"],"picked":"Spectral_Armor","floor":24},{"not_picked":["Blood_Whip","Shackles_Of_Pain","Bone_Shift+1"],"picked":"SKIP","floor":25},{"not_picked":["Scare+1","Finger_Of_Death+1","Bone_Armor"],"picked":"SKIP","floor":30},{"not_picked":["Bones_to_Steel+1","Negative_Energy_Sphere"],"picked":"Bone_Armory","floor":32},{"not_picked":["Blood_Wake","Grasp_Heart"],"picked":"Skeleton_Dragon","floor":33},{"not_picked":["Necrotic_Claws"],"picked":"SKIP","floor":35},{"not_picked":["Blood_Whip+1"],"picked":"SKIP","floor":38},{"not_picked":["Chill_Blood"],"picked":"SKIP","floor":41},{"not_picked":["Blood_Curse"],"picked":"SKIP","floor":42},{"not_picked":["Spectral_Walk+1"],"picked":"SKIP","floor":45},{"not_picked":["Grasp_Heart"],"picked":"SKIP","floor":46},{"not_picked":["Deaths_Shadow+1"],"picked":"SKIP","floor":47},{"not_picked":["Blood_Is_Power"],"picked":"SKIP","floor":48}],"player_experience":87282,"relics_obtained":[{"floor":6,"key":"PreservedInsect"},{"floor":9,"key":"Dream Catcher"},{"floor":10,"key":"Bronze Scales"},{"floor":23,"key":"Tiny Chest"},{"floor":26,"key":"Meat on the Bone"},{"floor":31,"key":"Bag of Marbles"},{"floor":41,"key":"Gambling Chip"},{"floor":43,"key":"Bottled Tornado"},{"floor":46,"key":"War Paint"}],"event_choices":[{"cards_removed":["Strike_W"],"damage_healed":0,"gold_gain":0,"player_choice":"Card Removal","damage_taken":7,"max_hp_gain":0,"max_hp_loss":0,"event_name":"Golden Wing","floor":3,"gold_loss":0},{"damage_healed":0,"gold_gain":0,"player_choice":"Success","damage_taken":3,"relics_obtained":["Omamori"],"max_hp_gain":0,"max_hp_loss":0,"event_name":"Scrap Ooze","floor":5,"gold_loss":0},{"damage_healed":0,"gold_gain":0,"player_choice":"Box","damage_taken":0,"relics_obtained":["Blood Vial"],"max_hp_gain":0,"max_hp_loss":0,"event_name":"Big Fish","floor":13,"gold_loss":0,"cards_obtained":["Regret"]},{"damage_healed":0,"gold_gain":99,"player_choice":"Stole From Cult","damage_taken":0,"max_hp_gain":0,"max_hp_loss":0,"event_name":"Nest","floor":20,"gold_loss":0},{"damage_healed":0,"gold_gain":0,"player_choice":"Shed Blood","damage_taken":19,"max_hp_gain":5,"max_hp_loss":0,"event_name":"Forgotten Altar","floor":27,"gold_loss":0},{"damage_healed":0,"gold_gain":0,"player_choice":"Ignored","damage_taken":0,"max_hp_gain":0,"max_hp_loss":0,"event_name":"Vampires","floor":28,"gold_loss":0},{"damage_healed":0,"gold_gain":0,"player_choice":"Inject Mutagens","damage_taken":0,"relics_obtained":["MutagenicStrength"],"max_hp_gain":0,"max_hp_loss":0,"event_name":"Drug Dealer","floor":29,"gold_loss":0},{"damage_healed":0,"gold_gain":0,"player_choice":"Upgraded Two","damage_taken":0,"max_hp_gain":0,"max_hp_loss":0,"event_name":"Designer","floor":36,"gold_loss":40,"cards_upgraded":["Negative_Energy_Sphere","Defend_W"]}],"is_beta":false,"boss_relics":[{"not_picked":["Black Star","Calling Bell"],"picked":"Cursed Key"},{"not_picked":["Empty Cage","Astrolabe"],"picked":"Busted Crown"}],"items_purged_floors":[11,21,37],"is_endless":false,"potions_floor_spawned":[4,6,8,16,18,22,23,33,38,41,46,48],"ascension_level":0}}