{"host":"8i58hvcssdezoe94","time":1611487707,"event":{"mods":["Act Like it!","BaseMod","BetterRewards","Colored Map","Colored Powertips","Conspire","Downfall","Gensokyo","Good Game Mod","KinomotoSakuraMod(木之本樱)","Marisa（F雨　魔理沙）","Minty Spire (QoL Compilation)","Quick Restart","Rare Cards Sparkle","Remilia（蕾米莉亚）","Replay The Spire","Shop Mod","StSLib","The Bug Knight","The Construct","The Cursed","The Hierophant","The Jungle","The Servant 0.9.4"],"gold_per_floor":[109,129,129,17,17,17,36,54,54,74,74,89,89,103,103,403,403],"floor_reached":16,"language":"ZHS","playtime":641,"items_purged":[],"score":94,"play_id":"9a00f6dc-d7f6-455b-9e5a-8b217877c77c","local_time":"20210124192827","is_ascension_mode":false,"campfire_choices":[{"floor":6,"key":"RECALL"},{"floor":13,"key":"REST"},{"data":"Slimebound:MassFeed","floor":15,"key":"SMITH"}],"circlet_count":0,"master_deck":["Strike_R","Strike_R","Strike_R","Strike_R","Strike_R","Defend_R","Defend_R","Defend_R","Defend_R","Bash","Slimebound:MassFeed+1","Cleave","Cleave","Infernal Blade","Battle Trance","Run Through","Gensokyo:CrescentMoonSlash","Shrug It Off","Metallicize","Headbutt","Warcry","Metallicize"],"relics":["Burning Blood","REME:ComplimentaryCards","Darkstone Periapt","Torii","Blue Doll","Old Coin"],"acts_visited":["Gensokyo:Gensokyo"],"potions_floor_usage":[],"damage_taken":[{"damage":0,"enemies":"Gensokyo:3_Fairies","floor":1,"turns":2},{"damage":2,"enemies":"Gensokyo:2_Kodama","floor":2,"turns":2},{"damage":10,"enemies":"Gensokyo:Python","floor":7,"turns":5},{"damage":24,"enemies":"Gensokyo:LivingMonolith","floor":8,"turns":4},{"damage":16,"enemies":"Gensokyo:Kitsune","floor":10,"turns":5},{"damage":13,"enemies":"Gensokyo:Python_and_Kodama","floor":12,"turns":5},{"damage":8,"enemies":"Gensokyo:2_Rabbits","floor":14,"turns":5},{"damage":48,"enemies":"Gensokyo:Kokoro","floor":16,"turns":13}],"seed_played":"7862216498024164559","potions_obtained":[{"floor":2,"key":"Regen Potion"},{"floor":8,"key":"Adrenaline Potion"},{"floor":10,"key":"Fire Potion"}],"is_trial":false,"path_per_floor":["M","M","?","COS","?","R","M","M","T","M","$","M","R","M","R","B"],"character_chosen":"IRONCLAD","items_purchased":["Darkstone Periapt","Disarm","Cleave"],"campfire_rested":1,"item_purchase_floors":[0,0,0],"current_hp_per_floor":[50,60,48,48,48,48,44,29,29,19,19,15,42,40,40,0,0],"gold":403,"neow_bonus":"","is_daily":false,"chose_seed":false,"campfire_upgraded":1,"win_rate":0.0,"timestamp":1611487707,"path_taken":["M","M","?","COS","?","R","M","M","T","M","$","M","R","M","R","BOSS"],"items_purchased_type":["Relic","Card","Card"],"build_version":"2020-12-22","purchased_purges":0,"victory":false,"max_hp_per_floor":[80,86,86,86,86,86,86,89,89,89,89,92,92,92,92,92,92],"card_choices":[{"not_picked":["Shrug It Off","Headbutt"],"picked":"Battle Trance","floor":1},{"not_picked":["Anger","Burning Pact"],"picked":"Run Through","floor":2},{"not_picked":["ReplayTheSpireMod:Strike From Hell","Bloodletting"],"picked":"Shrug It Off","floor":7},{"not_picked":["Wild Strike","Combust"],"picked":"Metallicize","floor":8},{"not_picked":["Clothesline","Replay:Undeath\u0027s Touch"],"picked":"Headbutt","floor":10},{"not_picked":["Run Through","Sever Soul"],"picked":"Warcry","floor":12},{"not_picked":["Iron Wave","Demonic Infusion"],"picked":"Metallicize","floor":14}],"player_experience":57118,"relics_obtained":[],"event_choices":[],"is_beta":false,"boss_relics":[],"items_purged_floors":[],"is_endless":false,"potions_floor_spawned":[2,8,10],"killed_by":"Gensokyo:Kokoro","ascension_level":0}}