{"host":"ktoxvvst1mwxww91","time":1611513950,"event":{"mods":["BaseMod","Downfall","Minty Spire (QoL Compilation)","StSLib"],"gold_per_floor":[99,99,99,24,24,59,83,108,108,108,118,146,146,179,194,297,297,197,211,223,223,323,323,405,505,505,320,349,52,52,152,206,351,351,351,409,460,460,11,83,107,124,174,74,93,122,148,160,190,202],"floor_reached":51,"language":"ENG","playtime":2417,"items_purged":["bronze:Strike","bronze:Strike","Pride","bronze:Strike"],"score":969,"play_id":"57abead1-4ff7-4d73-80f2-48adfec99820","local_time":"20210124194550","is_ascension_mode":true,"campfire_choices":[{"data":"bronze:Goto","floor":1,"key":"SMITH"},{"floor":13,"key":"REST"},{"data":"bronze:HardenedForm","floor":18,"key":"SMITH"},{"data":"bronze:Constructor","floor":23,"key":"SMITH"},{"floor":30,"key":"REST"},{"data":"bronze:Invalidate","floor":35,"key":"SMITH"},{"data":"bronze:Repair","floor":44,"key":"SMITH"}],"circlet_count":0,"master_deck":["bronze:Strike","bronze:Defend","bronze:Defend","bronze:Defend","bronze:Defend","bronze:Replicate","bronze:Goto+1","bronze:Deprecate","bronze:CloningBeam","bronze:Overheat","bronze:DelayedSlice","bronze:BugBarrage+1","bronze:Separator","bronze:WhirlingStrike","bronze:ItsAFeature","bronze:NullPointer","bronze:DarkDash","bronze:Invalidate+1","bronze:HardenedForm+1","bronze:Constructor+1","bronze:Frontload+1","bronze:Library","bronze:Fortify+1","bronze:Philosophize","bronze:NullPointer+1","bronze:BugBarrage+1","bronze:FindAndReplace","bronze:DarkDash+1","bronze:Frontload","bronze:TinkerersToolbox","bronze:WhirlingStrike+1","bronze:Optimize+1","expansioncontent:YouAreMine","bronze:Safeguard+1","bronze:Separator+1","bronze:Repair+1","bronze:Separator+1","bronze:Repulsor"],"relics":["bronze:BronzeCore","downfall:HeartsMalice","Matryoshka","Bag of Marbles","Guardian:PocketSentry","Vajra","Dream Catcher","Bronze Scales","Runic Pyramid","downfall:HeartBlessingGreen","bronze:ProtectiveGoggles","Juzu Bracelet","Molten Egg 2","Ice Cream","StrikeDummy","downfall:KnowingSkull","Turnip","Boot","Potion Belt","Philosopher\u0027s Stone","Meat on the Bone","ClockworkSouvenir","Mercury Hourglass","HornCleat","Pocketwatch","downfall:HeartBlessingBlue","MawBank","Mango"],"acts_visited":["Exordium","TheCity","TheBeyond"],"potions_floor_usage":[8,12,16,28,31,33,33,33,36,39,40,42,45,45,45,46,50,50,50],"damage_taken":[{"damage":0,"enemies":"Small Slimes","floor":2,"turns":1},{"damage":0,"enemies":"downfall:FleeingMerchant","floor":4,"turns":1},{"damage":0,"enemies":"2 Louse","floor":5,"turns":1},{"damage":39,"enemies":"3 Sentries","floor":6,"turns":9},{"damage":0,"enemies":"Gremlin Nob","floor":8,"turns":2},{"damage":0,"enemies":"Cultist","floor":9,"turns":1},{"damage":12,"enemies":"Exordium Wildlife","floor":11,"turns":2},{"damage":6,"enemies":"3 Sentries","floor":12,"turns":3},{"damage":10,"enemies":"Gremlin Nob","floor":14,"turns":3},{"damage":0,"enemies":"Gremlin Gang","floor":15,"turns":3},{"damage":19,"enemies":"IC_STATUS_ARCHETYPE","floor":16,"turns":8},{"damage":0,"enemies":"Spheric Guardian","floor":19,"turns":3},{"damage":6,"enemies":"Shell Parasite","floor":20,"turns":3},{"damage":8,"enemies":"DF_ARCHETYPE_STREAMLINE","floor":25,"turns":10},{"damage":3,"enemies":"downfall:FleeingMerchant","floor":27,"turns":4},{"damage":12,"enemies":"Book of Stabbing","floor":28,"turns":4},{"damage":10,"enemies":"downfall:FleeingMerchant","floor":29,"turns":4},{"damage":16,"enemies":"downfall:LadyInBlue","floor":31,"turns":9},{"damage":3,"enemies":"Centurion and Healer","floor":32,"turns":5},{"damage":4,"enemies":"WA_ARCHETYPE_CALM","floor":33,"turns":8},{"damage":9,"enemies":"3 Darklings","floor":36,"turns":3},{"damage":9,"enemies":"3 Shapes","floor":37,"turns":2},{"damage":3,"enemies":"downfall:FleeingMerchant","floor":39,"turns":3},{"damage":23,"enemies":"Giant Head","floor":40,"turns":7},{"damage":1,"enemies":"Spire Growth","floor":42,"turns":3},{"damage":0,"enemies":"Spire Growth","floor":43,"turns":4},{"damage":20,"enemies":"Writhing Mass","floor":45,"turns":3},{"damage":28,"enemies":"Reptomancer","floor":46,"turns":4},{"damage":0,"enemies":"Jaw Worm Horde","floor":47,"turns":3},{"damage":1,"enemies":"Sphere and 2 Shapes","floor":49,"turns":3},{"damage":49,"enemies":"DF_ARCHETYPE_ORBS","floor":50,"turns":11}],"seed_played":"-6796641223968327561","potions_obtained":[{"floor":6,"key":"Fire Potion"},{"floor":8,"key":"SteroidPotion"},{"floor":14,"key":"PowerPotion"},{"floor":19,"key":"Explosive Potion"},{"floor":25,"key":"LiquidMemories"},{"floor":31,"key":"ColorlessPotion"},{"floor":31,"key":"Swift Potion"},{"floor":31,"key":"Block Potion"},{"floor":32,"key":"EntropicBrew"},{"floor":33,"key":"SteroidPotion"},{"floor":37,"key":"DistilledChaos"},{"floor":40,"key":"FearPotion"},{"floor":42,"key":"bronze:BurnAndBuffPotion"},{"floor":46,"key":"SteroidPotion"},{"floor":49,"key":"hexamod:SoulburnPotion"}],"is_trial":false,"path_per_floor":["R","M","?","$","M","E","T","E","M","?","M","E","R","E","M","B",null,"R","M","M","?","?","R","T","?","?","$","E","$","R","?","M","B",null,"R","M","M","?","?","E","T","M","?","R","M","E","M","T","M","B",null],"character_chosen":"THE_AUTOMATON","items_purchased":["bronze:Philosophize","bronze:NullPointer+1","Boot","Meat on the Bone","ClockworkSouvenir","Mercury Hourglass"],"campfire_rested":2,"item_purchase_floors":[27,27,29,39,39,39],"current_hp_per_floor":[70,70,70,70,70,31,31,31,31,31,19,13,34,24,24,5,70,70,70,64,64,64,64,64,56,49,46,34,24,45,29,26,22,70,70,61,52,52,49,38,38,37,37,47,39,33,43,57,66,39],"gold":214,"neow_bonus":"THREE_ENEMY_KILL","is_daily":false,"chose_seed":false,"campfire_upgraded":5,"win_rate":0.0,"timestamp":1611513950,"path_taken":["R","M","?","$","M","E","T","E","M","?","M","E","R","E","M","BOSS","R","M","M","?","?","R","T","?","?","$","E","?","R","?","M","BOSS","R","M","M","?","?","E","T","M","?","R","M","E","M","?","M","BOSS"],"items_purchased_type":["Card","Card","Relic","Relic","Relic","Relic"],"build_version":"2020-12-22","purchased_purges":4,"victory":true,"max_hp_per_floor":[70,70,70,70,70,70,70,70,70,70,70,70,70,70,70,70,70,70,70,70,70,70,70,70,70,70,70,70,70,70,70,70,70,70,70,70,70,70,70,70,70,70,70,80,80,80,80,94,94,94],"card_choices":[{"not_picked":["bronze:Turbo","bronze:Allocate"],"picked":"bronze:Deprecate","floor":2},{"not_picked":["bronze:FollowUp","bronze:Deprecate"],"picked":"bronze:CloningBeam","floor":4},{"not_picked":["bronze:BitShift","bronze:Turbo"],"picked":"bronze:Overheat","floor":5},{"not_picked":["bronze:BitShift","bronze:Flail"],"picked":"bronze:DelayedSlice","floor":6},{"not_picked":["bronze:Backtrace","bronze:Separator"],"picked":"bronze:BugBarrage","floor":8},{"not_picked":["bronze:FineTuning","bronze:BitShift"],"picked":"bronze:Separator","floor":9},{"not_picked":["bronze:ClassDefault","bronze:Optimize"],"picked":"bronze:WhirlingStrike","floor":11},{"not_picked":["bronze:Overload","bronze:OilSpill"],"picked":"bronze:ItsAFeature","floor":12},{"not_picked":["bronze:BugBarrage","bronze:Backtrace"],"picked":"bronze:NullPointer","floor":13},{"not_picked":["bronze:ForceShield","bronze:FollowUp"],"picked":"bronze:DarkDash","floor":14},{"not_picked":["bronze:BitShift","bronze:DelayedSlice"],"picked":"bronze:Invalidate","floor":15},{"not_picked":["bronze:Verify","bronze:CleanCode"],"picked":"bronze:HardenedForm","floor":16},{"not_picked":["bronze:Iterate","bronze:GetLatest"],"picked":"bronze:Constructor","floor":19},{"not_picked":["bronze:GetLatest+1","bronze:BitShift"],"picked":"bronze:Frontload+1","floor":20},{"not_picked":["bronze:Iterate+1","bronze:WhirlingStrike+1"],"picked":"bronze:Library","floor":25},{"not_picked":["bronze:Terminator","bronze:Turbo"],"picked":"bronze:Fortify+1","floor":27},{"not_picked":["bronze:MaxOutput","bronze:Flail+1"],"picked":"bronze:BugBarrage+1","floor":28},{"not_picked":["bronze:Allocate","bronze:Overheat+1"],"picked":"bronze:FindAndReplace","floor":29},{"not_picked":["bronze:Overheat+1","bronze:OilSpill+1"],"picked":"bronze:DarkDash+1","floor":30},{"not_picked":["bronze:FineTuning","bronze:DelayedGuard"],"picked":"bronze:Frontload","floor":31},{"not_picked":["bronze:Deprecate","bronze:Overload","bronze:BuggyMess"],"picked":"SKIP","floor":32},{"not_picked":["bronze:SpaghettiCode","bronze:Verify"],"picked":"bronze:TinkerersToolbox","floor":33},{"not_picked":["bronze:Frontload","bronze:BuggyMess+1"],"picked":"bronze:WhirlingStrike+1","floor":36},{"not_picked":["bronze:Allocate+1","bronze:BugBarrage+1"],"picked":"bronze:Optimize+1","floor":37},{"not_picked":["expansioncontent:LastStand","expansioncontent:Chronoboost"],"picked":"expansioncontent:YouAreMine","floor":38},{"not_picked":["bronze:BitShift+1","bronze:Flail+1","bronze:WildBeam+1"],"picked":"SKIP","floor":39},{"not_picked":["bronze:BitShift","bronze:MaxOutput+1"],"picked":"bronze:Safeguard+1","floor":40},{"not_picked":["bronze:Turbo+1","bronze:BitShift"],"picked":"bronze:Separator+1","floor":42},{"not_picked":["bronze:Invalidate","bronze:RecursiveStrike+1"],"picked":"bronze:Repair","floor":43},{"not_picked":["bronze:BitShift","bronze:Iterate+1","bronze:OilSpill+1"],"picked":"SKIP","floor":45},{"not_picked":["bronze:Format","bronze:FineTuning"],"picked":"bronze:Separator+1","floor":46},{"not_picked":["bronze:Invalidate","bronze:NullPointer+1"],"picked":"bronze:Repulsor","floor":47},{"not_picked":["bronze:FineTuning","bronze:Frontload+1","bronze:Philosophize"],"picked":"SKIP","floor":49}],"player_experience":847653,"relics_obtained":[{"floor":6,"key":"Matryoshka"},{"floor":7,"key":"Bag of Marbles"},{"floor":7,"key":"Guardian:PocketSentry"},{"floor":8,"key":"Vajra"},{"floor":12,"key":"Dream Catcher"},{"floor":14,"key":"Bronze Scales"},{"floor":24,"key":"Juzu Bracelet"},{"floor":24,"key":"Molten Egg 2"},{"floor":25,"key":"Ice Cream"},{"floor":25,"key":"StrikeDummy"},{"floor":28,"key":"Turnip"},{"floor":31,"key":"Potion Belt"},{"floor":40,"key":"HornCleat"},{"floor":43,"key":"Pocketwatch"},{"floor":46,"key":"MawBank"},{"floor":48,"key":"Mango"}],"event_choices":[{"damage_healed":0,"gold_gain":0,"player_choice":"Stole Relic","damage_taken":0,"relics_obtained":["bronze:ProtectiveGoggles"],"max_hp_gain":0,"max_hp_loss":0,"event_name":"Addict","floor":21,"gold_loss":0,"cards_obtained":["Pride"]}],"is_beta":false,"boss_relics":[{"not_picked":["Black Star","Pandora\u0027s Box"],"picked":"Runic Pyramid"},{"not_picked":["Velvet Choker","Runic Dome"],"picked":"Philosopher\u0027s Stone"}],"items_purged_floors":[4,27,29,39],"is_endless":false,"potions_floor_spawned":[6,8,14,19,25,32,33,37,40,42,46,49],"ascension_level":2}}