{"host":"c6u7e77myxvw4d0m","time":1611479002,"event":{"mods":["AchievementEnabler","BaseMod","Bestiary","Colored Map","Colored Powertips","Minty Spire (QoL Compilation)","Rare Cards Sparkle","Relic Stats","everything is the same but u backflip on backflip"],"gold_per_floor":[116,129,99,110,127,168,196,234,260,260,260],"floor_reached":10,"language":"ENG","playtime":760,"items_purged":[],"score":112,"play_id":"14777dc4-7e12-4d8b-bd4e-3198d4ab3080","local_time":"20210124110322","is_ascension_mode":true,"campfire_choices":[],"circlet_count":0,"master_deck":["Strike_R","Strike_R","Strike_R","Strike_R","Strike_R","Defend_R","Defend_R","Defend_R","Defend_R","Bash","Reaper","Searing Blow","Clothesline","Iron Wave","Spot Weakness","Seeing Red","Rampage","Limit Break"],"relics":["Burning Blood","CeramicFish","Centennial Puzzle","Smiling Mask"],"acts_visited":["Exordium"],"potions_floor_usage":[4,6,6,8,10],"damage_taken":[{"damage":7,"enemies":"Small Slimes","floor":1,"turns":3},{"damage":10,"enemies":"Cultist","floor":2,"turns":5},{"damage":0,"enemies":"2 Louse","floor":4,"turns":2},{"damage":9,"enemies":"2 Fungi Beasts","floor":5,"turns":4},{"damage":30,"enemies":"Lagavulin","floor":6,"turns":7},{"damage":6,"enemies":"Exordium Wildlife","floor":7,"turns":5},{"damage":86,"enemies":"3 Sentries","floor":8,"turns":13},{"damage":15,"enemies":"Lagavulin","floor":10,"turns":5}],"seed_played":"7664444497618748354","potions_obtained":[{"floor":1,"key":"Fire Potion"},{"floor":3,"key":"LiquidMemories"},{"floor":3,"key":"DuplicationPotion"},{"floor":5,"key":"FairyPotion"},{"floor":6,"key":"EssenceOfSteel"},{"floor":7,"key":"Weak Potion"}],"is_trial":false,"path_per_floor":["M","M","?","M","M","E","M","E","T","E"],"character_chosen":"IRONCLAD","items_purchased":[],"campfire_rested":0,"item_purchase_floors":[],"current_hp_per_floor":[50,52,52,71,76,58,58,13,13,0,0],"gold":260,"neow_bonus":"THREE_RARE_CARDS","is_daily":false,"chose_seed":false,"campfire_upgraded":0,"win_rate":0.0,"timestamp":1611479002,"path_taken":["M","M","?","M","?","E","M","E","T","E"],"items_purchased_type":[],"build_version":"2020-12-22","purchased_purges":0,"victory":false,"max_hp_per_floor":[80,80,80,80,80,80,80,80,80,80,80],"relic_stats":{"Centennial Puzzle":[3],"counters":[8,44],"CeramicFish":27,"Smiling Mask":0,"obtain_stats":[{"Centennial Puzzle":8,"CeramicFish":6,"Smiling Mask":9,"Burning Blood":0},{"Centennial Puzzle":7,"CeramicFish":5,"Smiling Mask":7,"Burning Blood":0},{"Centennial Puzzle":39,"CeramicFish":21,"Smiling Mask":39,"Burning Blood":0}],"Burning Blood":42},"card_choices":[{"not_picked":["Fiend Fire","Berserk"],"picked":"Reaper","floor":0},{"not_picked":["Flame Barrier","Iron Wave"],"picked":"Searing Blow","floor":1},{"not_picked":["Entrench","Perfected Strike"],"picked":"Clothesline","floor":2},{"not_picked":["True Grit","Infernal Blade"],"picked":"Iron Wave","floor":4},{"not_picked":["Disarm","Havoc"],"picked":"Spot Weakness","floor":5},{"not_picked":["Rampage","Sword Boomerang"],"picked":"Seeing Red","floor":6},{"not_picked":["Twin Strike","Wild Strike"],"picked":"Rampage","floor":7},{"not_picked":["Perfected Strike","Shockwave"],"picked":"Limit Break","floor":8}],"player_experience":459413,"relics_obtained":[{"floor":6,"key":"CeramicFish"},{"floor":8,"key":"Centennial Puzzle"},{"floor":9,"key":"Smiling Mask"}],"event_choices":[{"damage_healed":0,"gold_gain":0,"player_choice":"Bought 2 Potions","damage_taken":0,"max_hp_gain":0,"max_hp_loss":0,"event_name":"The Woman in Blue","floor":3,"gold_loss":0}],"is_beta":false,"boss_relics":[],"items_purged_floors":[],"is_endless":false,"potions_floor_spawned":[1,5,6,7],"killed_by":"Lagavulin","ascension_level":8}}