{"host":"f0dbpmn0khgeoqc0","time":1611518997,"event":{"mods":["2.2 Compatiblity","AchievementEnabler","Act Like it!","Ascension Unlocker","Aspiration","BaseMod","Better Altar","Better Match","Better Sensory Stone","Better Skull","Better Third Choice","BetterRewards","Block Reminder","Colored Map","Colored Powertips","Conspire","DNKmod","Disable Question Mark Monsters","Displayed Cursed Tome","Downfall","Evolution","Friendly Minions","Hermit","Highlight Path","Humility","Infinite Spire","Jorbs\u0027s Wanderer Trilogy","Koishi","Marisa????????","Minty Spire (QoL Compilation)","MostiFishMod","Permanent Neow","Random Character Button","Relic Filter","Relic Stats","Replay The Spire","Spicy Shops","Spire Arcade","StSLib","Td1madao Mod","The Gatherer","Treasure Hunter","Wandering Minibosses","??????REMEMod"],"gold_per_floor":[183,127,147,0,17,17,43,43,43,87,117,117,117,3,3,85,85,104,128,128,108,134,134,160,200,224,251,289,18,47,47,47,163,163,198,148,244,312,104,138,138,202,228,270,92,118,118,165,165,195,206],"floor_reached":52,"language":"ENG","playtime":3463,"items_purged":[],"score":3070,"play_id":"05f4c5d7-287f-4706-af0d-a8ddc200fc17","local_time":"20210124150957","is_ascension_mode":true,"campfire_choices":[{"data":"Defragment","floor":6.0,"key":"SMITH"},{"data":"MostiFishMod:GatherIntelligence","floor":8.0,"key":"SMITH"},{"data":"FTL","floor":15.0,"key":"SMITH"},{"data":"MostiFishMod:DawningShadow","floor":23.0,"key":"SMITH"},{"data":"Amplify","floor":32.0,"key":"SMITH"},{"data":"MostiFishMod:SeaWaves","floor":41,"key":"SMITH"},{"data":"MostiFishMod:LinkProtocol","floor":47,"key":"SMITH"},{"data":"Defragment","floor":49,"key":"SMITH"}],"circlet_count":0,"master_deck":["AscendersBane","Ball Lightning","Ball Lightning","Strike_B+1","Strike_B","Defend_B","Defend_B+1","Zap","Dualcast","FTL+1","Cold Snap","Time Bomb","Self Repair+1","Redo+1","Defragment+1","Conserve Battery","MostiFishMod:GatherIntelligence+1","Sweeping Beam","TH:CopperCoins","White Noise","TH:TreasureMap","TH:CursedSword","Conserve Battery","Coolheaded","Panic Button","TH:CursedSword","MostiFishMod:DawningShadow+1","Cold Snap","ReplayTheSpireMod:Calculation Training","aspiration:Polymerization","MostiFishMod:Impulse","TH:CopperCoins","ReplayTheSpireMod:Calculation Training","TH:DeckOfManyThings","ReplayTheSpireMod:Calculation Training","TH:CopperCoins","Thunder Strike","Crystallizer+1","Cold Snap","Amplify+1","TH:BikiniMail","Amplify","MostiFishMod:ReprogramOld","conspire:SpireCoStock","Consume+1","Turbo","MostiFishMod:SeaWaves+1","Capacitor","TH:CursedSword","Gash","TH:CopperCoins","Lockon","stsjorbsmod:Withering","TH:CursedSword","MostiFishMod:LinkProtocol+1","Defragment+1","Amplify","Capacitor"],"relics":["Cracked Core","EVO:Axolotl","DaveBox","REME_ComplimentaryCards","EGODaCapo","infinitespire:SolderingIron","SynthV:TestCard","infinitespire:Freezer","Runic Capacitor","Happy Flower","Replay:Bandana","ReplayTheSpireMod:TigerMarble","ChewingGum","Bloody Idol","aspiration:ChemicalBlood","Replay:Rubber Ducky","Bottled Flame","Replay:Wax Seal","BargainBundle","Mummified Hand","Empty Cage","Cursed Key","wanderingMiniBosses:AbyssPearl","Simple Rune","Raider\u0027s Mask","Singing Bowl","InkBottle","Omamori"],"acts_visited":["Exordium","TheCity","TheBeyond"],"potions_floor_usage":[42,46],"damage_taken":[{"damage":0.0,"enemies":"2 Louse","floor":1.0,"turns":2.0},{"damage":0.0,"enemies":"Cultist","floor":3.0,"turns":3.0},{"damage":0.0,"enemies":"Small Slimes","floor":5.0,"turns":2.0},{"damage":4.0,"enemies":"3 Sentries","floor":7.0,"turns":5.0},{"damage":13.0,"enemies":"Gremlin Nob","floor":10.0,"turns":5.0},{"damage":16.0,"enemies":"3 Louse","floor":11.0,"turns":3.0},{"damage":0.0,"enemies":"Slime Boss","floor":16.0,"turns":9.0},{"damage":5.0,"enemies":"3 Byrds","floor":18.0,"turns":5.0},{"damage":0.0,"enemies":"2 Thieves","floor":19.0,"turns":3.0},{"damage":0.0,"enemies":"Snecko","floor":22.0,"turns":4.0},{"damage":0.0,"enemies":"Shelled Parasite and Fungi","floor":24.0,"turns":5.0},{"damage":27.0,"enemies":"Gremlin Leader","floor":25.0,"turns":7.0},{"damage":0.0,"enemies":"Centurion and Healer","floor":27.0,"turns":3.0},{"damage":27.0,"enemies":"Slavers","floor":28.0,"turns":5.0},{"damage":0.0,"enemies":"3 Cultists","floor":30.0,"turns":4.0},{"damage":0.0,"enemies":"Automaton","floor":33.0,"turns":7.0},{"damage":0,"enemies":"3 Shapes","floor":35,"turns":5},{"damage":0,"enemies":"3 Darklings","floor":38,"turns":5},{"damage":0,"enemies":"R_Hoarder","floor":40,"turns":6},{"damage":0,"enemies":"Reptomancer","floor":42,"turns":6},{"damage":0,"enemies":"Transient","floor":44,"turns":7},{"damage":19,"enemies":"Jaw Worm Horde","floor":46,"turns":5},{"damage":10,"enemies":"Sphere and 2 Shapes","floor":48,"turns":7},{"damage":0,"enemies":"conspire:OrnateMirror","floor":50,"turns":8},{"damage":24,"enemies":"Donu and Deca","floor":51,"turns":10}],"seed_played":"5563627544843532204","potions_obtained":[{"floor":3.0,"key":"conspire:TimeTravelPotion"},{"floor":5.0,"key":"PowerPotion"},{"floor":16.0,"key":"SneckoOil"},{"floor":19.0,"key":"PowerPotion"},{"floor":28.0,"key":"PowerPotion"},{"floor":44,"key":"Explosive Potion"}],"is_trial":false,"path_per_floor":["M","?","M","$","M","R","E","R","T","E","M","?","?","$","R","B",null,"M","M","?","?","M","R","M","E","T","M","E","$","M","?","R","B",null,"M","?","?","M","$","E","R","E","T","M","$","M","R","M","R","B","B",null],"character_chosen":"DEFECT","items_purchased":["Cold Snap","Time Bomb","Self Repair","DianDianMeat","Redo+1","Defragment","Runic Capacitor","Panic Button","Replay:Wax Seal","BargainBundle","Raider\u0027s Mask","Capacitor","Defragment"],"campfire_rested":0,"item_purchase_floors":[0,0,0,0,0,0,4,14,29,29,39,39,45],"current_hp_per_floor":[77,77,77,77,77,77,77,77,77,71,62,62,62,62,62,72,76,71,71,29,29,44,44,70,77,77,77,65,65,70,70,70,77,77,77,77,57,77,77,77,77,77,77,77,77,73,73,77,77,77,73],"gold":206,"neow_bonus":"","is_daily":false,"chose_seed":false,"campfire_upgraded":8,"win_rate":0.0,"timestamp":1611518997,"path_taken":["M","?","M","$","?","R","E","R","T","E","M","?","?","$","R","BOSS","M","M","?","?","M","R","?","E","T","M","E","?","?","?","R","BOSS","M","?","?","M","?","E","R","E","T","M","?","M","R","M","R","BOSS","BOSS"],"items_purchased_type":["Card","Card","Card","Relic","Card","Card","Relic","Card","Relic","Relic","Relic","Card","Card"],"build_version":"2020-12-22","purchased_purges":0,"victory":true,"max_hp_per_floor":[77,77,77,77,77,77,77,77,77,77,77,77,77,77,77,77,77,77,77,77,77,77,77,77,77,77,77,77,77,77,77,77,77,77,77,77,77,77,77,77,77,77,77,77,77,77,77,77,77,77,77],"relic_stats":{"Happy Flower":[39],"Singing Bowl":0,"counters":[123,529],"Mummified Hand":[86],"Bloody Idol":930,"Cursed Key":3,"obtain_stats":[{"Whetstone":12,"Boot":19,"Sling":38,"Old Coin":0,"conspire:GlowingRock":41,"Sundial":34,"MealTicket":10,"Replay:Wax Seal":0,"aspiration:Headhunter":30,"DianDianMeat":0,"Cola":33,"Pear":6,"Eternal Feather":45,"Pen Nib":41,"REME_LimitBreaker":31,"Akabeko":0,"EGODaCapo":3,"MutagenicStrength":19,"Pandora\u0027s Box":17,"aspiration:Lifesprig":54,"Lantern":41,"TH:Anvil":0,"DaveBox":0,"Singing Bowl":9,"DianPoetry":8,"wanderingMiniBosses:AbyssPearl":35,"Ancient Tea Set":47,"Smiling Mask":13,"Cursed Key":2,"Replay:Rubber Ducky":26,"Matryoshka":19,"infinitespire:Bottled Soul":27,"WingedGreaves":34,"Chemical X":21,"InkBottle":42,"aspiration:ChemicalBlood":25,"NeowsBlessing":0,"Damaru":9,"The Courier":35,"Omamori":48,"Geode":26,"infinitespire:CheckeredPen":50,"Frozen Egg 2":0,"GoldenEye":6,"HaiYi:Twilight":19,"Ornamental Fan":46,"Bloody Idol":20,"Orrery":0,"REME_HandOfSuture":34,"Turnip":51,"Bottled Lightning":43,"Apod":8,"conspire:DeflatedDodgeball":44,"Toy Ornithopter":33,"REME_ComplimentaryCards":0,"infinitespire:Freezer":2,"aspiration:Stellarator":45,"CeramicFish":24,"TH:Strongbox":0,"Runic Capacitor":0,"EVO:Axolotl":0,"Raider\u0027s Mask":39,"Sozu":17,"Centennial Puzzle":8,"HornCleat":0,"infinitespire:SolderingIron":0,"GuanYuAspect":17,"Philosopher\u0027s Stone":34,"Toxic Egg 2":0,"Girya":50,"wanderingMiniBosses:ThiefScarf":30,"Happy Flower":7,"wanderingMiniBosses:MasterThiefsPresence":24,"conspire:SlowCooker":48,"infinitespire:Beetle Shell":55,"aspiration:SeaSaltIceCream":6,"Letter Opener":9,"War Paint":13,"Bottled Flame":28,"Shuriken":35,"Bronze Scales":26,"ChiXiaoBlade":38,"Molten Egg 2":43,"Simple Rune":37,"infinitespire:EmpoweringShard":46,"ReplayTheSpireMod:TigerMarble":10,"xbg":17,"Symbiotic Virus":10,"NlothsMask":2,"Iron Core":14,"bronze:BronzeCore":0,"MostiFishMod:Haymaker":6,"Juzu Bracelet":0,"TeardropLocket":0,"Empty Cage":34,"ClockworkSouvenir":37,"Replay:Bandana":9,"Mummified Hand":27,"Red Mask":20,"Cracked Core":2,"BargainBundle":29,"aspiration:RunicSpoon":51,"ShadowXiaoBlade":17,"infinitespire:FocusingShard":31,"aspiration:HummingbirdHeart":48,"Orichalcum":37,"White Beast Statue":47,"Calling Bell":34,"Anchor":19,"DataDisk":26,"SynthV:TestCard":1,"infinitespire:WardingShard":9,"wanderingMiniBosses:CarrionFlame":35,"ChewingGum":17,"Bag of Marbles":39,"Membership Card":0,"REME_CardOfGreed":39,"aspiration:RitualDagger":47,"TungstenRod":12,"FossilizedHelix":31},{"Whetstone":23,"Boot":9,"Sling":11,"Old Coin":0,"conspire:GlowingRock":60,"Sundial":59,"MealTicket":22,"Replay:Wax Seal":67,"aspiration:Headhunter":97,"DianDianMeat":98,"Cola":58,"Pear":3,"Eternal Feather":61,"Pen Nib":12,"REME_LimitBreaker":57,"Akabeko":16,"EGODaCapo":100,"MutagenicStrength":27,"Pandora\u0027s Box":50,"aspiration:Lifesprig":41,"Lantern":60,"TH:Anvil":84,"DaveBox":0,"Singing Bowl":72,"DianPoetry":48,"wanderingMiniBosses:AbyssPearl":115,"Ancient Tea Set":14,"Smiling Mask":24,"Cursed Key":85,"Replay:Rubber Ducky":110,"Matryoshka":93,"infinitespire:Bottled Soul":97,"WingedGreaves":59,"Chemical X":78,"InkBottle":118,"aspiration:ChemicalBlood":110,"NeowsBlessing":0,"Damaru":21,"The Courier":59,"Omamori":39,"Geode":96,"infinitespire:CheckeredPen":65,"Frozen Egg 2":43,"GoldenEye":20,"HaiYi:Twilight":9,"Ornamental Fan":62,"Bloody Idol":107,"Orrery":16,"REME_HandOfSuture":59,"Turnip":66,"Bottled Lightning":12,"Apod":48,"conspire:DeflatedDodgeball":13,"Toy Ornithopter":58,"REME_ComplimentaryCards":0,"infinitespire:Freezer":99,"aspiration:Stellarator":61,"CeramicFish":96,"TH:Strongbox":43,"Runic Capacitor":67,"EVO:Axolotl":0,"Raider\u0027s Mask":116,"Sozu":8,"Centennial Puzzle":4,"HornCleat":67,"infinitespire:SolderingIron":98,"GuanYuAspect":76,"Philosopher\u0027s Stone":32,"Toxic Egg 2":43,"Girya":65,"wanderingMiniBosses:ThiefScarf":57,"Happy Flower":102,"wanderingMiniBosses:MasterThiefsPresence":80,"conspire:SlowCooker":39,"infinitespire:Beetle Shell":42,"aspiration:SeaSaltIceCream":3,"Letter Opener":88,"War Paint":49,"Bottled Flame":112,"Shuriken":59,"Bronze Scales":55,"ChiXiaoBlade":11,"Molten Egg 2":37,"Simple Rune":115,"infinitespire:EmpoweringShard":62,"ReplayTheSpireMod:TigerMarble":103,"xbg":91,"Symbiotic Virus":89,"NlothsMask":85,"Iron Core":90,"bronze:BronzeCore":0,"MostiFishMod:Haymaker":47,"Juzu Bracelet":16,"TeardropLocket":16,"Empty Cage":114,"ClockworkSouvenir":34,"Replay:Bandana":102,"Mummified Hand":55,"Red Mask":53,"Cracked Core":85,"BargainBundle":112,"aspiration:RunicSpoon":66,"ShadowXiaoBlade":26,"infinitespire:FocusingShard":58,"aspiration:HummingbirdHeart":65,"Orichalcum":34,"White Beast Statue":63,"Calling Bell":59,"Anchor":52,"DataDisk":96,"SynthV:TestCard":1,"infinitespire:WardingShard":4,"wanderingMiniBosses:CarrionFlame":33,"ChewingGum":105,"Bag of Marbles":60,"Membership Card":43,"REME_CardOfGreed":60,"aspiration:RitualDagger":63,"TungstenRod":23,"FossilizedHelix":57},{"Whetstone":85,"Boot":32,"Sling":47,"Old Coin":0,"conspire:GlowingRock":219,"Sundial":217,"MealTicket":83,"Replay:Wax Seal":256,"aspiration:Headhunter":395,"DianDianMeat":398,"Cola":210,"Pear":3,"Eternal Feather":224,"Pen Nib":52,"REME_LimitBreaker":206,"Akabeko":68,"EGODaCapo":403,"MutagenicStrength":101,"Pandora\u0027s Box":179,"aspiration:Lifesprig":141,"Lantern":219,"TH:Anvil":332,"DaveBox":0,"Singing Bowl":269,"DianPoetry":164,"wanderingMiniBosses:AbyssPearl":475,"Ancient Tea Set":58,"Smiling Mask":88,"Cursed Key":335,"Replay:Rubber Ducky":451,"Matryoshka":377,"infinitespire:Bottled Soul":395,"WingedGreaves":217,"Chemical X":300,"InkBottle":492,"aspiration:ChemicalBlood":451,"NeowsBlessing":0,"Damaru":80,"The Courier":217,"Omamori":136,"Geode":391,"infinitespire:CheckeredPen":243,"Frozen Egg 2":146,"GoldenEye":78,"HaiYi:Twilight":32,"Ornamental Fan":228,"Bloody Idol":435,"Orrery":68,"REME_HandOfSuture":217,"Turnip":250,"Bottled Lightning":52,"Apod":164,"conspire:DeflatedDodgeball":55,"Toy Ornithopter":210,"REME_ComplimentaryCards":0,"infinitespire:Freezer":400,"aspiration:Stellarator":224,"CeramicFish":391,"TH:Strongbox":146,"Runic Capacitor":256,"EVO:Axolotl":0,"Raider\u0027s Mask":480,"Sozu":27,"Centennial Puzzle":6,"HornCleat":256,"infinitespire:SolderingIron":398,"GuanYuAspect":293,"Philosopher\u0027s Stone":117,"Toxic Egg 2":146,"Girya":243,"wanderingMiniBosses:ThiefScarf":206,"Happy Flower":410,"wanderingMiniBosses:MasterThiefsPresence":312,"conspire:SlowCooker":136,"infinitespire:Beetle Shell":144,"aspiration:SeaSaltIceCream":3,"Letter Opener":345,"War Paint":171,"Bottled Flame":459,"Shuriken":217,"Bronze Scales":195,"ChiXiaoBlade":47,"Molten Egg 2":130,"Simple Rune":475,"infinitespire:EmpoweringShard":228,"ReplayTheSpireMod:TigerMarble":415,"xbg":365,"Symbiotic Virus":351,"NlothsMask":335,"Iron Core":357,"bronze:BronzeCore":0,"MostiFishMod:Haymaker":163,"Juzu Bracelet":68,"TeardropLocket":68,"Empty Cage":470,"ClockworkSouvenir":123,"Replay:Bandana":410,"Mummified Hand":195,"Red Mask":188,"Cracked Core":335,"BargainBundle":459,"aspiration:RunicSpoon":250,"ShadowXiaoBlade":97,"infinitespire:FocusingShard":210,"aspiration:HummingbirdHeart":243,"Orichalcum":123,"White Beast Statue":235,"Calling Bell":217,"Anchor":186,"DataDisk":391,"SynthV:TestCard":1,"infinitespire:WardingShard":6,"wanderingMiniBosses:CarrionFlame":121,"ChewingGum":427,"Bag of Marbles":219,"Membership Card":146,"REME_CardOfGreed":219,"aspiration:RitualDagger":235,"TungstenRod":85,"FossilizedHelix":206}],"InkBottle":[20]},"card_choices":[{"not_picked":["MostiFishMod:PushDownKick","Panic Button"],"picked":"Conserve Battery","floor":1.0},{"not_picked":["Coolheaded","Leap","MostiFishMod:Impulse","Compile Driver"],"picked":"MostiFishMod:GatherIntelligence","floor":3.0},{"not_picked":["Ball Lightning","Auto Shields","FTL","ReplayTheSpireMod:Repulse"],"picked":"Sweeping Beam","floor":5.0},{"not_picked":["TH:EnergyPotion","TH:BikiniMail","TH:DeckOfManyThings"],"picked":"TH:CopperCoins","floor":7.0},{"not_picked":["Reinforced Body","Sunder","Rip and Tear","Cold Snap"],"picked":"White Noise","floor":7.0},{"not_picked":["TH:DeckOfManyThings","TH:Mimic","TH:ElvenBoots"],"picked":"TH:TreasureMap","floor":9.0},{"not_picked":["TH:BikiniMail","TH:CopperCoins","TH:EnergyPotion"],"picked":"TH:CursedSword","floor":10.0},{"not_picked":["Darkness","Stack","Gash","BasicCrystalCard"],"picked":"Conserve Battery","floor":10.0},{"not_picked":["Gash","Sweeping Beam","Mirror Shield","MostiFishMod:PushDownKick"],"picked":"Coolheaded","floor":11.0},{"not_picked":["TH:PixieDust","TH:EnergyPotion","TH:BikiniMail"],"picked":"TH:CursedSword","floor":16.0},{"not_picked":["MostiFishMod:StarOceanB","Core Surge","MostiFishMod:Prepare","REME_Shoggoth"],"picked":"MostiFishMod:DawningShadow","floor":16.0},{"not_picked":["Beam Cell","Sunder","REME_SelfUpgrade","Blizzard"],"picked":"Cold Snap","floor":18.0},{"not_picked":["MostiFishMod:FluxCapactior","Darkness","Skim+1","Cold Snap"],"picked":"ReplayTheSpireMod:Calculation Training","floor":19.0},{"not_picked":["Lockon","Hologram","Panic Button","Rebound"],"picked":"aspiration:Polymerization","floor":22.0},{"not_picked":["Hello World","Turbo","Beam Cell","Steam Power"],"picked":"MostiFishMod:Impulse","floor":24.0},{"not_picked":["TH:EnergyPotion","TH:BikiniMail","TH:ElvenBoots"],"picked":"TH:CopperCoins","floor":25.0},{"not_picked":["Ball Lightning+1","Steam Power","Compile Driver+1","Go for the Eyes"],"picked":"ReplayTheSpireMod:Calculation Training","floor":25.0},{"not_picked":["TH:ArmorSpikes","TH:EnergyPotion","TH:ElvenBoots"],"picked":"TH:DeckOfManyThings","floor":26.0},{"not_picked":["Heatsinks","Go for the Eyes+1","Leap","Double Energy"],"picked":"ReplayTheSpireMod:Calculation Training","floor":27.0},{"not_picked":["TH:ArmorSpikes","TH:Mimic","TH:ElvenBoots"],"picked":"TH:CopperCoins","floor":28.0},{"not_picked":["Coolheaded","ReplayTheSpireMod:Reroute Power","Stack","Steam"],"picked":"Thunder Strike","floor":28.0},{"not_picked":["REME_Whirling+1","ReplaySort","Stack","Sweeping Beam"],"picked":"Cold Snap","floor":30.0},{"not_picked":["TH:Mimic","TH:DeckOfManyThings","TH:PixieDust"],"picked":"TH:BikiniMail","floor":33.0},{"not_picked":["MostiFishMod:StrandedSiren","ReplayTheSpireMod:Fabricate Wheel","Fission","All For One"],"picked":"Amplify","floor":33.0},{"not_picked":["Go for the Eyes+1","Steam","Stack+1","Ball Lightning"],"picked":"MostiFishMod:ReprogramOld","floor":35},{"not_picked":["Barrage","ReplaySolidLightProjector","Stack","Gash"],"picked":"Consume+1","floor":37},{"not_picked":["Fusion+1","Stack","ReplaySolidLightProjector+1","Aggregate+1"],"picked":"Turbo","floor":37},{"not_picked":["Compile Driver","Ball Lightning+1","Gash","Redo"],"picked":"MostiFishMod:SeaWaves","floor":38},{"not_picked":["TH:PixieDust","TH:CopperCoins","TH:ElvenBoots"],"picked":"TH:CursedSword","floor":40},{"not_picked":["Panic Button","Sweeping Beam","MostiFishMod:PushDownKick","Scrape"],"picked":"Gash","floor":40},{"not_picked":["TH:Mimic","TH:ElvenBoots","TH:BikiniMail"],"picked":"TH:CopperCoins","floor":42},{"not_picked":["Ball Lightning","Redo","REME_Whirling","Leap"],"picked":"Lockon","floor":42},{"not_picked":["TH:EnergyPotion","TH:Mimic","TH:ElvenBoots"],"picked":"TH:CursedSword","floor":43},{"not_picked":["Sweeping Beam","Hologram","Chill","Cold Snap"],"picked":"MostiFishMod:LinkProtocol","floor":44},{"not_picked":["BootSequence","Sweeping Beam","Hologram+1","Streamline"],"picked":"Amplify","floor":46},{"not_picked":["Streamline","MostiFishMod:Impulse+1","BasicCrystalCard","ReplayTheSpireMod:Repulse+1"],"picked":"Capacitor","floor":48}],"player_experience":582387,"relics_obtained":[{"floor":1.0,"key":"SynthV:TestCard"},{"floor":7.0,"key":"Happy Flower"},{"floor":9.0,"key":"Replay:Bandana"},{"floor":10.0,"key":"ReplayTheSpireMod:TigerMarble"},{"floor":25.0,"key":"aspiration:ChemicalBlood"},{"floor":26.0,"key":"Replay:Rubber Ducky"},{"floor":28.0,"key":"Bottled Flame"},{"floor":35,"key":"wanderingMiniBosses:AbyssPearl"},{"floor":37,"key":"Simple Rune"},{"floor":40,"key":"Singing Bowl"},{"floor":42,"key":"InkBottle"},{"floor":43,"key":"Omamori"}],"event_choices":[{"damage_healed":0.0,"max_hp_gain":0.0,"max_hp_loss":0.0,"gold_gain":0.0,"event_name":"WeMeetAgain","player_choice":"Paid Gold","floor":2.0,"gold_loss":56.0,"damage_taken":0.0,"relics_obtained":["infinitespire:Freezer"]},{"damage_healed":0.0,"max_hp_gain":0.0,"max_hp_loss":0.0,"gold_gain":0.0,"event_name":"Living Wall","player_choice":"Grow","floor":13.0,"gold_loss":0.0,"damage_taken":0.0,"cards_upgraded":["Self Repair"]},{"damage_healed":0.0,"max_hp_gain":71.0,"max_hp_loss":29.0,"gold_gain":0.0,"event_name":"betterAltar:BetterAltar","player_choice":" Idol ","floor":20.0,"potions_obtained":[],"relics_lost":[],"gold_loss":0.0,"damage_taken":42.0,"relics_obtained":["Bloody Idol"]},{"damage_healed":0.0,"max_hp_gain":0.0,"max_hp_loss":0.0,"gold_gain":0.0,"event_name":"The Woman in Blue","player_choice":"Bought 1 Potion","floor":21.0,"gold_loss":0.0,"damage_taken":0.0},{"damage_healed":0.0,"max_hp_gain":0.0,"max_hp_loss":0.0,"gold_gain":0.0,"event_name":"The Library","player_choice":"Read","floor":31.0,"gold_loss":0.0,"damage_taken":0.0,"cards_obtained":["Amplify"]},{"damage_healed":0,"gold_gain":0,"player_choice":"Invest 1","damage_taken":0,"max_hp_gain":0,"max_hp_loss":0,"event_name":"conspire:Investor","floor":36,"gold_loss":0}],"is_beta":false,"boss_relics":[{"not_picked":["Sozu","RhineFirstAidKit"],"picked":"ChewingGum"},{"not_picked":["Replay:Ancient Bell","conspire:SlowCooker"],"picked":"Empty Cage"}],"items_purged_floors":[],"is_endless":false,"potions_floor_spawned":[3,5,7,16,18,19,28,30,40,44,46,48],"ascension_level":20}}