{"host":"d7fiu2yjkssjxoz6","time":1611530973,"event":{"mods":["AchievementEnabler","BaseMod","Duelist Mod","Minty Spire (QoL Compilation)","StSLib"],"gold_per_floor":[141,106,123,123,139,139,156,191,191,191,207,217,275,306,306,404,404,435,459,459,459,469,469,469,469,495,522,522,522,555,590,590,693,693,704,704,752,752,752],"floor_reached":38,"language":"ENG","playtime":2051,"items_purged":[],"score":772,"play_id":"4f12a4f1-5e49-49d0-ba2b-7769a6946bc7","local_time":"20210124152933","is_ascension_mode":true,"campfire_choices":[{"data":"theDuelist:NaturiaEggplant","floor":6.0,"key":"SMITH"},{"data":"theDuelist:Wiretap","floor":10.0,"key":"SMITH"},{"data":"theDuelist:NaturiaBarkion","floor":15.0,"key":"SMITH"},{"floor":23.0,"key":"REST"},{"data":"theDuelist:BigFire","floor":25.0,"key":"SMITH"},{"data":"theDuelist:LonefireBlossom","floor":28.0,"key":"SMITH"},{"floor":32.0,"key":"RECALL"}],"circlet_count":0,"master_deck":["AscendersBane","theDuelist:CastleWalls","theDuelist:CastleWalls","theDuelist:CastleWalls","theDuelist:NaturiaBeast","theDuelist:NaturiaCliff","theDuelist:NaturiaRock","theDuelist:NaturiaTulip","theDuelist:Sparks","theDuelist:Sparks","theDuelist:NaturiaEggplant+1","theDuelist:NaturiaRock","theDuelist:NaturiaHorneedle","theDuelist:NaturiaEggplant","theDuelist:Wiretap+1","theDuelist:BigFire+1","theDuelist:FuryFire","theDuelist:NaturiaBarkion+1","theDuelist:WingedKuriboh","theDuelist:SeismicShockwave","theDuelist:NaturiaLandoise+1","theDuelist:NaturiaTulip","Shame","theDuelist:LonefireBlossom+1","theDuelist:GravekeeperCurse","theDuelist:VampireCurse","theDuelist:CurseAnubis","Magnetism","theDuelist:MillenniumScorpion","theDuelist:HeartUnderdog","theDuelist:AfterGenocide","theDuelist:CurseAnubis","theDuelist:SeismicShockwave+1"],"relics":["theDuelist:MillenniumPuzzle","theDuelist:CardPoolRelic","theDuelist:CardPoolBasicRelic","theDuelist:BoosterPackPoolRelic","theDuelist:CardPoolAddRelic","theDuelist:CardPoolMinusRelic","theDuelist:CardPoolSaveRelic","theDuelist:CardPoolOptionsRelic","theDuelist:MonsterEggRelic","theDuelist:KaibaToken","Busted Crown","HornCleat","theDuelist:NamelessPowerRelicB","Nunchaku","PreservedInsect","Frozen Eye","Philosopher\u0027s Stone","theDuelist:MillenniumRing","Pocketwatch","Calipers","theDuelist:ElectricBurst"],"acts_visited":["Exordium","TheCity","TheBeyond"],"potions_floor_usage":[38],"damage_taken":[{"damage":0.0,"enemies":"Jaw Worm","floor":1.0,"turns":5.0},{"damage":4.0,"enemies":"Small Slimes","floor":3.0,"turns":4.0},{"damage":0.0,"enemies":"Cultist","floor":5.0,"turns":4.0},{"damage":5.0,"enemies":"Large Slime","floor":7.0,"turns":5.0},{"damage":3.0,"enemies":"3 Sentries","floor":8.0,"turns":7.0},{"damage":0.0,"enemies":"Looter","floor":11.0,"turns":3.0},{"damage":0.0,"enemies":"Red Slaver","floor":12.0,"turns":3.0},{"damage":8.0,"enemies":"Gremlin Nob","floor":13.0,"turns":4.0},{"damage":0.0,"enemies":"Blue Slaver","floor":14.0,"turns":2.0},{"damage":53.0,"enemies":"Hexaghost","floor":16.0,"turns":10.0},{"damage":36.0,"enemies":"2 Thieves","floor":18.0,"turns":3.0},{"damage":11.0,"enemies":"Spheric Guardian","floor":19.0,"turns":3.0},{"damage":0.0,"enemies":"Centurion and Healer","floor":22.0,"turns":3.0},{"damage":0.0,"enemies":"3 Cultists","floor":27.0,"turns":4.0},{"damage":22.0,"enemies":"Book of Stabbing","floor":30.0,"turns":4.0},{"damage":3.0,"enemies":"Sentry and Sphere","floor":31.0,"turns":3.0},{"damage":9.0,"enemies":"Champ","floor":33.0,"turns":6.0},{"damage":22,"enemies":"3 Darklings","floor":35,"turns":4},{"damage":66,"enemies":"3 Darklings","floor":37,"turns":6},{"damage":10,"enemies":"Orb Walker","floor":38,"turns":1}],"seed_played":"9134632867979101917","potions_obtained":[{"floor":3.0,"key":"Weak Potion"},{"floor":7.0,"key":"theDuelist:MayhemPotion"},{"floor":13.0,"key":"theDuelist:WhiteBottle"},{"floor":14.0,"key":"theDuelist:GiftPotion"},{"floor":16.0,"key":"SteroidPotion"},{"floor":22.0,"key":"theDuelist:CoolBottle"}],"is_trial":false,"path_per_floor":["M","?","M","?","M","R","M","E","T","R","M","M","E","M","R","B",null,"M","M","?","?","M","R","?","R","T","M","R","?","E","M","R","B",null,"M","?","?","M"],"character_chosen":"THE_DUELIST","items_purchased":[],"campfire_rested":1,"item_purchase_floors":[],"current_hp_per_floor":[67,91,87,87,87,87,82,79,79,79,79,79,71,71,71,32,80,44,33,33,33,33,60,54,54,54,70,70,82,60,57,57,48,90,68,68,2,0,0],"gold":752,"neow_bonus":"TWENTY_PERCENT_HP_BONUS","is_daily":false,"chose_seed":false,"campfire_upgraded":5,"win_rate":0.0,"timestamp":1611530973,"path_taken":["M","?","M","?","?","R","M","E","T","R","M","M","E","M","R","BOSS","M","M","?","?","M","R","?","R","T","?","R","?","E","?","R","BOSS","M","?","?","M"],"items_purchased_type":[],"build_version":"2020-12-22","purchased_purges":0,"victory":false,"max_hp_per_floor":[96,96,96,96,96,96,96,96,96,96,96,96,96,96,96,96,96,96,96,96,92,92,92,92,92,92,92,92,104,104,104,104,104,104,104,104,104,104,104],"card_choices":[{"not_picked":["theDuelist:NaturiaHydrangea","theDuelist:NaturiaDragonfly","theDuelist:NaturiaCliff","theDuelist:BrainCrusher"],"picked":"theDuelist:NaturiaEggplant","floor":1.0},{"not_picked":["theDuelist:NaturiaCliff","theDuelist:NaturiaRosewhip","theDuelist:FossilDig","theDuelist:NaturiaMantis"],"picked":"theDuelist:NaturiaRock","floor":3.0},{"not_picked":["theDuelist:ClosedForest","theDuelist:HeartUnderdog"],"picked":"theDuelist:NaturiaHorneedle","floor":5.0},{"not_picked":["theDuelist:NaturiaHydrangea","theDuelist:NaturiaDragonfly","theDuelist:NaturiaCliff","theDuelist:AcidTrapHole"],"picked":"theDuelist:NaturiaEggplant","floor":7.0},{"not_picked":["theDuelist:VenomShot+1","theDuelist:Cloning","theDuelist:DianKeto+1","theDuelist:RedMedicine+1"],"picked":"theDuelist:Wiretap","floor":8.0},{"not_picked":["theDuelist:Sangan","theDuelist:DestroyerGolem","theDuelist:GraniteLoyalist","theDuelist:MudGolem"],"picked":"theDuelist:BigFire","floor":11.0},{"not_picked":["theDuelist:WildNatureRelease","theDuelist:VenomShot","theDuelist:LuminousMoss","theDuelist:FossilExcavation"],"picked":"theDuelist:FuryFire","floor":12.0},{"not_picked":["theDuelist:NaturiaGaiastrio","theDuelist:HuntingInstinct"],"picked":"theDuelist:NaturiaBarkion","floor":13.0},{"not_picked":["theDuelist:GraniteLoyalist","theDuelist:PowerWall","theDuelist:ForbiddenChalice","theDuelist:CatapultZone"],"picked":"theDuelist:WingedKuriboh","floor":14.0},{"not_picked":["theDuelist:DemiseLand","theDuelist:NaturiaVein","theDuelist:NaturiaBarkion","theDuelist:HeartUnderdog"],"picked":"theDuelist:SeismicShockwave","floor":16.0},{"not_picked":["theDuelist:NaturiaGaiastrio","theDuelist:NaturiaCliff"],"picked":"theDuelist:NaturiaLandoise+1","floor":18.0},{"not_picked":["theDuelist:NaturiaSunflower","theDuelist:FossilDig"],"picked":"theDuelist:NaturiaTulip","floor":19.0},{"not_picked":["theDuelist:Reload","theDuelist:SphereKuriboh"],"picked":"theDuelist:DianKeto+1","floor":22.0},{"not_picked":["theDuelist:NaturiaSunflower","theDuelist:NaturiaParadizo"],"picked":"theDuelist:LonefireBlossom","floor":27.0},{"not_picked":["Swift Strike"],"picked":"Magnetism","floor":30.0},{"not_picked":["theDuelist:SangaEarth","theDuelist:Alpacaribou"],"picked":"theDuelist:MillenniumScorpion","floor":31.0},{"not_picked":["theDuelist:DemiseLand+1","theDuelist:ClosedForest+1"],"picked":"theDuelist:HeartUnderdog","floor":33.0},{"not_picked":["theDuelist:NaturiaButterfly+1","theDuelist:NaturiaCherries"],"picked":"theDuelist:AfterGenocide","floor":35},{"not_picked":["theDuelist:NaturiaLandoise+1","theDuelist:NaturiaBambooShoot+1"],"picked":"theDuelist:SeismicShockwave+1","floor":37}],"player_experience":272110,"relics_obtained":[{"floor":8.0,"key":"theDuelist:MonsterEggRelic"},{"floor":13.0,"key":"theDuelist:KaibaToken"},{"floor":26.0,"key":"Nunchaku"},{"floor":30.0,"key":"PreservedInsect"},{"floor":37,"key":"Pocketwatch"},{"floor":37,"key":"Calipers"},{"floor":37,"key":"theDuelist:ElectricBurst"}],"event_choices":[{"damage_healed":24.0,"max_hp_gain":0.0,"max_hp_loss":0.0,"gold_gain":0.0,"event_name":"The Cleric","player_choice":"Healed","floor":2.0,"gold_loss":35.0,"damage_taken":0.0},{"cards_removed":["theDuelist:Sparks"],"damage_healed":0.0,"max_hp_gain":0.0,"max_hp_loss":0.0,"gold_gain":0.0,"event_name":"Purifier","player_choice":"Purged","floor":4.0,"gold_loss":0.0,"damage_taken":0.0},{"damage_healed":0.0,"max_hp_gain":0.0,"max_hp_loss":0.0,"gold_gain":0.0,"event_name":"Addict","player_choice":"Stole Relic","floor":20.0,"gold_loss":0.0,"damage_taken":0.0,"relics_obtained":["HornCleat"],"cards_obtained":["Shame"]},{"power_reward":3.0,"total_magic_score":55.0,"gold_gain":0.0,"duelist":true,"damage_taken":0.0,"relics_obtained":["theDuelist:NamelessPowerRelicB"],"points":3.0,"max_hp_gain":0.0,"max_hp_loss":4.0,"spent_points":{"magic":0.0,"greed":0.0,"war":0.0,"power":3.0,"hunger":0.0},"event_name":"Nameless Tomb","floor":21.0,"gold_loss":0.0,"cards_obtained":[]},{"damage_healed":0.0,"max_hp_gain":0.0,"max_hp_loss":0.0,"gold_gain":0.0,"event_name":"Knowing Skull","player_choice":"","floor":24.0,"potions_obtained":[],"gold_loss":0.0,"damage_taken":6.0,"cards_obtained":[]},{"damage_healed":0.0,"max_hp_gain":0.0,"max_hp_loss":0.0,"gold_gain":0.0,"event_name":"Tomb of the Nameless","player_choice":"Break - +12 Max HP","duelist":true,"floor":29.0,"gold_loss":0.0,"damage_taken":0.0},{"damage_healed":0,"gold_gain":0,"player_choice":"Took item - Received: Millennium Ring","duelist":true,"damage_taken":0,"max_hp_gain":0,"max_hp_loss":0,"event_name":"Millennium Items","floor":36,"gold_loss":0},{"damage_healed":0,"gold_gain":0,"player_choice":"Fight","duelist":true,"damage_taken":0,"max_hp_gain":0,"max_hp_loss":0,"event_name":"Battle City","floor":37,"gold_loss":0}],"is_beta":false,"boss_relics":[{"not_picked":["HoveringKite","theDuelist:HauntedRelic"],"picked":"Busted Crown"},{"not_picked":["Snecko Eye","Empty Cage"],"picked":"Philosopher\u0027s Stone"}],"items_purged_floors":[],"is_endless":false,"potions_floor_spawned":[3,7,13,14,16,22,27,33],"killed_by":"Orb Walker","ascension_level":10}}