{"host":"18wi9kpcl4eah7pe","time":1611525769,"event":{"mods":["BaseMod","Colored Powertips","Downfall","Minty Spire (QoL Compilation)","StSLib"],"gold_per_floor":[99,118,129,114,127,160,185,185,185,185],"floor_reached":8,"language":"ENG","playtime":300,"items_purged":[],"score":56,"play_id":"ca51bcc0-bd2c-4d01-8831-244c9a58495f","local_time":"20210124160249","is_ascension_mode":false,"campfire_choices":[{"floor":1,"key":"RECALL"}],"circlet_count":0,"master_deck":["sneckomod:Strike","sneckomod:Strike","sneckomod:Strike","sneckomod:Defend","sneckomod:Defend","sneckomod:Defend","sneckomod:TailWhip","sneckomod:SnekBite","sneckomod:Unknown","sneckomod:Unknown","sneckomod:UnknownClassGREEN","sneckomod:UnknownClassSLIMEBOUND","sneckomod:DefensiveFlair","sneckomod:QuickMove","sneckomod:UnknownClassSLIMEBOUND"],"relics":["sneckomod:SneckoSoul","Akabeko","Tiny Chest"],"acts_visited":["Exordium"],"potions_floor_usage":[6,8],"damage_taken":[{"damage":2,"enemies":"Cultist","floor":2,"turns":4},{"damage":5,"enemies":"Small Slimes","floor":3,"turns":3},{"damage":0,"enemies":"downfall:FleeingMerchant","floor":4,"turns":4},{"damage":9,"enemies":"Jaw Worm","floor":5,"turns":4},{"damage":61,"enemies":"Gremlin Nob","floor":6,"turns":6},{"damage":23,"enemies":"Lagavulin","floor":8,"turns":3}],"seed_played":"-1440389427074867370","potions_obtained":[{"floor":2,"key":"Strength Potion"},{"floor":6,"key":"SkillPotion"}],"is_trial":false,"path_per_floor":["R","M","M","$","M","E","T","E"],"character_chosen":"THE_SNECKO","items_purchased":[],"campfire_rested":0,"item_purchase_floors":[],"current_hp_per_floor":[99,97,92,92,83,22,22,0,0,0],"gold":185,"neow_bonus":"TEN_PERCENT_HP_BONUS","is_daily":false,"chose_seed":false,"campfire_upgraded":0,"win_rate":0.0,"timestamp":1611525769,"path_taken":["R","?","M","?","M","E","T","E"],"items_purchased_type":[],"build_version":"2020-12-22","purchased_purges":0,"victory":false,"max_hp_per_floor":[99,99,99,99,99,99,99,99,99,99],"card_choices":[{"not_picked":["sneckomod:DiceBoulder","sneckomod:UnknownClassTHE_BRONZE_AUTOMATON"],"picked":"sneckomod:UnknownClassGREEN","floor":2},{"not_picked":["sneckomod:UnknownClassBLUE","sneckomod:QuickMove"],"picked":"sneckomod:UnknownClassSLIMEBOUND","floor":3},{"not_picked":["sneckomod:DangerNoodle","sneckomod:Nope"],"picked":"sneckomod:DefensiveFlair","floor":4},{"not_picked":["sneckomod:ImprovisedGuard","sneckomod:SnekBeam"],"picked":"sneckomod:QuickMove","floor":5},{"not_picked":["sneckomod:Nope","sneckomod:UnknownClassBLUE"],"picked":"sneckomod:UnknownClassSLIMEBOUND","floor":6}],"player_experience":950825,"relics_obtained":[{"floor":6,"key":"Akabeko"},{"floor":7,"key":"Tiny Chest"}],"event_choices":[],"is_beta":false,"boss_relics":[],"items_purged_floors":[],"is_endless":false,"potions_floor_spawned":[2,6],"killed_by":"Lagavulin","ascension_level":0}}