{"host":"6r341r9cz00j2qc1","time":1611455651,"event":{"mods":["BaseMod","Better Third Choice","GungeonMod","Hermit","Lobotomy","LobotomyExtend","Minty Spire (QoL Compilation)","Replay The Spire","Shop Mod","StSLib"],"gold_per_floor":[118,132,132,148,358,358,389,408,408,419,441,441,454,487,487,587,587,607,607,607],"floor_reached":19,"language":"ENG","playtime":1953,"items_purged":[],"score":179,"play_id":"7c407213-11a2-46ef-9a57-a7ca093de7c8","local_time":"20210124033411","is_ascension_mode":false,"campfire_choices":[{"data":"hermit:Misfire","floor":6,"key":"SMITH"},{"data":"hermit:Grudge","floor":15,"key":"SMITH"}],"circlet_count":0,"master_deck":["Woodsman","hermit:Strike_Hermit","hermit:Strike_Hermit","hermit:Strike_Hermit","hermit:Strike_Hermit","hermit:Defend_Hermit","hermit:Defend_Hermit","hermit:Defend_Hermit","hermit:Defend_Hermit","hermit:Snapshot","hermit:Covet","Scorched","hermit:Misfire+1","hermit:Manifest","Bloodbath","hermit:Headshot","ReplayTheSpireMod:Splinters","hermit:Shortfuse","hermit:HighCaliber","Wellcheers","hermit:TakeCover","hermit:Misfire","QueenOfHatred","hermit:HoleUp","hermit:SprayPray","hermit:Grudge+1","OSAHOGD","hermit:Dissolve","hermit:Quickdraw"],"relics":["hermit:Momento","CogitoBucket","LetterFromLob","Logging_r","Shuriken","DemoMod:Relodestone","HellTrain","Odd Mushroom","Onion Ring","SlaversCollar","Justitia_r","SkinProphecy"],"acts_visited":["Exordium","TheCity"],"potions_floor_usage":[10,19,19],"damage_taken":[{"damage":1.0,"enemies":"Jaw Worm","floor":1.0,"turns":3.0},{"damage":0.0,"enemies":"2 Louse","floor":2.0,"turns":3.0},{"damage":10,"enemies":"Small Slimes","floor":4,"turns":4},{"damage":13,"enemies":"3 Sentries","floor":7,"turns":3},{"damage":16,"enemies":"Exordium Thugs","floor":8,"turns":4},{"damage":16,"enemies":"2 Fungi Beasts","floor":10,"turns":3},{"damage":18,"enemies":"The Mushroom Lair","floor":11,"turns":3},{"damage":19,"enemies":"Lots of Slimes","floor":13,"turns":4},{"damage":17,"enemies":"Lagavulin","floor":14,"turns":5},{"damage":53,"enemies":"Slime Boss","floor":16,"turns":5},{"damage":56,"enemies":"Shell Parasite","floor":18,"turns":8},{"damage":57,"enemies":"Chosen","floor":19,"turns":2}],"seed_played":"2501539689977960176","potions_obtained":[{"floor":1.0,"key":"Toxic Potion"},{"floor":2.0,"key":"Energy Potion"},{"floor":4,"key":"BlessingOfTheForge"},{"floor":16,"key":"PowerPotion"}],"is_trial":false,"path_per_floor":["M","M","$","M","?","R","E","M","T","M","?","?","M","E","R","B",null,"M","M"],"character_chosen":"HERMIT","items_purchased":[],"campfire_rested":0,"item_purchase_floors":[],"current_hp_per_floor":[74,74,74,64,64,64,73,72,72,72,75,75,75,75,75,25,75,45,0,0],"gold":607,"neow_bonus":"","is_daily":false,"chose_seed":false,"campfire_upgraded":2,"win_rate":0.0,"timestamp":1611455651,"path_taken":["M","M","$","M","?","R","E","M","T","M","?","?","M","E","R","BOSS","M","M"],"items_purchased_type":[],"build_version":"2020-12-22","purchased_purges":0,"victory":false,"max_hp_per_floor":[75,75,75,75,75,75,75,75,75,75,75,75,75,75,75,75,75,75,77,77],"card_choices":[{"not_picked":["UniverseFragment","BeautyBeast","FairyFestival"],"picked":"Singing Bowl","floor":1.0},{"not_picked":["UniverseFragment","SpiderBud"],"picked":"Scorched","floor":1.0},{"not_picked":["hermit:Glare","hermit:Magnum"],"picked":"hermit:Misfire","floor":1.0},{"not_picked":["Scarecrow","CherryBlossoms","WhitesApple"],"picked":"Singing Bowl","floor":2.0},{"not_picked":["Wellcheers","ShyLook"],"picked":"Woodsman","floor":2.0},{"not_picked":["hermit:LuckOfTheDraw","hermit:CalledShot"],"picked":"hermit:Manifest","floor":2.0},{"not_picked":["FieryBird","CherryBlossoms"],"picked":"Bloodbath","floor":4},{"not_picked":["hermit:HeroicBravado","hermit:Ricochet"],"picked":"hermit:Headshot","floor":4},{"not_picked":["hermit:Vantage","hermit:CalledShot"],"picked":"hermit:Shortfuse","floor":5},{"not_picked":["HappyTeddy","NakedNest"],"picked":"PunishingBird","floor":7},{"not_picked":["hermit:Cheat","hermit:EyeOfTheStorm"],"picked":"hermit:HighCaliber","floor":7},{"not_picked":["LittleHelper","MeatLantern"],"picked":"Wellcheers","floor":8},{"not_picked":["hermit:Shortfuse","hermit:Roulette"],"picked":"hermit:TakeCover","floor":8},{"not_picked":["NakedNest","MeatLantern","WallGazer"],"picked":"Singing Bowl","floor":10},{"not_picked":["hermit:LowProfile","hermit:Headshot"],"picked":"hermit:Misfire","floor":10},{"not_picked":["UniverseFragment","RedShoes","WallGazer"],"picked":"Singing Bowl","floor":11},{"not_picked":["BeautyBeast","ShyLook"],"picked":"QueenOfHatred","floor":11},{"not_picked":["hermit:Misfire","hermit:Enervate"],"picked":"hermit:HoleUp","floor":11},{"not_picked":["Porccubus","FairyFestival"],"picked":"LongBird","floor":13},{"not_picked":["hermit:Snipe","hermit:Scavenge"],"picked":"hermit:SprayPray","floor":13},{"not_picked":["ShyLook","VoidDream","GalaxyChild"],"picked":"Singing Bowl","floor":14},{"not_picked":["hermit:BigShot","hermit:Dive"],"picked":"hermit:Grudge","floor":14},{"not_picked":["BeautyBeast","MeatLantern"],"picked":"OSAHOGD","floor":16},{"not_picked":["hermit:Purgatory","hermit:Roughhouse"],"picked":"hermit:Dissolve","floor":16},{"not_picked":["HeroicMonk","LittlePrince"],"picked":"BigBird","floor":18},{"not_picked":["hermit:HighCaliber","hermit:Misfire"],"picked":"hermit:Quickdraw","floor":18}],"player_experience":454072,"relics_obtained":[{"floor":1.0,"key":"LetterFromLob"},{"floor":7,"key":"Shuriken"},{"floor":9,"key":"DemoMod:Relodestone"},{"floor":11,"key":"Odd Mushroom"},{"floor":14,"key":"Onion Ring"}],"event_choices":[{"damage_healed":0,"gold_gain":0,"player_choice":"Fought Mushrooms","damage_taken":0,"max_hp_gain":0,"max_hp_loss":0,"event_name":"Mushrooms","floor":11,"gold_loss":0}],"is_beta":false,"boss_relics":[{"not_picked":["Abe\u0027s Treasure","Runic Pyramid"],"picked":"SlaversCollar"}],"items_purged_floors":[],"is_endless":false,"potions_floor_spawned":[1,2,4,16],"killed_by":"Chosen","ascension_level":0}}