{"host":"eaiphzh066bwqdh7","time":1611529039,"event":{"mods":["BaseMod","Hubris","Minty Spire (QoL Compilation)","Replay The Spire","StSLib"],"gold_per_floor":[114,114,114,131,143,143,172,172,172,207,220,220,250,325,325,425,425,440,460,490,490,500,500,29,29,29,29,39,39,69,80,80,180,180,221,221,275,291,191,191,191,191,191,191,226,0,0,0,0],"floor_reached":50,"language":"ENG","playtime":2128,"items_purged":["WreathOfFlame","ClearTheMind"],"score":574,"play_id":"095c4908-5581-4ccf-98c1-a89ef125885a","local_time":"20210124175719","is_ascension_mode":true,"campfire_choices":[{"data":"Scrawl","floor":6,"key":"SMITH"},{"floor":8,"key":"REST"},{"floor":12,"key":"REST"},{"floor":15,"key":"REST"},{"floor":23,"key":"REST"},{"floor":25,"key":"REST"},{"data":"Devotion","floor":27,"key":"SMITH"},{"data":"Scrawl","floor":32,"key":"SMITH"},{"floor":40,"key":"REST"},{"floor":42,"key":"REST"},{"floor":46,"key":"REST"},{"floor":49,"key":"REST"}],"circlet_count":0,"master_deck":["Eruption","Vigilance","PathToVictory","Scrawl+1","WheelKick","PathToVictory","Devotion+1","CutThroughFate","EmptyBody","EmptyMind","Scrawl+1","ReachHeaven","WheelKick+1","PathToVictory","PathToVictory","Swivel","Wish"],"relics":["PureWater","NeowsBlessing","ReplayTheSpireMod:Ring of Challenge","Ring of Misfortune","ReplayTheSpireMod:Lightbulb","hubris:PeanutButter","Whetstone","White Beast Statue","Pandora\u0027s Box","Red Mask","Snack Pack","Anchor","Bottled Lightning","hubris:Towel","Replay:PocketPolymizer","Black Star","hubris:Teleporter","ReplayTheSpireMod:Shallot","Blood Vial"],"acts_visited":["Exordium","TheCity","TheBeyond"],"potions_floor_usage":[7,13,20,28,33,33,33,37,47,47,47,50,50],"damage_taken":[{"damage":0,"enemies":"Small Slimes","floor":1,"turns":2},{"damage":0,"enemies":"2 Louse","floor":4,"turns":1},{"damage":0,"enemies":"Jaw Worm","floor":5,"turns":1},{"damage":44,"enemies":"Lagavulin","floor":7,"turns":8},{"damage":15,"enemies":"3 Sentries","floor":10,"turns":6},{"damage":0,"enemies":"Large Slime","floor":11,"turns":3},{"damage":4,"enemies":"Gremlin Nob","floor":13,"turns":3},{"damage":11,"enemies":"The Guardian","floor":16,"turns":7},{"damage":4,"enemies":"Shell Parasite","floor":18,"turns":3},{"damage":0,"enemies":"Chosen","floor":19,"turns":4},{"damage":20,"enemies":"Masked Bandits","floor":20,"turns":5},{"damage":22,"enemies":"Centurion and Healer","floor":22,"turns":5},{"damage":0,"enemies":"Snake Plant","floor":28,"turns":2},{"damage":0,"enemies":"Book of Stabbing","floor":30,"turns":3},{"damage":0,"enemies":"Snecko","floor":31,"turns":3},{"damage":11,"enemies":"hubris:MusketHawk","floor":33,"turns":3},{"damage":3,"enemies":"3 Shapes","floor":35,"turns":6},{"damage":53,"enemies":"2 Orb Walkers","floor":37,"turns":6},{"damage":10,"enemies":"Orb Walker","floor":38,"turns":3},{"damage":43,"enemies":"3 Darklings","floor":47,"turns":7},{"damage":45,"enemies":"Donu and Deca","floor":50,"turns":5}],"seed_played":"-4491700260873048096","potions_obtained":[{"floor":5,"key":"SteroidPotion"},{"floor":11,"key":"AttackPotion"},{"floor":13,"key":"BottledMiracle"},{"floor":16,"key":"Block Potion"},{"floor":18,"key":"Weak Potion"},{"floor":19,"key":"Swift Potion"},{"floor":20,"key":"Languid Potion"},{"floor":28,"key":"Fire Potion"},{"floor":30,"key":"AttackPotion"},{"floor":33,"key":"Energy Potion"},{"floor":35,"key":"Flashbang"},{"floor":37,"key":"Adrenaline Potion"},{"floor":38,"key":"Fire Potion"},{"floor":45,"key":"Flashbang"},{"floor":47,"key":"Swift Potion"}],"is_trial":false,"path_per_floor":["M","?","?","M","M","R","E","R","T","E","M","R","E","?","R","B",null,"M","M","?","?","M","R","$","R","T","R","M","?","E","M","R","B",null,"M","?","?","M","$","R","R","T","?","R","M","$","R","B"],"character_chosen":"WATCHER","items_purchased":["Snack Pack","Anchor","Blood Vial","DistilledChaos"],"campfire_rested":9,"item_purchase_floors":[24,24,48,48],"current_hp_per_floor":[72,72,65,65,65,65,21,42,42,27,27,48,44,33,54,43,72,68,68,48,48,26,47,47,68,68,68,68,68,68,68,68,59,72,69,68,15,5,5,25,45,45,45,65,22,22,42,0,0],"gold":0,"neow_bonus":"THREE_ENEMY_KILL","is_daily":false,"chose_seed":false,"campfire_upgraded":3,"win_rate":0.0,"timestamp":1611529039,"path_taken":["M","?","?","M","M","R","E","R","T","E","M","R","E","?","R","BOSS","M","M","?","?","M","R","$","R","T","R","M","?","E","M","R","BOSS","M","?","?","M","$","R","R","T","?","R","M","$","R","BOSS"],"items_purchased_type":["Relic","Relic","Relic","Potion"],"build_version":"2020-12-22","purchased_purges":2,"victory":false,"max_hp_per_floor":[72,72,72,72,72,72,72,72,72,72,72,72,72,72,72,72,72,72,72,72,72,72,72,72,72,72,72,72,72,72,72,72,72,72,72,68,68,68,68,68,68,68,68,68,68,68,68,68,68],"card_choices":[{"not_picked":["WreathOfFlame","Replay:BluntJabs"],"picked":"PathToVictory","floor":1},{"not_picked":["Consecrate","EmptyFist"],"picked":"Scrawl","floor":4},{"not_picked":["EmptyFist","Replay:AtTheReady","SashWhip"],"picked":"SKIP","floor":5},{"not_picked":["Replay:Cycle","Replay:ManipulateFuture"],"picked":"WheelKick","floor":7},{"not_picked":["Crescendo","DeceiveReality","InnerPeace"],"picked":"SKIP","floor":10},{"not_picked":["Wallop","Replay:AtTheReady","Replay:DivineShield"],"picked":"SKIP","floor":11},{"not_picked":["SandsOfTime","Halt"],"picked":"PathToVictory","floor":13},{"not_picked":["Omniscience","Establishment"],"picked":"Devotion","floor":16},{"not_picked":["FearNoEvil","Crescendo","CutThroughFate"],"picked":"SKIP","floor":18},{"not_picked":["CutThroughFate+1","FollowUp+1","Perseverance+1"],"picked":"SKIP","floor":19},{"not_picked":["FlurryOfBlows","Replay:ManipulateFuture+1"],"picked":"WheelKick+1","floor":20},{"not_picked":["CrushJoints","Consecrate"],"picked":"PathToVictory","floor":22},{"not_picked":["Adaptation","Replay:Vibes+1","Prostrate"],"picked":"SKIP","floor":28},{"not_picked":["Indignation","Replay:BluntJabs","Devotion"],"picked":"SKIP","floor":30},{"not_picked":["Replay:ManipulateFuture","Perseverance"],"picked":"PathToVictory","floor":31},{"not_picked":["Omniscience","LessonLearned"],"picked":"Wish","floor":33},{"not_picked":["CutThroughFate+1","Consecrate","Vengeance"],"picked":"SKIP","floor":35},{"not_picked":["CrushJoints","ThirdEye","EmptyFist+1"],"picked":"SKIP","floor":38},{"not_picked":["TalkToTheHand+1","Replay:DivineShield+1","Fasting2+1"],"picked":"SKIP","floor":47}],"player_experience":190759,"relics_obtained":[{"floor":2,"key":"ReplayTheSpireMod:Ring of Challenge"},{"floor":2,"key":"Ring of Misfortune"},{"floor":7,"key":"ReplayTheSpireMod:Lightbulb"},{"floor":9,"key":"hubris:PeanutButter"},{"floor":10,"key":"Whetstone"},{"floor":13,"key":"White Beast Statue"},{"floor":20,"key":"Red Mask"},{"floor":26,"key":"Bottled Lightning"},{"floor":30,"key":"Replay:PocketPolymizer"},{"floor":37,"key":"hubris:Teleporter"},{"floor":43,"key":"ReplayTheSpireMod:Shallot"}],"event_choices":[{"cards_removed":["Delirium"],"damage_healed":0,"gold_gain":0,"player_choice":"Card Removal","damage_taken":7,"max_hp_gain":0,"max_hp_loss":0,"event_name":"Golden Wing","floor":3,"gold_loss":0},{"damage_healed":0,"gold_gain":75,"player_choice":"Gather Gold","damage_taken":11,"max_hp_gain":0,"max_hp_loss":0,"event_name":"World of Goop","floor":14,"gold_loss":0},{"damage_healed":0,"gold_gain":0,"player_choice":"Fought Bandits","damage_taken":0,"max_hp_gain":0,"max_hp_loss":0,"event_name":"Masked Bandits","floor":20,"gold_loss":0},{"damage_healed":0,"gold_gain":0,"player_choice":"Max HP","damage_taken":0,"max_hp_gain":0,"max_hp_loss":4,"event_name":"Winding Halls","floor":36,"gold_loss":0},{"damage_healed":0,"gold_gain":0,"player_choice":"Fight","damage_taken":0,"max_hp_gain":0,"max_hp_loss":0,"event_name":"Mysterious Sphere","floor":37,"gold_loss":0},{"damage_healed":0,"gold_gain":0,"player_choice":"Got Potions","damage_taken":0,"max_hp_gain":0,"max_hp_loss":0,"event_name":"Lab","floor":45,"gold_loss":0}],"is_beta":false,"boss_relics":[{"not_picked":["hubris:TerracottaHorce","Philosopher\u0027s Stone"],"picked":"Pandora\u0027s Box"},{"not_picked":["Busted Crown","Cursed Key"],"picked":"Black Star"}],"items_purged_floors":[24,39],"is_endless":false,"potions_floor_spawned":[5,11,13,16,18,19,20,22,28,30,31,33,35,37,38,47],"killed_by":"Donu and Deca","ascension_level":2}}