{"host":"delta","time":1611493486,"event":{"mods":["Act Like it!","BaseMod","Hallownest","Marisa£®ÏF”Í°°ƒß¿Ì…≥£©","Minty Spire (QoL Compilation)","StSLib","The Bug Knight","[GremlinLeader]The Maniac"],"gold_per_floor":[115,115,40,60,60,95,109,109,135,154,165,183,183,218,218,322,322,338,357,357,113,113,138,138,88,88,103,130,142,154,195,207,314,326,357,117,685,701,701,701,713,713,713,743,762,778,778,778,778,877,877,897,897,897,559,474,501,501,520,543,576,589,489,649,668,668,668],"floor_reached":68,"language":"ZHS","playtime":6946,"items_purged":["Strike_MRS","Strike_MRS","Hallownest:curseDreamersLament"],"score":1141,"play_id":"83977a9c-277a-4341-8a1f-0e57d71f6e8f","local_time":"20210124210446","is_ascension_mode":true,"campfire_choices":[{"data":"EnergyFlow","floor":8.0,"key":"SMITH"},{"data":"DragonMeteor","floor":15.0,"key":"SMITH"},{"data":"JA","floor":24.0,"key":"SMITH"},{"data":"MeteoricShower","floor":30.0,"key":"SMITH"},{"data":"CasketOfStar","floor":32.0,"key":"SMITH"},{"data":"FinalSpark","floor":40.0,"key":"SMITH"},{"data":"FinalSpark","floor":42.0,"key":"SMITH"},{"data":"AsteroidBelt","floor":49.0,"key":"SMITH"},{"data":"GalacticHalo","floor":58.0,"key":"SMITH"},{"data":"UpSweep","floor":66,"key":"SMITH"}],"circlet_count":0,"master_deck":["Defend_MRS+1","Defend_MRS+1","UpSweep+1","JA+1","DoubleSpark","EnergyFlow+1","CasketOfStar+1","Dramatic Entrance+1","AsteroidBelt+1","DragonMeteor+1","FinalSpark+1","GalacticHalo+1","MeteoricShower+1","MagicChant+1","RefractionSpark","SuperPerseids+1","FinalSpark+1","IllusionStar+1","Apotheosis+1","Acceleration+1","Singularity","OpenUniverse+1","MagicAbsorber+1","StarDustReverie+1","OpenUniverse+1","Hallownest:curseDreamersLament","Hallownest:skillKingdomsEdgeMap+1","Acceleration+1","Acceleration+1","MaximisePower+1"],"relics":["MiniHakkero","Blood Vial","Anchor","Singing Bowl","ExperimentalFamiliar","NeowsBlessing","Membership Card","Regal Pillow","Toxic Egg 2","MawBank","Bottled Tornado","Shuriken","Sundial","Orichalcum","Hallownest:WatcherSealRelic","Philosopher\u0027s Stone","Boot","Hallownest:BeastSealRelic","Turnip","Mercury Hourglass","Du-Vu Doll","Lantern","Lizard Tail","Hallownest:SoulVesselRelic","Hallownest:GodTamersBeastRelic"],"acts_visited":["Exordium","Hallownest:CityofTears","Hallownest:KingdomsEdge"],"potions_floor_usage":[64],"damage_taken":[{"damage":0.0,"enemies":"Small Slimes","floor":1.0,"turns":2.0},{"damage":0.0,"enemies":"2 Louse","floor":4.0,"turns":2.0},{"damage":26.0,"enemies":"Lagavulin","floor":6.0,"turns":7.0},{"damage":0.0,"enemies":"Cultist","floor":7.0,"turns":3.0},{"damage":0.0,"enemies":"Blue Slaver","floor":10.0,"turns":2.0},{"damage":0.0,"enemies":"Looter","floor":11.0,"turns":3.0},{"damage":0.0,"enemies":"3 Louse","floor":12.0,"turns":3.0},{"damage":10.0,"enemies":"3 Sentries","floor":14.0,"turns":5.0},{"damage":17.0,"enemies":"Hexaghost","floor":16.0,"turns":9.0},{"damage":0.0,"enemies":"2 Louse","floor":18.0,"turns":1.0},{"damage":0.0,"enemies":"Small Slimes","floor":19.0,"turns":1.0},{"damage":0.0,"enemies":"HollowMod:MossKnight","floor":23.0,"turns":1.0},{"damage":0.0,"enemies":"Cultist","floor":27.0,"turns":3.0},{"damage":10.0,"enemies":"3 Sentries","floor":31.0,"turns":4.0},{"damage":0.0,"enemies":"Slime Boss","floor":33.0,"turns":4.0},{"damage":0.0,"enemies":"Hallownest:Guard_and_Sentry","floor":35.0,"turns":2.0},{"damage":2.0,"enemies":"Hallownest:3_Youths","floor":38.0,"turns":3.0},{"damage":0.0,"enemies":"Hallownest:monsterMisterMushroom","floor":41.0,"turns":3.0},{"damage":0.0,"enemies":"Hallownest:Nosk","floor":44.0,"turns":4.0},{"damage":2.0,"enemies":"Hallownest:monsterShrumalOgre","floor":45.0,"turns":3.0},{"damage":0.0,"enemies":"Hallownest:2_Flukemon","floor":46.0,"turns":4.0},{"damage":46.0,"enemies":"Hallownest:BossGrimm","floor":50.0,"turns":4.0},{"damage":0.0,"enemies":"Hallownest:2_Littles","floor":52.0,"turns":2.0},{"damage":0.0,"enemies":"Hallownest:StalkingDevout","floor":57.0,"turns":3.0},{"damage":0.0,"enemies":"Hallownest:3_Siblings","floor":59.0,"turns":1.0},{"damage":0.0,"enemies":"Hallownest:eliteHiveKnight","floor":61.0,"turns":3.0},{"damage":15.0,"enemies":"Hallownest:2_Wing_and_1_Kings","floor":62.0,"turns":2.0},{"damage":1,"enemies":"Hallownest:2_Wing_and_1_Kings","floor":64,"turns":2},{"damage":10,"enemies":"Hallownest:2_Wing_and_1_Kings","floor":64,"turns":3},{"damage":0,"enemies":"Hallownest:2_Wing_and_1_Kings","floor":64,"turns":2},{"damage":0,"enemies":"Hallownest:2_Wing_and_1_Kings","floor":64,"turns":2},{"damage":0,"enemies":"Hallownest:monsterPrimalAspid","floor":65,"turns":1},{"damage":43,"enemies":"Hallownest:BossGreyPrinceZote","floor":67,"turns":4}],"seed_played":"3662680199364160464","potions_obtained":[{"floor":7.0,"key":"Explosive Potion"},{"floor":12.0,"key":"Swift Potion"},{"floor":14.0,"key":"GamblersBrew"},{"floor":23.0,"key":"SpeedPotion"},{"floor":41.0,"key":"DistilledChaos"},{"floor":52.0,"key":"Explosive Potion"},{"floor":57.0,"key":"DistilledChaos"}],"is_trial":false,"path_per_floor":["M","?","$","M","?","E","M","R","T","M","M","M","?","E","R","B",null,"M","M","?","$","?","E","R","?","T","M","T","?","R","E","R","B",null,"M","$","?","M","?","R","M","R","T","E","M","M","?","?","R","B",null,"M","T","?","$","?","E","R","M","T","E","M","?","?","M","R","B",null],"character_chosen":"MARISA","items_purchased":["Membership Card","MeteoricShower","Shuriken","Apotheosis+1","Acceleration+1","Turnip","Mercury Hourglass"],"campfire_rested":0,"item_purchase_floors":[21,21,36,36,36,55,55],"current_hp_per_floor":[75,60,60,60,60,34,36,36,36,38,40,42,42,36,36,21,77,79,79,84,84,77,81,81,81,81,83,83,83,83,75,75,77,86,86,86,86,84,84,84,88,88,88,88,86,90,90,90,90,44,90,90,90,90,90,90,92,92,92,92,92,79,79,76,78,78,37],"gold":668,"neow_bonus":"THREE_ENEMY_KILL","is_daily":false,"chose_seed":false,"campfire_upgraded":10,"win_rate":0.0,"timestamp":1611493486,"path_taken":["M","?","$","M","?","E","?","R","T","M","M","M","?","E","R","BOSS","M","M","?","$","?","E","R","?","T","M","?","?","R","E","R","BOSS","M","$","?","M","?","R","M","R","T","E","M","?","?","?","R","BOSS","M","?","?","$","?","E","R","M","T","E","?","?","?","M","R","BOSS"],"items_purchased_type":["Relic","Card","Relic","Card","Card","Relic","Relic"],"build_version":"2020-12-18","purchased_purges":3,"victory":true,"max_hp_per_floor":[75,75,75,75,75,75,75,75,75,75,75,75,75,77,77,77,77,79,79,84,84,84,86,86,86,86,86,86,86,86,86,86,86,86,86,86,86,86,86,86,88,88,88,88,88,90,90,90,90,90,90,90,90,90,90,90,92,92,92,92,92,94,94,94,94,94,94],"card_choices":[{"not_picked":["D6C","DeepEcoloBomb"],"picked":"DoubleSpark","floor":1.0},{"not_picked":["MilkyWay","MysteriousBeam"],"picked":"EnergyFlow","floor":4.0},{"not_picked":["AlicesGift","ShootingEcho"],"picked":"AsteroidBelt","floor":6.0},{"not_picked":["EnergyRecoil","GrandCross"],"picked":"DragonMeteor","floor":7.0},{"not_picked":["PulseMagic","WitchLeyline","NonDirectionalLaser"],"picked":"SKIP","floor":10.0},{"not_picked":["WitchLeyline","EnergyRecoil","GrandCross"],"picked":"SKIP","floor":11.0},{"not_picked":["DragonMeteor","AsteroidBelt","EnergyRecoil"],"picked":"SKIP","floor":12.0},{"not_picked":["CollectingQuirk","D6C","MachineGunSpark"],"picked":"Singing Bowl","floor":14.0},{"not_picked":["EscapeVelocity","CollectingQuirk"],"picked":"FinalSpark","floor":16.0},{"not_picked":["GrandCross","MilkyWay","AsteroidBelt"],"picked":"Singing Bowl","floor":18.0},{"not_picked":["PowerUp","WitchLeyline"],"picked":"GalacticHalo","floor":19.0},{"not_picked":["EnergyFlow","DeepEcoloBomb","WitchLeyline"],"picked":"Singing Bowl","floor":23.0},{"not_picked":["PowerUp+1","GravityBeat"],"picked":"MagicChant+1","floor":27.0},{"not_picked":["MilkyWay+1","StarlightTyphoon+1"],"picked":"SuperPerseids+1","floor":31.0},{"not_picked":["AbsoluteMagnitude","JA"],"picked":"FinalSpark","floor":33.0},{"not_picked":["GravityBeat","EnergyFlow+1"],"picked":"IllusionStar+1","floor":35.0},{"not_picked":["GravityBeat+1","UnstableBomb"],"picked":"Singularity","floor":38.0},{"not_picked":["WitchOfGreed+1","NonDirectionalLaser","DoubleSpark"],"picked":"Singing Bowl","floor":41.0},{"not_picked":["NonDirectionalLaser+1","BlazingStar"],"picked":"OpenUniverse+1","floor":44.0},{"not_picked":["PulseMagic+1","OneTimeOff+1"],"picked":"MagicAbsorber+1","floor":45.0},{"not_picked":["MachineGunSpark","GalacticHalo+1","Robbery"],"picked":"Singing Bowl","floor":46.0},{"not_picked":["JA","UltimateShortwave+1"],"picked":"StarDustReverie+1","floor":50.0},{"not_picked":["Orbital+1","GrandCross+1"],"picked":"OpenUniverse+1","floor":52.0},{"not_picked":["WitchLeyline","GrandCross","PowerUp+1"],"picked":"Singing Bowl","floor":57.0},{"not_picked":["SporeBomb+1","OrrerysSun"],"picked":"Acceleration+1","floor":59.0},{"not_picked":["RefractionSpark+1","Occultation+1"],"picked":"Acceleration+1","floor":61.0},{"not_picked":["Occultation+1","NonDirectionalLaser","GasGiant+1"],"picked":"Singing Bowl","floor":62},{"not_picked":["6A+1","NonDirectionalLaser+1"],"picked":"MaximisePower+1","floor":65}],"player_experience":324945,"relics_obtained":[{"floor":6.0,"key":"Blood Vial"},{"floor":9.0,"key":"Anchor"},{"floor":14.0,"key":"Singing Bowl"},{"floor":23.0,"key":"Regal Pillow"},{"floor":26.0,"key":"Toxic Egg 2"},{"floor":28.0,"key":"MawBank"},{"floor":31.0,"key":"Bottled Tornado"},{"floor":43.0,"key":"Sundial"},{"floor":44.0,"key":"Orichalcum"},{"floor":53.0,"key":"Boot"},{"floor":57.0,"key":"Du-Vu Doll"},{"floor":60.0,"key":"Lantern"},{"floor":61.0,"key":"Lizard Tail"}],"event_choices":[{"damage_healed":0.0,"max_hp_gain":0.0,"max_hp_loss":0.0,"gold_gain":0.0,"event_name":"Shining Light","player_choice":"Entered Light","floor":2.0,"gold_loss":0.0,"damage_taken":15.0,"cards_upgraded":["Defend_MRS","Defend_MRS"]},{"damage_healed":0.0,"max_hp_gain":0.0,"max_hp_loss":0.0,"gold_gain":0.0,"event_name":"Match and Keep!","player_choice":"2 cards matched","floor":5.0,"gold_loss":0.0,"damage_taken":0.0,"cards_obtained":["CasketOfStar","Dramatic Entrance"]},{"damage_healed":0.0,"max_hp_gain":0.0,"max_hp_loss":0.0,"gold_gain":0.0,"event_name":"Golden Idol","player_choice":"Ignored","floor":13.0,"gold_loss":0.0,"damage_taken":0.0},{"damage_healed":0.0,"max_hp_gain":5.0,"max_hp_loss":0.0,"gold_gain":0.0,"event_name":"Big Fish","player_choice":"Donut","floor":20.0,"gold_loss":0.0,"damage_taken":0.0},{"cards_removed":["Strike_MRS"],"damage_healed":0.0,"max_hp_gain":0.0,"max_hp_loss":0.0,"gold_gain":0.0,"event_name":"Golden Wing","player_choice":"Card Removal","floor":22.0,"gold_loss":0.0,"damage_taken":7.0},{"cards_removed":["Defend_MRS"],"damage_healed":0.0,"max_hp_gain":0.0,"max_hp_loss":0.0,"gold_gain":0.0,"event_name":"The Cleric","player_choice":"Card Removal","floor":25.0,"gold_loss":50.0,"damage_taken":0.0},{"damage_healed":0.0,"max_hp_gain":0.0,"max_hp_loss":0.0,"gold_gain":0.0,"cards_transformed":["Strike_MRS"],"event_name":"Living Wall","player_choice":"Change","floor":29.0,"gold_loss":0.0,"damage_taken":0.0,"cards_obtained":["RefractionSpark"]}],"is_beta":true,"boss_relics":[{"not_picked":["Cursed Key","Lizard Tail"],"picked":"ExperimentalFamiliar"},{"not_picked":["Velvet Choker","Runic Dome"],"picked":"Empty Cage"},{"not_picked":["RampagingMagicTools","Cursed Key"],"picked":"Philosopher\u0027s Stone"}],"items_purged_floors":[3,21,55],"is_endless":false,"potions_floor_spawned":[7,12,14,23,41,46,52,57,59,64,64],"ascension_level":1}}