{"host":"iqi2f1z1yw5mc6j3","time":1611479101,"event":{"mods":["BaseMod","Colored Powertips","Minty Spire (QoL Compilation)"],"gold_per_floor":[118,118,138,152,168,198,212,54,54,54,69,69,99,110,110,205,255,272,298,28,28,39,39,56,56,56,56,73,73,101,101,101,101,101],"floor_reached":33,"language":"ENG","playtime":2863,"items_purged":["Defend_R","Strike_R"],"score":302,"play_id":"1f91e087-3291-4235-b353-57414bad3b12","local_time":"20210124040501","is_ascension_mode":false,"campfire_choices":[{"data":"Armaments","floor":10,"key":"SMITH"},{"data":"Armaments","floor":12,"key":"SMITH"},{"floor":15,"key":"REST"},{"floor":23,"key":"REST"},{"data":"Discovery","floor":25,"key":"SMITH"},{"data":"Flex","floor":27,"key":"SMITH"},{"floor":29,"key":"REST"},{"floor":32,"key":"REST"}],"circlet_count":0,"master_deck":["Strike_R","Strike_R","Strike_R","Strike_R","Defend_R","Defend_R","Defend_R","Bash","Body Slam","Flex+1","Clothesline","Armaments+1","Anger","Armaments+1","Discovery+1","Shrug It Off","Pommel Strike","Corruption","Iron Wave","Metallicize","Headbutt","Anger","Inflame","Flex+1","Flame Barrier","Dual Wield","Necronomicurse"],"relics":["Burning Blood","Strawberry","Darkstone Periapt","Nunchaku","Pantograph","Shuriken","Tiny House","Happy Flower","Paper Frog","Lantern","Necronomicon"],"acts_visited":["Exordium","TheCity"],"potions_floor_usage":[6,6,7,13,16,18,24,30,33],"damage_taken":[{"damage":6,"enemies":"Jaw Worm","floor":1,"turns":3},{"damage":6,"enemies":"Cultist","floor":3,"turns":3},{"damage":3,"enemies":"Small Slimes","floor":4,"turns":3},{"damage":9,"enemies":"Looter","floor":5,"turns":3},{"damage":7,"enemies":"Gremlin Nob","floor":6,"turns":4},{"damage":12,"enemies":"2 Fungi Beasts","floor":7,"turns":4},{"damage":0,"enemies":"Blue Slaver","floor":11,"turns":4},{"damage":25,"enemies":"3 Sentries","floor":13,"turns":7},{"damage":9,"enemies":"Exordium Thugs","floor":14,"turns":5},{"damage":23,"enemies":"Slime Boss","floor":16,"turns":10},{"damage":9,"enemies":"Shell Parasite","floor":18,"turns":5},{"damage":28,"enemies":"3 Byrds","floor":22,"turns":6},{"damage":17,"enemies":"Centurion and Healer","floor":24,"turns":8},{"damage":28,"enemies":"Snake Plant","floor":28,"turns":4},{"damage":34,"enemies":"Slavers","floor":30,"turns":8},{"damage":87,"enemies":"Collector","floor":33,"turns":8}],"seed_played":"5593084955667807041","potions_obtained":[{"floor":3,"key":"LiquidMemories"},{"floor":4,"key":"EssenceOfSteel"},{"floor":6,"key":"ColorlessPotion"},{"floor":11,"key":"SteroidPotion"},{"floor":13,"key":"Energy Potion"},{"floor":17,"key":"Fruit Juice"},{"floor":24,"key":"SpeedPotion"},{"floor":30,"key":"EssenceOfSteel"}],"is_trial":false,"path_per_floor":["M","?","M","M","M","E","M","$","T","R","M","R","E","M","R","B",null,"M","T","$","?","M","R","M","R","T","R","M","R","E","?","R","B"],"character_chosen":"IRONCLAD","items_purchased":["Discovery","Headbutt","Anger","EssenceOfSteel"],"campfire_rested":4,"item_purchase_floors":[8,20,20,20],"current_hp_per_floor":[87,87,87,87,84,83,77,77,77,77,83,83,64,61,87,70,92,94,94,94,94,72,97,86,86,86,86,64,93,65,55,85,16,16],"gold":101,"neow_bonus":"RANDOM_COMMON_RELIC","is_daily":false,"chose_seed":false,"campfire_upgraded":4,"win_rate":0.0,"timestamp":1611479101,"path_taken":["M","?","M","?","?","E","M","?","T","R","M","R","E","?","R","BOSS","M","?","$","?","M","R","M","R","T","R","M","R","E","?","R","BOSS"],"items_purchased_type":["Card","Card","Card","Potion"],"build_version":"2020-12-22","purchased_purges":2,"victory":false,"max_hp_per_floor":[87,87,87,87,87,87,87,87,87,87,87,87,87,87,87,87,92,97,97,97,97,97,97,97,97,97,97,97,97,97,103,103,103,103],"card_choices":[{"not_picked":["Flex","Sword Boomerang"],"picked":"Body Slam","floor":1},{"not_picked":["Thunderclap","Wild Strike"],"picked":"Flex","floor":3},{"not_picked":["Pommel Strike","Warcry"],"picked":"Clothesline","floor":4},{"not_picked":["Bloodletting","Blood for Blood"],"picked":"Armaments","floor":5},{"not_picked":["Feed","Body Slam"],"picked":"Anger","floor":6},{"not_picked":["Clothesline","Shockwave"],"picked":"Armaments","floor":7},{"not_picked":["Offering","Anger","Intimidate"],"picked":"SKIP","floor":11},{"not_picked":["Clothesline","Heavy Blade"],"picked":"Shrug It Off","floor":13},{"not_picked":["Wild Strike","Warcry"],"picked":"Pommel Strike","floor":14},{"not_picked":["Limit Break","Berserk"],"picked":"Corruption","floor":16},{"not_picked":["Headbutt","Battle Trance"],"picked":"Iron Wave","floor":17},{"not_picked":["Flex","Twin Strike"],"picked":"Metallicize","floor":18},{"not_picked":["Sword Boomerang","Shrug It Off"],"picked":"Inflame","floor":22},{"not_picked":["Perfected Strike","Feed"],"picked":"Flex","floor":24},{"not_picked":["Flex+1","Ghostly Armor"],"picked":"Flame Barrier","floor":28},{"not_picked":["Wild Strike+1","Metallicize"],"picked":"Dual Wield","floor":30}],"player_experience":36938,"relics_obtained":[{"floor":2,"key":"Darkstone Periapt"},{"floor":6,"key":"Nunchaku"},{"floor":9,"key":"Pantograph"},{"floor":13,"key":"Shuriken"},{"floor":19,"key":"Happy Flower"},{"floor":26,"key":"Paper Frog"},{"floor":30,"key":"Lantern"},{"floor":31,"key":"Necronomicon"}],"event_choices":[{"damage_healed":0,"gold_gain":0,"player_choice":"Relic","damage_taken":0,"max_hp_gain":0,"max_hp_loss":0,"event_name":"Wheel of Change","floor":2,"gold_loss":0},{"damage_healed":0,"gold_gain":0,"player_choice":"Ignored","damage_taken":0,"max_hp_gain":0,"max_hp_loss":0,"event_name":"Ghosts","floor":21,"gold_loss":0},{"damage_healed":0,"gold_gain":0,"player_choice":"Obtained Book","damage_taken":16,"max_hp_gain":0,"max_hp_loss":0,"event_name":"Cursed Tome","floor":31,"gold_loss":0}],"is_beta":false,"boss_relics":[{"not_picked":["Philosopher\u0027s Stone","Black Star"],"picked":"Tiny House"}],"items_purged_floors":[8,20],"is_endless":false,"potions_floor_spawned":[3,4,6,11,13,24,30],"killed_by":"Collector","ascension_level":0}}