{"host":"4pckc3u5mqcilakq","time":1611513859,"event":{"mods":["AchievementEnabler","BaseMod","Colored Map","Colored Powertips","Highlight Path","Minty Spire (QoL Compilation)"],"gold_per_floor":[110,127,75,75,75,75,0,0,0,14,14,41,56,87,87,190,190,203,203,217,230,61,94,112,112,165,199,199,199,231,231,231,336,336,352,365,416,427,437,463,463,495,495,595,621,692,692,42,42,42,42,42,42,86,86,86],"floor_reached":55,"language":"ENG","playtime":5620,"items_purged":["Strike_G","Strike_G","Defend_G"],"score":1118,"play_id":"7235c5b5-1935-4c73-858f-ebb996f27319","local_time":"20210124214419","is_ascension_mode":true,"campfire_choices":[{"data":"Poisoned Stab","floor":6,"key":"SMITH"},{"data":"Neutralize","floor":8,"key":"SMITH"},{"data":"Catalyst","floor":11,"key":"SMITH"},{"data":"Poisoned Stab","floor":15,"key":"SMITH"},{"floor":25,"key":"REST"},{"data":"Footwork","floor":32,"key":"SMITH"},{"floor":41,"key":"REST"},{"floor":47,"key":"RECALL"},{"data":"Deadly Poison","floor":49,"key":"SMITH"},{"data":"Blur","floor":52,"key":"SMITH"}],"circlet_count":0,"master_deck":["Defend_G+1","Survivor","Neutralize+1","Catalyst+1","Dodge and Roll","Poisoned Stab+1","Deadly Poison+1","Corpse Explosion","Bullet Time","Footwork+1","Blur+1","Leg Sweep","Doppelganger","Outmaneuver","Backflip","Malaise","Leg Sweep+1","Prepared+1","Dodge and Roll+1","Deadly Poison+1","Blur+1"],"relics":["Runic Pyramid","Mummified Hand","Pear","Pocketwatch","War Paint","Black Star","Juzu Bracelet","Regal Pillow","Toy Ornithopter","Meat on the Bone","Gremlin Horn","Tiny Chest","Bottled Lightning","Empty Cage","Turnip","Boot","Bronze Scales","CeramicFish","Prayer Wheel","HornCleat","StoneCalendar","Lee\u0027s Waffle","Incense Burner","Bag of Marbles"],"acts_visited":["Exordium","TheCity","TheBeyond","TheEnding"],"potions_floor_usage":[23,23,27,30,37,39,40,50,50,55],"damage_taken":[{"damage":1,"enemies":"Small Slimes","floor":1,"turns":4},{"damage":4,"enemies":"Jaw Worm","floor":2,"turns":4},{"damage":0,"enemies":"2 Louse","floor":10,"turns":3},{"damage":0,"enemies":"Lagavulin","floor":12,"turns":5},{"damage":3,"enemies":"2 Fungi Beasts","floor":13,"turns":3},{"damage":3,"enemies":"Gremlin Nob","floor":14,"turns":3},{"damage":17,"enemies":"Hexaghost","floor":16,"turns":7},{"damage":6,"enemies":"Spheric Guardian","floor":18,"turns":4},{"damage":9,"enemies":"Shell Parasite","floor":20,"turns":3},{"damage":16,"enemies":"Centurion and Healer","floor":21,"turns":3},{"damage":16,"enemies":"Gremlin Leader","floor":23,"turns":6},{"damage":2,"enemies":"Chosen and Byrds","floor":24,"turns":5},{"damage":45,"enemies":"Slavers","floor":27,"turns":3},{"damage":0,"enemies":"Gremlin Leader","floor":30,"turns":6},{"damage":32,"enemies":"Collector","floor":33,"turns":9},{"damage":0,"enemies":"3 Darklings","floor":35,"turns":3},{"damage":47,"enemies":"3 Shapes","floor":36,"turns":5},{"damage":24,"enemies":"2 Orb Walkers","floor":37,"turns":4},{"damage":3,"enemies":"Spire Growth","floor":38,"turns":6},{"damage":0,"enemies":"Jaw Worm Horde","floor":39,"turns":3},{"damage":50,"enemies":"Reptomancer","floor":40,"turns":15},{"damage":0,"enemies":"Nemesis","floor":42,"turns":9},{"damage":0,"enemies":"Sphere and 2 Shapes","floor":45,"turns":5},{"damage":25,"enemies":"Time Eater","floor":50,"turns":12},{"damage":77,"enemies":"Shield and Spear","floor":54,"turns":6},{"damage":22,"enemies":"The Heart","floor":55,"turns":3}],"seed_played":"-255696697457384228","potions_obtained":[{"floor":12,"key":"Strength Potion"},{"floor":14,"key":"LiquidBronze"},{"floor":16,"key":"Fire Potion"},{"floor":21,"key":"Swift Potion"},{"floor":23,"key":"ColorlessPotion"},{"floor":24,"key":"SpeedPotion"},{"floor":33,"key":"SneckoOil"},{"floor":37,"key":"ColorlessPotion"},{"floor":40,"key":"Explosive Potion"},{"floor":45,"key":"PowerPotion"}],"is_trial":false,"path_per_floor":["M","M","$","?","?","R","$","R","T","M","R","E","M","E","R","B",null,"M","?","M","M","$","E","M","R","T","E","?","?","E","?","R","B",null,"M","M","?","M","M","E","R","E","T","?","M","T","R","$","R","B",null,"R","$","E","B"],"character_chosen":"THE_SILENT","items_purchased":["Poisoned Stab","Footwork","Deadly Poison","StoneCalendar","Lee\u0027s Waffle","Poison Potion"],"campfire_rested":2,"item_purchase_floors":[3,22,48,48,48,48],"current_hp_per_floor":[62,58,58,58,46,46,46,46,56,56,56,56,53,50,50,33,68,62,80,71,55,55,39,37,76,76,35,35,35,52,52,52,32,68,68,33,26,35,52,19,58,58,58,58,58,58,58,87,87,64,81,81,81,16,0,0],"gold":86,"neow_bonus":"BOSS_RELIC","is_daily":false,"chose_seed":false,"campfire_upgraded":7,"win_rate":0.0,"timestamp":1611513859,"path_taken":["M","M","$","?","?","R","?","R","T","M","R","E","?","E","R","BOSS","M","?","M","M","$","E","M","R","T","E","?","?","E","?","R","BOSS","M","M","?","M","M","E","R","E","T","?","M","?","R","$","R","BOSS","R","$","E","BOSS"],"items_purchased_type":["Card","Card","Card","Relic","Relic","Potion"],"build_version":"2020-12-22","purchased_purges":3,"victory":false,"max_hp_per_floor":[70,70,70,70,70,70,70,70,80,80,80,80,80,80,80,80,80,80,80,80,80,80,80,80,80,80,80,80,80,80,80,80,80,80,80,80,80,80,80,80,80,80,80,80,80,80,80,87,87,87,87,87,87,87,87,87],"card_choices":[{"not_picked":["PiercingWail","Flying Knee"],"picked":"Catalyst","floor":1},{"not_picked":["Concentrate","Bane"],"picked":"Dodge and Roll","floor":2},{"not_picked":["Dodge and Roll","Sucker Punch"],"picked":"Deadly Poison","floor":10},{"not_picked":["Masterful Stab","Flying Knee"],"picked":"Corpse Explosion","floor":12},{"not_picked":["Slice","Prepared","Flying Knee"],"picked":"SKIP","floor":13},{"not_picked":["Eviscerate","Caltrops"],"picked":"Poisoned Stab","floor":14},{"not_picked":["After Image","Burst"],"picked":"Bullet Time","floor":16},{"not_picked":["Masterful Stab","Concentrate","Dodge and Roll"],"picked":"SKIP","floor":18},{"not_picked":["Dagger Throw","Cloak And Dagger","Blade Dance"],"picked":"SKIP","floor":20},{"not_picked":["Outmaneuver","Glass Knife","Quick Slash"],"picked":"SKIP","floor":21},{"not_picked":["Dagger Throw","Underhanded Strike+1"],"picked":"Blur","floor":23},{"not_picked":["Backstab","Concentrate","PiercingWail"],"picked":"SKIP","floor":24},{"not_picked":["Calculated Gamble","Bane+1"],"picked":"Leg Sweep","floor":27},{"not_picked":["Backstab","Masterful Stab","After Image"],"picked":"SKIP","floor":30},{"not_picked":["Night Terror","Storm of Steel"],"picked":"Malaise","floor":33},{"not_picked":["Setup+1","PiercingWail","Quick Slash+1"],"picked":"SKIP","floor":35},{"not_picked":["Poisoned Stab+1","Choke+1","Dagger Spray+1"],"picked":"SKIP","floor":36},{"not_picked":["Poisoned Stab","Acrobatics+1","Flechettes+1"],"picked":"SKIP","floor":38},{"not_picked":["Finisher+1","Blade Dance+1"],"picked":"Leg Sweep+1","floor":39},{"not_picked":["Wraith Form v2","Tactician"],"picked":"Prepared+1","floor":40},{"not_picked":["Heel Hook","All Out Attack+1","Deflect"],"picked":"SKIP","floor":42},{"not_picked":["Outmaneuver","Bouncing Flask+1"],"picked":"Dodge and Roll+1","floor":45},{"not_picked":["Skewer+1","Dagger Spray","Underhanded Strike"],"picked":"SKIP","floor":45},{"not_picked":["Dagger Spray","Prepared+1"],"picked":"Blur+1","floor":54}],"player_experience":182382,"relics_obtained":[{"floor":9,"key":"Pear"},{"floor":12,"key":"Pocketwatch"},{"floor":14,"key":"War Paint"},{"floor":23,"key":"Juzu Bracelet"},{"floor":23,"key":"Regal Pillow"},{"floor":26,"key":"Toy Ornithopter"},{"floor":27,"key":"Meat on the Bone"},{"floor":27,"key":"Gremlin Horn"},{"floor":30,"key":"Tiny Chest"},{"floor":30,"key":"Bottled Lightning"},{"floor":37,"key":"Turnip"},{"floor":40,"key":"Boot"},{"floor":40,"key":"Bronze Scales"},{"floor":42,"key":"CeramicFish"},{"floor":42,"key":"Prayer Wheel"},{"floor":46,"key":"HornCleat"},{"floor":54,"key":"Incense Burner"},{"floor":54,"key":"Bag of Marbles"}],"event_choices":[{"cards_removed":["Defend_G"],"damage_healed":0,"gold_gain":0,"player_choice":"Forget","damage_taken":0,"max_hp_gain":0,"max_hp_loss":0,"event_name":"Living Wall","floor":4,"gold_loss":0},{"damage_healed":0,"gold_gain":0,"player_choice":"Success","damage_taken":12,"relics_obtained":["Mummified Hand"],"max_hp_gain":0,"max_hp_loss":0,"event_name":"Scrap Ooze","floor":5,"gold_loss":0},{"damage_healed":26,"gold_gain":0,"player_choice":"Heal","damage_taken":0,"max_hp_gain":0,"max_hp_loss":0,"event_name":"The Library","floor":19,"gold_loss":0},{"damage_healed":0,"gold_gain":0,"cards_transformed":["Strike_G"],"player_choice":"Transformed","damage_taken":0,"max_hp_gain":0,"max_hp_loss":0,"event_name":"Transmorgrifier","floor":28,"gold_loss":0,"cards_obtained":["Doppelganger"]},{"cards_removed":["Strike_G"],"damage_healed":0,"gold_gain":0,"player_choice":"Elegance","damage_taken":0,"max_hp_gain":0,"max_hp_loss":0,"event_name":"Back to Basics","floor":29,"gold_loss":0},{"damage_healed":0,"gold_gain":0,"cards_transformed":["Defend_G","Strike_G"],"player_choice":"Became Test Subject","damage_taken":0,"max_hp_gain":0,"max_hp_loss":0,"event_name":"Drug Dealer","floor":31,"gold_loss":0,"cards_obtained":["Outmaneuver","Backflip"]},{"damage_healed":0,"gold_gain":0,"player_choice":"Fight","damage_taken":0,"max_hp_gain":0,"max_hp_loss":0,"event_name":"Mysterious Sphere","floor":37,"gold_loss":0},{"damage_healed":0,"gold_gain":100,"player_choice":"Pray","damage_taken":0,"max_hp_gain":0,"max_hp_loss":0,"event_name":"Golden Shrine","floor":44,"gold_loss":0}],"is_beta":false,"boss_relics":[{"not_picked":["Snecko Eye","SlaversCollar"],"picked":"Black Star"},{"not_picked":["WristBlade","Calling Bell"],"picked":"Empty Cage"}],"items_purged_floors":[7,22,48],"is_endless":false,"potions_floor_spawned":[12,14,16,21,23,24,33,37,40,45],"killed_by":"The Heart","ascension_level":6}}