{"host":"wjw2tk2y2rycscg9","time":1611530581,"event":{"mods":["2.2 Compatiblity","Act Like it!","Aspiration","BaseMod","Colored Map","Dota2Spire","Downfall","Hallownest","Hubris","Infinite Spire","Minty Spire (QoL Compilation)","Relic Stats","StSLib","The Alterego","Unceasing Turn Reminder"],"gold_per_floor":[117,128,128,128,142,67,97,114,138,150,165,165,191,207,207,312,312,237,253,262,262,262],"floor_reached":21,"language":"ENG","playtime":951,"items_purged":["alterego_mod:Maid"],"score":185,"play_id":"80294559-6aca-4b2a-bec9-920366d01a72","local_time":"20210124162301","is_ascension_mode":false,"campfire_choices":[{"floor":15,"key":"REST"}],"circlet_count":0,"master_deck":["alterego_mod:Strike","alterego_mod:Strike","alterego_mod:Strike","alterego_mod:Strike","alterego_mod:Defend","alterego_mod:Defend","alterego_mod:Defend","alterego_mod:Defend","alterego_mod:Impale","alterego_mod:BigMeatyClaws","alterego_mod:BrynhildrsRune","alterego_mod:Punishment","alterego_mod:Rip","alterego_mod:Maid","alterego_mod:Nekomimi","alterego_mod:Birthday","alterego_mod:Mirror","alterego_mod:Smother","alterego_mod:Weigh","hubris:DuctTapeCard"],"relics":["alterego_mod:MasochisticConstitution","hubris:Zylophone","CeramicFish","aspiration:IroncladSkillbook","hubris:DuctTape","aspiration:PoetsPen_weak"],"acts_visited":["Exordium","TheCity"],"potions_floor_usage":[7,7,10,18],"damage_taken":[{"damage":6,"enemies":"2 Louse","floor":1,"turns":4},{"damage":7,"enemies":"Cultist","floor":2,"turns":3},{"damage":10,"enemies":"Small Slimes","floor":5,"turns":3},{"damage":39,"enemies":"Gremlin Nob","floor":7,"turns":4},{"damage":21,"enemies":"2 Fungi Beasts","floor":8,"turns":5},{"damage":18,"enemies":"Gremlin Gang","floor":10,"turns":9},{"damage":3,"enemies":"Exordium Wildlife","floor":11,"turns":3},{"damage":27,"enemies":"Exordium Thugs","floor":13,"turns":4},{"damage":17,"enemies":"2 Fungi Beasts","floor":14,"turns":4},{"damage":49,"enemies":"Slime Boss","floor":16,"turns":11},{"damage":51,"enemies":"2 Thieves","floor":18,"turns":5},{"damage":27,"enemies":"Chosen","floor":19,"turns":6},{"damage":28,"enemies":"Snake Plant","floor":21,"turns":4}],"seed_played":"-6330234951666419077","potions_obtained":[{"floor":1,"key":"SkillPotion"},{"floor":2,"key":"Swift Potion"},{"floor":8,"key":"Slimebound:ThreeZeroPotion"},{"floor":16,"key":"bronze:BurnAndBuffPotion"}],"is_trial":true,"path_per_floor":["M","M","?","?","M","$","E","M","T","M","M","?","M","M","R","B",null,"M","M","AVR","M"],"character_chosen":"The_Alterego","items_purchased":[],"campfire_rested":1,"item_purchase_floors":[],"current_hp_per_floor":[71,65,65,65,65,65,29,25,25,37,37,45,28,21,44,19,80,36,23,23,0,0],"gold":262,"neow_bonus":"","is_daily":false,"chose_seed":false,"campfire_upgraded":0,"win_rate":0.0,"timestamp":1611530581,"path_taken":["M","M","?","?","?","?","E","M","T","M","M","?","M","M","R","BOSS","M","M","AVR","M"],"items_purchased_type":[],"build_version":"2020-12-22","purchased_purges":1,"victory":false,"max_hp_per_floor":[71,72,72,72,73,73,74,75,75,76,77,77,78,79,79,80,80,81,82,82,82,82],"relic_stats":{"counters":[13,65],"CeramicFish":27,"obtain_stats":[{"hubris:Zylophone":7,"alterego_mod:MasochisticConstitution":0,"hubris:DuctTape":20,"CeramicFish":9,"aspiration:PoetsPen_weak":20,"aspiration:IroncladSkillbook":17},{"hubris:Zylophone":4,"alterego_mod:MasochisticConstitution":0,"hubris:DuctTape":12,"CeramicFish":5,"aspiration:PoetsPen_weak":12,"aspiration:IroncladSkillbook":10},{"hubris:Zylophone":14,"alterego_mod:MasochisticConstitution":0,"hubris:DuctTape":61,"CeramicFish":19,"aspiration:PoetsPen_weak":61,"aspiration:IroncladSkillbook":50}]},"card_choices":[{"not_picked":["alterego_mod:Cycle","alterego_mod:Maid"],"picked":"alterego_mod:Punishment","floor":1},{"not_picked":["alterego_mod:SuperDuperMasochism","alterego_mod:Stockings"],"picked":"alterego_mod:Rip","floor":2},{"not_picked":["alterego_mod:Swimsuit","alterego_mod:Maid"],"picked":"alterego_mod:Rip","floor":5},{"not_picked":["alterego_mod:HighServant","alterego_mod:Smother","alterego_mod:Maid"],"picked":"SKIP","floor":7},{"not_picked":["alterego_mod:RingBreak","alterego_mod:Clones"],"picked":"alterego_mod:Mirror","floor":8},{"not_picked":["alterego_mod:DiscoLights","alterego_mod:PurpleHair","alterego_mod:HighServant"],"picked":"SKIP","floor":10},{"not_picked":["alterego_mod:TrashNCrash","alterego_mod:Punishment","alterego_mod:Santa"],"picked":"SKIP","floor":11},{"not_picked":["alterego_mod:Bloomers","alterego_mod:Complex"],"picked":"alterego_mod:Smother","floor":13},{"not_picked":["alterego_mod:Bunnysuit","alterego_mod:Cycle","alterego_mod:TrashNCrash"],"picked":"SKIP","floor":14},{"not_picked":["alterego_mod:STier","alterego_mod:InsideBaseball"],"picked":"alterego_mod:Weigh","floor":16},{"not_picked":["Dropkick+1","alterego_mod:Exercise+1","alterego_mod:Support","alterego_mod:Skirt"],"picked":"SKIP","floor":19}],"player_experience":1050909,"relics_obtained":[{"floor":7,"key":"hubris:Zylophone"},{"floor":9,"key":"CeramicFish"}],"event_choices":[{"damage_healed":0,"gold_gain":0,"player_choice":"Ignored","damage_taken":0,"max_hp_gain":0,"max_hp_loss":0,"event_name":"NoteForYourself","floor":4,"gold_loss":0}],"is_beta":false,"boss_relics":[{"not_picked":["aspiration:RitualDagger","Philosopher\u0027s Stone"],"picked":"aspiration:IroncladSkillbook"}],"items_purged_floors":[6],"is_endless":false,"potions_floor_spawned":[1,2,8,16,18],"killed_by":"Snake Plant","ascension_level":0}}