{"host":"9bcwdp8h7kwcxx90","time":1611452119,"event":{"mods":["2.2 Compatiblity","BaseMod","Colored Map","Colored Powertips","Downfall","Infinite Spire","Minty Spire (QoL Compilation)","Permanent Neow","Quick Restart","Random Character Button","Relic Sorter","Relic Stats","Robot Space Explorer","Shop Mod","StSLib","The Marked","Unknown Chances"],"gold_per_floor":[99,111,129,149,149,149,149,149,21,32,32,32,57,69,81,184,184,84,102,118,118,129,139,220,79,164,264,264,264,264],"floor_reached":28,"language":"ENG","playtime":2947,"items_purged":["bronze:Strike","bronze:Strike","bronze:Strike"],"score":231,"play_id":"cb97d4e4-74ca-4213-bdaf-ac79eb259001","local_time":"20210123193519","is_ascension_mode":true,"campfire_choices":[{"floor":1,"key":"RECALL"},{"data":"Blind","floor":6,"key":"SMITH"},{"data":"bronze:MaxOutput","floor":12,"key":"SMITH"},{"data":"bronze:Format","floor":18,"key":"SMITH"}],"circlet_count":0,"master_deck":["bronze:Defend","bronze:Defend","bronze:Defend","bronze:Defend","bronze:Replicate","bronze:Goto","Blind+1","bronze:Boost","bronze:Flail","bronze:DelayedSlice","bronze:FineTuning","bronze:Fortify","bronze:MaxOutput+1","bronze:Frontload","bronze:FineTuning","bronze:Format+1","bronze:AlphaBuild","bronze:ItsAFeature+1","infinitespire:NeuralNetwork","bronze:BitShift","bronze:Iterate","bronze:Turbo","bronze:Allocate+1"],"relics":["bronze:BronzeCore","Bottled Flame","Strawberry","Coffee Dripper","downfall:HeartBlessingRed","Ginger","infinitespire:BottledMercury","Calipers","Toxic Egg 2"],"acts_visited":["Exordium","TheCity"],"potions_floor_usage":[13,16,16,20,27,28],"damage_taken":[{"damage":6,"enemies":"Jaw Worm","floor":2,"turns":4},{"damage":0,"enemies":"2 Louse","floor":3,"turns":4},{"damage":0,"enemies":"Cultist","floor":4,"turns":3},{"damage":0,"enemies":"downfall:FleeingMerchant","floor":9,"turns":4},{"damage":0,"enemies":"Blue Slaver","floor":10,"turns":2},{"damage":18,"enemies":"Gremlin Nob","floor":13,"turns":5},{"damage":0,"enemies":"Large Slime","floor":14,"turns":4},{"damage":0,"enemies":"3 Louse","floor":15,"turns":2},{"damage":21,"enemies":"WA_ARCHETYPE_RETAIN","floor":16,"turns":17},{"damage":0,"enemies":"Spheric Guardian","floor":19,"turns":4},{"damage":0,"enemies":"Shell Parasite","floor":20,"turns":4},{"damage":21,"enemies":"Snake Plant","floor":22,"turns":6},{"damage":11,"enemies":"Shelled Parasite and Fungi","floor":23,"turns":8},{"damage":0,"enemies":"downfall:FleeingMerchant","floor":25,"turns":4},{"damage":11,"enemies":"Colosseum Nobs","floor":27,"turns":6},{"damage":21,"enemies":"Book of Stabbing","floor":28,"turns":2}],"seed_played":"5569902387164346483","potions_obtained":[{"floor":4,"key":"EssenceOfSteel"},{"floor":13,"key":"bronze:FreeFunctionsPotion"},{"floor":15,"key":"Dexterity Potion"},{"floor":19,"key":"SpeedPotion"},{"floor":23,"key":"Ancient Potion"},{"floor":27,"key":"SkillPotion"}],"is_trial":false,"path_per_floor":["R","M","M","M","?","R","T","?","$","M","?","R","E","M","M","B",null,"R","M","M","AVR","M","M","T","$","?","?","E"],"character_chosen":"THE_AUTOMATON","items_purchased":["bronze:Fortify","bronze:Turbo"],"campfire_rested":0,"item_purchase_floors":[9,25],"current_hp_per_floor":[70,64,64,64,64,64,64,64,64,64,64,64,53,53,53,32,77,77,77,77,77,56,45,45,45,31,20,0,0,0],"gold":264,"neow_bonus":"RANDOM_COLORLESS","is_daily":false,"chose_seed":false,"campfire_upgraded":3,"win_rate":0.0,"timestamp":1611452119,"path_taken":["R","M","M","M","?","R","T","?","$","M","?","R","E","M","M","BOSS","R","M","M","AVR","M","?","T","$","?","?","E"],"items_purchased_type":["Card","Card"],"build_version":"2020-12-22","purchased_purges":3,"victory":false,"max_hp_per_floor":[70,70,70,70,70,70,70,70,70,70,70,70,77,77,77,77,77,77,77,77,77,77,77,77,77,77,77,77,77,77],"relic_stats":{"counters":[16,79],"Ginger":[6],"obtain_stats":[{"infinitespire:BottledMercury":24,"Bottled Flame":7,"bronze:BronzeCore":0,"Calipers":27,"downfall:HeartBlessingRed":18,"Strawberry":13,"Coffee Dripper":17,"Ginger":21,"Toxic Egg 2":27},{"infinitespire:BottledMercury":13,"Bottled Flame":3,"bronze:BronzeCore":0,"Calipers":15,"downfall:HeartBlessingRed":9,"Strawberry":6,"Coffee Dripper":9,"Ginger":11,"Toxic Egg 2":15},{"infinitespire:BottledMercury":67,"Bottled Flame":11,"bronze:BronzeCore":0,"Calipers":77,"downfall:HeartBlessingRed":45,"Strawberry":22,"Coffee Dripper":45,"Ginger":53,"Toxic Egg 2":77}]},"card_choices":[{"not_picked":["Impatience","PanicButton"],"picked":"Blind","floor":0},{"not_picked":["bronze:Separator","bronze:Invalidate"],"picked":"bronze:Boost","floor":2},{"not_picked":["bronze:BuggyMess","bronze:Branch"],"picked":"bronze:Flail","floor":3},{"not_picked":["bronze:InfiniteBeams","bronze:BugBarrage"],"picked":"bronze:DelayedSlice","floor":4},{"not_picked":["bronze:Frontload","bronze:RecursiveStrike"],"picked":"bronze:FineTuning","floor":9},{"not_picked":["bronze:BuggyMess","bronze:DelayedGuard"],"picked":"bronze:MaxOutput","floor":10},{"not_picked":["bronze:Philosophize","bronze:WildBeam"],"picked":"bronze:Frontload","floor":13},{"not_picked":["bronze:WhirlingStrike","bronze:Overload"],"picked":"bronze:FineTuning","floor":14},{"not_picked":["bronze:Philosophize","bronze:Invalidate"],"picked":"bronze:Format","floor":15},{"not_picked":["bronze:Break","bronze:Virus"],"picked":"bronze:AlphaBuild","floor":16},{"not_picked":["bronze:DarkDash","bronze:BugBarrage","bronze:InfiniteBeams"],"picked":"SKIP","floor":19},{"not_picked":["bronze:Overheat","bronze:OilSpill+1"],"picked":"bronze:ItsAFeature+1","floor":20},{"not_picked":["bronze:OilSpill+1","bronze:Separator"],"picked":"bronze:BitShift","floor":22},{"not_picked":["bronze:Refactor","bronze:WildBeam","bronze:Overload"],"picked":"SKIP","floor":23},{"not_picked":["bronze:Branch+1","bronze:CloningBeam"],"picked":"bronze:Iterate","floor":25},{"not_picked":["bronze:FindAndReplace+1","bronze:Shield+1"],"picked":"bronze:Allocate+1","floor":27}],"player_experience":269915,"relics_obtained":[{"floor":7,"key":"Bottled Flame"},{"floor":13,"key":"Strawberry"},{"floor":24,"key":"infinitespire:BottledMercury"},{"floor":27,"key":"Calipers"},{"floor":27,"key":"Toxic Egg 2"}],"event_choices":[{"cards_removed":["bronze:Strike"],"damage_healed":0,"gold_gain":0,"player_choice":"Card Removal","damage_taken":0,"max_hp_gain":0,"max_hp_loss":0,"event_name":"The Cleric","floor":5,"gold_loss":0}],"is_beta":false,"boss_relics":[{"not_picked":["infinitespire:Cupcake","Runic Pyramid"],"picked":"Coffee Dripper"}],"items_purged_floors":[9,21,25],"is_endless":false,"potions_floor_spawned":[4,13,15,19,23,27],"killed_by":"Book of Stabbing","ascension_level":1}}