{"host":"kywtqy4o43fs5yna","time":1611502128,"event":{"mods":["AchievementEnabler","Act Like it!","BaseMod","Better Note","BetterRewards","Colored Map","Minty Spire (QoL Compilation)","Quick Restart","Rare Cards Sparkle","StSLib","SuperFastMode"],"gold_per_floor":[117,67,79,97,111,145,145,172,172,203,278,278,78,97,97,195,195,215,215,28,28,38,64,64,77,77,77,91,34,67,67,67,166,166,181,3,3,23,23,37,37,71,71,105,117,134,134,166,166,166],"floor_reached":51,"language":"RUS","playtime":2513,"items_purged":[],"score":1048,"play_id":"a7ae5593-1603-492a-a7c4-90b263f2e4c2","local_time":"20210125012848","is_ascension_mode":true,"campfire_choices":[{"data":"Chill","floor":7,"key":"SMITH"},{"data":"Consume","floor":15,"key":"SMITH"},{"data":"Hologram","floor":24,"key":"SMITH"},{"data":"Zap","floor":32,"key":"SMITH"},{"data":"Chaos","floor":41,"key":"SMITH"},{"data":"Thunder Strike","floor":47,"key":"SMITH"},{"data":"Coolheaded","floor":49,"key":"SMITH"}],"circlet_count":0,"master_deck":["Strike_B+1","Strike_B","Strike_B","Defend_B","Defend_B","Defend_B","Zap+1","Chill+1","Hello World+1","Self Repair+1","Defragment+1","Coolheaded+1","Ball Lightning+1","Electrodynamics+1","Chill+1","Ball Lightning","Consume+1","Creative AI+1","Capacitor+1","Static Discharge+1","Cold Snap","Doom and Gloom","Creative AI+1","Thunder Strike+1","Storm+1","Defragment+1","Capacitor+1","Capacitor+1","Static Discharge+1","Chaos+1","Chill","White Noise+1","Turbo","Barrage+1"],"relics":["Cracked Core","ClockworkSouvenir","Frozen Egg 2","Runic Capacitor","Oddly Smooth Stone","Pantograph","The Courier","Mercury Hourglass","Cables","Nuclear Battery","DataDisk","StoneCalendar","Whetstone","Lantern","Thread and Needle","Black Star","Kunai","Anchor","PreservedInsect","White Beast Statue","Centennial Puzzle","Bag of Marbles","Gremlin Horn"],"acts_visited":["Exordium","TheCity","TheBeyond"],"potions_floor_usage":[5,6,33,42,42],"damage_taken":[{"damage":2,"enemies":"2 Louse","floor":1,"turns":4},{"damage":11,"enemies":"Jaw Worm","floor":3,"turns":4},{"damage":6,"enemies":"Small Slimes","floor":4,"turns":3},{"damage":0,"enemies":"2 Fungi Beasts","floor":5,"turns":4},{"damage":16,"enemies":"Gremlin Nob","floor":6,"turns":4},{"damage":1,"enemies":"Lagavulin","floor":8,"turns":5},{"damage":12,"enemies":"Gremlin Nob","floor":10,"turns":4},{"damage":0,"enemies":"Exordium Thugs","floor":14,"turns":3},{"damage":0,"enemies":"Slime Boss","floor":16,"turns":4},{"damage":2,"enemies":"Chosen","floor":18,"turns":4},{"damage":0,"enemies":"Shell Parasite","floor":22,"turns":4},{"damage":6,"enemies":"Slavers","floor":23,"turns":14},{"damage":5,"enemies":"Centurion and Healer","floor":25,"turns":3},{"damage":0,"enemies":"Shelled Parasite and Fungi","floor":28,"turns":4},{"damage":30,"enemies":"Gremlin Leader","floor":30,"turns":6},{"damage":8,"enemies":"Automaton","floor":33,"turns":5},{"damage":6,"enemies":"3 Shapes","floor":35,"turns":3},{"damage":2,"enemies":"Orb Walker","floor":38,"turns":2},{"damage":6,"enemies":"4 Shapes","floor":40,"turns":3},{"damage":12,"enemies":"Reptomancer","floor":42,"turns":4},{"damage":7,"enemies":"Nemesis","floor":44,"turns":3},{"damage":0,"enemies":"Spire Growth","floor":45,"turns":3},{"damage":0,"enemies":"Sphere and 2 Shapes","floor":46,"turns":4},{"damage":0,"enemies":"Giant Head","floor":48,"turns":5},{"damage":0,"enemies":"Donu and Deca","floor":50,"turns":5}],"seed_played":"-5214347717474482446","potions_obtained":[{"floor":1,"key":"SneckoOil"},{"floor":6,"key":"Fruit Juice"},{"floor":16,"key":"SkillPotion"},{"floor":25,"key":"SkillPotion"},{"floor":30,"key":"FearPotion"},{"floor":33,"key":"SteroidPotion"},{"floor":44,"key":"AttackPotion"},{"floor":45,"key":"Energy Potion"},{"floor":48,"key":"ColorlessPotion"}],"is_trial":false,"path_per_floor":["M","?","M","M","M","E","R","E","T","E","?","?","$","M","R","B",null,"M","?","$","?","M","E","R","M","T","?","M","$","E","?","R","B",null,"M","$","?","M","?","M","R","E","T","E","M","M","R","E","R","B",null],"character_chosen":"DEFECT","items_purchased":["ClockworkSouvenir","Chill","Frozen Egg 2","Hello World+1","Self Repair+1","Runic Capacitor","Cables","DataDisk","Static Discharge+1","Creative AI+1","Defragment+1","Capacitor+1","Capacitor+1"],"campfire_rested":0,"item_purchase_floors":[0,0,0,0,0,0,13,20,20,29,36,36,36],"current_hp_per_floor":[48,48,47,51,61,60,60,69,69,67,56,56,56,66,66,80,80,78,78,78,80,80,80,80,80,80,80,80,80,60,60,60,80,80,74,74,74,72,72,66,66,64,64,67,67,67,67,77,77,80],"gold":166,"neow_bonus":"","is_daily":false,"chose_seed":false,"campfire_upgraded":7,"win_rate":0.0,"timestamp":1611502128,"path_taken":["M","?","M","M","M","E","R","E","T","E","?","?","$","M","R","BOSS","M","?","$","?","M","E","R","?","T","?","M","$","E","?","R","BOSS","M","$","?","?","?","M","R","E","T","E","M","?","R","E","R","BOSS"],"items_purchased_type":["Relic","Card","Relic","Card","Card","Relic","Relic","Relic","Card","Card","Card","Card","Card"],"build_version":"2020-12-22","purchased_purges":0,"victory":true,"max_hp_per_floor":[75,75,75,75,75,80,80,80,80,80,80,80,80,80,80,80,80,80,80,80,80,80,80,80,80,80,80,80,80,80,80,80,80,80,80,80,80,80,80,80,80,80,80,80,80,80,80,80,80,80],"card_choices":[{"not_picked":["Aggregate","Reinforced Body"],"picked":"Defragment+1","floor":1},{"not_picked":["Recycle","Steam"],"picked":"Coolheaded","floor":3},{"not_picked":["Gash","Turbo","Steam"],"picked":"SKIP","floor":4},{"not_picked":["Hologram","Streamline"],"picked":"Ball Lightning","floor":5},{"not_picked":["Auto Shields","Storm+1"],"picked":"Electrodynamics+1","floor":6},{"not_picked":["Multi-Cast","Undo"],"picked":"Chill","floor":8},{"not_picked":["Steam","Beam Cell"],"picked":"Ball Lightning","floor":10},{"not_picked":["Compile Driver","Tempest"],"picked":"Consume","floor":14},{"not_picked":["Reboot","Core Surge"],"picked":"Creative AI+1","floor":16},{"not_picked":["Static Discharge+1","Rebound+1"],"picked":"Capacitor+1","floor":18},{"not_picked":["Chaos+1","Steam+1"],"picked":"Cold Snap","floor":22},{"not_picked":["Compile Driver","Gash","Conserve Battery"],"picked":"SKIP","floor":23},{"not_picked":["Turbo+1","Chill","Rebound+1"],"picked":"SKIP","floor":25},{"not_picked":["Steam+1","Conserve Battery+1"],"picked":"Doom and Gloom","floor":28},{"not_picked":["Redo","Genetic Algorithm","Reboot"],"picked":"SKIP","floor":30},{"not_picked":["Rainbow","Creative AI+1"],"picked":"Thunder Strike","floor":33},{"not_picked":["Go for the Eyes","Sweeping Beam"],"picked":"Storm+1","floor":35},{"not_picked":["Sunder+1","Streamline+1","Reprogram"],"picked":"SKIP","floor":38},{"not_picked":["Double Energy","Conserve Battery"],"picked":"Chaos","floor":40},{"not_picked":["Hologram","Stack+1"],"picked":"Chill","floor":42},{"not_picked":["Compile Driver+1","Leap+1"],"picked":"White Noise+1","floor":44},{"not_picked":["Go for the Eyes+1","Reboot"],"picked":"Turbo","floor":45},{"not_picked":["Compile Driver","Stack"],"picked":"Barrage+1","floor":46},{"not_picked":["Steam+1","Sweeping Beam+1","Sunder+1"],"picked":"SKIP","floor":48}],"player_experience":196183,"relics_obtained":[{"floor":6,"key":"Oddly Smooth Stone"},{"floor":8,"key":"Pantograph"},{"floor":9,"key":"The Courier"},{"floor":10,"key":"Mercury Hourglass"},{"floor":23,"key":"StoneCalendar"},{"floor":26,"key":"Whetstone"},{"floor":30,"key":"Thread and Needle"},{"floor":42,"key":"Kunai"},{"floor":42,"key":"Anchor"},{"floor":43,"key":"PreservedInsect"},{"floor":44,"key":"White Beast Statue"},{"floor":44,"key":"Centennial Puzzle"},{"floor":48,"key":"Bag of Marbles"},{"floor":48,"key":"Gremlin Horn"}],"event_choices":[{"cards_removed":["Dualcast"],"damage_healed":0,"gold_gain":0,"player_choice":"Card Removal","damage_taken":0,"max_hp_gain":0,"max_hp_loss":0,"event_name":"The Cleric","floor":2,"gold_loss":50},{"damage_healed":0,"gold_gain":75,"player_choice":"Gather Gold","damage_taken":11,"max_hp_gain":0,"max_hp_loss":0,"event_name":"World of Goop","floor":11,"gold_loss":0},{"damage_healed":0,"gold_gain":0,"player_choice":"Grow","damage_taken":0,"max_hp_gain":0,"max_hp_loss":0,"event_name":"Living Wall","floor":12,"gold_loss":0,"cards_upgraded":["Chill"]},{"damage_healed":0,"gold_gain":0,"cards_transformed":["Strike_B","Defend_B"],"player_choice":"Became Test Subject","damage_taken":0,"max_hp_gain":0,"max_hp_loss":0,"event_name":"Drug Dealer","floor":19,"gold_loss":0,"cards_obtained":["Gash","Hologram"]},{"cards_removed":["Gash"],"damage_healed":5,"gold_gain":0,"player_choice":"Offered Common","damage_taken":0,"max_hp_gain":0,"max_hp_loss":0,"event_name":"Bonfire Elementals","floor":21,"gold_loss":0},{"cards_removed":["Gash"],"damage_healed":5,"gold_gain":0,"player_choice":"Offered Special","damage_taken":0,"max_hp_gain":0,"max_hp_loss":0,"event_name":"Bonfire Elementals","floor":21,"gold_loss":0},{"damage_healed":0,"gold_gain":0,"player_choice":"Stole Relic","damage_taken":0,"relics_obtained":["Lantern"],"max_hp_gain":0,"max_hp_loss":0,"event_name":"Addict","floor":27,"gold_loss":0,"cards_obtained":["Shame"]},{"damage_healed":0,"gold_gain":0,"player_choice":"Ignored","damage_taken":0,"max_hp_gain":0,"max_hp_loss":0,"event_name":"Vampires","floor":31,"gold_loss":0},{"damage_healed":0,"gold_gain":0,"cards_transformed":["Hologram"],"player_choice":"Transformed","damage_taken":0,"max_hp_gain":0,"max_hp_loss":0,"event_name":"Transmorgrifier","floor":37,"gold_loss":0,"cards_obtained":["Static Discharge"]},{"cards_removed":["Shame"],"damage_healed":0,"gold_gain":0,"player_choice":"Card Removal","damage_taken":0,"max_hp_gain":0,"max_hp_loss":0,"event_name":"Wheel of Change","floor":39,"gold_loss":0}],"is_beta":false,"boss_relics":[{"not_picked":["Astrolabe","Sozu"],"picked":"Nuclear Battery"},{"not_picked":["Runic Pyramid","Empty Cage"],"picked":"Black Star"}],"items_purged_floors":[],"is_endless":false,"potions_floor_spawned":[1,6,16,25,30,33,38,44,45,46,48],"ascension_level":3}}