{"host":"h3bgw7p7cb1roykn","time":1611447943,"event":{"mods":["AchievementEnabler","BaseMod","Colored Map","Minty Spire (QoL Compilation)","StSLib"],"gold_per_floor":[114,114,126,143,160,189,245,272,272,303,34,51,51,62,62,165,165,184,184,212,226,16,16,50,62,89,119,209,209,229,241,241,346,346,364,381,395,395,133,133,145,170,225,74,74,88,88,105,105,105,105,105,17,42,42,42],"floor_reached":55,"language":"ENG","playtime":3199,"items_purged":["Defend_G","Strike_G","Defend_G","Strike_G","Parasite"],"score":847,"play_id":"e3465274-aead-41d3-bd9c-539d880c695e","local_time":"20210124012543","is_ascension_mode":true,"campfire_choices":[{"floor":15,"key":"REST"},{"data":"Glass Knife","floor":23,"key":"SMITH"},{"floor":29,"key":"REST"},{"floor":32,"key":"REST"},{"floor":40,"key":"RECALL"},{"floor":47,"key":"REST"},{"floor":49,"key":"REST"},{"data":"Neutralize","floor":52,"key":"SMITH"}],"circlet_count":0,"master_deck":["Defend_G+1","Defend_G+1","Survivor","Neutralize+1","Poisoned Stab","Cloak And Dagger","Quick Slash","Glass Knife+1","Dash","Malaise","Cloak And Dagger","Terror","Dagger Spray","Prepared+1","PiercingWail","Slice+1","Unload","Backstab+1","PiercingWail+1"],"relics":["Ring of the Snake","Bag of Preparation","War Paint","Sundial","Happy Flower","Oddly Smooth Stone","Membership Card","Lantern","Mango","Runic Pyramid","Red Mask","Letter Opener","Ornamental Fan","HornCleat","Empty Cage","CaptainsWheel","Singing Bowl","Centennial Puzzle","Mummified Hand"],"acts_visited":["Exordium","TheCity","TheBeyond","TheEnding"],"potions_floor_usage":[6,8,16,16,16,24,24,24,27,33,42,42,42,50,50,50,55],"damage_taken":[{"damage":0,"enemies":"Small Slimes","floor":1,"turns":3},{"damage":0,"enemies":"Cultist","floor":3,"turns":3},{"damage":0,"enemies":"2 Louse","floor":4,"turns":3},{"damage":4,"enemies":"2 Fungi Beasts","floor":5,"turns":4},{"damage":11,"enemies":"Gremlin Nob","floor":6,"turns":3},{"damage":7,"enemies":"Gremlin Nob","floor":7,"turns":4},{"damage":12,"enemies":"Lagavulin","floor":8,"turns":5},{"damage":9,"enemies":"3 Sentries","floor":10,"turns":11},{"damage":0,"enemies":"Large Slime","floor":12,"turns":5},{"damage":6,"enemies":"Blue Slaver","floor":14,"turns":3},{"damage":0,"enemies":"Hexaghost","floor":16,"turns":10},{"damage":0,"enemies":"Chosen","floor":18,"turns":5},{"damage":35,"enemies":"Masked Bandits","floor":20,"turns":8},{"damage":4,"enemies":"Shell Parasite","floor":21,"turns":6},{"damage":6,"enemies":"Gremlin Leader","floor":24,"turns":5},{"damage":2,"enemies":"Chosen and Byrds","floor":25,"turns":5},{"damage":14,"enemies":"Slavers","floor":27,"turns":6},{"damage":0,"enemies":"Snake Plant","floor":30,"turns":5},{"damage":0,"enemies":"Snecko","floor":31,"turns":4},{"damage":54,"enemies":"Champ","floor":33,"turns":15},{"damage":0,"enemies":"Orb Walker","floor":35,"turns":2},{"damage":0,"enemies":"3 Shapes","floor":36,"turns":3},{"damage":0,"enemies":"3 Darklings","floor":37,"turns":4},{"damage":0,"enemies":"Maw","floor":41,"turns":7},{"damage":23,"enemies":"Giant Head","floor":42,"turns":9},{"damage":17,"enemies":"Writhing Mass","floor":46,"turns":5},{"damage":0,"enemies":"Jaw Worm Horde","floor":48,"turns":4},{"damage":19,"enemies":"Time Eater","floor":50,"turns":9},{"damage":50,"enemies":"Shield and Spear","floor":54,"turns":17},{"damage":46,"enemies":"The Heart","floor":55,"turns":6}],"seed_played":"-3828866914987290284","potions_obtained":[{"floor":1,"key":"CunningPotion"},{"floor":6,"key":"SkillPotion"},{"floor":7,"key":"LiquidMemories"},{"floor":12,"key":"SteroidPotion"},{"floor":14,"key":"ColorlessPotion"},{"floor":16,"key":"DistilledChaos"},{"floor":18,"key":"DistilledChaos"},{"floor":21,"key":"Ancient Potion"},{"floor":25,"key":"FearPotion"},{"floor":31,"key":"Poison Potion"},{"floor":35,"key":"GhostInAJar"},{"floor":45,"key":"CultistPotion"},{"floor":46,"key":"CultistPotion"},{"floor":54,"key":"PowerPotion"}],"is_trial":false,"path_per_floor":["M","?","M","M","M","E","?","E","T","E","$","M","?","M","R","B",null,"M","?","?","M","$","R","E","M","T","E","?","R","M","M","R","B",null,"M","M","M","?","$","R","M","E","T","$","?","M","R","M","R","B",null,"R","$","E","B"],"character_chosen":"THE_SILENT","items_purchased":["Membership Card","Lantern","Letter Opener","Terror","CaptainsWheel","Block Potion","Fire Potion","Fire Potion","Dexterity Potion","Weak Potion"],"campfire_rested":5,"item_purchase_floors":[11,11,22,22,39,39,39,44,44,44],"current_hp_per_floor":[77,77,77,77,73,62,55,43,43,34,34,34,41,35,62,62,91,91,91,56,52,52,52,46,44,44,30,18,45,45,45,72,18,91,91,91,91,91,91,91,91,70,70,70,70,55,83,85,97,78,97,97,94,44,0,0],"gold":42,"neow_bonus":"TEN_PERCENT_HP_BONUS","is_daily":false,"chose_seed":false,"campfire_upgraded":2,"win_rate":0.0,"timestamp":1611447943,"path_taken":["M","?","?","M","?","E","?","E","T","E","$","M","?","M","R","BOSS","M","?","?","M","?","R","E","?","T","E","?","R","M","?","R","BOSS","M","M","?","?","$","R","M","E","T","$","?","M","R","?","R","BOSS","R","$","E","BOSS"],"items_purchased_type":["Relic","Relic","Relic","Card","Relic","Potion","Potion","Potion","Potion","Potion"],"build_version":"2020-12-22","purchased_purges":5,"victory":false,"max_hp_per_floor":[77,77,77,77,77,77,77,77,77,77,77,77,91,91,91,91,91,91,91,91,91,91,91,91,91,91,91,91,91,91,91,91,91,91,91,91,91,91,91,91,91,93,93,93,93,95,95,97,97,97,97,97,94,94,94,94],"card_choices":[{"not_picked":["Escape Plan","Outmaneuver"],"picked":"Poisoned Stab","floor":1},{"not_picked":["Outmaneuver","Underhanded Strike"],"picked":"Cloak And Dagger","floor":3},{"not_picked":["Dagger Throw","Sucker Punch"],"picked":"Quick Slash","floor":4},{"not_picked":["Flechettes","Crippling Poison"],"picked":"Glass Knife","floor":5},{"not_picked":["Quick Slash","Unload","Calculated Gamble"],"picked":"SKIP","floor":6},{"not_picked":["Well Laid Plans","Deadly Poison"],"picked":"Dash","floor":7},{"not_picked":["Tactician","Caltrops","Underhanded Strike"],"picked":"SKIP","floor":8},{"not_picked":["Poisoned Stab","Crippling Poison"],"picked":"Malaise","floor":10},{"not_picked":["Acrobatics","Predator","Poisoned Stab"],"picked":"SKIP","floor":12},{"not_picked":["Underhanded Strike","Eviscerate"],"picked":"Cloak And Dagger","floor":14},{"not_picked":["Caltrops","Flying Knee","Dagger Throw"],"picked":"SKIP","floor":18},{"not_picked":["Slice","Deadly Poison","Crippling Poison+1"],"picked":"SKIP","floor":21},{"not_picked":["After Image","Poisoned Stab"],"picked":"Dagger Spray","floor":24},{"not_picked":["Deadly Poison","Acrobatics"],"picked":"Prepared+1","floor":25},{"not_picked":["Poisoned Stab","Wraith Form v2"],"picked":"PiercingWail","floor":27},{"not_picked":["Leg Sweep","Blade Dance+1","Well Laid Plans"],"picked":"SKIP","floor":30},{"not_picked":["Finisher","Bane+1"],"picked":"Slice+1","floor":31},{"not_picked":["A Thousand Cuts","Grand Finale"],"picked":"Unload","floor":33},{"not_picked":["Bane","Dodge and Roll"],"picked":"Backstab+1","floor":35},{"not_picked":["Acrobatics","Doppelganger","Skewer"],"picked":"SKIP","floor":36},{"not_picked":["Cloak And Dagger+1","Acrobatics+1","Flying Knee+1"],"picked":"SKIP","floor":37},{"not_picked":["Deflect","Flechettes","Backflip"],"picked":"SKIP","floor":41},{"not_picked":["Prepared+1","Calculated Gamble","Escape Plan"],"picked":"Singing Bowl","floor":42},{"not_picked":["Catalyst+1","Backflip","Dodge and Roll+1"],"picked":"Singing Bowl","floor":46},{"not_picked":["Grand Finale","Bane+1","Dagger Throw+1"],"picked":"Singing Bowl","floor":48},{"not_picked":["Eviscerate","Deflect"],"picked":"PiercingWail+1","floor":54}],"player_experience":226453,"relics_obtained":[{"floor":6,"key":"Bag of Preparation"},{"floor":7,"key":"War Paint"},{"floor":8,"key":"Sundial"},{"floor":9,"key":"Happy Flower"},{"floor":10,"key":"Oddly Smooth Stone"},{"floor":20,"key":"Red Mask"},{"floor":24,"key":"Ornamental Fan"},{"floor":27,"key":"HornCleat"},{"floor":42,"key":"Singing Bowl"},{"floor":43,"key":"Centennial Puzzle"},{"floor":54,"key":"Mummified Hand"}],"event_choices":[{"cards_removed":["Strike_G"],"damage_healed":0,"gold_gain":0,"player_choice":"Purged","damage_taken":0,"max_hp_gain":0,"max_hp_loss":0,"event_name":"Purifier","floor":2,"gold_loss":0},{"damage_healed":0,"gold_gain":30,"player_choice":"Searched \u00272\u0027 times","damage_taken":0,"max_hp_gain":0,"max_hp_loss":0,"event_name":"Dead Adventurer","floor":7,"gold_loss":0},{"damage_healed":0,"gold_gain":0,"player_choice":"Success","damage_taken":7,"relics_obtained":["Mango"],"max_hp_gain":0,"max_hp_loss":0,"event_name":"Scrap Ooze","floor":13,"gold_loss":0},{"damage_healed":0,"gold_gain":0,"player_choice":"Ignored","damage_taken":0,"max_hp_gain":0,"max_hp_loss":0,"event_name":"Ghosts","floor":19,"gold_loss":0},{"damage_healed":0,"gold_gain":0,"player_choice":"Fought Bandits","damage_taken":0,"max_hp_gain":0,"max_hp_loss":0,"event_name":"Masked Bandits","floor":20,"gold_loss":0},{"damage_healed":0,"gold_gain":90,"player_choice":"GOLD ","damage_taken":12,"max_hp_gain":0,"max_hp_loss":0,"event_name":"Knowing Skull","floor":28,"potions_obtained":[],"gold_loss":0,"cards_obtained":[]},{"cards_removed":["Strike_G"],"damage_healed":0,"gold_gain":0,"player_choice":"Removed Attack","damage_taken":0,"max_hp_gain":0,"max_hp_loss":0,"event_name":"Falling","floor":38,"gold_loss":0},{"damage_healed":0,"gold_gain":0,"player_choice":"Got Potions","damage_taken":0,"max_hp_gain":0,"max_hp_loss":0,"event_name":"Lab","floor":45,"gold_loss":0}],"is_beta":false,"boss_relics":[{"not_picked":["Cursed Key","Coffee Dripper"],"picked":"Runic Pyramid"},{"not_picked":["Pandora\u0027s Box","Calling Bell"],"picked":"Empty Cage"}],"items_purged_floors":[11,22,39,44,53],"is_endless":false,"potions_floor_spawned":[1,6,7,12,14,16,18,21,25,31,35,46,48,54],"killed_by":"The Heart","ascension_level":1}}