{"host":"hwgw78dblb98i0ci","time":1611465232,"event":{"mods":["BaseMod","Better Note","Better Third Choice","Downfall","Hubris","Minty Spire (QoL Compilation)","StSLib"],"gold_per_floor":[99,119,138,138,150,192,269,293,177,177,177,201,229,251,279,382,382,382,400,400,400,23,48,48,48,48,69,85,112,112,143,161,268,268,68,86,86,164,182,175,199,199,199,199],"floor_reached":42,"language":"ENG","playtime":3722,"items_purged":["hexamod:Strike"],"score":488,"play_id":"80d5be7f-2ce3-469c-bac6-7ade63062d10","local_time":"20210124001352","is_ascension_mode":true,"campfire_choices":[{"data":"hexamod:Sear","floor":1,"key":"SMITH"},{"data":"Dark Shackles","floor":10,"key":"SMITH"},{"data":"hexamod:HexaLevel","floor":18,"key":"SMITH"},{"data":"hexamod:Float","floor":25,"key":"SMITH"},{"floor":35,"key":"RECALL"}],"circlet_count":0,"master_deck":["A Thousand Cuts+1","hexamod:Sear+1","hexamod:Float+1","Dark Shackles+1","hexamod:ThirdSeal","hexamod:SecondSeal","hexamod:FourthSeal","hexamod:FirstSeal","hexamod:Rewind+1","hexamod:GhostflameBarrier+1","hexamod:BurningTouch+1","hexamod:BurningTouch+1","hexamod:HexaLevel+1","hexamod:Hexaguard+1","hexamod:SixthSeal","hexamod:GhostflameInferno+1","hexamod:CouncilsJustice+1","Ghostly+1","Ghostly+1","Ghostly+1","Sadistic Nature+1","hexamod:GhostOfSpirePast+1","hexamod:SoulSteal+1","hexamod:ThermalTransfer+1","hexamod:Rewind+1","hexamod:NightmareGuise+1","hexamod:PowerFromBeyond+1","hexamod:ThermalTransfer+1","hexamod:SearingWound+1"],"relics":["hexamod:SpiritBrand","Nunchaku","Toxic Egg 2","Pantograph","Sozu","Gambling Chip","MealTicket","Boot","SlaversCollar","downfall:HeartBlessingBlue","downfall:HeartBlessingGreen","Molten Egg 2","Bronze Scales"],"acts_visited":["Exordium","TheCity","TheBeyond"],"potions_floor_usage":[8,8,12,13,27,33],"damage_taken":[{"damage":0,"enemies":"Small Slimes","floor":2,"turns":3},{"damage":0,"enemies":"Cultist","floor":3,"turns":3},{"damage":5,"enemies":"2 Louse","floor":5,"turns":2},{"damage":43,"enemies":"Gremlin Nob","floor":6,"turns":6},{"damage":1,"enemies":"Exordium Thugs","floor":8,"turns":5},{"damage":0,"enemies":"downfall:FleeingMerchant","floor":9,"turns":4},{"damage":9,"enemies":"3 Louse","floor":12,"turns":7},{"damage":2,"enemies":"Blue Slaver","floor":13,"turns":3},{"damage":1,"enemies":"2 Fungi Beasts","floor":14,"turns":4},{"damage":8,"enemies":"Red Slaver","floor":15,"turns":4},{"damage":19,"enemies":"SI_SHIV_ARCHETYPE","floor":16,"turns":8},{"damage":14,"enemies":"Spheric Guardian","floor":19,"turns":6},{"damage":0,"enemies":"downfall:FleeingMerchant","floor":22,"turns":4},{"damage":10,"enemies":"3 Byrds","floor":23,"turns":3},{"damage":11,"enemies":"Shelled Parasite and Fungi","floor":27,"turns":4},{"damage":0,"enemies":"Cultist and Chosen","floor":28,"turns":4},{"damage":3,"enemies":"Gremlin Leader","floor":29,"turns":4},{"damage":0,"enemies":"Book of Stabbing","floor":31,"turns":4},{"damage":0,"enemies":"Centurion and Healer","floor":32,"turns":4},{"damage":3,"enemies":"DF_ARCHETYPE_CLAW","floor":33,"turns":6},{"damage":0,"enemies":"3 Darklings","floor":36,"turns":4},{"damage":0,"enemies":"Orb Walker","floor":39,"turns":3},{"damage":0,"enemies":"downfall:FleeingMerchant","floor":40,"turns":4},{"damage":50,"enemies":"Reptomancer","floor":42,"turns":2}],"seed_played":"9001844504637256788","potions_obtained":[{"floor":2,"key":"CultistPotion"},{"floor":3,"key":"SkillPotion"},{"floor":5,"key":"sneckomod:MuddlingPotion"},{"floor":8,"key":"ColorlessPotion"},{"floor":9,"key":"FearPotion"},{"floor":12,"key":"DistilledChaos"},{"floor":12,"key":"AttackPotion"},{"floor":13,"key":"champ:CounterPotion"}],"is_trial":false,"path_per_floor":["R","M","M","?","M","E","T","M","$","R","?","M","M","M","M","B",null,"R","M","?","?","$","M","T","R","?","M","M","E","?","E","M","B",null,"R","M","?","?","M","$","T","E"],"character_chosen":"THE_SPIRIT","items_purchased":["hexamod:Rewind+1","hexamod:SoulSteal+1","Gambling Chip"],"campfire_rested":0,"item_purchase_floors":[9,22,22],"current_hp_per_floor":[70,70,70,63,58,15,15,21,28,28,28,26,31,37,36,42,70,70,63,35,35,35,25,25,25,25,14,14,11,11,11,18,35,35,45,45,45,45,45,45,45,0,0,0],"gold":199,"neow_bonus":"RANDOM_COLORLESS","is_daily":false,"chose_seed":false,"campfire_upgraded":4,"win_rate":0.0,"timestamp":1611465232,"path_taken":["R","M","M","?","M","E","T","M","$","R","?","M","M","?","M","BOSS","R","M","?","?","$","?","T","R","?","M","M","E","?","E","M","BOSS","R","M","?","?","M","$","T","E"],"items_purchased_type":["Card","Card","Relic"],"build_version":"2020-12-22","purchased_purges":1,"victory":false,"max_hp_per_floor":[70,70,70,70,70,70,70,70,70,70,70,70,70,70,70,70,70,70,70,35,35,35,35,35,35,35,35,35,35,35,35,35,35,35,45,45,45,45,45,45,45,45,45,45],"card_choices":[{"not_picked":["hubris:Ssssneak","Forethought"],"picked":"Dark Shackles","floor":0},{"not_picked":["hexamod:Firestarter","hexamod:HeatMetal","hexamod:SwordOfDarkness"],"picked":"SKIP","floor":2},{"not_picked":["hexamod:Rewind","hexamod:FastForward"],"picked":"hexamod:ThirdSeal","floor":3},{"not_picked":["hexamod:FastForward","hexamod:BacktrackSmack"],"picked":"hexamod:SecondSeal","floor":5},{"not_picked":["hexamod:HauntingEcho","hexamod:SuperheatedStrike","hexamod:ThirdSeal"],"picked":"SKIP","floor":5},{"not_picked":["hexamod:HauntingEcho","hexamod:ParanormalForm"],"picked":"hexamod:FourthSeal","floor":6},{"not_picked":["hexamod:GhostLash","hexamod:Incineration"],"picked":"hexamod:FirstSeal","floor":6},{"not_picked":["hexamod:RadiantFlame","hexamod:SecondSeal","hexamod:InspiringFlames+1"],"picked":"SKIP","floor":8},{"not_picked":["hexamod:SpectersWail","hexamod:ExtraCrispy","hexamod:BacktrackSmack"],"picked":"SKIP","floor":9},{"not_picked":["hexamod:SecondSeal","hexamod:Incineration"],"picked":"hexamod:GhostflameBarrier+1","floor":12},{"not_picked":["hexamod:SuperheatedStrike","hexamod:GhostLash"],"picked":"hexamod:BurningTouch+1","floor":12},{"not_picked":["hexamod:InspiringFlames+1","hexamod:ThirdSeal"],"picked":"hexamod:BurningTouch+1","floor":13},{"not_picked":["hexamod:PhantomCloak","hexamod:FlamesFromBeyond+1"],"picked":"hexamod:HexaLevel","floor":13},{"not_picked":["hexamod:InspiringFlames+1","hexamod:NightmareStrike"],"picked":"hexamod:Hexaguard+1","floor":14},{"not_picked":["hexamod:InspiringFlames+1","hexamod:ShieldOfDarkness+1","hexamod:GhostLash"],"picked":"SKIP","floor":14},{"not_picked":["hexamod:HauntingEcho","hexamod:ChargedBarrage+1","hexamod:Hexaguard+1"],"picked":"SKIP","floor":15},{"not_picked":["hexamod:RainOfEmbers","hexamod:StepThrough","hexamod:AdvancingGuard+1"],"picked":"SKIP","floor":15},{"not_picked":["hexamod:GiftsFromTheDead","hexamod:WildfireWeapon"],"picked":"hexamod:SixthSeal","floor":16},{"not_picked":["hexamod:VolcanoVisage","hexamod:GiftsFromTheDead"],"picked":"hexamod:GhostflameInferno+1","floor":16},{"not_picked":["hexamod:BacktrackSmack","hexamod:SpectralAdrenaline+1","hexamod:GhostLash+1"],"picked":"SKIP","floor":19},{"not_picked":["hexamod:BurningTouch+1","hexamod:ParanormalForm"],"picked":"hexamod:GhostOfSpirePast+1","floor":22},{"not_picked":["hexamod:SecondSeal","hexamod:GhostShield+1","hexamod:HeatMetal+1"],"picked":"SKIP","floor":22},{"not_picked":["hexamod:FastForward+1","hexamod:BurningTouch+1"],"picked":"hexamod:ThermalTransfer+1","floor":23},{"not_picked":["hexamod:RecurringNightmare+1","hexamod:PhantomFireball"],"picked":"hexamod:Rewind+1","floor":23},{"not_picked":["hexamod:InspiringFlames+1","hexamod:Incineration","hexamod:ExtraCrispy+1"],"picked":"SKIP","floor":27},{"not_picked":["hexamod:SpectersWail","hexamod:PhantomCloak+1","hexamod:StepThrough+1"],"picked":"SKIP","floor":27},{"not_picked":["hexamod:FastForward+1","hexamod:FirstSeal"],"picked":"hexamod:NightmareGuise+1","floor":28},{"not_picked":["hexamod:GhostOfSpirePresent","hexamod:Hexaguard+1","hexamod:SpectersWail"],"picked":"SKIP","floor":28},{"not_picked":["hexamod:ThermalTransfer","hexamod:Firestarter+1"],"picked":"hexamod:PowerFromBeyond+1","floor":29},{"not_picked":["hexamod:Rewind+1","hexamod:Incineration+1","hexamod:ThirdSeal"],"picked":"SKIP","floor":29},{"not_picked":["hexamod:GhostOfSpireFuture","hexamod:DynamicBlow"],"picked":"hexamod:ThermalTransfer+1","floor":31},{"not_picked":["hexamod:HauntingEcho+1","hexamod:EmpoweredFlame+1","hexamod:Again+1"],"picked":"SKIP","floor":32},{"not_picked":["hexamod:InspiringFlames+1","hexamod:NightmareGuise+1","hexamod:SwordOfDarkness"],"picked":"SKIP","floor":32},{"not_picked":["hexamod:TimeWarp","hexamod:UnleashSpirits"],"picked":"hexamod:SearingWound+1","floor":33},{"not_picked":["hexamod:GhostOfSpirePast+1","hexamod:SpectersWail","hexamod:ChargedBarrage+1"],"picked":"SKIP","floor":36},{"not_picked":["hexamod:HauntingEcho+1","hexamod:Rewind+1","hexamod:GhostLash"],"picked":"SKIP","floor":36},{"not_picked":["hexamod:RadiantFlame+1","hexamod:SpectersWail+1","hexamod:SwordOfDarkness+1"],"picked":"SKIP","floor":39},{"not_picked":["hexamod:RecurringNightmare+1","hexamod:Again+1","hexamod:RainOfEmbers+1"],"picked":"SKIP","floor":40},{"not_picked":["hexamod:FourthSeal","hexamod:NightmareGuise+1","hexamod:SkipABeat+1"],"picked":"SKIP","floor":40}],"player_experience":281373,"relics_obtained":[{"floor":6,"key":"Toxic Egg 2"},{"floor":7,"key":"Pantograph"},{"floor":29,"key":"MealTicket"},{"floor":31,"key":"Boot"},{"floor":38,"key":"Molten Egg 2"},{"floor":41,"key":"Bronze Scales"}],"event_choices":[{"damage_healed":0,"gold_gain":0,"player_choice":"Relic ","damage_taken":7,"max_hp_gain":0,"max_hp_loss":0,"event_name":"betterThird:BetterScrap","floor":4,"gold_loss":0,"cards_obtained":["Searing Blow"]},{"cards_removed":["hexamod:Strike"],"damage_healed":0,"gold_gain":0,"player_choice":"Offered Basic","damage_taken":0,"max_hp_gain":0,"max_hp_loss":0,"event_name":"Bonfire Elementals","floor":11,"gold_loss":0},{"damage_healed":0,"gold_gain":0,"player_choice":"Ignored","damage_taken":0,"max_hp_gain":0,"max_hp_loss":0,"event_name":"Vampires","floor":26,"gold_loss":0}],"is_beta":false,"boss_relics":[{"not_picked":["hexamod:UnbrokenSoul","Fusion Hammer"],"picked":"Sozu"},{"not_picked":["Velvet Choker","Snecko Eye"],"picked":"SlaversCollar"}],"items_purged_floors":[9],"is_endless":false,"potions_floor_spawned":[2,3,5,12,13,16,19,23,27,31,36],"killed_by":"Reptomancer","ascension_level":1}}