{"host":"d7fiu2yjkssjxoz6","time":1611473987,"event":{"mods":["AchievementEnabler","BaseMod","Duelist Mod","Minty Spire (QoL Compilation)","StSLib"],"gold_per_floor":[141,141,159,173,21,55,55,55,55],"floor_reached":8,"language":"ENG","playtime":320,"items_purged":[],"score":98,"play_id":"e90bcf1d-307d-466a-99a0-d858123a6eb0","local_time":"20210123233947","is_ascension_mode":true,"campfire_choices":[],"circlet_count":0,"master_deck":["theDuelist:CastleWalls","theDuelist:CastleWalls+1","theDuelist:Sparks","theDuelist:Sparks","theDuelist:SuperheavySoulbuster","theDuelist:SummoningCurse","theDuelist:CurseAnubis","theDuelist:VampireCurse","theDuelist:SuperheavyOgre","theDuelist:GoyoKing+1","theDuelist:ColossalFighter","theDuelist:CommandKnight","theDuelist:FeedbackWarrior","theDuelist:FeedbackWarrior+1","theDuelist:MightyWarrior","theDuelist:GoyoKing","theDuelist:MaxWarrior"],"relics":["theDuelist:MillenniumPuzzle","theDuelist:CardPoolRelic","theDuelist:CardPoolBasicRelic","theDuelist:BoosterPackPoolRelic","theDuelist:CardPoolAddRelic","theDuelist:CardPoolMinusRelic","theDuelist:CardPoolSaveRelic","theDuelist:CardPoolOptionsRelic","Vajra","Art of War"],"acts_visited":["Exordium"],"potions_floor_usage":[8],"damage_taken":[{"damage":5,"enemies":"2 Louse","floor":1,"turns":3},{"damage":0,"enemies":"Cultist","floor":3,"turns":4},{"damage":14,"enemies":"Jaw Worm","floor":4,"turns":4},{"damage":44,"enemies":"Gremlin Nob","floor":6,"turns":5},{"damage":9,"enemies":"3 Sentries","floor":8,"turns":2}],"seed_played":"4087803867754854051","potions_obtained":[{"floor":3,"key":"SteroidPotion"},{"floor":4,"key":"theDuelist:FireBottle"}],"is_trial":false,"path_per_floor":["M","?","M","M","$","E","?","E"],"character_chosen":"THE_DUELIST","items_purchased":["Vajra"],"campfire_rested":0,"item_purchase_floors":[5],"current_hp_per_floor":[75,87,87,73,73,29,9,0,0],"gold":55,"neow_bonus":"TEN_PERCENT_HP_BONUS","is_daily":false,"chose_seed":false,"campfire_upgraded":0,"win_rate":0.0,"timestamp":1611473987,"path_taken":["M","?","?","M","?","E","?","E"],"items_purchased_type":["Relic"],"build_version":"2020-12-22","purchased_purges":0,"victory":false,"max_hp_per_floor":[88,100,100,100,100,100,100,100,100],"card_choices":[{"not_picked":["theDuelist:BrilliantSpark","theDuelist:HeroRing","theDuelist:SwordDragonSoul","theDuelist:ComboMaster"],"picked":"theDuelist:GoyoKing","floor":1},{"not_picked":["theDuelist:ComboMaster","theDuelist:EulerCircuit","theDuelist:DarkGrepher","theDuelist:ReinforcementsArmy"],"picked":"theDuelist:GoyoKing","floor":3},{"not_picked":["theDuelist:OnslaughtFireKings","theDuelist:JudgeMan","theDuelist:HardArmor","theDuelist:WarriorReturningAlive"],"picked":"theDuelist:SuperheavyOgre","floor":4},{"not_picked":["theDuelist:SoldierLady","theDuelist:MightyWarrior","theDuelist:FeedbackWarrior","theDuelist:SuperheavyOgre"],"picked":"theDuelist:MaxWarrior","floor":6}],"player_experience":256469,"relics_obtained":[{"floor":6,"key":"Art of War"}],"event_choices":[{"damage_healed":0,"gold_gain":0,"player_choice":"Break - +12 Max HP","duelist":true,"damage_taken":0,"max_hp_gain":0,"max_hp_loss":0,"event_name":"Tomb of the Nameless","floor":2,"gold_loss":0},{"damage_healed":0,"gold_gain":0,"player_choice":"Entered Light","damage_taken":20,"max_hp_gain":0,"max_hp_loss":0,"event_name":"Shining Light","floor":7,"gold_loss":0,"cards_upgraded":["theDuelist:CastleWalls","theDuelist:FeedbackWarrior"]}],"is_beta":false,"boss_relics":[],"items_purged_floors":[],"is_endless":false,"potions_floor_spawned":[3,4],"killed_by":"3 Sentries","ascension_level":6}}