{"host":"yvlk1m4foro8gl4v","time":1611509100,"event":{"mods":["AchievementEnabler","Act Like it!","BaseMod","Hero for Fun","Minty Spire (QoL Compilation)","Relic Stats","StSLib","The Servant 0.9.4","Uncapped"],"gold_per_floor":[11,25,38,113,125,154,154,164,187,219,237,269,269,124,124,220,220,236,248,261,279,279,312,324,339,339,264,264,279,298,114,114,218,218,218,218,218,218,218,218,218,218,218,218,218,218,218,218,218,218],"floor_reached":51,"language":"ENG","playtime":619,"items_purged":["Defend_Y+1","Defend_Y+1"],"score":1396,"play_id":"3f985ae2-9f99-424e-931e-88d8b7000739","local_time":"20210124172500","is_ascension_mode":true,"campfire_choices":[{"floor":7,"key":"RECALL"},{"data":"Hip_Strike","floor":15,"key":"SMITH"},{"data":"Strike_Y","floor":28,"key":"SMITH"},{"data":"Dramatic Entrance","floor":32,"key":"SMITH"},{"floor":40,"key":"REST"},{"data":"Oh","floor":42,"key":"SMITH"},{"data":"Yawn","floor":49,"key":"SMITH"}],"circlet_count":0,"master_deck":["Wear_Disguise","Hip_Strike+1","Consecrate+1","Dramatic Entrance+1","Get_Hopes_Up","Oh+1","Serious_Punch","Yawn+1","Terrifying_Presence"],"relics":["Cape","CaptainsWheel","Strawberry","War Paint","Ancient Tea Set","PrismaticShard","Runic Dome","Gremlin Horn","Pandora\u0027s Box","Bottled Tornado"],"acts_visited":["Exordium","TheCity","TheBeyond"],"potions_floor_usage":[],"damage_taken":[{"damage":0,"enemies":"Cultist","floor":1,"turns":1},{"damage":0,"enemies":"2 Louse","floor":2,"turns":2},{"damage":0,"enemies":"Small Slimes","floor":3,"turns":1},{"damage":0,"enemies":"Gremlin Gang","floor":5,"turns":2},{"damage":0,"enemies":"Gremlin Nob","floor":6,"turns":1},{"damage":0,"enemies":"3 Louse","floor":8,"turns":2},{"damage":0,"enemies":"Lagavulin","floor":10,"turns":1},{"damage":0,"enemies":"Large Slime","floor":11,"turns":1},{"damage":0,"enemies":"Gremlin Nob","floor":12,"turns":2},{"damage":0,"enemies":"Slime Boss","floor":16,"turns":1},{"damage":0,"enemies":"Spheric Guardian","floor":18,"turns":1},{"damage":0,"enemies":"Chosen","floor":19,"turns":1},{"damage":0,"enemies":"Snake Plant","floor":20,"turns":1},{"damage":0,"enemies":"Shelled Parasite and Fungi","floor":21,"turns":1},{"damage":0,"enemies":"Slavers","floor":23,"turns":2},{"damage":0,"enemies":"Centurion and Healer","floor":24,"turns":1},{"damage":0,"enemies":"Cultist and Chosen","floor":25,"turns":1},{"damage":0,"enemies":"Snecko","floor":29,"turns":1},{"damage":0,"enemies":"Shelled Parasite and Fungi","floor":30,"turns":1},{"damage":0,"enemies":"Champ","floor":33,"turns":1},{"damage":0,"enemies":"3 Darklings","floor":35,"turns":1},{"damage":0,"enemies":"Orb Walker","floor":37,"turns":1},{"damage":0,"enemies":"Writhing Mass","floor":38,"turns":1},{"damage":0,"enemies":"Maw","floor":39,"turns":1},{"damage":0,"enemies":"Giant Head","floor":41,"turns":1},{"damage":0,"enemies":"Nemesis","floor":44,"turns":1},{"damage":0,"enemies":"Spire Growth","floor":46,"turns":1},{"damage":0,"enemies":"2 Orb Walkers","floor":47,"turns":1},{"damage":0,"enemies":"Reptomancer","floor":48,"turns":1},{"damage":0,"enemies":"Awakened One","floor":50,"turns":2}],"seed_played":"6387504946568352149","potions_obtained":[{"floor":1,"key":"Strength Potion"},{"floor":3,"key":"Dexterity Potion"},{"floor":6,"key":"Explosive Potion"}],"is_trial":false,"path_per_floor":["M","M","M","?","M","E","R","M","T","E","M","E","?","$","R","B",null,"M","M","M","M","?","E","M","M","T","$","R","M","M","$","R","B",null,"M","$","M","M","M","R","E","R","T","E","?","M","?","E","R","B",null],"character_chosen":"OPM","items_purchased":["PrismaticShard","Dramatic Entrance"],"campfire_rested":1,"item_purchase_floors":[14,31],"current_hp_per_floor":[999,999,999,999,999,999,999,999,1006,1006,1006,1006,1006,1006,1006,1006,1006,1006,1006,1006,1006,1006,1006,1006,1006,1006,1006,1006,1006,1006,1006,1006,1006,1006,1006,1006,1006,1006,1006,1006,1006,1006,1006,1006,1006,1006,1006,1006,1006,1006],"gold":218,"neow_bonus":"REMOVE_CARD","is_daily":false,"chose_seed":false,"campfire_upgraded":5,"win_rate":0.0,"timestamp":1611509100,"path_taken":["M","M","M","?","M","E","R","M","T","E","M","E","?","$","R","BOSS","M","M","M","M","?","E","M","M","T","$","R","M","M","$","R","BOSS","M","$","M","?","M","R","E","R","T","E","?","M","?","E","R","BOSS"],"items_purchased_type":["Relic","Card"],"build_version":"2020-12-22","purchased_purges":2,"victory":true,"max_hp_per_floor":[999,999,999,999,999,999,999,999,1006,1006,1006,1006,1006,1006,1006,1006,1006,1006,1006,1006,1006,1006,1006,1006,1006,1006,1006,1006,1006,1006,1006,1006,1006,1006,1006,1006,1006,1006,1006,1006,1006,1006,1006,1006,1006,1006,1006,1006,1006,1006],"relic_stats":{"Gremlin Horn":[5,5],"counters":[30,36],"Pandora\u0027s Box":["Get_Hopes_Up","Oh","Serious_Punch","Yawn","Terrifying_Presence"],"War Paint":["Defend_Y","Defend_Y"],"obtain_stats":[{"Runic Dome":17,"CaptainsWheel":6,"Gremlin Horn":23,"Strawberry":9,"Pandora\u0027s Box":34,"Cape":0,"War Paint":10,"Bottled Tornado":43,"Ancient Tea Set":12,"PrismaticShard":14},{"Runic Dome":10,"CaptainsWheel":5,"Gremlin Horn":15,"Strawberry":6,"Pandora\u0027s Box":20,"Cape":0,"War Paint":7,"Bottled Tornado":25,"Ancient Tea Set":9,"PrismaticShard":9},{"Runic Dome":14,"CaptainsWheel":7,"Gremlin Horn":20,"Strawberry":9,"Pandora\u0027s Box":25,"Cape":0,"War Paint":10,"Bottled Tornado":30,"Ancient Tea Set":13,"PrismaticShard":13}]},"card_choices":[{"not_picked":["Toss_Stone","Normal_Punch","Yawn"],"picked":"SKIP","floor":1},{"not_picked":["Side_Hop","Hop","Consecutive_Normal_Punch"],"picked":"SKIP","floor":2},{"not_picked":["Slap","Side_Hop","Hop"],"picked":"SKIP","floor":3},{"not_picked":["Side_Hop","Yawn","Slap"],"picked":"SKIP","floor":5},{"not_picked":["Yawn","Slap","Do_Nothing"],"picked":"SKIP","floor":6},{"not_picked":["Slap","Consecutive_Normal_Punch","Yawn"],"picked":"SKIP","floor":8},{"not_picked":["Slap","Do_Nothing"],"picked":"Wear_Disguise","floor":10},{"not_picked":["Ignore","Side_Hop","Toss_Stone"],"picked":"SKIP","floor":11},{"not_picked":["Hop","Wear_Disguise","Side_Hop"],"picked":"SKIP","floor":12},{"not_picked":["GearUp","Pray","Acrobatics"],"picked":"SKIP","floor":18},{"not_picked":["Bloodletting","Rebound","Anger"],"picked":"SKIP","floor":19},{"not_picked":["Barrier","Thunderclap","Hemokinesis"],"picked":"SKIP","floor":20},{"not_picked":["Rampage","FollowUp","Quick Slash"],"picked":"SKIP","floor":21},{"not_picked":["Sentinel+1","Deflect","Unruled"],"picked":"SKIP","floor":23},{"not_picked":["Evolve","Ricochet+1"],"picked":"Consecrate+1","floor":24},{"not_picked":["Slice","Thinking Ahead","Conserve Battery"],"picked":"SKIP","floor":25},{"not_picked":["True Grit","ThirdEye+1","Recycle"],"picked":"SKIP","floor":29},{"not_picked":["Deadly Poison+1","Caltrops+1","Deflect"],"picked":"SKIP","floor":30},{"not_picked":["Stack+1","PiercingWail+1","Inflame"],"picked":"SKIP","floor":35},{"not_picked":["Clothesline","Steam","Wear_Disguise"],"picked":"SKIP","floor":37},{"not_picked":["Hello World+1","Perseverance+1","CrushJoints"],"picked":"SKIP","floor":38},{"not_picked":["Slap","Hello World","Madness"],"picked":"SKIP","floor":39},{"not_picked":["Turbo+1","ReachHeaven+1","SilverBlades+1"],"picked":"SKIP","floor":41},{"not_picked":["Beam Cell","Expertise+1","Compile Driver+1"],"picked":"SKIP","floor":44},{"not_picked":["Deflect","Jack Of All Trades","Anger"],"picked":"SKIP","floor":46},{"not_picked":["Hologram","Heel Hook+1","Masterful Stab+1"],"picked":"SKIP","floor":48}],"player_experience":763686,"relics_obtained":[{"floor":6,"key":"CaptainsWheel"},{"floor":9,"key":"Strawberry"},{"floor":10,"key":"War Paint"},{"floor":12,"key":"Ancient Tea Set"},{"floor":23,"key":"Gremlin Horn"},{"floor":43,"key":"Bottled Tornado"}],"event_choices":[{"damage_healed":0,"gold_gain":75,"player_choice":"Gather Gold","damage_taken":11,"max_hp_gain":0,"max_hp_loss":0,"event_name":"World of Goop","floor":4,"gold_loss":0},{"damage_healed":0,"gold_gain":0,"cards_transformed":["Defend_Y"],"player_choice":"Change","damage_taken":0,"max_hp_gain":0,"max_hp_loss":0,"event_name":"Living Wall","floor":13,"gold_loss":0,"cards_obtained":["Hip_Strike"]},{"cards_removed":["Defend_Y"],"damage_healed":0,"gold_gain":0,"player_choice":"Offered Basic","damage_taken":0,"max_hp_gain":0,"max_hp_loss":0,"event_name":"Bonfire Elementals","floor":22,"gold_loss":0},{"damage_healed":0,"gold_gain":0,"player_choice":"Ignored","damage_taken":0,"max_hp_gain":0,"max_hp_loss":0,"event_name":"Tomb of Lord Red Mask","floor":45,"gold_loss":0},{"damage_healed":0,"gold_gain":0,"player_choice":"Fight","damage_taken":0,"max_hp_gain":0,"max_hp_loss":0,"event_name":"Mysterious Sphere","floor":47,"gold_loss":0}],"is_beta":false,"boss_relics":[{"not_picked":["Sozu","Ectoplasm"],"picked":"Runic Dome"},{"not_picked":["Velvet Choker","SacredBark"],"picked":"Pandora\u0027s Box"}],"items_purged_floors":[27,31],"is_endless":false,"potions_floor_spawned":[1,3,6,11,23,24,25,29,30,35,38,44],"ascension_level":2}}