{"host":"ujw6l3a2nhn97ib9","time":1611496002,"event":{"mods":["BaseMod","Hermit","Koishi","Lobotomy","Minty Spire (QoL Compilation)","Replay The Spire","StSLib","The Bug Knight","The Cursed","The Dragon Tamer","The Hierophant","The Jungle","The Poker Player","The Runesmith"],"gold_per_floor":[115,115,40,52,71,71,81,114,140,140,170,170,190,224,224,320,320,342,342,363,390,401,427,427,449,449,469,469,482,482,505,505,613,613,620,620],"floor_reached":35,"language":"KOR","playtime":1608,"items_purged":["Pain"],"score":401,"play_id":"8aa800fa-7c57-40e2-9097-660cce51871f","local_time":"20210124224642","is_ascension_mode":false,"campfire_choices":[{"data":"hermit:BigShot","floor":6,"key":"SMITH"},{"floor":12,"key":"REST"},{"data":"hermit:Snapshot","floor":15,"key":"SMITH"},{"data":"hermit:GoldenBullet","floor":24,"key":"SMITH"},{"floor":30,"key":"REST"},{"floor":32,"key":"REST"}],"circlet_count":0,"master_deck":["hermit:Snapshot+1","hermit:Covet","hermit:BigShot+1","hermit:Deadeye","hermit:Scavenge","hermit:BlackWind","hermit:Glare+1","hermit:GoldenBullet+1","hermit:Gestalt+1","hermit:Enervate","hermit:GoldenBullet","hermit:Feint","hermit:DeadMansHand","hermit:Purgatory+1","hermit:CalledShot","hermit:Brawl","hermit:Virtue"],"relics":["hermit:BartenderGlass","WarpedTongs","Bronze Scales","Runesmith:AutoHammer","Smiling Mask","Bottled Tornado","Painkiller Herb","Golden Egg","Snack Pack","Pandora\u0027s Box"],"acts_visited":["Exordium","Exordium","TheBeyond"],"potions_floor_usage":[21,22,22,22,23,27,31,31,33,33],"damage_taken":[{"damage":3,"enemies":"Jaw Worm","floor":1,"turns":3},{"damage":2,"enemies":"Cultist","floor":4,"turns":4},{"damage":0,"enemies":"Small Slimes","floor":5,"turns":3},{"damage":5,"enemies":"Red Slaver","floor":7,"turns":4},{"damage":20,"enemies":"Lagavulin","floor":8,"turns":8},{"damage":30,"enemies":"Gremlin Nob","floor":11,"turns":5},{"damage":2,"enemies":"3 Louse","floor":13,"turns":3},{"damage":1,"enemies":"3 Sentries","floor":14,"turns":6},{"damage":7,"enemies":"Slime Boss","floor":16,"turns":9},{"damage":9,"enemies":"theJungle:GiantWrat","floor":18,"turns":5},{"damage":0,"enemies":"Shell Parasite","floor":20,"turns":3},{"damage":24,"enemies":"theJungle:2_Snecko_Cultists","floor":21,"turns":3},{"damage":6,"enemies":"theJungle:2_Flameangoes","floor":22,"turns":3},{"damage":7,"enemies":"theJungle:Cassacara","floor":23,"turns":3},{"damage":10,"enemies":"theJungle:SlimyTreeVines","floor":25,"turns":3},{"damage":0,"enemies":"theJungle:Snecko_Cultist_And_Trap","floor":27,"turns":3},{"damage":0,"enemies":"theJungle:Lyon","floor":29,"turns":1},{"damage":22,"enemies":"theJungle:2_Flameangoes","floor":31,"turns":4},{"damage":5,"enemies":"theJungle:QueenSpyder","floor":33,"turns":7}],"seed_played":"-2760516075596981460","potions_obtained":[{"floor":5,"key":"Swift Potion"},{"floor":8,"key":"Reflective Coating"},{"floor":13,"key":"Reflective Coating"},{"floor":21,"key":"Explosive Potion"},{"floor":22,"key":"Energy Potion"}],"is_trial":false,"path_per_floor":["M","?","$","M","M","R","M","E","T","$","E","R","M","E","R","B",null,"?","?","?","?","?","E","T","?","T","?","?","?","T","?","T","B",null,"?"],"character_chosen":"HERMIT","items_purchased":[],"campfire_rested":3,"item_purchase_floors":[],"current_hp_per_floor":[72,72,72,70,70,70,65,45,45,45,15,37,35,34,34,27,75,66,56,56,32,26,19,19,12,12,12,12,12,34,14,36,45,75,0,0],"gold":620,"neow_bonus":"BOSS_RELIC","is_daily":false,"chose_seed":false,"campfire_upgraded":3,"win_rate":0.0,"timestamp":1611496002,"path_taken":["M","?","$","M","M","R","M","E","T","?","E","R","M","E","R","BOSS","?","?","?","?","?","E","T","?","T","?","?","?","T","?","T","BOSS","?"],"items_purchased_type":[],"build_version":"2020-12-22","purchased_purges":1,"victory":false,"max_hp_per_floor":[75,75,75,75,75,75,75,75,75,75,75,75,75,75,75,75,75,75,75,75,75,75,75,75,75,75,75,75,75,75,75,75,75,75,75,75],"card_choices":[{"not_picked":["hermit:HighCaliber","hermit:CalledShot"],"picked":"hermit:BigShot","floor":1},{"not_picked":["hermit:PistolWhip","hermit:SprayPray","hermit:BodyArmor"],"picked":"SKIP","floor":4},{"not_picked":["hermit:CalledShot","hermit:LowProfile","hermit:Quickdraw"],"picked":"SKIP","floor":5},{"not_picked":["hermit:GhostlyPresence","hermit:Shortfuse"],"picked":"hermit:Deadeye","floor":7},{"not_picked":["hermit:ItchyTrigger","hermit:Misfire"],"picked":"hermit:Scavenge","floor":8},{"not_picked":["hermit:Glare","hermit:CalledShot"],"picked":"hermit:BlackWind","floor":11},{"not_picked":["hermit:Glare","hermit:CalledShot","hermit:FlashPowder"],"picked":"SKIP","floor":13},{"not_picked":["hermit:ShadowCloak","hermit:Virtue","hermit:Brawl"],"picked":"SKIP","floor":14},{"not_picked":["hermit:Roulette","hermit:Spite","hermit:ItchyTrigger"],"picked":"SKIP","floor":18},{"not_picked":["hermit:Roulette","hermit:Quickdraw","hermit:Grudge"],"picked":"SKIP","floor":20},{"not_picked":["hermit:ItchyTrigger+1","hermit:Vantage","hermit:Coalescence"],"picked":"SKIP","floor":21},{"not_picked":["hermit:Brawl","hermit:Midnight"],"picked":"hermit:Glare+1","floor":22},{"not_picked":["hermit:FromBeyond","hermit:Scavenge"],"picked":"hermit:GoldenBullet","floor":23},{"not_picked":["hermit:Enervate","hermit:PistolWhip"],"picked":"hermit:Gestalt+1","floor":25},{"not_picked":["hermit:Vantage","hermit:Midnight","hermit:HoleUp"],"picked":"SKIP","floor":27},{"not_picked":["hermit:Quickdraw+1","hermit:TrackingShot","hermit:Dive"],"picked":"SKIP","floor":29},{"not_picked":["hermit:Grudge","hermit:Malice"],"picked":"hermit:Enervate","floor":31}],"player_experience":488039,"relics_obtained":[{"floor":8,"key":"Bronze Scales"},{"floor":9,"key":"Runesmith:AutoHammer"},{"floor":11,"key":"Smiling Mask"},{"floor":14,"key":"Bottled Tornado"},{"floor":23,"key":"Golden Egg"},{"floor":26,"key":"Snack Pack"}],"event_choices":[{"damage_healed":0,"gold_gain":0,"player_choice":"Rummage","damage_taken":0,"relics_obtained":["WarpedTongs"],"max_hp_gain":0,"max_hp_loss":0,"event_name":"Accursed Blacksmith","floor":2,"gold_loss":0,"cards_obtained":["Pain"]},{"damage_healed":0,"gold_gain":0,"player_choice":"Bought 0 Potions","damage_taken":0,"max_hp_gain":0,"max_hp_loss":0,"event_name":"The Woman in Blue","floor":28,"gold_loss":0}],"is_beta":false,"boss_relics":[{"not_picked":["Calling Bell","Runesmith:UraniumAnvil"],"picked":"Painkiller Herb"},{"not_picked":["Replay:Ancient Bell","Kintsugi"],"picked":"Pandora\u0027s Box"}],"items_purged_floors":[3],"is_endless":false,"potions_floor_spawned":[5,8,13,16,20,21,22,25,31],"killed_by":"3 Shapes","ascension_level":0}}