{"host":"fkig9nrckec4xsh0","time":1611513900,"event":{"mods":["Act Like it!","BaseMod","Colored Map","Gensokyo","Hermit","Marisa????????","Minty Spire (QoL Compilation)","Quick Restart","Replay The Spire","StSLib"],"gold_per_floor":[109,109,16,16,16,16,32,67,79,112,112,112,112,122,122,122,122,122,122],"floor_reached":18,"language":"ENG","playtime":989,"items_purged":[],"score":143,"play_id":"efd2133e-c9fd-4449-a20a-edcd180f4cda","local_time":"20210124134500","is_ascension_mode":false,"campfire_choices":[{"data":"CasketOfStar","floor":12.0,"key":"SMITH"},{"data":"Pain","floor":17.0,"key":"PURGE"}],"circlet_count":0,"master_deck":["Strike_MRS","Strike_MRS","Strike_MRS","Strike_MRS","Defend_MRS","Defend_MRS","Defend_MRS","Defend_MRS","MasterSpark","UpSweep","MagicChant","NonDirectionalLaser","BlazeAway","MaximisePower","CasketOfStar+1","DoubleSpark","Clumsy","SatelliteIllusion"],"relics":["MiniHakkero","NeowsBlessing","Gensokyo:LunaticRedEyes","FossilizedHelix","Singing Bowl","Toy Ornithopter","Pear","Gensokyo:NagashiBinaDoll","Gensokyo:MarisaIngredientList","Replay:Baseball"],"acts_visited":["Exordium"],"potions_floor_usage":[18],"damage_taken":[{"damage":0.0,"enemies":"Gensokyo:2_Kodama","floor":1.0,"turns":1.0},{"damage":0.0,"enemies":"Gensokyo:3_Fairies","floor":7.0,"turns":2.0},{"damage":3.0,"enemies":"Gensokyo:Cirno","floor":8.0,"turns":2.0},{"damage":14.0,"enemies":"Gensokyo:Gryphon","floor":9.0,"turns":3.0},{"damage":38.0,"enemies":"Gensokyo:Aya","floor":10.0,"turns":7.0},{"damage":1.0,"enemies":"Gensokyo:Kitsune","floor":14.0,"turns":3.0},{"damage":42,"enemies":"Gensokyo:Reimu","floor":18,"turns":11}],"seed_played":"-5752452282699520848","potions_obtained":[{"floor":8.0,"key":"Weak Potion"},{"floor":10.0,"key":"EssenceOfSteel"}],"is_trial":false,"path_per_floor":["M","?","COS","?","PTL","PTL","M","E","M","E","T","R","?","M","?","T","R_BF","B"],"character_chosen":"MARISA","items_purchased":[],"campfire_rested":0,"item_purchase_floors":[],"current_hp_per_floor":[75,75,75,75,75,75,75,72,58,22,32,32,32,31,31,31,31,0,0],"gold":122,"neow_bonus":"THREE_ENEMY_KILL","is_daily":false,"chose_seed":false,"campfire_upgraded":1,"win_rate":0.0,"timestamp":1611513900,"path_taken":["M","?","COS","?","PTL","PTL","M","E","?","E","T","R","?","M","?","?","R_BF","BOSS"],"items_purchased_type":[],"build_version":"2020-12-22","purchased_purges":0,"victory":false,"max_hp_per_floor":[75,75,75,75,75,75,75,75,75,77,87,87,87,87,87,87,87,87,87],"card_choices":[{"not_picked":["PowerUp","LuminesStrike"],"picked":"MagicChant","floor":1.0},{"not_picked":["DC","PowerUp"],"picked":"NonDirectionalLaser","floor":2.0},{"not_picked":["NonDirectionalLaser","SuperPerseids"],"picked":"BlazeAway","floor":2.0},{"not_picked":["IllusionStar","ChargingUp"],"picked":"WitchLeyline","floor":7.0},{"not_picked":["WitchOfGreed","ShootTheMoon"],"picked":"MaximisePower","floor":8.0},{"not_picked":["BlazingStar","UltimateShortwave"],"picked":"CasketOfStar","floor":9.0},{"not_picked":["DC","DoubleSpark","UnstableBomb"],"picked":"SKIP","floor":9.0},{"not_picked":["DC","UnstableBomb"],"picked":"DoubleSpark","floor":9.0},{"not_picked":["WitchOfGreed","UnstableBomb","DarkSpark"],"picked":"Singing Bowl","floor":10.0},{"not_picked":["ManaConvection","PowerUp"],"picked":"SatelliteIllusion","floor":14.0}],"player_experience":396439,"relics_obtained":[{"floor":8.0,"key":"FossilizedHelix"},{"floor":10.0,"key":"Toy Ornithopter"},{"floor":11.0,"key":"Pear"},{"floor":16.0,"key":"Replay:Baseball"}],"event_choices":[],"is_beta":false,"boss_relics":[],"items_purged_floors":[],"is_endless":false,"potions_floor_spawned":[8,10],"killed_by":"Gensokyo:Reimu","ascension_level":0}}