{"host":"zxkjcgzis4pm3za5","time":1611488438,"event":{"mods":["AchievementEnabler","Act Like it!","BaseMod","Colored Map","Colored Powertips","Friendly Minions","GifTheSpireLib","Minty Spire (QoL Compilation)","Quick Restart","RNG Fix","Random Character Button","Relic Sorter","Relic Stats","StSLib"],"gold_per_floor":[115,127,127,52,52,90,90,90,90],"floor_reached":8,"language":"ENG","playtime":621,"items_purged":[],"score":100,"play_id":"961aa54a-fa0a-4a0b-822b-0a7231dd387d","local_time":"20210124171038","is_ascension_mode":true,"campfire_choices":[{"data":"MentalFortress","floor":7,"key":"SMITH"}],"circlet_count":0,"master_deck":["AscendersBane","Strike_P","Strike_P","Strike_P","Strike_P","Defend_P","Defend_P","Defend_P","Eruption","Vigilance","MentalFortress+1","Conclude","SashWhip"],"relics":["Cursed Key","Golden Idol","Sundial"],"acts_visited":["Exordium"],"potions_floor_usage":[8],"damage_taken":[{"damage":16.0,"enemies":"Small Slimes","floor":1.0,"turns":5.0},{"damage":3,"enemies":"2 Louse","floor":2,"turns":4},{"damage":31,"enemies":"Gremlin Nob","floor":6,"turns":3},{"damage":24,"enemies":"3 Sentries","floor":8,"turns":2}],"seed_played":"7348347110475647904","potions_obtained":[{"floor":6,"key":"DuplicationPotion"}],"is_trial":false,"path_per_floor":["M","M","?","?","?","E","R","E"],"character_chosen":"WATCHER","items_purchased":[],"campfire_rested":0,"item_purchase_floors":[],"current_hp_per_floor":[45,42,42,42,42,11,11,0,0],"gold":90,"neow_bonus":"BOSS_RELIC","is_daily":false,"chose_seed":false,"campfire_upgraded":1,"win_rate":0.0,"timestamp":1611488438,"path_taken":["M","M","?","?","?","E","R","E"],"items_purchased_type":[],"build_version":"2020-12-22","purchased_purges":0,"victory":false,"max_hp_per_floor":[68,68,62,62,62,62,62,62,62],"relic_stats":{"counters":[4,14],"Golden Idol":8,"Sundial":[0],"Cursed Key":0,"obtain_stats":[{"Golden Idol":3,"Sundial":6,"PureWater":0,"Cursed Key":0},{"Golden Idol":2,"Sundial":3,"PureWater":0,"Cursed Key":0},{"Golden Idol":9,"Sundial":12,"PureWater":0,"Cursed Key":0}]},"card_choices":[{"not_picked":["Collect","ForeignInfluence"],"picked":"MentalFortress","floor":1.0},{"not_picked":["PathToVictory","Prostrate"],"picked":"Conclude","floor":2},{"not_picked":["CrushJoints","JustLucky"],"picked":"SashWhip","floor":6}],"player_experience":263267,"relics_obtained":[{"floor":6,"key":"Sundial"}],"event_choices":[{"damage_healed":0,"gold_gain":0,"player_choice":"Lose Max HP","damage_taken":0,"relics_obtained":["Golden Idol"],"max_hp_gain":0,"max_hp_loss":6,"event_name":"Golden Idol","floor":3,"gold_loss":0},{"cards_removed":["Defend_P"],"damage_healed":0,"gold_gain":0,"player_choice":"Card Removal","damage_taken":0,"max_hp_gain":0,"max_hp_loss":0,"event_name":"The Cleric","floor":4,"gold_loss":75},{"damage_healed":0,"gold_gain":0,"player_choice":"Ignored","damage_taken":0,"max_hp_gain":0,"max_hp_loss":0,"event_name":"Liars Game","floor":5,"gold_loss":0}],"is_beta":false,"boss_relics":[],"items_purged_floors":[],"is_endless":false,"potions_floor_spawned":[6],"killed_by":"3 Sentries","ascension_level":17}}