{"host":"ifd7sfhtlbe34qll","time":1611456682,"event":{"mods":["2.2 Compatiblity","Act Like it!","BaseMod","Beaked The Cultist","Block Reminder","Colored Map","Curses Come First","Downfall","Highlight Path","Minty Spire (QoL Compilation)","Potion Indicator Mod","Quick Restart","Random Character Button","Relic Stats","StSLib","Wide Potions"],"gold_per_floor":[118,130,147,160,160,160,160],"floor_reached":6,"language":"ENG","playtime":373,"items_purged":[],"score":38,"play_id":"3dee5f08-be2d-48cf-ad3d-8d95340758e7","local_time":"20210123205122","is_ascension_mode":false,"campfire_choices":[],"circlet_count":0,"master_deck":["beaked:Strike_Y","beaked:Strike_Y","beaked:Strike_Y","beaked:Strike_Y","beaked:Strike_Y","beaked:Strike_Y","beaked:Defend_Y","beaked:Defend_Y","beaked:Defend_Y","beaked:Defend_Y","beaked:Ceremony","beaked:Ceremony","beaked:Ceremony","beaked:WarriorEssence","beaked:Hexing","beaked:Daydream","beaked:MachineEssence"],"relics":["beaked:MendingPlumage"],"acts_visited":["Exordium"],"potions_floor_usage":[6],"damage_taken":[{"damage":6,"enemies":"Jaw Worm","floor":1,"turns":5},{"damage":5,"enemies":"Small Slimes","floor":2,"turns":4},{"damage":12,"enemies":"Cultist","floor":3,"turns":5},{"damage":64,"enemies":"Exordium Thugs","floor":4,"turns":8},{"damage":25,"enemies":"Gremlin Nob","floor":6,"turns":3}],"seed_played":"9209720323052822643","potions_obtained":[{"floor":4,"key":"Strength Potion"}],"is_trial":false,"path_per_floor":["M","M","M","M","?","E"],"character_chosen":"BEAKED_THE_CULTIST","items_purchased":[],"campfire_rested":0,"item_purchase_floors":[],"current_hp_per_floor":[55,55,50,10,10,0,0],"gold":160,"neow_bonus":"TEN_PERCENT_HP_BONUS","is_daily":false,"chose_seed":false,"campfire_upgraded":0,"win_rate":0.0,"timestamp":1611456682,"path_taken":["M","M","M","M","?","E"],"items_purchased_type":[],"build_version":"2020-12-22","purchased_purges":0,"victory":false,"max_hp_per_floor":[55,55,55,55,55,55,55],"relic_stats":{"counters":[5,25],"obtain_stats":[{"beaked:MendingPlumage":0},{"beaked:MendingPlumage":0},{"beaked:MendingPlumage":0}]},"card_choices":[{"not_picked":["beaked:Evade","beaked:Resilience"],"picked":"beaked:WarriorEssence","floor":1},{"not_picked":["beaked:Pecker","beaked:TuckingFeathers"],"picked":"beaked:Hexing","floor":2},{"not_picked":["beaked:Evade","beaked:Hexing"],"picked":"beaked:Daydream","floor":3},{"not_picked":["beaked:Redirect","beaked:CursingBlood"],"picked":"beaked:MachineEssence","floor":4}],"player_experience":1704972,"relics_obtained":[],"event_choices":[{"damage_healed":0,"gold_gain":0,"player_choice":"Fled","damage_taken":0,"max_hp_gain":0,"max_hp_loss":0,"event_name":"Scrap Ooze","floor":5,"gold_loss":0}],"is_beta":false,"boss_relics":[],"items_purged_floors":[],"is_endless":false,"potions_floor_spawned":[4],"killed_by":"Gremlin Nob","ascension_level":0}}