{"host":"9tdk3zzhmpo6o3dg","time":1611457127,"event":{"mods":["AchievementEnabler","Act Like it!","BaseMod","Downfall","Gensokyo","Hermit","Koishi","Marisa（F雨　魔理沙）","Minty Spire (QoL Compilation)","Remilia（蕾米莉亚）","SOS（斯巴达之子）","Shop Mod","StSLib","The Alterego","The Cursed","The Hierophant","The Marked","The Senshi","The Servant 0.9.4","WarShipGirlsR/战舰少女R mod"],"gold_per_floor":[111,121,140,240,240,566,8,8,8,26,43,76,133,143,143,244,244,255,267,8,208,7,40,40,67,91,120,137,155,255,275,275,376,376,396,396,407,424,64,93,93,112,187,187,214,214,214,240,240,240,240,240,2,34,34],"floor_reached":56,"language":"ZHS","playtime":2994,"items_purged":["FollowUp"],"score":1608,"play_id":"427cc8ed-22ed-446d-ad5d-2fcf81eb66b6","local_time":"20210124105847","is_ascension_mode":true,"campfire_choices":[{"data":"Eruption","floor":8.0,"key":"SMITH"},{"data":"Scrawl","floor":15.0,"key":"SMITH"},{"data":"Ragnarok","floor":24.0,"key":"SMITH"},{"data":"Ragnarok","floor":32.0,"key":"SMITH"},{"data":"Blasphemy","floor":41.0,"key":"SMITH"},{"floor":44.0,"key":"RECALL"},{"data":"WreathOfFlame","floor":49.0,"key":"SMITH"},{"data":"JustLucky","floor":52,"key":"SMITH"}],"circlet_count":0,"master_deck":["Strike_P","Strike_P","Strike_P","Strike_P","Defend_P","Defend_P","Defend_P","Defend_P","Eruption+1","Vigilance","Ragnarok+1","MentalFortress","CurseOfTheBell","CurseOfTheBell","Decay","Scrawl+1","Normality","downfall:Malfunctioning","FlurryOfBlows","EmptyBody+1","Vengeance","Ragnarok+1","FlyingSleeves","JustLucky+1","JustLucky","FlyingSleeves","JustLucky+1","Ragnarok+1","Consecrate+1","Blasphemy+1","Writhe","WreathOfFlame+1","Omniscience+1","PanicButton+1"],"relics":["HolyWater","NeowsBlessing","downfall:ExtraCursedBell","Nunchaku","Pantograph","Du-Vu Doll","Old Coin","Singing Bowl","Turnip","Pocketwatch","Ancient Tea Set","Blood Vial","Velvet Choker","HornCleat","DollysMirror","Incense Burner","Letter Opener","Bag of Preparation","The Courier","Unceasing Top","Mercury Hourglass","Oddly Smooth Stone","MerchantsRug","Potion Belt","Toy Ornithopter","AntiCross","Vajra","Bag of Marbles","War Paint"],"acts_visited":["Exordium","TheCity","TheBeyond","TheEnding"],"potions_floor_usage":[50,55,55,55,55],"damage_taken":[{"damage":0.0,"enemies":"Cultist","floor":1.0,"turns":1.0},{"damage":0.0,"enemies":"Small Slimes","floor":2.0,"turns":1.0},{"damage":0.0,"enemies":"Jaw Worm","floor":3.0,"turns":1.0},{"damage":0.0,"enemies":"Lagavulin","floor":6.0,"turns":3.0},{"damage":0.0,"enemies":"3 Louse","floor":10.0,"turns":1.0},{"damage":13.0,"enemies":"Lots of Slimes","floor":11.0,"turns":3.0},{"damage":18.0,"enemies":"3 Sentries","floor":12.0,"turns":5.0},{"damage":40.0,"enemies":"3 Sentries","floor":13.0,"turns":5.0},{"damage":0.0,"enemies":"Exordium Wildlife","floor":14.0,"turns":1.0},{"damage":19.0,"enemies":"The Guardian","floor":16.0,"turns":5.0},{"damage":0.0,"enemies":"3 Byrds","floor":18.0,"turns":3.0},{"damage":5.0,"enemies":"Shell Parasite","floor":19.0,"turns":2.0},{"damage":6.0,"enemies":"Gremlin Leader","floor":23.0,"turns":4.0},{"damage":5.0,"enemies":"Book of Stabbing","floor":25.0,"turns":3.0},{"damage":0.0,"enemies":"Gremlin Leader","floor":27.0,"turns":3.0},{"damage":0.0,"enemies":"Snecko","floor":28.0,"turns":2.0},{"damage":0.0,"enemies":"Shelled Parasite and Fungi","floor":29.0,"turns":1.0},{"damage":0.0,"enemies":"Colosseum Slavers","floor":30.0,"turns":1.0},{"damage":0.0,"enemies":"Colosseum Nobs","floor":30.0,"turns":1.0},{"damage":0.0,"enemies":"3 Cultists","floor":31.0,"turns":2.0},{"damage":34.0,"enemies":"Champ","floor":33.0,"turns":5.0},{"damage":12.0,"enemies":"3 Shapes","floor":35.0,"turns":1.0},{"damage":12.0,"enemies":"3 Darklings","floor":37.0,"turns":2.0},{"damage":0.0,"enemies":"Sphere and 2 Shapes","floor":38.0,"turns":2.0},{"damage":0.0,"enemies":"Reptomancer","floor":40.0,"turns":2.0},{"damage":0.0,"enemies":"Maw","floor":42.0,"turns":2.0},{"damage":8.0,"enemies":"Nemesis","floor":45.0,"turns":3.0},{"damage":26.0,"enemies":"Giant Head","floor":48.0,"turns":5.0},{"damage":29,"enemies":"Awakened One","floor":50,"turns":4},{"damage":10,"enemies":"Shield and Spear","floor":54,"turns":2},{"damage":81,"enemies":"The Heart","floor":55,"turns":5}],"seed_played":"-5483023718034576349","potions_obtained":[{"floor":2.0,"key":"Regen Potion"},{"floor":6.0,"key":"Dexterity Potion"},{"floor":12.0,"key":"Strength Potion"},{"floor":16.0,"key":"bronze:BurnAndBuffPotion"},{"floor":23.0,"key":"GamblersBrew"},{"floor":27.0,"key":"SteroidPotion"},{"floor":40.0,"key":"ColorlessPotion"},{"floor":54,"key":"DistilledChaos"}],"is_trial":false,"path_per_floor":["M","M","M","?","?","E","$","R","T","M","M","E","?","M","R","B",null,"M","M","$","?","$","E","R","E","T","E","M","M","?","M","R","B",null,"M","?","M","M","$","E","R","M","T","R","E","?","?","E","R","B",null,"R","$","E","B",null],"character_chosen":"WATCHER","items_purchased":["Singing Bowl","Turnip","HornCleat","JustLucky","DollysMirror","WreathOfFlame","Oddly Smooth Stone","MerchantsRug","Vajra","Bag of Marbles"],"campfire_rested":0,"item_purchase_floors":[7,7,20,22,22,39,39,39,53,53],"current_hp_per_floor":[72,72,72,77,77,77,77,77,77,79,66,50,26,28,28,36,83,85,80,80,80,80,76,76,75,75,79,83,85,89,91,91,57,91,81,93,83,87,87,89,89,93,93,93,89,89,89,67,67,70,103,103,103,95,29],"gold":34,"neow_bonus":"THREE_ENEMY_KILL","is_daily":false,"chose_seed":false,"campfire_upgraded":7,"win_rate":0.0,"timestamp":1611457127,"path_taken":["M","M","?","?","?","E","$","R","T","?","?","E","?","M","R","BOSS","M","M","$","?","$","E","R","E","T","E","?","M","?","M","R","BOSS","M","?","M","M","$","E","R","M","T","R","E","?","?","E","R","BOSS","R","$","E","BOSS"],"items_purchased_type":["Relic","Relic","Relic","Card","Relic","Card","Relic","Relic","Relic","Relic"],"build_version":"2020-12-22","purchased_purges":1,"victory":true,"max_hp_per_floor":[72,72,72,77,77,77,77,77,77,79,79,81,83,83,83,83,83,85,85,85,85,85,85,85,87,87,89,91,91,91,91,91,91,91,93,93,95,97,97,97,97,99,99,99,101,101,101,103,103,103,103,103,103,105,105],"card_choices":[{"not_picked":["SashWhip","BowlingBash"],"picked":"FollowUp","floor":1.0},{"not_picked":["ThirdEye","Crescendo"],"picked":"Ragnarok","floor":2.0},{"not_picked":["Weave","Protect"],"picked":"MentalFortress","floor":3.0},{"not_picked":["FollowUp","ThirdEye"],"picked":"FlurryOfBlows","floor":6.0},{"not_picked":["SashWhip","Consecrate","CrushJoints"],"picked":"Singing Bowl","floor":10.0},{"not_picked":["Collect","Sanctity"],"picked":"EmptyBody","floor":11.0},{"not_picked":["DeceiveReality","Conclude","Adaptation"],"picked":"Singing Bowl","floor":12.0},{"not_picked":["FollowUp","EmptyBody","FearNoEvil"],"picked":"Singing Bowl","floor":13.0},{"not_picked":["Perseverance","ClearTheMind"],"picked":"Vengeance","floor":14.0},{"not_picked":["Devotion","SpiritShield"],"picked":"Ragnarok","floor":16.0},{"not_picked":["ThirdEye+1","EmptyMind+1","ClearTheMind"],"picked":"Singing Bowl","floor":18.0},{"not_picked":["PathToVictory","EmptyFist"],"picked":"FlyingSleeves","floor":19.0},{"not_picked":["FollowUp","LikeWater"],"picked":"FlyingSleeves","floor":23.0},{"not_picked":["Nirvana","Protect+1","EmptyBody"],"picked":"Singing Bowl","floor":25.0},{"not_picked":["Alpha","CrushJoints","FearNoEvil"],"picked":"Singing Bowl","floor":27.0},{"not_picked":["Vengeance","EmptyBody","PathToVictory"],"picked":"Singing Bowl","floor":28.0},{"not_picked":["SashWhip","ReachHeaven"],"picked":"JustLucky+1","floor":29.0},{"not_picked":["SignatureMove","Indignation"],"picked":"Ragnarok","floor":30.0},{"not_picked":["PathToVictory","Crescendo"],"picked":"Consecrate+1","floor":31.0},{"not_picked":["Ragnarok","DeusExMachina"],"picked":"Blasphemy","floor":33.0},{"not_picked":["Prostrate","BattleHymn+1","Weave+1"],"picked":"Singing Bowl","floor":35.0},{"not_picked":["Crescendo+1","ThirdEye","EmptyFist+1"],"picked":"Singing Bowl","floor":37.0},{"not_picked":["Crescendo+1","EmptyFist+1","EmptyBody"],"picked":"Singing Bowl","floor":38.0},{"not_picked":["Protect+1","EmptyFist"],"picked":"Omniscience","floor":40.0},{"not_picked":["FollowUp+1","Vengeance","CrushJoints"],"picked":"Singing Bowl","floor":42.0},{"not_picked":["FlurryOfBlows+1","ThirdEye+1","EmptyMind"],"picked":"Singing Bowl","floor":45.0},{"not_picked":["Swift Strike","Mind Blast"],"picked":"PanicButton","floor":46.0},{"not_picked":["CutThroughFate","LikeWater+1","Alpha"],"picked":"Singing Bowl","floor":48.0},{"not_picked":["BowlingBash+1","EmptyBody+1","PathToVictory+1"],"picked":"Singing Bowl","floor":54}],"player_experience":210592,"relics_obtained":[{"floor":4.0,"key":"Nunchaku"},{"floor":4.0,"key":"Pantograph"},{"floor":4.0,"key":"Du-Vu Doll"},{"floor":6.0,"key":"Old Coin"},{"floor":9.0,"key":"Pocketwatch"},{"floor":12.0,"key":"Ancient Tea Set"},{"floor":13.0,"key":"Blood Vial"},{"floor":23.0,"key":"Incense Burner"},{"floor":25.0,"key":"Letter Opener"},{"floor":26.0,"key":"Bag of Preparation"},{"floor":27.0,"key":"The Courier"},{"floor":30.0,"key":"Unceasing Top"},{"floor":30.0,"key":"Mercury Hourglass"},{"floor":40.0,"key":"Potion Belt"},{"floor":45.0,"key":"Toy Ornithopter"},{"floor":48.0,"key":"AntiCross"},{"floor":54,"key":"War Paint"}],"event_choices":[{"damage_healed":0.0,"max_hp_gain":0.0,"max_hp_loss":0.0,"gold_gain":0.0,"event_name":"Accursed Blacksmith","player_choice":"Forge","floor":5.0,"gold_loss":0.0,"damage_taken":0.0,"cards_upgraded":["Ragnarok"]},{"damage_healed":0.0,"max_hp_gain":0.0,"max_hp_loss":0.0,"gold_gain":0.0,"event_name":"Dead Adventurer","player_choice":"Searched \u00271\u0027 times","floor":13.0,"gold_loss":0.0,"damage_taken":0.0},{"damage_healed":0.0,"max_hp_gain":0.0,"max_hp_loss":0.0,"gold_gain":200.0,"event_name":"Wheel of Change","player_choice":"Gold","floor":21.0,"gold_loss":0.0,"damage_taken":0.0},{"damage_healed":0.0,"max_hp_gain":0.0,"max_hp_loss":0.0,"gold_gain":0.0,"event_name":"Colosseum","player_choice":"Fight","floor":30.0,"gold_loss":0.0,"damage_taken":0.0},{"damage_healed":0.0,"max_hp_gain":0.0,"max_hp_loss":0.0,"gold_gain":0.0,"event_name":"Colosseum","player_choice":"Fought Nobs","floor":30.0,"gold_loss":0.0,"damage_taken":0.0},{"damage_healed":23.0,"max_hp_gain":0.0,"max_hp_loss":0.0,"gold_gain":0.0,"event_name":"Winding Halls","player_choice":"Writhe","floor":36.0,"gold_loss":0.0,"damage_taken":0.0,"cards_obtained":["Writhe"]},{"damage_healed":0.0,"max_hp_gain":0.0,"max_hp_loss":0.0,"gold_gain":0.0,"event_name":"SensoryStone","player_choice":"Memory 1","floor":46.0,"gold_loss":0.0,"damage_taken":0.0},{"damage_healed":0.0,"max_hp_gain":0.0,"max_hp_loss":0.0,"gold_gain":0.0,"event_name":"Upgrade Shrine","player_choice":"Upgraded","floor":47.0,"gold_loss":0.0,"damage_taken":0.0,"cards_upgraded":["Omniscience"]}],"is_beta":false,"boss_relics":[{"not_picked":["Runic Pyramid","Black Star"],"picked":"Velvet Choker"},{"not_picked":["Philosopher\u0027s Stone","Tiny House"],"picked":"HolyWater"}],"items_purged_floors":[39],"is_endless":false,"potions_floor_spawned":[2,6,12,16,23,25,27,30,37,38,40,54],"ascension_level":1}}