{"host":"lsq35p0sdkx2xifo","time":1611498858,"event":{"mods":["AchievementEnabler","BaseMod","Highlight Path","Minty Spire (QoL Compilation)","StSLib"],"gold_per_floor":[14,14,35,59,14,14,47,47,47,47,81,131,175,200,200,293,293,308,321,20,41,55,96,96,96,96,135,14,38,38,38,38,131,131,145,159,10,24,357,389,15,69,69,69,83,95,95,126,126,126,126],"floor_reached":50,"language":"ENG","playtime":4261,"items_purged":["Defend_G","Strike_G"],"score":1164,"play_id":"1a242d1c-f718-4c82-852b-1bb2a81ae178","local_time":"20210124063418","is_ascension_mode":true,"campfire_choices":[{"data":"Neutralize","floor":6,"key":"SMITH"},{"floor":8,"key":"REST"},{"data":"Calculated Gamble","floor":15,"key":"SMITH"},{"data":"Dagger Throw","floor":24,"key":"SMITH"},{"data":"Accuracy","floor":30,"key":"SMITH"},{"floor":32,"key":"REST"},{"floor":47,"key":"RECALL"},{"floor":49,"key":"REST"}],"circlet_count":0,"master_deck":["AscendersBane","Strike_G","Strike_G","Defend_G","Defend_G","Defend_G","Survivor","Neutralize+1","Footwork","Dagger Throw+1","Calculated Gamble+1","Acrobatics","Underhanded Strike","Venomology+1","Deflect+1","Backflip+1","Venomology+1","Cloak And Dagger+1","Backflip+1","Footwork","Dagger Throw","Blade Dance+1","Footwork","Underhanded Strike","Caltrops","Accuracy+1","Trip+1","Prepared+1","Burst+1","Footwork","Finisher","Underhanded Strike","Heel Hook","Underhanded Strike","Blur+1","Footwork","Calculated Gamble+1","Venomology+1","Prepared+1","Storm of Steel+1"],"relics":["Ring of the Snake","Toxic Egg 2","Ninja Scroll","Meat on the Bone","Regal Pillow","HoveringKite","Toy Ornithopter","Pen Nib","Matryoshka","Bag of Preparation","SlaversCollar","Orichalcum","Shuriken","Tingsha","Juzu Bracelet","Bird Faced Urn"],"acts_visited":["Exordium","TheCity","TheBeyond"],"potions_floor_usage":[7,11,13,13,16,16,16,19,19,21,21,21,21,22,22,23,23,23,27,27,33,33,33,35,35,36,36,38,38,40,40,40,42,45,46,46,46,48,48,50,50,50,50],"damage_taken":[{"damage":0,"enemies":"Small Slimes","floor":1,"turns":4},{"damage":0,"enemies":"Cultist","floor":3,"turns":6},{"damage":0,"enemies":"Jaw Worm","floor":4,"turns":6},{"damage":20,"enemies":"Gremlin Nob","floor":7,"turns":4},{"damage":11,"enemies":"Lagavulin","floor":11,"turns":7},{"damage":0,"enemies":"Gremlin Nob","floor":13,"turns":2},{"damage":0,"enemies":"Looter","floor":14,"turns":2},{"damage":6,"enemies":"Slime Boss","floor":16,"turns":9},{"damage":7,"enemies":"3 Byrds","floor":18,"turns":8},{"damage":4,"enemies":"Spheric Guardian","floor":19,"turns":4},{"damage":7,"enemies":"Shelled Parasite and Fungi","floor":21,"turns":7},{"damage":6,"enemies":"3 Cultists","floor":22,"turns":7},{"damage":18,"enemies":"Gremlin Leader","floor":23,"turns":9},{"damage":11,"enemies":"Slavers","floor":27,"turns":9},{"damage":12,"enemies":"Cultist and Chosen","floor":29,"turns":3},{"damage":39,"enemies":"Automaton","floor":33,"turns":8},{"damage":0,"enemies":"3 Darklings","floor":35,"turns":4},{"damage":11,"enemies":"3 Shapes","floor":36,"turns":6},{"damage":3,"enemies":"Writhing Mass","floor":38,"turns":6},{"damage":36,"enemies":"Nemesis","floor":40,"turns":5},{"damage":8,"enemies":"2 Orb Walkers","floor":42,"turns":3},{"damage":0,"enemies":"Jaw Worm Horde","floor":45,"turns":3},{"damage":6,"enemies":"4 Shapes","floor":46,"turns":3},{"damage":23,"enemies":"Reptomancer","floor":48,"turns":3},{"damage":84,"enemies":"Time Eater","floor":50,"turns":6}],"seed_played":"7241196386112712919","potions_obtained":[{"floor":1,"key":"CunningPotion"},{"floor":7,"key":"Ancient Potion"},{"floor":11,"key":"LiquidMemories"},{"floor":14,"key":"SteroidPotion"},{"floor":19,"key":"Block Potion"},{"floor":23,"key":"Dexterity Potion"},{"floor":27,"key":"Dexterity Potion"},{"floor":33,"key":"Block Potion"},{"floor":36,"key":"DistilledChaos"},{"floor":46,"key":"SteroidPotion"},{"floor":48,"key":"AttackPotion"}],"is_trial":false,"path_per_floor":["M","?","M","M","$","R","E","R","T","?","E","?","E","M","R","B",null,"M","M","$","M","M","E","R","?","T","E","$","M","R","?","R","B",null,"M","M","$","M","?","E","$","?","T","?","M","M","R","E","R","B"],"character_chosen":"THE_SILENT","items_purchased":["Acrobatics","Toy Ornithopter","Footwork","Accuracy","Trip+1","Underhanded Strike","Blur+1","Shuriken","Footwork"],"campfire_rested":3,"item_purchase_floors":[5,20,20,28,28,37,41,41,41],"current_hp_per_floor":[59,59,59,59,59,59,39,57,57,50,39,39,39,39,39,33,53,46,42,42,53,54,51,51,51,51,49,49,37,37,37,60,38,55,60,54,54,57,57,34,34,31,31,31,36,45,45,32,60,0,0],"gold":126,"neow_bonus":"REMOVE_TWO","is_daily":false,"chose_seed":false,"campfire_upgraded":4,"win_rate":0.0,"timestamp":1611498858,"path_taken":["M","?","M","M","$","R","E","R","T","?","E","?","E","M","R","BOSS","M","M","$","M","?","E","R","?","T","E","$","M","R","?","R","BOSS","M","M","$","M","?","E","$","?","T","?","M","M","R","E","R","BOSS"],"items_purchased_type":["Card","Relic","Card","Card","Card","Card","Card","Relic","Card"],"build_version":"2020-12-22","purchased_purges":2,"victory":false,"max_hp_per_floor":[66,60,60,60,60,60,60,60,60,60,60,60,60,60,60,60,60,60,60,60,60,60,60,60,60,60,60,60,60,60,60,60,60,60,60,60,60,60,60,60,60,60,60,60,60,60,60,60,60,60,60],"card_choices":[{"not_picked":["Leg Sweep","Dagger Spray"],"picked":"Footwork","floor":1},{"not_picked":["Skewer","Dodge and Roll"],"picked":"Dagger Throw","floor":3},{"not_picked":["Noxious Fumes","Caltrops"],"picked":"Calculated Gamble","floor":4},{"not_picked":["Dodge and Roll+1","Backflip+1"],"picked":"Underhanded Strike","floor":7},{"not_picked":["Escape Plan+1","Backstab"],"picked":"Venomology+1","floor":11},{"not_picked":["Dodge and Roll+1","Deadly Poison+1"],"picked":"Deflect+1","floor":13},{"not_picked":["Skewer","Outmaneuver+1"],"picked":"Backflip+1","floor":14},{"not_picked":["Burst+1","Tools of the Trade"],"picked":"Venomology+1","floor":16},{"not_picked":["Blade Dance+1","Deadly Poison+1"],"picked":"Cloak And Dagger+1","floor":18},{"not_picked":["Distraction+1","Bane"],"picked":"Backflip+1","floor":19},{"not_picked":["Blade Dance+1","Noxious Fumes"],"picked":"Dagger Throw","floor":21},{"not_picked":["Expertise+1","Poisoned Stab"],"picked":"Blade Dance+1","floor":22},{"not_picked":["Blade Dance+1","Outmaneuver+1"],"picked":"Footwork","floor":23},{"not_picked":["Burst+1","Leg Sweep+1"],"picked":"Caltrops","floor":27},{"not_picked":["Skewer","Outmaneuver+1"],"picked":"Prepared+1","floor":29},{"not_picked":["Die Die Die","Doppelganger+1"],"picked":"Burst+1","floor":33},{"not_picked":["Backflip+1","PiercingWail+1"],"picked":"Footwork","floor":35},{"not_picked":["Slice","Outmaneuver+1"],"picked":"Finisher","floor":36},{"not_picked":["Skewer+1","Blade Dance+1"],"picked":"Heel Hook","floor":38},{"not_picked":["Predator","Dodge and Roll+1"],"picked":"Underhanded Strike","floor":40},{"not_picked":["PiercingWail+1","Terror+1"],"picked":"Calculated Gamble+1","floor":42},{"not_picked":["Bane+1","Dash"],"picked":"Prepared+1","floor":45},{"not_picked":["Distraction+1","Wraith Form v2","Dagger Spray"],"picked":"SKIP","floor":46},{"not_picked":["Escape Plan+1","Bane"],"picked":"Storm of Steel+1","floor":48}],"player_experience":1255756,"relics_obtained":[{"floor":7,"key":"Toxic Egg 2"},{"floor":9,"key":"Ninja Scroll"},{"floor":11,"key":"Meat on the Bone"},{"floor":13,"key":"Regal Pillow"},{"floor":23,"key":"Pen Nib"},{"floor":26,"key":"Matryoshka"},{"floor":27,"key":"Bag of Preparation"},{"floor":40,"key":"Orichalcum"},{"floor":42,"key":"Tingsha"},{"floor":43,"key":"Juzu Bracelet"},{"floor":48,"key":"Bird Faced Urn"}],"event_choices":[{"damage_healed":0,"gold_gain":0,"player_choice":"Lose Max HP","damage_taken":0,"relics_obtained":["Golden Idol"],"max_hp_gain":0,"max_hp_loss":6,"event_name":"Golden Idol","floor":2,"gold_loss":0},{"cards_removed":["Strike_G"],"damage_healed":0,"gold_gain":0,"player_choice":"Card Removal","damage_taken":7,"max_hp_gain":0,"max_hp_loss":0,"event_name":"Golden Wing","floor":10,"gold_loss":0},{"damage_healed":0,"gold_gain":50,"player_choice":"Pray","damage_taken":0,"max_hp_gain":0,"max_hp_loss":0,"event_name":"Golden Shrine","floor":12,"gold_loss":0},{"damage_healed":0,"gold_gain":0,"player_choice":"Read","damage_taken":0,"max_hp_gain":0,"max_hp_loss":0,"event_name":"The Library","floor":25,"gold_loss":0,"cards_obtained":["Underhanded Strike"]},{"damage_healed":0,"gold_gain":0,"player_choice":"Ignored","damage_taken":0,"max_hp_gain":0,"max_hp_loss":0,"event_name":"Vampires","floor":31,"gold_loss":0},{"damage_healed":0,"gold_gain":333,"player_choice":"Gave Idol","damage_taken":0,"max_hp_gain":0,"max_hp_loss":0,"event_name":"The Moai Head","floor":39,"relics_lost":["Golden Idol"],"gold_loss":0},{"damage_healed":0,"gold_gain":0,"player_choice":"Fight","damage_taken":0,"max_hp_gain":0,"max_hp_loss":0,"event_name":"Mysterious Sphere","floor":42,"gold_loss":0},{"damage_healed":0,"gold_gain":0,"player_choice":"Copied","damage_taken":0,"max_hp_gain":0,"max_hp_loss":0,"event_name":"Duplicator","floor":44,"gold_loss":0,"cards_obtained":["Venomology"]}],"is_beta":false,"boss_relics":[{"not_picked":["Empty Cage","Black Star"],"picked":"HoveringKite"},{"not_picked":["Cursed Key","Velvet Choker"],"picked":"SlaversCollar"}],"items_purged_floors":[20,37],"is_endless":false,"potions_floor_spawned":[1,7,11,14,19,23,27,33,36,46,48],"killed_by":"Time Eater","ascension_level":15}}