{"host":"uu8qcv8llpcbwyus","time":1611474715,"event":{"mods":["100% Spire Juice","BaseMod","CapriCore","Conspire","Downfall","HololiveMod","Hubris","Marisa（霧雨　魔理沙）","Minty Spire (QoL Compilation)","Reimu（博??梦）","Remilia（蕾米莉?）","Replay The Spire","StSLib","The Administrix","The Animator","The Gatherer","The Immortal","The Servant 0.9.4","TheSwordswoman","WarShipGirlsR/??少女R mod","Yakumo Yukari mod"],"gold_per_floor":[115,7,7,18,18,18,33,33,33,49,49,83,100,100,100,202,202,212,212,212,230,53,53,14,26,49,49,62,62,62,62],"floor_reached":30,"language":"ENG","playtime":950,"items_purged":[],"score":278,"play_id":"fc4ae3bf-6a64-4f1c-a503-8f2067c9c1f9","local_time":"20210123235155","is_ascension_mode":true,"campfire_choices":[{"data":"Moonworks:IndiscriminateFireSupport","floor":6,"key":"SMITH"},{"data":"Moonworks:LulusLuckyEgg","floor":8,"key":"SMITH"},{"data":"Moonworks:BigMagnum","floor":15,"key":"SMITH"},{"data":"Moonworks:TacticalRetreat","floor":23,"key":"SMITH"},{"data":"Moonworks:CloudOfSeagulls","floor":27,"key":"SMITH"},{"data":"Moonworks:CloudOfSeagulls","floor":29,"key":"SMITH"}],"circlet_count":0,"master_deck":["Moonworks:Strike","Moonworks:Strike","Moonworks:Strike","Moonworks:Strike","Moonworks:Defend","Moonworks:Defend","Moonworks:Defend","Moonworks:Defend","Moonworks:Ambush+1","Moonworks:LongDistanceShot","Moonworks:IndiscriminateFireSupport+1","Moonworks:LulusLuckyEgg+1","Moonworks:BigMagnum+1","Moonworks:NicePresent","Moonworks:ReflectiveShell+1","Moonworks:FullSpeedAlicianrone","Moonworks:TacticalRetreat+1","Moonworks:CookingTime","Moonworks:CloudOfSeagulls+1","Moonworks:CloudOfSeagulls+1","Moonworks:SelfDestruct+1"],"relics":["Moonworks:BrokenBomb","Moonworks:Homemark","Sundial","Boot","Hololive_ChaosS","TentaclePot:ReiMu","ReplayFunnel"],"acts_visited":["Exordium","TheCity"],"potions_floor_usage":[],"damage_taken":[{"damage":6,"enemies":"Cultist","floor":1,"turns":3},{"damage":7,"enemies":"2 Louse","floor":2,"turns":3},{"damage":0,"enemies":"Small Slimes","floor":4,"turns":3},{"damage":4,"enemies":"2 Fungi Beasts","floor":7,"turns":2},{"damage":0,"enemies":"Large Slime","floor":10,"turns":5},{"damage":15,"enemies":"conspire:MimicChest","floor":12,"turns":6},{"damage":6,"enemies":"3 Louse","floor":13,"turns":2},{"damage":18,"enemies":"The Guardian","floor":16,"turns":7},{"damage":0,"enemies":"3 Byrds","floor":18,"turns":6},{"damage":12,"enemies":"Chosen","floor":21,"turns":2},{"damage":56,"enemies":"Snecko","floor":25,"turns":6},{"damage":8,"enemies":"Snake Plant","floor":28,"turns":3},{"damage":21,"enemies":"Centurion and Healer","floor":30,"turns":4}],"seed_played":"4281968613888016871","potions_obtained":[{"floor":1,"key":"FairyPotion"},{"floor":7,"key":"SpeedPotion"},{"floor":12,"key":"Swift Potion"},{"floor":18,"key":"Adrenaline Potion"},{"floor":28,"key":"LiquidBronze"}],"is_trial":false,"path_per_floor":["M","M","?","M","?","R","M","R","T","M","?","?","M","?","R","B",null,"M","?","?","M","$","R","$","M","T","R","M","R","M"],"character_chosen":"THE_STARBREAKER","items_purchased":["TentaclePot:ReiMu","Moonworks:CookingTime","Moonworks:CloudOfSeagulls"],"campfire_rested":0,"item_purchase_floors":[22,22,24],"current_hp_per_floor":[54,47,52,52,52,52,48,48,48,48,35,20,14,75,75,57,75,75,75,61,49,49,49,49,24,24,24,16,16,0,0],"gold":62,"neow_bonus":"ONE_RANDOM_RARE_CARD","is_daily":false,"chose_seed":false,"campfire_upgraded":6,"win_rate":0.0,"timestamp":1611474715,"path_taken":["M","?","?","M","?","R","M","R","T","M","?","?","M","?","R","BOSS","M","?","?","M","?","R","$","M","T","R","M","R","M"],"items_purchased_type":["Relic","Card","Card"],"build_version":"2020-12-22","purchased_purges":0,"victory":false,"max_hp_per_floor":[60,60,65,65,65,65,65,65,65,65,65,65,65,75,75,75,75,75,75,80,80,80,80,80,80,80,80,80,80,80,80],"card_choices":[{"not_picked":["Moonworks:BigBangBell","Moonworks:ImOnFire"],"picked":"Moonworks:IndiscriminateFireSupport","floor":1},{"not_picked":["Moonworks:IndiscriminateFireSupport","Moonworks:ExtendedPhotonRifle","Moonworks:Assault"],"picked":"SKIP","floor":2},{"not_picked":["Moonworks:DeployBits","Moonworks:ImOnFire"],"picked":"Moonworks:LulusLuckyEgg","floor":4},{"not_picked":["Moonworks:BeyondHell","Moonworks:Assault","Moonworks:CastOff"],"picked":"SKIP","floor":7},{"not_picked":["Moonworks:ForcedRevival","Moonworks:DeployBits"],"picked":"Moonworks:BigMagnum","floor":10},{"not_picked":["Moonworks:TreasureThief","Moonworks:IndiscriminateFireSupport"],"picked":"Moonworks:NicePresent","floor":12},{"not_picked":["Moonworks:CompletionReward","Moonworks:BigMagnum","Moonworks:MiracleRedBeanIceCream"],"picked":"SKIP","floor":13},{"not_picked":["Moonworks:Accelerator","Moonworks:Gamble"],"picked":"Moonworks:ReflectiveShell","floor":16},{"not_picked":["Moonworks:DeployBits","Moonworks:IndiscriminateFireSupport+1"],"picked":"Moonworks:FullSpeedAlicianrone","floor":18},{"not_picked":["Moonworks:AngelHand","Moonworks:Flamethrower"],"picked":"Moonworks:TacticalRetreat","floor":21},{"not_picked":["Moonworks:ExtendedPhotonRifle+1","Moonworks:BigMagnum","Moonworks:ImOnFire"],"picked":"SKIP","floor":25},{"not_picked":["Moonworks:SakisCookie","Moonworks:NicePresent"],"picked":"Moonworks:SelfDestruct+1","floor":28}],"player_experience":1145518,"relics_obtained":[{"floor":9,"key":"Sundial"},{"floor":12,"key":"Boot"},{"floor":26,"key":"ReplayFunnel"}],"event_choices":[{"damage_healed":0,"gold_gain":0,"player_choice":"Donut","damage_taken":0,"max_hp_gain":5,"max_hp_loss":0,"event_name":"Big Fish","floor":3,"gold_loss":0},{"damage_healed":0,"gold_gain":0,"player_choice":"Leave","damage_taken":0,"max_hp_gain":0,"max_hp_loss":0,"event_name":"conspire:Investor","floor":5,"gold_loss":0},{"damage_healed":0,"gold_gain":0,"player_choice":"Entered Light","damage_taken":13,"max_hp_gain":0,"max_hp_loss":0,"event_name":"Shining Light","floor":11,"gold_loss":0,"cards_upgraded":["Moonworks:Ambush","Moonworks:HolyNight"]},{"cards_removed":["Moonworks:HolyNight"],"damage_healed":51,"gold_gain":0,"player_choice":"Offered Rare","damage_taken":0,"max_hp_gain":10,"max_hp_loss":0,"event_name":"Bonfire Elementals","floor":14,"gold_loss":0},{"damage_healed":0,"gold_gain":0,"player_choice":"Shed Blood","damage_taken":19,"max_hp_gain":5,"max_hp_loss":0,"event_name":"Forgotten Altar","floor":20,"gold_loss":0}],"is_beta":false,"boss_relics":[{"not_picked":["SacredBark","hubris:HollowSoul"],"picked":"Hololive_ChaosS"}],"items_purged_floors":[],"is_endless":false,"potions_floor_spawned":[1,7,12,16,18,28],"killed_by":"Centurion and Healer","ascension_level":3}}