{"host":"he07elbwfbprxmdo","time":1611514191,"event":{"mods":["BaseMod","Better Skull","Better Third Choice","Better Vampires","Block Reminder","Clockwork Mod","Colored Map","Downfall","Energized Spire","Fox Events","Halation","Hermit","Highlight Path","Marisa????????","Minty Spire (QoL Compilation)","Relic Stats","StSLib","The Animator","The Servant 0.9.4","Unceasing Turn Reminder"],"gold_per_floor":[99,110,125,135,135,135,158,168,203,203,215,226,226,226,246,246,246,246],"floor_reached":16,"language":"ENG","playtime":1436,"items_purged":[],"score":104,"play_id":"2fb23451-3f3b-47cb-8ec1-ff50e37b7951","local_time":"20210124204951","is_ascension_mode":false,"campfire_choices":[{"data":"Guardian:TwinSlam","floor":1,"key":"SMITH"},{"floor":10,"key":"REST"},{"floor":13,"key":"RECALL"}],"circlet_count":0,"master_deck":["Guardian:Strike_Guardian","Guardian:Strike_Guardian","Guardian:Strike_Guardian","Guardian:Defend_Guardian","Guardian:Defend_Guardian","Guardian:Defend_Guardian","Guardian:Defend_Guardian","Guardian:CurlUp","Guardian:TwinSlam+1","Guardian:EvasiveProtocol","Guardian:Gem_Green","Guardian:RollAttack","Guardian:Gem_Green","Guardian:BaubleBeam"],"relics":["Guardian:ModeShifter","halation:PinkSoulGem","Vajra","InkBottle"],"acts_visited":["Exordium"],"potions_floor_usage":[12,12,16],"damage_taken":[{"damage":0,"enemies":"Cultist","floor":2,"turns":4},{"damage":0,"enemies":"2 Louse","floor":3,"turns":3},{"damage":2,"enemies":"Small Slimes","floor":4,"turns":3},{"damage":0,"enemies":"2 Fungi Beasts","floor":8,"turns":5},{"damage":59,"enemies":"Gremlin Nob","floor":9,"turns":7},{"damage":1,"enemies":"Gremlin Gang","floor":11,"turns":5},{"damage":0,"enemies":"Large Slime","floor":12,"turns":6},{"damage":0,"enemies":"2 Fungi Beasts","floor":15,"turns":3},{"damage":77,"enemies":"DF_ARCHETYPE_STREAMLINE","floor":16,"turns":12}],"seed_played":"339853007621197815","potions_obtained":[{"floor":4,"key":"SteroidPotion"},{"floor":9,"key":"AttackPotion"},{"floor":11,"key":"Weak Potion"}],"is_trial":false,"path_per_floor":["R","M","M","M","?","?","T","M","E","R","M","M","R","?","M","B"],"character_chosen":"GUARDIAN","items_purchased":[],"campfire_rested":1,"item_purchase_floors":[],"current_hp_per_floor":[88,88,88,86,91,91,91,91,32,59,58,58,58,58,58,0,0,0],"gold":246,"neow_bonus":"TEN_PERCENT_HP_BONUS","is_daily":false,"chose_seed":false,"campfire_upgraded":1,"win_rate":0.0,"timestamp":1611514191,"path_taken":["R","M","M","?","?","?","T","M","E","R","M","M","R","?","M","BOSS"],"items_purchased_type":[],"build_version":"2020-12-22","purchased_purges":0,"victory":false,"max_hp_per_floor":[88,88,88,88,93,93,93,93,93,93,93,93,93,93,93,93,93,93],"relic_stats":{"counters":[9,48],"obtain_stats":[{"Guardian:ModeShifter":0,"Vajra":7,"halation:PinkSoulGem":6,"InkBottle":9},{"Guardian:ModeShifter":0,"Vajra":3,"halation:PinkSoulGem":3,"InkBottle":5},{"Guardian:ModeShifter":0,"Vajra":10,"halation:PinkSoulGem":10,"InkBottle":22}],"InkBottle":[8]},"card_choices":[{"not_picked":["Guardian:RollAttack","Guardian:Repulse"],"picked":"Guardian:EvasiveProtocol","floor":2},{"not_picked":["Guardian:MultiBeam","Guardian:ShieldCharger"],"picked":"Guardian:Gem_Lightblue","floor":3},{"not_picked":["Guardian:TimeBomb","Guardian:MultiBeam","Guardian:RefractedBeam"],"picked":"SKIP","floor":4},{"not_picked":["Guardian:Suspension","Guardian:ShieldCharger"],"picked":"Guardian:Gem_Red","floor":8},{"not_picked":["Guardian:TimeBomb","Guardian:Incinerate"],"picked":"Guardian:Gem_Red","floor":9},{"not_picked":["Guardian:VentSteam","Guardian:Recover"],"picked":"Guardian:Gem_Green","floor":11},{"not_picked":["Guardian:ShieldCharger","Guardian:Gem_Cyan"],"picked":"Guardian:RollAttack","floor":12},{"not_picked":["Guardian:Gem_Red","Guardian:TemporalShield"],"picked":"Guardian:BaubleBeam","floor":15}],"player_experience":164791,"relics_obtained":[{"floor":7,"key":"Vajra"},{"floor":9,"key":"InkBottle"}],"event_choices":[{"damage_healed":0,"gold_gain":0,"player_choice":"Donut","damage_taken":0,"max_hp_gain":5,"max_hp_loss":0,"event_name":"Big Fish","floor":5,"gold_loss":0}],"is_beta":false,"boss_relics":[],"items_purged_floors":[],"is_endless":false,"potions_floor_spawned":[4,9,11],"killed_by":"DF_ARCHETYPE_STREAMLINE","ascension_level":0}}