{"host":"c2bue2hyafvtxka5","time":1611486330,"event":{"mods":["BaseMod","Hermit","Minty Spire (QoL Compilation)","StSLib","The Cursed","The Disciple","The Necromancer","The Servant 0.9.4"],"gold_per_floor":[116,66,66,85,110,143,162,181,181,181,30,59,92,14,14,137,137,162,176,176,190,203,236,236,236,282,282,282,282,382,397,397,397,397],"floor_reached":33,"language":"ENG","playtime":1466,"items_purged":["Strike_W"],"score":277,"play_id":"c66c4aa2-f062-4808-b5b8-bc5ae49853e1","local_time":"20210124060530","is_ascension_mode":false,"campfire_choices":[{"floor":15,"key":"REST"},{"floor":29,"key":"REST"},{"floor":32,"key":"REST"}],"circlet_count":0,"master_deck":["Strike_W","Defend_W","Defend_W","Defend_W","Defend_W","Negative_Energy_Arrows","Bone_Wall","Summon_Undead","Bones_to_Steel","Shackles_Of_Pain","Bone_Bullets","Bone_Armory","Bone_Armor","Summon_Lich","Skeleton_Dragon","Writhe","Bone_Bullets"],"relics":["Vampire_Amulet","NeowsBlessing","Golden Idol","Bronze Scales","White Beast Statue","Ornamental Fan","Odd Mushroom","Darkstone Periapt","Fusion Hammer","Eternal Feather","Bottled Tornado","Juzu Bracelet"],"acts_visited":["Exordium","TheCity"],"potions_floor_usage":[6,6,13,16,23,25,33],"damage_taken":[{"damage":0,"enemies":"Jaw Worm","floor":1,"turns":1},{"damage":0,"enemies":"Small Slimes","floor":4,"turns":2},{"damage":0,"enemies":"2 Louse","floor":5,"turns":1},{"damage":35,"enemies":"Gremlin Nob","floor":6,"turns":5},{"damage":1,"enemies":"Large Slime","floor":7,"turns":8},{"damage":10,"enemies":"Looter","floor":8,"turns":3},{"damage":32,"enemies":"The Mushroom Lair","floor":12,"turns":5},{"damage":6,"enemies":"Lagavulin","floor":13,"turns":13},{"damage":33,"enemies":"Slime Boss","floor":16,"turns":9},{"damage":2,"enemies":"3 Byrds","floor":18,"turns":3},{"damage":19,"enemies":"Shell Parasite","floor":19,"turns":4},{"damage":10,"enemies":"Chosen and Byrds","floor":21,"turns":6},{"damage":35,"enemies":"Centurion and Healer","floor":22,"turns":7},{"damage":42,"enemies":"Book of Stabbing","floor":23,"turns":5},{"damage":0,"enemies":"Snake Plant","floor":25,"turns":1},{"damage":36,"enemies":"Cultist and Chosen","floor":31,"turns":7},{"damage":57,"enemies":"Automaton","floor":33,"turns":6}],"seed_played":"-2746604054106468615","potions_obtained":[{"floor":1,"key":"Regen Potion"},{"floor":4,"key":"SkillPotion"},{"floor":7,"key":"SkillPotion"},{"floor":12,"key":"SteroidPotion"},{"floor":13,"key":"EssenceOfSteel"},{"floor":16,"key":"CultistPotion"},{"floor":18,"key":"SmokeBomb"},{"floor":31,"key":"LiquidBronze"}],"is_trial":false,"path_per_floor":["M","?","?","M","M","E","M","M","T","?","$","?","E","$","R","B",null,"M","M","?","M","M","E","?","M","T","?","?","R","?","M","R","B"],"character_chosen":"NECROMANCER","items_purchased":["Bone_Armory","Summon_Lich"],"campfire_rested":3,"item_purchase_floors":[11,14],"current_hp_per_floor":[75,75,57,61,65,41,62,63,63,60,60,34,30,30,52,27,75,75,58,64,58,39,8,8,8,8,8,8,41,41,18,51,0,0],"gold":397,"neow_bonus":"THREE_ENEMY_KILL","is_daily":false,"chose_seed":false,"campfire_upgraded":0,"win_rate":0.0,"timestamp":1611486330,"path_taken":["M","?","?","M","M","E","M","M","T","?","$","?","E","?","R","BOSS","M","M","?","M","M","E","?","M","T","?","?","R","?","M","R","BOSS"],"items_purchased_type":["Card","Card"],"build_version":"2020-12-22","purchased_purges":1,"victory":false,"max_hp_per_floor":[75,75,75,75,75,75,75,75,75,75,75,75,75,75,75,75,75,75,75,81,81,81,81,81,81,81,81,81,81,81,81,81,81,81],"card_choices":[{"not_picked":["Pandemic","Bone_Armor"],"picked":"Summon_Undead","floor":1},{"not_picked":["Negative_Energy_Mist","Bone_Shift"],"picked":"Bones_to_Steel","floor":4},{"not_picked":["Acid_Javelin","Bones_to_Steel","Toxic_Smoke_Screen"],"picked":"SKIP","floor":5},{"not_picked":["Negative_Energy_Javelin","Cloudkill"],"picked":"Shackles_Of_Pain","floor":6},{"not_picked":["Scare","Blood_Curse"],"picked":"Bone_Bullets","floor":7},{"not_picked":["Chill_Blood","Deaths_Shadow","Death_Coil"],"picked":"SKIP","floor":8},{"not_picked":["Negative_Energy_Mist","Necromantic_Selection"],"picked":"Bone_Armor","floor":12},{"not_picked":["Negative_Energy_Javelin","Thousand_Bone_Knives","Life_Drain"],"picked":"SKIP","floor":13},{"not_picked":["Negative_Energy_Bomb","Blood_Magic"],"picked":"Skeleton_Dragon","floor":16},{"not_picked":["Death_Knell","Toxic_Smoke_Screen","Bone_Spikes+1"],"picked":"SKIP","floor":18},{"not_picked":["Necrotic_Claws","Blood_Shield","Death_March_Dance+1"],"picked":"SKIP","floor":19},{"not_picked":["Deaths_Shadow","Exploit"],"picked":"Bone_Bullets","floor":21},{"not_picked":["Negative_Energy_Javelin","Scare","Negative_Energy_Mist"],"picked":"SKIP","floor":22},{"not_picked":["Negative_Energy_Javelin","Vampiric_Strike","Blood_Shield"],"picked":"SKIP","floor":23},{"not_picked":["Thousand_Bone_Knives","Bone_Bullets","Deaths_Shadow"],"picked":"SKIP","floor":31}],"player_experience":77040,"relics_obtained":[{"floor":6,"key":"Bronze Scales"},{"floor":9,"key":"White Beast Statue"},{"floor":12,"key":"Odd Mushroom"},{"floor":13,"key":"Darkstone Periapt"},{"floor":23,"key":"Bottled Tornado"},{"floor":26,"key":"Juzu Bracelet"}],"event_choices":[{"cards_removed":["Strike_W"],"damage_healed":0,"gold_gain":0,"player_choice":"Card Removal","damage_taken":0,"max_hp_gain":0,"max_hp_loss":0,"event_name":"The Cleric","floor":2,"gold_loss":50},{"damage_healed":0,"gold_gain":0,"player_choice":"Take Damage","damage_taken":18,"relics_obtained":["Golden Idol"],"max_hp_gain":0,"max_hp_loss":0,"event_name":"Golden Idol","floor":3,"gold_loss":0},{"damage_healed":0,"gold_gain":0,"player_choice":"Success","damage_taken":3,"relics_obtained":["Ornamental Fan"],"max_hp_gain":0,"max_hp_loss":0,"event_name":"Scrap Ooze","floor":10,"gold_loss":0},{"damage_healed":0,"gold_gain":0,"player_choice":"Fought Mushrooms","damage_taken":0,"max_hp_gain":0,"max_hp_loss":0,"event_name":"Mushrooms","floor":12,"gold_loss":0},{"damage_healed":0,"gold_gain":0,"player_choice":"Opened","damage_taken":0,"relics_obtained":["Eternal Feather"],"max_hp_gain":0,"max_hp_loss":0,"event_name":"The Mausoleum","floor":20,"gold_loss":0,"cards_obtained":["Writhe"]},{"cards_removed":["Strike_W"],"damage_healed":0,"gold_gain":0,"player_choice":"Elegance","damage_taken":0,"max_hp_gain":0,"max_hp_loss":0,"event_name":"Back to Basics","floor":24,"gold_loss":0},{"damage_healed":0,"gold_gain":0,"player_choice":"Ignored","damage_taken":0,"max_hp_gain":0,"max_hp_loss":0,"event_name":"Vampires","floor":27,"gold_loss":0},{"damage_healed":0,"gold_gain":0,"player_choice":"Ignored","damage_taken":0,"max_hp_gain":0,"max_hp_loss":0,"event_name":"Ghosts","floor":28,"gold_loss":0},{"damage_healed":0,"gold_gain":100,"player_choice":"Pray","damage_taken":0,"max_hp_gain":0,"max_hp_loss":0,"event_name":"Golden Shrine","floor":30,"gold_loss":0}],"is_beta":false,"boss_relics":[{"not_picked":["SlaversCollar","Coffee Dripper"],"picked":"Fusion Hammer"}],"items_purged_floors":[11],"is_endless":false,"potions_floor_spawned":[1,4,7,12,13,16,18,19,21,22,23,25,31],"killed_by":"Automaton","ascension_level":0}}