{"host":"2qv44oxt58ptq59r","time":1611509071,"event":{"mods":["AchievementEnabler","BaseMod","Colored Powertips","Highlight Path","Minty Spire (QoL Compilation)","Permanent Neow","StSLib"],"gold_per_floor":[114,134,104,6,23,23,38,61,61,71,87,87,119,130,130,226,226,192,192,222,236,6,26,26,26,52,1,28,28,45,55,55,152,152,172,222,222,222,222,222,240,263,263,6,25,25,25,38,38,38,38],"floor_reached":50,"language":"ENG","playtime":7521,"items_purged":[],"score":492,"play_id":"3ad0bd59-58ca-4490-afb2-1942b5dc046c","local_time":"20210124172431","is_ascension_mode":false,"campfire_choices":[{"data":"Zap","floor":6.0,"key":"SMITH"},{"floor":15.0,"key":"REST"},{"floor":24.0,"key":"REST"},{"floor":32.0,"key":"REST"},{"floor":40,"key":"RECALL"},{"data":"Static Discharge","floor":46,"key":"SMITH"},{"data":"Buffer","floor":49,"key":"SMITH"}],"circlet_count":0,"master_deck":["Strike_B+1","Strike_B+1","Strike_B+1","Defend_B+1","Defend_B+1","Defend_B+1","Defend_B+1","Zap+1","Dualcast","Leap","Capacitor","Loop","Tempest","Redo","Darkness","Conserve Battery","Electrodynamics","Redo","Cold Snap","Static Discharge+1","Force Field","Biased Cognition","Compile Driver+1","Go for the Eyes+1","Buffer+1","Bandage Up","Stack+1","Force Field","Doom and Gloom","Core Surge","Redo+1","Cold Snap+1","Bandage Up","Defragment+1","Trip","Loop","Doom and Gloom+1"],"relics":["FrozenCore","Odd Mushroom","Matryoshka","Ice Cream","Blue Candle","Red Mask","Strawberry","Smiling Mask","Tiny Chest","Omamori","MealTicket","Inserter","Bird Faced Urn","Boot","The Courier","Ancient Tea Set"],"acts_visited":["Exordium","TheCity","TheBeyond"],"potions_floor_usage":[41,45],"damage_taken":[{"damage":2.0,"enemies":"Small Slimes","floor":1.0,"turns":4.0},{"damage":0.0,"enemies":"Cultist","floor":2.0,"turns":4.0},{"damage":1.0,"enemies":"Jaw Worm","floor":5.0,"turns":3.0},{"damage":0.0,"enemies":"Blue Slaver","floor":7.0,"turns":2.0},{"damage":6.0,"enemies":"The Mushroom Lair","floor":8.0,"turns":4.0},{"damage":10.0,"enemies":"3 Louse","floor":10.0,"turns":4.0},{"damage":2.0,"enemies":"Exordium Wildlife","floor":11.0,"turns":3.0},{"damage":15.0,"enemies":"Gremlin Nob","floor":13.0,"turns":4.0},{"damage":12.0,"enemies":"Large Slime","floor":14.0,"turns":5.0},{"damage":24.0,"enemies":"Slime Boss","floor":16.0,"turns":9.0},{"damage":42.0,"enemies":"2 Thieves","floor":18.0,"turns":5.0},{"damage":30.0,"enemies":"Masked Bandits","floor":20.0,"turns":4.0},{"damage":1.0,"enemies":"Shell Parasite","floor":21.0,"turns":6.0},{"damage":6.0,"enemies":"Centurion and Healer","floor":23.0,"turns":9.0},{"damage":0.0,"enemies":"Chosen and Byrds","floor":30.0,"turns":8.0},{"damage":12.0,"enemies":"Snake Plant","floor":31.0,"turns":5.0},{"damage":24.0,"enemies":"Champ","floor":33.0,"turns":17.0},{"damage":9.0,"enemies":"3 Shapes","floor":35.0,"turns":7.0},{"damage":16,"enemies":"Mind Bloom Boss Battle","floor":36,"turns":11},{"damage":29,"enemies":"3 Darklings","floor":41,"turns":6},{"damage":28,"enemies":"Spire Growth","floor":45,"turns":8},{"damage":8,"enemies":"Jaw Worm Horde","floor":48,"turns":5},{"damage":112,"enemies":"Awakened One","floor":50,"turns":10}],"seed_played":"-7113214026250350885","potions_obtained":[{"floor":1.0,"key":"EssenceOfSteel"},{"floor":3.0,"key":"Explosive Potion"},{"floor":3.0,"key":"Fire Potion"},{"floor":7.0,"key":"SteroidPotion"},{"floor":10.0,"key":"PowerPotion"},{"floor":13.0,"key":"Fire Potion"},{"floor":14.0,"key":"EssenceOfSteel"},{"floor":21.0,"key":"ColorlessPotion"},{"floor":23.0,"key":"SteroidPotion"},{"floor":31.0,"key":"PotionOfCapacity"},{"floor":35.0,"key":"Explosive Potion"},{"floor":36,"key":"Ancient Potion"}],"is_trial":false,"path_per_floor":["M","M","?","$","M","R","M","?","T","M","M","?","E","M","R","B",null,"M","?","?","M","$","M","R","?","T","$","T","?","M","M","R","B",null,"M","?","T","?","?","R","M","T","T","$","M","R","$","M","R","B"],"character_chosen":"DEFECT","items_purchased":["Tempest","Redo","Strawberry","Bandage Up","BlessingOfTheForge","Fruit Juice","Ancient Tea Set","Trip"],"campfire_rested":3,"item_purchase_floors":[4,4,22,22,27,44,44,44],"current_hp_per_floor":[73,73,73,73,72,72,72,66,66,56,54,51,36,24,46,22,75,33,33,3,2,9,7,31,58,58,58,58,58,62,50,74,54,82,77,65,65,65,65,65,50,50,50,65,62,62,77,87,87,0,0],"gold":38,"neow_bonus":"THREE_CARDS","is_daily":false,"chose_seed":false,"campfire_upgraded":3,"win_rate":0.0,"timestamp":1611509071,"path_taken":["M","M","?","$","?","R","M","?","T","M","M","?","E","M","R","BOSS","M","?","?","M","?","M","R","?","T","$","?","?","M","M","R","BOSS","M","?","?","?","?","R","M","?","T","$","M","R","$","M","R","BOSS"],"items_purchased_type":["Card","Card","Relic","Card","Potion","Potion","Relic","Card"],"build_version":"2020-12-22","purchased_purges":0,"victory":false,"max_hp_per_floor":[75,75,75,75,75,75,75,75,75,75,75,75,75,75,75,75,75,75,75,75,75,82,82,82,82,82,82,82,82,82,82,82,82,82,82,82,82,82,82,82,82,82,82,82,87,87,87,87,87,87,87],"card_choices":[{"not_picked":["Rebound","Steam"],"picked":"Leap","floor":0.0},{"not_picked":["Static Discharge","Chill"],"picked":"Capacitor","floor":1.0},{"not_picked":["Go for the Eyes","Lockon"],"picked":"Loop","floor":2.0},{"not_picked":["Rip and Tear","Cold Snap"],"picked":"Darkness","floor":5.0},{"not_picked":["Stack","Leap"],"picked":"Conserve Battery","floor":7.0},{"not_picked":["Coolheaded","Capacitor"],"picked":"Electrodynamics","floor":8.0},{"not_picked":["Streamline","Skim"],"picked":"Redo","floor":10.0},{"not_picked":["Rebound","Barrage"],"picked":"Cold Snap","floor":11.0},{"not_picked":["All For One","Amplify"],"picked":"Static Discharge","floor":13.0},{"not_picked":["Stack","Cold Snap"],"picked":"Force Field","floor":14.0},{"not_picked":["Reboot","Electrodynamics"],"picked":"Biased Cognition","floor":16.0},{"not_picked":["Turbo","Recycle+1"],"picked":"Compile Driver+1","floor":18.0},{"not_picked":["Leap","Beam Cell"],"picked":"Go for the Eyes+1","floor":20.0},{"not_picked":["Reprogram","Conserve Battery+1"],"picked":"Buffer","floor":21.0},{"not_picked":["Gash","Go for the Eyes"],"picked":"Stack+1","floor":23.0},{"not_picked":["Hello World","Ball Lightning"],"picked":"Force Field","floor":30.0},{"not_picked":["Leap","Blizzard+1"],"picked":"Doom and Gloom","floor":31.0},{"not_picked":["Meteor Strike","Creative AI"],"picked":"Core Surge","floor":33.0},{"not_picked":["Steam","Turbo+1"],"picked":"Redo+1","floor":35.0},{"not_picked":["Streamline+1","Turbo+1"],"picked":"Cold Snap+1","floor":36},{"not_picked":["Purity","Good Instincts"],"picked":"Bandage Up","floor":39},{"not_picked":["Beam Cell","Capacitor+1"],"picked":"Defragment+1","floor":41},{"not_picked":["Rebound","Aggregate"],"picked":"Loop","floor":45},{"not_picked":["Reprogram","White Noise+1"],"picked":"Doom and Gloom+1","floor":48}],"player_experience":5466738,"relics_obtained":[{"floor":8.0,"key":"Odd Mushroom"},{"floor":9.0,"key":"Matryoshka"},{"floor":13.0,"key":"Blue Candle"},{"floor":20.0,"key":"Red Mask"},{"floor":26.0,"key":"Smiling Mask"},{"floor":26.0,"key":"Tiny Chest"},{"floor":28.0,"key":"Omamori"},{"floor":28.0,"key":"MealTicket"},{"floor":36,"key":"Bird Faced Urn"},{"floor":42,"key":"Boot"},{"floor":43,"key":"The Courier"}],"event_choices":[{"damage_healed":0.0,"max_hp_gain":0.0,"max_hp_loss":0.0,"gold_gain":0.0,"event_name":"The Woman in Blue","player_choice":"Bought 2 Potions","floor":3.0,"gold_loss":0.0,"damage_taken":0.0},{"damage_healed":0.0,"max_hp_gain":0.0,"max_hp_loss":0.0,"gold_gain":0.0,"event_name":"Mushrooms","player_choice":"Fought Mushrooms","floor":8.0,"gold_loss":0.0,"damage_taken":0.0},{"damage_healed":0.0,"max_hp_gain":0.0,"max_hp_loss":0.0,"gold_gain":0.0,"event_name":"Scrap Ooze","player_choice":"Success","floor":12.0,"gold_loss":0.0,"damage_taken":3.0,"relics_obtained":["Ice Cream"]},{"damage_healed":0.0,"max_hp_gain":0.0,"max_hp_loss":0.0,"gold_gain":0.0,"event_name":"Back to Basics","player_choice":"Simplicity","floor":19.0,"gold_loss":0.0,"damage_taken":0.0,"cards_upgraded":["Strike_B","Strike_B","Strike_B","Strike_B","Defend_B","Defend_B","Defend_B","Defend_B"]},{"damage_healed":0.0,"max_hp_gain":0.0,"max_hp_loss":0.0,"gold_gain":0.0,"event_name":"Masked Bandits","player_choice":"Fought Bandits","floor":20.0,"gold_loss":0.0,"damage_taken":0.0},{"damage_healed":27.0,"max_hp_gain":0.0,"max_hp_loss":0.0,"gold_gain":0.0,"event_name":"The Library","player_choice":"Heal","floor":25.0,"gold_loss":0.0,"damage_taken":0.0},{"damage_healed":0.0,"max_hp_gain":0.0,"max_hp_loss":0.0,"gold_gain":0.0,"event_name":"Vampires","player_choice":"Ignored","floor":29.0,"gold_loss":0.0,"damage_taken":0.0},{"damage_healed":0,"gold_gain":0,"player_choice":"Fight","damage_taken":0,"max_hp_gain":0,"max_hp_loss":0,"event_name":"MindBloom","floor":36,"gold_loss":0},{"cards_removed":["Strike_B"],"damage_healed":0,"gold_gain":0,"player_choice":"Removed Attack","damage_taken":0,"max_hp_gain":0,"max_hp_loss":0,"event_name":"Falling","floor":38,"gold_loss":0},{"damage_healed":0,"gold_gain":0,"player_choice":"Memory 1","damage_taken":0,"max_hp_gain":0,"max_hp_loss":0,"event_name":"SensoryStone","floor":39,"gold_loss":0}],"is_beta":false,"boss_relics":[{"not_picked":["Runic Dome","Tiny House"],"picked":"FrozenCore"},{"not_picked":["SlaversCollar","Coffee Dripper"],"picked":"Inserter"}],"items_purged_floors":[],"is_endless":false,"potions_floor_spawned":[1,7,10,13,14,21,23,31,35,36],"killed_by":"Awakened One","ascension_level":0}}