{"host":"0rxdudjy6rylha1k","time":1611470257,"event":{"mods":["Aspiration","BaseMod","Colored Map","Colored Powertips","Downfall","Highlight Path","Hubris","Minty Spire (QoL Compilation)","StSLib"],"gold_per_floor":[99,99,99,99,99,133,158,174,74,87,72,72,72,11,29,133,133,33,47,47,32,52,52,78,12,40,40,58,69,69,82,95,95,95,95],"floor_reached":33,"language":"ENG","playtime":2507,"items_purged":[],"score":313,"play_id":"d0d05194-ef52-4326-bce4-4b286447f936","local_time":"20210123233737","is_ascension_mode":false,"campfire_choices":[{"floor":1.0,"key":"RECALL"},{"data":"champ:Taunt","floor":9.0,"key":"SMITH"},{"data":"champ:RapidStrikes","floor":12.0,"key":"SMITH"},{"data":"champ:SteelEdge","floor":18.0,"key":"SMITH"},{"data":"champ:TornadoPunch","floor":23.0,"key":"SMITH"},{"floor":30.0,"key":"REST"}],"circlet_count":0,"master_deck":["champ:Strike","champ:Strike","champ:Strike","champ:Strike","champ:Defend","champ:Defend","champ:Defend","champ:Defend","champ:Execute","champ:Taunt+1","champ:PreciseThrust","champ:IronFortress","champ:SkillfulDodge","champ:RapidStrikes+1","champ:FocusedDefense","champ:DefensiveShout","champ:SteelEdge+1","J.A.X.","champ:HoldFirm","champ:TornadoPunch+1","champ:UltimateStance","champ:Circumvent","champ:EnGarde+1","champ:RapidStrikes+1","champ:DefensiveStyle","champ:Haymaker","champ:BringItOn"],"relics":["champ:ChampionCrownUpgraded","downfall:HeartsMalice","Dream Catcher","downfall:HeartBlessingRed","hubris:Towel","downfall:HeartBlessingBlue","aspiration:ChemicalBlood","Bag of Marbles"],"acts_visited":["Exordium","TheCity"],"potions_floor_usage":[31,31,32,33,33,33],"damage_taken":[{"damage":0.0,"enemies":"2 Louse","floor":2.0,"turns":1.0},{"damage":0.0,"enemies":"Jaw Worm","floor":3.0,"turns":1.0},{"damage":0.0,"enemies":"3 Sentries","floor":6.0,"turns":1.0},{"damage":25.0,"enemies":"Small Slimes","floor":8.0,"turns":4.0},{"damage":4.0,"enemies":"Blue Slaver","floor":10.0,"turns":4.0},{"damage":10.0,"enemies":"downfall:FleeingMerchant","floor":11.0,"turns":4.0},{"damage":16.0,"enemies":"downfall:FleeingMerchant","floor":14.0,"turns":4.0},{"damage":18.0,"enemies":"Exordium Thugs","floor":15.0,"turns":5.0},{"damage":46.0,"enemies":"SI_SHIV_ARCHETYPE","floor":16.0,"turns":4.0},{"damage":30.0,"enemies":"Shell Parasite","floor":19.0,"turns":5.0},{"damage":23.0,"enemies":"downfall:FleeingMerchant","floor":21.0,"turns":4.0},{"damage":28.0,"enemies":"3 Byrds","floor":22.0,"turns":8.0},{"damage":26.0,"enemies":"downfall:FleeingMerchant","floor":25.0,"turns":4.0},{"damage":46.0,"enemies":"Book of Stabbing","floor":26.0,"turns":6.0},{"damage":30.0,"enemies":"Centurion and Healer","floor":28.0,"turns":5.0},{"damage":0.0,"enemies":"Snecko","floor":29.0,"turns":5.0},{"damage":9,"enemies":"Shelled Parasite and Fungi","floor":31,"turns":5},{"damage":12,"enemies":"Snake Plant","floor":32,"turns":5},{"damage":68,"enemies":"IC_MUSHROOM_ARCHETYPE","floor":33,"turns":12}],"seed_played":"-1167350098144537721","potions_obtained":[{"floor":6.0,"key":"PowerPotion"},{"floor":10.0,"key":"PowerPotion"},{"floor":15.0,"key":"FearPotion"},{"floor":16.0,"key":"Block Potion"},{"floor":26.0,"key":"LiquidMemories"},{"floor":28.0,"key":"champ:OpenerPotion"},{"floor":29.0,"key":"LiquidBronze"},{"floor":32,"key":"Ancient Potion"}],"is_trial":false,"path_per_floor":["R","M","M","?","?","E","T","M","R","M","$","R","?","$","M","B",null,"R","M","?","$","M","R","T","$","E","?","M","M","R","M","M","B"],"character_chosen":"THE_CHAMP","items_purchased":["champ:DefensiveShout","champ:Circumvent"],"campfire_rested":1,"item_purchase_floors":[14,25],"current_hp_per_floor":[90,90,90,93,98,98,98,93,93,89,89,89,89,83,75,29,98,108,103,103,100,92,92,92,81,45,45,45,45,77,68,61,0,0,0],"gold":95,"neow_bonus":"THREE_ENEMY_KILL","is_daily":false,"chose_seed":false,"campfire_upgraded":4,"win_rate":0.0,"timestamp":1611470257,"path_taken":["R","M","M","?","?","E","T","M","R","M","$","R","?","?","M","BOSS","R","M","?","$","M","R","T","$","E","?","?","M","R","M","M","BOSS"],"items_purchased_type":["Card","Card"],"build_version":"2020-12-22","purchased_purges":0,"victory":false,"max_hp_per_floor":[90,90,90,93,98,98,98,98,98,98,98,98,98,98,98,98,98,108,108,108,108,108,108,108,108,108,108,108,108,108,108,108,108,108,108],"card_choices":[{"not_picked":["champ:CrownThrow","champ:AdrenalArmor"],"picked":"champ:PreciseThrust","floor":2.0},{"not_picked":["champ:DefensiveShout","champ:SwordSigil"],"picked":"champ:IronFortress","floor":3.0},{"not_picked":["champ:EndlessRage","champ:FalseCounter","champ:Shatter"],"picked":"SKIP","floor":6.0},{"not_picked":["champ:ShieldSigil","champ:EnGarde"],"picked":"champ:SkillfulDodge","floor":8.0},{"not_picked":["champ:FanOfKnives","champ:FancyFootwork"],"picked":"champ:RapidStrikes","floor":10.0},{"not_picked":["champ:GladiatorStyle","champ:Devastate"],"picked":"champ:FocusedDefense","floor":11.0},{"not_picked":["champ:CrownThrow","champ:BladeFlurry","champ:FaceSlap"],"picked":"SKIP","floor":14.0},{"not_picked":["champ:BerserkerStyle","champ:BerserkersShout","champ:Backstep"],"picked":"SKIP","floor":15.0},{"not_picked":["champ:IgnorePain","champ:EnchantSword"],"picked":"champ:SteelEdge","floor":16.0},{"not_picked":["champ:AdrenalArmor","champ:EnragedBash","champ:CrownThrow"],"picked":"SKIP","floor":19.0},{"not_picked":["champ:BerserkerStyle","champ:ArenaPreparation"],"picked":"champ:HoldFirm","floor":21.0},{"not_picked":["champ:BladeFlurry","champ:RecklessLeap"],"picked":"champ:TornadoPunch","floor":22.0},{"not_picked":["champ:FlashCut","champ:FancyFootwork"],"picked":"champ:UltimateStance","floor":25.0},{"not_picked":["champ:Circumvent","champ:TornadoPunch"],"picked":"champ:EnGarde+1","floor":26.0},{"not_picked":["champ:EnGarde","champ:FaceSlap"],"picked":"champ:RapidStrikes+1","floor":28.0},{"not_picked":["champ:GladiatorStyle","champ:CrownThrow"],"picked":"champ:DefensiveStyle","floor":29.0},{"not_picked":["champ:Circumvent","champ:DeathBlow"],"picked":"champ:Haymaker","floor":30.0},{"not_picked":["champ:FancyFootwork","champ:Shatter+1","champ:LastStand"],"picked":"SKIP","floor":31},{"not_picked":["champ:Haymaker+1","champ:StanceDance"],"picked":"champ:BringItOn","floor":32}],"player_experience":2691313,"relics_obtained":[{"floor":6.0,"key":"Dream Catcher"},{"floor":24.0,"key":"aspiration:ChemicalBlood"},{"floor":26.0,"key":"Bag of Marbles"}],"event_choices":[{"damage_healed":0.0,"max_hp_gain":5.0,"max_hp_loss":0.0,"gold_gain":0.0,"event_name":"Big Fish","player_choice":"Donut","floor":5.0,"gold_loss":0.0,"damage_taken":0.0},{"damage_healed":0.0,"max_hp_gain":0.0,"max_hp_loss":0.0,"gold_gain":0.0,"event_name":"Drug Dealer","player_choice":"Obtain J.A.X.","floor":20.0,"gold_loss":0.0,"damage_taken":0.0,"cards_obtained":["J.A.X."]},{"damage_healed":0.0,"max_hp_gain":0.0,"max_hp_loss":0.0,"gold_gain":0.0,"event_name":"NoteForYourself","player_choice":"Ignored","floor":27.0,"gold_loss":0.0,"damage_taken":0.0}],"is_beta":false,"boss_relics":[{"not_picked":["champ:PowerArmor","bronze:MakeshiftBattery"],"picked":"champ:ChampionCrownUpgraded"}],"items_purged_floors":[],"is_endless":false,"potions_floor_spawned":[6,10,15,16,26,28,29,32],"killed_by":"IC_MUSHROOM_ARCHETYPE","ascension_level":0}}