{"host":"6rz02yiipefhcw4r","time":1611476097,"event":{"mods":["2.2 Compatiblity","BaseMod","Block Reminder","Colored Map","Curses Come First","DeckTracker","Googly Eyes","Minty Spire (QoL Compilation)","Quick Restart","Rare Cards Sparkle","StSLib"],"gold_per_floor":[117,117,117,117,132,159,179,198,223,252,267,267,267,312,312,385,385,400,400,400],"floor_reached":19,"language":"ENG","playtime":571,"items_purged":[],"score":424,"play_id":"f0ed889b-4cdf-4ec5-ab40-1f1e041a9219","local_time":"20210124061457","is_ascension_mode":true,"campfire_choices":[{"data":"Perfected Strike","floor":13,"key":"SMITH"},{"data":"Combust","floor":15,"key":"SMITH"}],"circlet_count":0,"master_deck":["AscendersBane","Strike_R","Strike_R+1","Strike_R","Strike_R+1","Strike_R","Defend_R","Defend_R","Defend_R","Defend_R","Bash","Perfected Strike+1","Combust+1","Twin Strike","Reaper","Pommel Strike","Exhume","Armaments"],"relics":["Burning Blood","NeowsBlessing","Juzu Bracelet","Oddly Smooth Stone","Red Skull","Pantograph","Whetstone","SlaversCollar"],"acts_visited":["Exordium","TheCity"],"potions_floor_usage":[10,14,16,19],"damage_taken":[{"damage":0,"enemies":"Small Slimes","floor":1,"turns":1},{"damage":0,"enemies":"Cultist","floor":5,"turns":1},{"damage":0,"enemies":"Lagavulin","floor":6,"turns":1},{"damage":10,"enemies":"2 Louse","floor":7,"turns":2},{"damage":13,"enemies":"Looter","floor":8,"turns":4},{"damage":10,"enemies":"Gremlin Nob","floor":10,"turns":3},{"damage":16,"enemies":"3 Louse","floor":11,"turns":3},{"damage":26,"enemies":"3 Sentries","floor":14,"turns":6},{"damage":38,"enemies":"Slime Boss","floor":16,"turns":8},{"damage":42,"enemies":"Spheric Guardian","floor":18,"turns":5},{"damage":44,"enemies":"Shell Parasite","floor":19,"turns":6}],"seed_played":"-7202946245318769599","potions_obtained":[{"floor":1,"key":"SkillPotion"},{"floor":6,"key":"ColorlessPotion"},{"floor":7,"key":"PowerPotion"},{"floor":11,"key":"ElixirPotion"},{"floor":16,"key":"PowerPotion"},{"floor":18,"key":"LiquidBronze"}],"is_trial":false,"path_per_floor":["M","?","?","?","M","E","M","M","T","E","M","?","R","E","R","B",null,"M","M"],"character_chosen":"IRONCLAD","items_purchased":[],"campfire_rested":0,"item_purchase_floors":[],"current_hp_per_floor":[74,74,74,79,80,80,76,69,69,65,55,48,48,49,49,53,73,41,0,0],"gold":400,"neow_bonus":"THREE_ENEMY_KILL","is_daily":false,"chose_seed":false,"campfire_upgraded":2,"win_rate":0.0,"timestamp":1611476097,"path_taken":["M","?","?","?","M","E","M","M","T","E","M","?","R","E","R","BOSS","M","M"],"items_purchased_type":[],"build_version":"2020-12-22","purchased_purges":0,"victory":false,"max_hp_per_floor":[75,75,75,80,80,80,80,80,80,80,80,80,80,80,80,80,80,80,80,80],"card_choices":[{"not_picked":["Dropkick","Bloodletting"],"picked":"Perfected Strike","floor":1},{"not_picked":["Rampage","Clash"],"picked":"Perfected Strike","floor":5},{"not_picked":["Feed","True Grit"],"picked":"Combust","floor":6},{"not_picked":["Body Slam","Feel No Pain"],"picked":"Twin Strike","floor":7},{"not_picked":["Whirlwind","Sword Boomerang","Hemokinesis"],"picked":"SKIP","floor":8},{"not_picked":["Whirlwind","Burning Pact"],"picked":"Reaper","floor":10},{"not_picked":["Twin Strike","Heavy Blade"],"picked":"Pommel Strike","floor":11},{"not_picked":["Burning Pact","Corruption","Headbutt"],"picked":"SKIP","floor":14},{"not_picked":["Fiend Fire","Reaper"],"picked":"Exhume","floor":16},{"not_picked":["Clash","Body Slam"],"picked":"Armaments","floor":18}],"player_experience":728957,"relics_obtained":[{"floor":6,"key":"Oddly Smooth Stone"},{"floor":9,"key":"Red Skull"},{"floor":10,"key":"Pantograph"},{"floor":14,"key":"Whetstone"}],"event_choices":[{"damage_healed":0,"gold_gain":0,"player_choice":"Leave","damage_taken":0,"max_hp_gain":0,"max_hp_loss":0,"event_name":"The Cleric","floor":2,"gold_loss":0},{"damage_healed":0,"gold_gain":0,"player_choice":"Gave Potion","damage_taken":0,"relics_obtained":["Juzu Bracelet"],"max_hp_gain":0,"max_hp_loss":0,"event_name":"WeMeetAgain","floor":3,"gold_loss":0},{"damage_healed":0,"gold_gain":0,"player_choice":"Donut","damage_taken":0,"max_hp_gain":5,"max_hp_loss":0,"event_name":"Big Fish","floor":4,"gold_loss":0},{"cards_removed":["Perfected Strike"],"damage_healed":0,"gold_gain":0,"player_choice":"Card Removal","damage_taken":7,"max_hp_gain":0,"max_hp_loss":0,"event_name":"Golden Wing","floor":12,"gold_loss":0}],"is_beta":false,"boss_relics":[{"not_picked":["Pandora\u0027s Box","Black Star"],"picked":"SlaversCollar"}],"items_purged_floors":[],"is_endless":false,"potions_floor_spawned":[1,6,7,11,16,18],"killed_by":"Shell Parasite","ascension_level":20}}