{"host":"2pluridizrp50jef","time":1611446991,"event":{"mods":["ATMod(°¢èªMod)","AchievementEnabler","Act Like it!","BaseMod","Bestiary","Better Altar","Better Match","Better Note","Better Sensory Stone","Better Skull","Better Third Choice","BetterRewards","Colored Powertips","Conspire","Custom Start","Energized Spire","Hubris","Infinite Spire","Lobotomy","LobotomyExtend","Minty Spire (QoL Compilation)","Rare Cards Sparkle","Relic Stats","Replay The Spire","StSLib","noobMod","vexMod","¡¾ÒÅÎï¿¨ÅÆ¡¿REMEMod"],"gold_per_floor":[119,131,148,148,165,196,209,221,301,301,318,336,261,294,294,397,397,397,322,77,87,106,139,139,187,256,282,332,332,104,143,143,252,252,270,79,99,99,17,17,48,48,123,123,123,223,257,232,232,248],"floor_reached":51,"language":"ZHS","playtime":5674,"items_purged":["SpecialBullet","SpecialBullet","SpecialBullet","GreedKing"],"score":947,"play_id":"5bcb4fcf-cc5c-41f7-97d5-e44146f84a9c","local_time":"20210123160951","is_ascension_mode":false,"campfire_choices":[{"floor":40,"key":"RECALL"}],"circlet_count":0,"master_deck":["SpecialBullet","SpecialBullet","SpecialBullet","SpecialBullet","InformationCode","ControlCode","SecurityCode","AT_FamilyPortrait+1","BearPaw","FourthMatchFlame+1","Christmas","SpecialBullet","Lamp+14","LifeForTheDareDevil","Wingbeat","Ecstasy+1","ShedSkin","TrainingCode","Hypocrisy+1","vexMod:EmailVexCard","ReplayUltimateDefense+1","Regret_ego+1","Lantern","CherryBlossom+1","Twilight","CUTE","RecordCode","Hypocrisy+1"],"relics":["CogitoBucket","AT_ATBox","REME_ComplimentaryCards","ice","NeowsBlessing","LetterFromLob","Whetstone","LuminousBracelet","Frozen Egg 2","hubris:Metronome","REME_LowDesire","AT_ChloranthyRing","AT_PhaseBoots","HandDrill","Replay:Bandana","Replay:Wax Seal","Juzu Bracelet","BargainBundle","SkinProphecy","Runic Dome","ReplayTheSpireMod:CursedCoin","ReplayTheSpireMod:Lightbulb","Iron Hammer","hubris:Icosahedron","Oddly Smooth Stone"],"acts_visited":["Exordium","TheCity","TheBeyond"],"potions_floor_usage":[5,6,14,21,31],"damage_taken":[{"damage":0,"enemies":"Small Slimes","floor":1,"turns":1},{"damage":0,"enemies":"infinitespire:Voidling","floor":2,"turns":1},{"damage":2,"enemies":"conspire:RoseBush","floor":3,"turns":1},{"damage":12,"enemies":"3 Louse","floor":5,"turns":2},{"damage":24,"enemies":"Replay:BlueRogue","floor":6,"turns":5},{"damage":34,"enemies":"Looter","floor":7,"turns":9},{"damage":13,"enemies":"Red Slaver","floor":8,"turns":2},{"damage":33,"enemies":"Lots of Slimes","floor":11,"turns":4},{"damage":0,"enemies":"3 Louse","floor":12,"turns":3},{"damage":35,"enemies":"Lagavulin","floor":14,"turns":6},{"damage":23,"enemies":"Fading Forest","floor":16,"turns":11},{"damage":115,"enemies":"Chosen","floor":21,"turns":5},{"damage":20,"enemies":"2 Thieves","floor":22,"turns":3},{"damage":0,"enemies":"Nightmare","floor":23,"turns":4},{"damage":0,"enemies":"Gremlin Leader","floor":25,"turns":4},{"damage":0,"enemies":"Snecko","floor":27,"turns":2},{"damage":0,"enemies":"conspire:Head Lice","floor":28,"turns":2},{"damage":49,"enemies":"Centurion and Healer","floor":31,"turns":5},{"damage":18,"enemies":"Champ","floor":33,"turns":4},{"damage":17,"enemies":"3 Darklings","floor":35,"turns":2},{"damage":0,"enemies":"Orb Walker","floor":37,"turns":1},{"damage":10,"enemies":"Writhing Mass","floor":39,"turns":2},{"damage":0,"enemies":"Jaw Worm Horde","floor":41,"turns":3},{"damage":27,"enemies":"Nemesis","floor":47,"turns":5},{"damage":66,"enemies":"FixerMidnight","floor":50,"turns":5},{"damage":35,"enemies":"Malkuth","floor":51,"turns":3},{"damage":6,"enemies":"Hod","floor":51,"turns":4},{"damage":171,"enemies":"Tiphereth","floor":51,"turns":10},{"damage":76,"enemies":"Binah","floor":51,"turns":14},{"damage":3,"enemies":"Angela","floor":51,"turns":4}],"seed_played":"-4693365613011290030","potions_obtained":[{"floor":1,"key":"SkillPotion"},{"floor":3,"key":"Explosive Potion"},{"floor":12,"key":"Adrenaline Potion"},{"floor":16,"key":"Explosive Potion"},{"floor":21,"key":"Death Potion"},{"floor":22,"key":"DistilledChaos"},{"floor":39,"key":"Venom Potion"},{"floor":47,"key":"Languid Potion"}],"is_trial":false,"path_per_floor":["M","M","M","?","M","E","M","M","T","R","M","M","$","E","R","B",null,"M","?","$","M","M","NM","R","E","T","M","E","R","$","M","R","B",null,"M","$","M","?","M","R","M","?","T","?","?","?","E","?","R","B",null],"character_chosen":"Angela","items_purchased":["HandDrill","BargainBundle","ReplayTheSpireMod:CursedCoin","ReplayTheSpireMod:Lightbulb"],"campfire_rested":0,"item_purchase_floors":[20,30,36,36],"current_hp_per_floor":[70,70,70,70,66,50,31,26,26,26,86,86,86,53,53,56,90,90,90,90,89,85,85,85,101,101,101,101,101,101,64,64,47,129,124,124,128,128,128,128,138,138,138,138,138,138,113,113,113,45],"gold":354,"neow_bonus":"THREE_ENEMY_KILL","is_daily":false,"chose_seed":false,"campfire_upgraded":0,"win_rate":0.0,"timestamp":1611446991,"path_taken":["M","M","M","?","M","E","M","M","T","R","?","M","$","E","R","BOSS","M","?","$","M","M","NM","R","E","T","?","E","R","$","M","R","BOSS","M","$","M","?","M","R","M","?","T","?","?","?","E","?","R","BOSS"],"items_purchased_type":["Relic","Relic","Relic","Relic"],"build_version":"2020-12-22","purchased_purges":4,"victory":true,"max_hp_per_floor":[70,70,70,70,70,70,85,85,85,85,86,87,87,90,90,90,90,90,90,90,105,109,113,113,103,103,103,103,103,103,121,121,129,129,133,133,135,135,138,138,142,142,142,142,142,142,151,151,151,156],"relic_stats":{"counters":[33,130],"HandDrill":[64],"Juzu Bracelet":2,"Whetstone":["Lamp","FourthMatchFlame"],"obtain_stats":[{"hubris:Metronome":14,"AT_ATBox":0,"LuminousBracelet":7,"ice":0,"Juzu Bracelet":28,"Whetstone":6,"SkinProphecy":31,"CogitoBucket":0,"Replay:Bandana":23,"hubris:Icosahedron":44,"Iron Hammer":43,"HandDrill":20,"REME_LowDesire":17,"Replay:Wax Seal":25,"AT_ChloranthyRing":17,"BargainBundle":30,"NeowsBlessing":0,"ReplayTheSpireMod:CursedCoin":36,"Oddly Smooth Stone":47,"AT_PhaseBoots":41,"Frozen Egg 2":9,"Runic Dome":34,"AT_SpeedBoots":17,"LetterFromLob":1,"ReplayTheSpireMod:Lightbulb":36,"REME_ComplimentaryCards":0},{"hubris:Metronome":11,"AT_ATBox":0,"LuminousBracelet":7,"ice":0,"Juzu Bracelet":19,"Whetstone":5,"SkinProphecy":21,"CogitoBucket":0,"Replay:Bandana":16,"hubris:Icosahedron":26,"Iron Hammer":26,"HandDrill":12,"REME_LowDesire":12,"Replay:Wax Seal":17,"AT_ChloranthyRing":12,"BargainBundle":19,"NeowsBlessing":0,"ReplayTheSpireMod:CursedCoin":23,"Oddly Smooth Stone":27,"AT_PhaseBoots":26,"Frozen Egg 2":8,"Runic Dome":22,"AT_SpeedBoots":12,"LetterFromLob":1,"ReplayTheSpireMod:Lightbulb":23,"REME_ComplimentaryCards":0},{"hubris:Metronome":35,"AT_ATBox":0,"LuminousBracelet":20,"ice":0,"Juzu Bracelet":67,"Whetstone":10,"SkinProphecy":73,"CogitoBucket":0,"Replay:Bandana":59,"hubris:Icosahedron":85,"Iron Hammer":85,"HandDrill":46,"REME_LowDesire":46,"Replay:Wax Seal":63,"AT_ChloranthyRing":46,"BargainBundle":67,"NeowsBlessing":0,"ReplayTheSpireMod:CursedCoin":79,"Oddly Smooth Stone":90,"AT_PhaseBoots":84,"Frozen Egg 2":22,"Runic Dome":77,"AT_SpeedBoots":46,"LetterFromLob":1,"ReplayTheSpireMod:Lightbulb":79,"REME_ComplimentaryCards":0}]},"card_choices":[{"not_picked":["CherryBlossom"],"picked":"BearPaw","floor":1},{"not_picked":["Laetitia_ego"],"picked":"FourthMatchFlame","floor":2},{"not_picked":["Soda"],"picked":"Christmas","floor":3},{"not_picked":["Penitence"],"picked":"Lamp","floor":5},{"not_picked":["TodaysExpression"],"picked":"LifeForTheDareDevil","floor":6},{"not_picked":["WristCuter","Adoration"],"picked":"SKIP","floor":7},{"not_picked":["Tough","SolemnVow"],"picked":"SKIP","floor":8},{"not_picked":["Discord+1"],"picked":"Wingbeat","floor":11},{"not_picked":["RapturousDream"],"picked":"Ecstasy+1","floor":12},{"not_picked":["BlueScar"],"picked":"ShedSkin","floor":14},{"not_picked":["Pleasure+1","BearPaw+1"],"picked":"Hypocrisy+1","floor":19},{"not_picked":["Loneliness","Lamp+1"],"picked":"vexMod:EmailVexCard","floor":21},{"not_picked":["Moonlight+1","RapturousDream"],"picked":"ReplayUltimateDefense+1","floor":22},{"not_picked":["Galaxy","Soda+1","REME_BodyOfCthun"],"picked":"SKIP","floor":23},{"not_picked":["Galaxy","Soda+1","REME_BodyOfCthun"],"picked":"SKIP","floor":23},{"not_picked":["WristCuter","Panacea"],"picked":"Regret_ego+1","floor":25},{"not_picked":["RedEyes","Jack Of All Trades+1"],"picked":"Lantern","floor":27},{"not_picked":["GreenStem+1","AT_PowerWithin+1"],"picked":"CherryBlossom+1","floor":28},{"not_picked":["Galaxy","BloodyDesire","vexMod:StairwayStrike"],"picked":"SKIP","floor":31},{"not_picked":["Variant","RedShoes"],"picked":"GreedKing","floor":33},{"not_picked":["ParadiseLost","ReplayUltimateDefense+1"],"picked":"Twilight","floor":33},{"not_picked":["SwordSharpenedByTears","ScreamingWedge+1","REME_HeartOfCthun"],"picked":"SKIP","floor":35},{"not_picked":["RedEyes","CUTE+1","hubris:Insight"],"picked":"SKIP","floor":37},{"not_picked":["FourthMatchFlame+1","Enlightenment+1"],"picked":"CUTE","floor":39},{"not_picked":["TodaysExpression","Hornet+1","REME_ShortnessOfBreath"],"picked":"SKIP","floor":41},{"not_picked":["CUTE","Forethought"],"picked":"Hypocrisy+1","floor":47}],"player_experience":100936,"relics_obtained":[{"floor":1,"key":"LetterFromLob"},{"floor":6,"key":"Whetstone"},{"floor":9,"key":"Frozen Egg 2"},{"floor":14,"key":"hubris:Metronome"},{"floor":17,"key":"AT_ChloranthyRing"},{"floor":17,"key":"AT_SpeedBoots"},{"floor":23,"key":"Replay:Bandana"},{"floor":25,"key":"Replay:Wax Seal"},{"floor":28,"key":"Juzu Bracelet"},{"floor":43,"key":"Iron Hammer"},{"floor":47,"key":"Oddly Smooth Stone"}],"event_choices":[{"damage_healed":0,"gold_gain":0,"player_choice":"Full Heal","damage_taken":0,"max_hp_gain":0,"max_hp_loss":0,"event_name":"Wheel of Change","floor":4,"gold_loss":0},{"damage_healed":0,"gold_gain":0,"player_choice":"2","damage_taken":0,"max_hp_gain":0,"max_hp_loss":0,"event_name":"betterMatch:BetterMatch","floor":19,"gold_loss":0,"cards_obtained":["betterMatch:UncommonCard"]},{"damage_healed":0,"gold_gain":0,"player_choice":"Ignored","damage_taken":0,"max_hp_gain":0,"max_hp_loss":0,"event_name":"Tomb of Lord Red Mask","floor":38,"gold_loss":0},{"cards_removed":["SpecialBullet"],"damage_healed":0,"gold_gain":0,"player_choice":"Removed Attack","damage_taken":0,"max_hp_gain":0,"max_hp_loss":0,"event_name":"Falling","floor":45,"gold_loss":0},{"damage_healed":0,"gold_gain":100,"player_choice":"Pray","damage_taken":0,"max_hp_gain":0,"max_hp_loss":0,"event_name":"Golden Shrine","floor":46,"gold_loss":0}],"is_beta":false,"boss_relics":[{"not_picked":["vexMod:RockOfEvil","energizedSpire:StickyHand"],"picked":"REME_LowDesire"},{"not_picked":["Kintsugi","energizedSpire:OgreHead"],"picked":"Runic Dome"}],"items_purged_floors":[13,20,30,36],"is_endless":false,"potions_floor_spawned":[1,3,12,16,21,22,33,39,47],"ascension_level":0}}