{"host":"x3xr1fzypq6qqz5s","time":1611491567,"event":{"mods":["BaseMod","Better Vampires","Colored Powertips","DeckTracker","Highlight Path","Minty Spire (QoL Compilation)","Quick Restart","Rare Cards Sparkle","Relic Stats"],"gold_per_floor":[109,109,109,127,151,189,189,189,189,207,223,12,37,71,71,201,201,221,221,241,241,254,254,254,279,303,156,179,194,194,233,233,359,359,375,400,153,177,52,52,95,95,120,120,120,120,120,141,141,141,141],"floor_reached":50,"language":"ZHS","playtime":2200,"items_purged":["Strike_G","Strike_G","Strike_G"],"score":502,"play_id":"e3d79c2a-b084-4f27-9475-245bcc57e2cf","local_time":"20210124203247","is_ascension_mode":false,"campfire_choices":[{"floor":7.0,"key":"REST"},{"data":"Noxious Fumes","floor":15.0,"key":"SMITH"},{"data":"Footwork","floor":23.0,"key":"SMITH"},{"data":"Crippling Poison","floor":30.0,"key":"SMITH"},{"data":"Footwork","floor":32.0,"key":"SMITH"},{"data":"Bullet Time","floor":40.0,"key":"SMITH"},{"floor":46.0,"key":"RECALL"},{"floor":49,"key":"REST"}],"circlet_count":0,"master_deck":["Strike_G","Defend_G","Defend_G","Defend_G","Survivor","Neutralize","Backflip","Corpse Explosion","Noxious Fumes+1","Footwork+1","Venomology","Bullet Time+1","PiercingWail+1","Footwork+1","Crippling Poison+1","Glass Knife","Bullet Time","Madness","Madness","Parasite","Chrysalis","Decay"],"relics":["Ring of the Snake","Golden Idol","Tingsha","White Beast Statue","Snake Skull","Happy Flower","Empty Cage","Pantograph","Lantern","Toy Ornithopter","Bottled Lightning","Cursed Key","DollysMirror","Bag of Marbles","Nunchaku"],"acts_visited":["Exordium","TheCity","TheBeyond"],"potions_floor_usage":[48,48,50,50,50],"damage_taken":[{"damage":2.0,"enemies":"Small Slimes","floor":1.0,"turns":4.0},{"damage":0.0,"enemies":"2 Louse","floor":4.0,"turns":2.0},{"damage":0.0,"enemies":"Cultist","floor":5.0,"turns":3.0},{"damage":16.0,"enemies":"Lagavulin","floor":6.0,"turns":8.0},{"damage":0.0,"enemies":"Red Slaver","floor":10.0,"turns":3.0},{"damage":2.0,"enemies":"Gremlin Gang","floor":11.0,"turns":2.0},{"damage":4.0,"enemies":"Exordium Thugs","floor":13.0,"turns":5.0},{"damage":9.0,"enemies":"Gremlin Nob","floor":14.0,"turns":4.0},{"damage":5.0,"enemies":"Hexaghost","floor":16.0,"turns":8.0},{"damage":0.0,"enemies":"Spheric Guardian","floor":18.0,"turns":3.0},{"damage":2.0,"enemies":"Shell Parasite","floor":20.0,"turns":6.0},{"damage":1.0,"enemies":"Snake Plant","floor":22.0,"turns":4.0},{"damage":8.0,"enemies":"Snecko","floor":25.0,"turns":5.0},{"damage":6.0,"enemies":"Cultist and Chosen","floor":28.0,"turns":4.0},{"damage":12.0,"enemies":"Snake Plant","floor":29.0,"turns":6.0},{"damage":10.0,"enemies":"Book of Stabbing","floor":31.0,"turns":6.0},{"damage":16.0,"enemies":"Collector","floor":33.0,"turns":8.0},{"damage":10.0,"enemies":"3 Darklings","floor":35.0,"turns":3.0},{"damage":16.0,"enemies":"Orb Walker","floor":36.0,"turns":4.0},{"damage":0.0,"enemies":"4 Shapes","floor":38.0,"turns":4.0},{"damage":4.0,"enemies":"Reptomancer","floor":41.0,"turns":7.0},{"damage":55,"enemies":"Spire Growth","floor":48,"turns":7},{"damage":74,"enemies":"Donu and Deca","floor":50,"turns":7}],"seed_played":"-1151981944348823936","potions_obtained":[{"floor":5.0,"key":"Strength Potion"},{"floor":10.0,"key":"SpeedPotion"},{"floor":11.0,"key":"GamblersBrew"},{"floor":13.0,"key":"Fire Potion"},{"floor":14.0,"key":"Regen Potion"},{"floor":16.0,"key":"BlessingOfTheForge"},{"floor":18.0,"key":"Weak Potion"},{"floor":20.0,"key":"EssenceOfSteel"},{"floor":22.0,"key":"Fire Potion"},{"floor":25.0,"key":"PowerPotion"},{"floor":28.0,"key":"SpeedPotion"},{"floor":29.0,"key":"LiquidMemories"},{"floor":31.0,"key":"Energy Potion"},{"floor":33.0,"key":"CultistPotion"},{"floor":36.0,"key":"EssenceOfSteel"},{"floor":41.0,"key":"Explosive Potion"},{"floor":48,"key":"Energy Potion"}],"is_trial":false,"path_per_floor":["M","?","?","M","M","E","R","?","T","M","M","$","M","E","R","B",null,"M","?","M","T","M","R","T","M","T","$","M","M","R","E","R","B",null,"M","M","$","M","$","R","E","?","T","?","?","R","?","M","R","B"],"character_chosen":"THE_SILENT","items_purchased":["Footwork","Venomology","Footwork","DollysMirror"],"campfire_rested":2,"item_purchase_floors":[12,12,27,37],"current_hp_per_floor":[68,51,33,33,33,17,38,38,38,38,36,36,32,23,23,33,70,70,70,68,68,67,67,67,59,59,59,58,51,51,51,51,54,70,60,49,49,54,54,54,65,56,56,56,56,56,56,11,32,0,0],"gold":141,"neow_bonus":"REMOVE_CARD","is_daily":false,"chose_seed":false,"campfire_upgraded":5,"win_rate":0.0,"timestamp":1611491567,"path_taken":["M","?","?","M","M","E","R","?","T","M","?","$","M","E","R","BOSS","M","?","?","?","M","R","?","M","T","$","?","M","R","E","R","BOSS","M","M","$","M","$","R","E","?","T","?","?","R","?","M","R","BOSS"],"items_purchased_type":["Card","Card","Card","Relic"],"build_version":"2020-12-22","purchased_purges":3,"victory":false,"max_hp_per_floor":[70,70,70,70,70,70,70,70,70,70,70,70,70,70,70,70,70,70,70,70,70,70,70,70,70,70,70,70,70,70,70,70,70,70,70,70,70,70,70,70,70,70,70,70,70,70,70,70,70,70,70],"relic_stats":{"Nunchaku":[1],"Happy Flower":[27],"counters":[23,113],"Golden Idol":145,"Pantograph":44,"Tingsha":[112],"Snake Skull":[150],"Cursed Key":1,"obtain_stats":[{"Lantern":24,"Happy Flower":14,"Golden Idol":2,"Tingsha":3,"Snake Skull":8,"Empty Cage":17,"Cursed Key":34,"White Beast Statue":6,"Nunchaku":43,"DollysMirror":37,"Pantograph":21,"Bag of Marbles":41,"Bottled Lightning":31,"Toy Ornithopter":26,"Ring of the Snake":0},{"Lantern":12,"Happy Flower":8,"Golden Idol":1,"Tingsha":1,"Snake Skull":4,"Empty Cage":9,"Cursed Key":17,"White Beast Statue":4,"Nunchaku":21,"DollysMirror":19,"Pantograph":11,"Bag of Marbles":21,"Bottled Lightning":16,"Toy Ornithopter":13,"Ring of the Snake":0},{"Lantern":52,"Happy Flower":31,"Golden Idol":4,"Tingsha":4,"Snake Skull":17,"Empty Cage":39,"Cursed Key":81,"White Beast Statue":17,"Nunchaku":99,"DollysMirror":88,"Pantograph":48,"Bag of Marbles":99,"Bottled Lightning":73,"Toy Ornithopter":57,"Ring of the Snake":0}],"Toy Ornithopter":70,"Ring of the Snake":[46]},"card_choices":[{"not_picked":["Dodge and Roll","Deadly Poison"],"picked":"Dagger Throw","floor":1.0},{"not_picked":["Cloak And Dagger","Poisoned Stab","Outmaneuver"],"picked":"SKIP","floor":4.0},{"not_picked":["Poisoned Stab","Dodge and Roll"],"picked":"Deflect","floor":5.0},{"not_picked":["Eviscerate","Distraction"],"picked":"Backflip","floor":6.0},{"not_picked":["Cloak And Dagger","Dash"],"picked":"Corpse Explosion","floor":10.0},{"not_picked":["Deadly Poison","Endless Agony"],"picked":"Noxious Fumes","floor":11.0},{"not_picked":["Quick Slash","Poisoned Stab","Dodge and Roll"],"picked":"SKIP","floor":13.0},{"not_picked":["Cloak And Dagger","Underhanded Strike","A Thousand Cuts"],"picked":"SKIP","floor":14.0},{"not_picked":["Backflip","Blade Dance","Deadly Poison"],"picked":"SKIP","floor":18.0},{"not_picked":["Cloak And Dagger+1","Slice","Outmaneuver"],"picked":"SKIP","floor":20.0},{"not_picked":["Quick Slash","Finisher","Backstab"],"picked":"SKIP","floor":22.0},{"not_picked":["Cloak And Dagger","Deadly Poison"],"picked":"PiercingWail+1","floor":25.0},{"not_picked":["Unload","Dodge and Roll","Finisher+1"],"picked":"SKIP","floor":28.0},{"not_picked":["Bane+1","Well Laid Plans+1"],"picked":"Crippling Poison","floor":29.0},{"not_picked":["Well Laid Plans","Outmaneuver","Acrobatics"],"picked":"SKIP","floor":31.0},{"not_picked":["Corpse Explosion","Storm of Steel"],"picked":"Glass Knife","floor":33.0},{"not_picked":["Flying Knee+1","Deadly Poison+1","Deflect"],"picked":"SKIP","floor":35.0},{"not_picked":["Dagger Throw","Well Laid Plans+1","Poisoned Stab+1"],"picked":"SKIP","floor":36.0},{"not_picked":["Reflex","PiercingWail+1","Bane+1"],"picked":"SKIP","floor":38.0},{"not_picked":["Backstab","Accuracy","Concentrate+1"],"picked":"SKIP","floor":41.0},{"not_picked":["Purity","Panache"],"picked":"Chrysalis","floor":45.0},{"not_picked":["Quick Slash","Masterful Stab","Backstab"],"picked":"SKIP","floor":48}],"player_experience":623402,"relics_obtained":[{"floor":6.0,"key":"White Beast Statue"},{"floor":14.0,"key":"Happy Flower"},{"floor":21.0,"key":"Pantograph"},{"floor":24.0,"key":"Lantern"},{"floor":26.0,"key":"Toy Ornithopter"},{"floor":31.0,"key":"Bottled Lightning"},{"floor":41.0,"key":"Bag of Marbles"},{"floor":43.0,"key":"Nunchaku"}],"event_choices":[{"damage_healed":0.0,"max_hp_gain":0.0,"max_hp_loss":0.0,"gold_gain":0.0,"event_name":"Golden Idol","player_choice":"Take Damage","floor":2.0,"gold_loss":0.0,"damage_taken":17.0,"relics_obtained":["Golden Idol"]},{"damage_healed":0.0,"max_hp_gain":0.0,"max_hp_loss":0.0,"gold_gain":0.0,"event_name":"Scrap Ooze","player_choice":"Success","floor":3.0,"gold_loss":0.0,"damage_taken":18.0,"relics_obtained":["Tingsha"]},{"cards_removed":["Deflect"],"damage_healed":0.0,"max_hp_gain":0.0,"max_hp_loss":0.0,"gold_gain":0.0,"event_name":"WeMeetAgain","player_choice":"Gave Card","floor":8.0,"gold_loss":0.0,"damage_taken":0.0,"relics_obtained":["Snake Skull"]},{"damage_healed":0.0,"max_hp_gain":0.0,"max_hp_loss":0.0,"gold_gain":0.0,"event_name":"Match and Keep!","player_choice":"1 cards matched","floor":19.0,"gold_loss":0.0,"damage_taken":0.0,"cards_obtained":["Bullet Time"]},{"damage_healed":0.0,"max_hp_gain":0.0,"max_hp_loss":0.0,"gold_gain":0.0,"event_name":"Winding Halls","player_choice":"Embrace Madness","floor":42.0,"gold_loss":0.0,"damage_taken":9.0,"cards_obtained":["Madness","Madness"]},{"cards_removed":["Dagger Throw"],"damage_healed":0.0,"max_hp_gain":0.0,"max_hp_loss":0.0,"gold_gain":0.0,"event_name":"Falling","player_choice":"Removed Attack","floor":44.0,"gold_loss":0.0,"damage_taken":0.0},{"damage_healed":0.0,"max_hp_gain":0.0,"max_hp_loss":0.0,"gold_gain":0.0,"event_name":"SensoryStone","player_choice":"Memory 1","floor":45.0,"gold_loss":0.0,"damage_taken":0.0},{"damage_healed":0.0,"max_hp_gain":0.0,"max_hp_loss":0.0,"gold_gain":0.0,"event_name":"Wheel of Change","player_choice":"Cursed","floor":47.0,"gold_loss":0.0,"damage_taken":0.0,"cards_obtained":["Decay"]}],"is_beta":false,"boss_relics":[{"not_picked":["HoveringKite","SlaversCollar"],"picked":"Empty Cage"},{"not_picked":["Velvet Choker","Runic Dome"],"picked":"Cursed Key"}],"items_purged_floors":[27,37,39],"is_endless":false,"potions_floor_spawned":[5,10,11,13,14,16,18,20,22,25,28,29,31,33,35,36,38,41,48],"killed_by":"Donu and Deca","ascension_level":0}}