{"host":"qdfumeom6htv8yxl","time":1611500522,"event":{"mods":["AchievementEnabler","BaseMod","Bestiary","Block Reminder","Minty Spire (QoL Compilation)","Quick Restart","Relic Stats"],"gold_per_floor":[119,133,148,148,164,164,183,183,260,17,30,41,67,85,85,158,158,172,172,190,205,205,205,233,248,248,248,267,267,267,267,267],"floor_reached":31,"language":"ENG","playtime":1425,"items_purged":["Strike_B"],"score":591,"play_id":"a128d187-0752-4ca4-8ca8-d8af288bb64d","local_time":"20210124090202","is_ascension_mode":true,"campfire_choices":[{"data":"Coolheaded","floor":6.0,"key":"SMITH"},{"data":"Darkness","floor":8.0,"key":"SMITH"},{"data":"Double Energy","floor":15.0,"key":"SMITH"},{"floor":23.0,"key":"REST"},{"floor":27.0,"key":"REST"},{"floor":29.0,"key":"REST"}],"circlet_count":0,"master_deck":["AscendersBane","Strike_B","Strike_B","Strike_B","Defend_B","Defend_B","Defend_B","Defend_B","Zap","Dualcast","Sweeping Beam","Coolheaded+1","Conserve Battery","Darkness+1","Skim","Undo","Redo","Double Energy+1","Core Surge","Biased Cognition","Hologram+1","Barrage","Fusion","Reinforced Body","Loop","Rebound"],"relics":["Sozu","Mercury Hourglass","Strange Spoon","Ice Cream","Inserter","Juzu Bracelet","FossilizedHelix"],"acts_visited":["Exordium","TheCity"],"potions_floor_usage":[],"damage_taken":[{"damage":0.0,"enemies":"Cultist","floor":1.0,"turns":4.0},{"damage":0.0,"enemies":"2 Louse","floor":2.0,"turns":2.0},{"damage":0.0,"enemies":"Small Slimes","floor":3.0,"turns":4.0},{"damage":14.0,"enemies":"3 Louse","floor":5.0,"turns":3.0},{"damage":0.0,"enemies":"2 Fungi Beasts","floor":7.0,"turns":3.0},{"damage":8.0,"enemies":"Large Slime","floor":11.0,"turns":3.0},{"damage":5.0,"enemies":"Exordium Thugs","floor":12.0,"turns":3.0},{"damage":8.0,"enemies":"Lagavulin","floor":13.0,"turns":7.0},{"damage":3.0,"enemies":"Blue Slaver","floor":14.0,"turns":2.0},{"damage":0.0,"enemies":"Hexaghost","floor":16.0,"turns":8.0},{"damage":23.0,"enemies":"Shell Parasite","floor":18.0,"turns":5.0},{"damage":0.0,"enemies":"Chosen","floor":20.0,"turns":4.0},{"damage":27.0,"enemies":"Centurion and Healer","floor":21.0,"turns":6.0},{"damage":31.0,"enemies":"Gremlin Leader","floor":24.0,"turns":6.0},{"damage":10.0,"enemies":"Sentry and Sphere","floor":25.0,"turns":4.0},{"damage":5.0,"enemies":"Snecko","floor":28.0,"turns":6.0},{"damage":31,"enemies":"Colosseum Slavers","floor":30,"turns":5},{"damage":0,"enemies":"Cultist and Chosen","floor":31,"turns":4}],"seed_played":"-9213228157312418740","potions_obtained":[],"is_trial":false,"path_per_floor":["M","M","M","?","M","R","M","R","T","$","M","M","E","M","R","B",null,"M","?","M","M","?","R","E","M","T","R","M","R","?","M"],"character_chosen":"DEFECT","items_purchased":["Strange Spoon"],"campfire_rested":3,"item_purchase_floors":[10],"current_hp_per_floor":[64,64,64,60,46,46,46,46,46,46,38,33,25,22,22,22,59,36,36,36,9,23,44,13,3,3,24,19,40,9,9,9],"gold":267,"neow_bonus":"BOSS_RELIC","is_daily":false,"chose_seed":false,"campfire_upgraded":3,"win_rate":0.0,"timestamp":1611500522,"path_taken":["M","?","M","?","?","R","?","R","T","$","M","M","E","M","R","BOSS","M","?","M","M","?","R","E","M","T","R","M","R","?","M"],"items_purchased_type":["Relic"],"build_version":"2020-12-22","purchased_purges":1,"victory":false,"max_hp_per_floor":[71,71,71,71,71,71,71,71,71,71,71,71,71,71,71,71,71,71,71,71,71,71,71,71,71,71,71,71,71,71,71,71],"relic_stats":{"Sozu":8,"Strange Spoon":[9],"Inserter":[20],"counters":[18,78],"Juzu Bracelet":0,"obtain_stats":[{"Sozu":0,"Ice Cream":13,"Strange Spoon":10,"Inserter":17,"Juzu Bracelet":24,"Cracked Core":0,"FossilizedHelix":26,"Mercury Hourglass":9},{"Sozu":0,"Ice Cream":8,"Strange Spoon":5,"Inserter":10,"Juzu Bracelet":14,"Cracked Core":0,"FossilizedHelix":15,"Mercury Hourglass":5},{"Sozu":0,"Ice Cream":29,"Strange Spoon":16,"Inserter":39,"Juzu Bracelet":60,"Cracked Core":0,"FossilizedHelix":64,"Mercury Hourglass":16}],"Mercury Hourglass":[213]},"card_choices":[{"not_picked":["Conserve Battery","Chill"],"picked":"Sweeping Beam","floor":1.0},{"not_picked":["Barrage","Conserve Battery"],"picked":"Coolheaded","floor":2.0},{"not_picked":["Streamline","Rebound"],"picked":"Conserve Battery","floor":3.0},{"not_picked":["Beam Cell","Go for the Eyes"],"picked":"Darkness","floor":5.0},{"not_picked":["Turbo","Stack"],"picked":"Skim","floor":7.0},{"not_picked":["Conserve Battery","Streamline"],"picked":"Undo","floor":11.0},{"not_picked":["Ball Lightning","Streamline"],"picked":"Redo","floor":12.0},{"not_picked":["Go for the Eyes","Streamline"],"picked":"Double Energy","floor":13.0},{"not_picked":["Sunder","Reprogram"],"picked":"Core Surge","floor":14.0},{"not_picked":["Seek","Thunder Strike"],"picked":"Biased Cognition","floor":16.0},{"not_picked":["Compile Driver","Skim+1"],"picked":"Hologram+1","floor":18.0},{"not_picked":["Melter","Beam Cell"],"picked":"Barrage","floor":20.0},{"not_picked":["Sweeping Beam","BootSequence"],"picked":"Fusion","floor":21.0},{"not_picked":["Hologram","Genetic Algorithm"],"picked":"Reinforced Body","floor":24.0},{"not_picked":["Chill","Double Energy"],"picked":"Loop","floor":25.0},{"not_picked":["Chill","Steam+1"],"picked":"Rebound","floor":28.0}],"player_experience":1822648,"relics_obtained":[{"floor":9.0,"key":"Mercury Hourglass"},{"floor":13.0,"key":"Ice Cream"},{"floor":24.0,"key":"Juzu Bracelet"},{"floor":26.0,"key":"FossilizedHelix"}],"event_choices":[{"damage_healed":0.0,"max_hp_gain":0.0,"max_hp_loss":0.0,"gold_gain":0.0,"event_name":"The Woman in Blue","player_choice":"Bought 0 Potions","floor":4.0,"gold_loss":0.0,"damage_taken":0.0},{"damage_healed":0.0,"max_hp_gain":0.0,"max_hp_loss":0.0,"gold_gain":0.0,"event_name":"Cursed Tome","player_choice":"Ignored","floor":19.0,"gold_loss":0.0,"damage_taken":0.0},{"damage_healed":14.0,"max_hp_gain":0.0,"max_hp_loss":0.0,"gold_gain":0.0,"event_name":"The Library","player_choice":"Heal","floor":22.0,"gold_loss":0.0,"damage_taken":0.0},{"damage_healed":0,"gold_gain":0,"player_choice":"Fight","damage_taken":0,"max_hp_gain":0,"max_hp_loss":0,"event_name":"Colosseum","floor":30,"gold_loss":0},{"damage_healed":0,"gold_gain":0,"player_choice":"Fled From Nobs","damage_taken":0,"max_hp_gain":0,"max_hp_loss":0,"event_name":"Colosseum","floor":30,"gold_loss":0}],"is_beta":false,"boss_relics":[{"not_picked":["SlaversCollar","Empty Cage"],"picked":"Inserter"}],"items_purged_floors":[10],"is_endless":false,"potions_floor_spawned":[7,11,12,16,18,21,24,28],"killed_by":"Cultist and Chosen","ascension_level":18}}