{"host":"4qkvkh7pd9qr2mca","time":1611502831,"event":{"mods":["AchievementEnabler","Act Like it!","BaseMod","Colored Map","Colored Powertips","Highlight Path","Minty Spire (QoL Compilation)","Pale of the Ancients","Permanent Neow","Quick Restart","Relic Stats","StSLib","SuperFastMode"],"gold_per_floor":[131,206,260,260,55,55,143,143,143,143,183,272,272,335,335,458,458,524,524,549,549,590,590,590],"floor_reached":23,"language":"ENG","playtime":1008,"items_purged":["Normality"],"score":398,"play_id":"387eaf0a-fac3-4922-b121-3e85e4e06d3d","local_time":"20210124164031","is_ascension_mode":true,"campfire_choices":[{"data":"HandOfGreed","floor":6,"key":"SMITH"},{"floor":10,"key":"REST"},{"floor":13,"key":"REST"},{"floor":15,"key":"REST"}],"circlet_count":0,"master_deck":["AscendersBane","Strike_G","Strike_G","Defend_G","Defend_G","Defend_G","Defend_G","Defend_G","Survivor","Neutralize","HandOfGreed+1","Dodge and Roll","Infinite Blades","Well Laid Plans","Crippling Poison","Doppelganger","Footwork","Blur","After Image","Accuracy+1","Leg Sweep","Distraction","Acrobatics","Ghostly","Ghostly","Ghostly","Well Laid Plans"],"relics":["Ring of the Snake","Golden Idol","Bag of Preparation","Ancient Tea Set","Art of War","Cursed Key"],"acts_visited":["Exordium","TheCity"],"potions_floor_usage":[14,16,18,20],"damage_taken":[{"damage":1,"enemies":"Jaw Worm","floor":1,"turns":4},{"damage":1,"enemies":"2 Louse","floor":3,"turns":4},{"damage":35,"enemies":"3 Sentries","floor":7,"turns":13},{"damage":0,"enemies":"Small Slimes","floor":11,"turns":4},{"damage":3,"enemies":"3 Louse","floor":12,"turns":8},{"damage":27,"enemies":"Gremlin Nob","floor":14,"turns":5},{"damage":13,"enemies":"The Guardian","floor":16,"turns":12},{"damage":0,"enemies":"3 Byrds","floor":18,"turns":7},{"damage":19,"enemies":"Chosen","floor":20,"turns":12},{"damage":3,"enemies":"Snake Plant","floor":22,"turns":7},{"damage":0,"enemies":"Gremlin Leader","floor":23,"turns":2}],"seed_played":"7124224606767555304","potions_obtained":[{"floor":7,"key":"Fire Potion"},{"floor":11,"key":"CultistPotion"},{"floor":16,"key":"Energy Potion"},{"floor":18,"key":"Block Potion"},{"floor":20,"key":"SpeedPotion"}],"is_trial":false,"path_per_floor":["M","?","M","?","$","R","E","?","T","R","M","M","R","E","R","B",null,"M","?","M","?","M","E"],"character_chosen":"THE_SILENT","items_purchased":["Well Laid Plans","Crippling Poison"],"campfire_rested":3,"item_purchase_floors":[5,5],"current_hp_per_floor":[58,47,46,46,46,46,11,4,4,22,22,19,37,10,28,15,49,49,49,30,30,27,27,27],"gold":590,"neow_bonus":"RANDOM_COLORLESS_2","is_daily":false,"chose_seed":false,"campfire_upgraded":1,"win_rate":0.0,"timestamp":1611502831,"path_taken":["M","?","M","?","$","R","E","?","T","R","M","?","R","E","R","BOSS","M","?","M","?","M","E"],"items_purchased_type":["Card","Card"],"build_version":"2020-12-22","purchased_purges":1,"victory":false,"max_hp_per_floor":[66,66,66,60,60,60,60,60,60,60,60,60,60,60,60,60,60,60,60,60,30,30,30,30],"relic_stats":{"counters":[11,78],"Golden Idol":53,"Bag of Preparation":[16],"Art of War":[8],"Cursed Key":0,"obtain_stats":[{"Golden Idol":4,"Bag of Preparation":7,"Art of War":14,"Ancient Tea Set":9,"Cursed Key":17,"Ring of the Snake":0},{"Golden Idol":2,"Bag of Preparation":3,"Art of War":6,"Ancient Tea Set":3,"Cursed Key":7,"Ring of the Snake":0},{"Golden Idol":8,"Bag of Preparation":21,"Art of War":38,"Ancient Tea Set":21,"Cursed Key":50,"Ring of the Snake":0}],"Ring of the Snake":[22]},"card_choices":[{"not_picked":["Apotheosis","Chrysalis"],"picked":"HandOfGreed","floor":0},{"not_picked":["Deadly Poison","Predator"],"picked":"Dodge and Roll","floor":1},{"not_picked":["Flying Knee","Bouncing Flask"],"picked":"Infinite Blades","floor":3},{"not_picked":["Flechettes","Setup"],"picked":"Doppelganger","floor":7},{"not_picked":["Blur","Noxious Fumes"],"picked":"Footwork","floor":11},{"not_picked":["Reflex","Outmaneuver","Cloak And Dagger"],"picked":"SKIP","floor":12},{"not_picked":["Crippling Poison","Predator"],"picked":"Blur","floor":14},{"not_picked":["Doppelganger","Burst"],"picked":"After Image","floor":16},{"not_picked":["Underhanded Strike","Slice"],"picked":"Accuracy+1","floor":18},{"not_picked":["Flying Knee","Poisoned Stab"],"picked":"Acrobatics","floor":20},{"not_picked":["Poisoned Stab","Slice"],"picked":"Well Laid Plans","floor":22}],"player_experience":583057,"relics_obtained":[{"floor":7,"key":"Bag of Preparation"},{"floor":9,"key":"Ancient Tea Set"},{"floor":14,"key":"Art of War"}],"event_choices":[{"damage_healed":0,"gold_gain":75,"player_choice":"Gather Gold","damage_taken":11,"max_hp_gain":0,"max_hp_loss":0,"event_name":"World of Goop","floor":2,"gold_loss":0},{"damage_healed":0,"gold_gain":0,"player_choice":"Lose Max HP","damage_taken":0,"relics_obtained":["Golden Idol"],"max_hp_gain":0,"max_hp_loss":6,"event_name":"Golden Idol","floor":4,"gold_loss":0},{"cards_removed":["Strike_G"],"damage_healed":0,"gold_gain":0,"player_choice":"Card Removal","damage_taken":7,"max_hp_gain":0,"max_hp_loss":0,"event_name":"Golden Wing","floor":8,"gold_loss":0},{"damage_healed":0,"gold_gain":0,"cards_transformed":["Strike_G","Strike_G"],"player_choice":"Became Test Subject","damage_taken":0,"max_hp_gain":0,"max_hp_loss":0,"event_name":"Drug Dealer","floor":19,"gold_loss":0,"cards_obtained":["Leg Sweep","Distraction"]},{"damage_healed":0,"gold_gain":0,"player_choice":"Became a Ghost","damage_taken":0,"max_hp_gain":0,"max_hp_loss":30,"event_name":"Ghosts","floor":21,"gold_loss":0,"cards_obtained":["Ghostly","Ghostly","Ghostly"]}],"is_beta":false,"boss_relics":[{"not_picked":["Tiny House","Calling Bell"],"picked":"Cursed Key"}],"items_purged_floors":[5],"is_endless":false,"potions_floor_spawned":[7,11,16,18,20],"killed_by":"Gremlin Leader","ascension_level":20}}