{"host":"ndqo0ze3xqwwg5zo","time":1611516898,"event":{"mods":["BaseMod","Colored Powertips","Downfall","Hermit","Minty Spire (QoL Compilation)","StSLib","The Cursed","The Disciple","The Hierophant","The Necromancer","The Servant 0.9.4"],"gold_per_floor":[99,99,112,130,40,40,66,66,66,66,400,400,418,437,457,457,457,457],"floor_reached":16,"language":"ENG","playtime":1000,"items_purged":[],"score":100,"play_id":"9758fb8b-62bd-43fc-a1c7-3d597a4d4220","local_time":"20210124133458","is_ascension_mode":false,"campfire_choices":[{"data":"Slimebound:Split","floor":1,"key":"SMITH"},{"data":"Slimebound:LeadByExample","floor":6,"key":"SMITH"},{"data":"Slimebound:PressTheAttack","floor":8,"key":"SMITH"},{"data":"Slimebound:RollThrough","floor":10,"key":"SMITH"},{"floor":12,"key":"REST"}],"circlet_count":0,"master_deck":["Slimebound:Strike_Slimebound","Slimebound:Strike_Slimebound","Slimebound:Strike_Slimebound","Slimebound:Tackle","Slimebound:Defend_Slimebound","Slimebound:Defend_Slimebound","Slimebound:Defend_Slimebound","Slimebound:Defend_Slimebound","Slimebound:Split+1","Slimebound:CorrosiveSpit","Slimebound:PressTheAttack+1","Slimebound:RollThrough+1","Slimebound:LeadByExample+1","Slimebound:SplitMire","Slimebound:SplitAcid"],"relics":["Slimebound:AbsorbEndCombat","Ornamental Fan","Regal Pillow","downfall:BrokenWingStatue","Old Coin"],"acts_visited":["Exordium"],"potions_floor_usage":[5,16],"damage_taken":[{"damage":12,"enemies":"Small Slimes","floor":3,"turns":4},{"damage":9,"enemies":"2 Louse","floor":4,"turns":3},{"damage":3,"enemies":"downfall:FleeingMerchant","floor":5,"turns":4},{"damage":26,"enemies":"Lagavulin","floor":11,"turns":5},{"damage":15,"enemies":"Jaw Worm","floor":13,"turns":4},{"damage":12,"enemies":"Large Slime","floor":14,"turns":4},{"damage":14,"enemies":"3 Louse","floor":15,"turns":3},{"damage":46,"enemies":"WA_ARCHETYPE_RETAIN","floor":16,"turns":5}],"seed_played":"-2727910894166617596","potions_obtained":[{"floor":4,"key":"Weak Potion"},{"floor":13,"key":"PowerPotion"},{"floor":15,"key":"Swift Potion"}],"is_trial":false,"path_per_floor":["R","?","M","M","$","R","T","R","?","R","E","R","M","M","M","B"],"character_chosen":"SLIMEBOUND","items_purchased":["Slimebound:LeadByExample"],"campfire_rested":1,"item_purchase_floors":[5],"current_hp_per_floor":[65,58,50,45,46,46,46,46,46,46,26,60,47,41,27,0,0,0],"gold":457,"neow_bonus":"","is_daily":false,"chose_seed":false,"campfire_upgraded":4,"win_rate":0.0,"timestamp":1611516898,"path_taken":["R","?","M","M","$","R","T","R","?","R","E","R","M","M","M","BOSS"],"items_purchased_type":["Card"],"build_version":"2020-12-22","purchased_purges":0,"victory":false,"max_hp_per_floor":[65,65,65,65,65,65,65,65,65,65,65,65,65,65,65,65,65,65],"card_choices":[{"not_picked":["Slimebound:LeechEnergy","Slimebound:SamplingLick"],"picked":"Slimebound:PressTheAttack","floor":3},{"not_picked":["Slimebound:DisruptingSlam","Slimebound:SamplingLick","Slimebound:Nibble"],"picked":"SKIP","floor":4},{"not_picked":["Slimebound:LivingWall","Slimebound:Chomp"],"picked":"Slimebound:RollThrough","floor":5},{"not_picked":["Slimebound:Prepare","Slimebound:LivingWall"],"picked":"Slimebound:SplitMire","floor":11},{"not_picked":["Slimebound:GrowthPunch","Slimebound:LeechingTouch","Slimebound:Schlurp"],"picked":"SKIP","floor":13},{"not_picked":["Slimebound:FinishingTackle","Slimebound:SpikyOuterGoop","Slimebound:SplitMire"],"picked":"SKIP","floor":14},{"not_picked":["Slimebound:LeechEnergy","Slimebound:ComboTackle"],"picked":"Slimebound:SplitAcid","floor":15}],"player_experience":0,"relics_obtained":[{"floor":7,"key":"Regal Pillow"},{"floor":11,"key":"Old Coin"}],"event_choices":[{"damage_healed":0,"gold_gain":0,"player_choice":"Success","damage_taken":7,"relics_obtained":["Ornamental Fan"],"max_hp_gain":0,"max_hp_loss":0,"event_name":"Scrap Ooze","floor":2,"gold_loss":0}],"is_beta":false,"boss_relics":[],"items_purged_floors":[],"is_endless":false,"potions_floor_spawned":[4,13,15],"killed_by":"WA_ARCHETYPE_RETAIN","ascension_level":0}}