{"host":"xu0zbcebhy6w9mdv","time":1611455179,"event":{"mods":["AchievementEnabler","Act Like it!","Aspiration","BaseMod","Better Match","Better Third Choice","BetterRewards","Colored Powertips","Downfall","Duelist Mod","Friendly Minions","Gensokyo","Hallownest","Hubris","Infinite Spire","Marisa????????","Minty Spire (QoL Compilation)","Potionbrewer","Quick Restart","READ ME - Guardian Mod","READ ME - Snecko Mod","Rare Cards Sparkle","Replay The Spire","Shop Mod","StSLib","The Animator","The Blackbeard","The Bug Knight","The Cursed","The Hierophant","The Necromancer","The Runesmith","The Servant 0.9.4"],"gold_per_floor":[112,112,112,131,29,29,63,79,79,79,79,56,86,100,100,201,201,217,217,236,236,236],"floor_reached":21,"language":"ENG","playtime":2127,"items_purged":[],"score":327,"play_id":"1b5b4e23-0793-4e8a-b518-00eeeaeaa1d0","local_time":"20210123212619","is_ascension_mode":true,"campfire_choices":[{"data":"White Noise","floor":6,"key":"SMITH"},{"floor":11,"key":"REST"},{"data":"Gash","floor":15,"key":"SMITH"}],"circlet_count":0,"master_deck":["Strike_B","Strike_B","Strike_B","Defend_B","Defend_B","Defend_B","Defend_B","Zap","Dualcast","White Noise+1","Coolheaded","Coolheaded","Compile Driver","ReplaySort","Self Repair","Capacitor","Gash+1","Conserve Battery","hubris:Ukulele","Gash+1","Lockon","Machine Learning","theDuelist:GravekeeperCurse","Core Surge","hubris:NaturalOne"],"relics":["Cracked Core","Geode","aspiration:FrozenJewel","infinitespire:Satchel","hubris:Icosahedron","Blood Vial","hubris:Stopwatch","Darkstone Periapt"],"acts_visited":["Exordium","TheCity"],"potions_floor_usage":[7,13,16,20,20],"damage_taken":[{"damage":11,"enemies":"Hallownest:monsterHuskGuard","floor":1,"turns":5},{"damage":9,"enemies":"Hallownest:2_Baldur","floor":4,"turns":4},{"damage":24,"enemies":"Hallownest:eliteMossKnight","floor":7,"turns":8},{"damage":2,"enemies":"Hallownest:monsterHuskWarrior","floor":8,"turns":3},{"damage":0,"enemies":"Hallownest:eliteVengeflyKing","floor":13,"turns":7},{"damage":0,"enemies":"Hallownest:monsterMossCharger","floor":14,"turns":2},{"damage":22,"enemies":"Hallownest:BossFalseKnight","floor":16,"turns":8},{"damage":15,"enemies":"3 Byrds","floor":18,"turns":4},{"damage":50,"enemies":"3 Cultists","floor":20,"turns":6},{"damage":18,"enemies":"Sentry and Sphere","floor":21,"turns":5}],"seed_played":"-1758803768346891384","potions_obtained":[{"floor":1,"key":"ColorlessPotion"},{"floor":4,"key":"SkillPotion"},{"floor":14,"key":"LiquidBronze"},{"floor":16,"key":"ColorlessPotion"}],"is_trial":false,"path_per_floor":["M","?","T","M","$","R","E","M","T","?","R","$","E","M","R","B",null,"M","?","M","M"],"character_chosen":"DEFECT","items_purchased":["White Noise","Coolheaded","Capacitor","Gash+1","Gash"],"campfire_rested":1,"item_purchase_floors":[0,0,5,5,12],"current_hp_per_floor":[64,64,64,55,55,55,38,43,43,43,65,65,72,74,74,60,75,67,73,32,22,22],"gold":236,"neow_bonus":"","is_daily":false,"chose_seed":false,"campfire_upgraded":2,"win_rate":0.0,"timestamp":1611455179,"path_taken":["M","?","?","M","$","R","E","M","T","?","R","$","E","?","R","BOSS","M","?","M","M"],"items_purchased_type":["Card","Card","Card","Card","Card"],"build_version":"2020-12-22","purchased_purges":0,"victory":false,"max_hp_per_floor":[75,75,75,75,75,75,75,75,75,75,75,75,75,75,75,75,75,75,81,81,87,87],"card_choices":[{"not_picked":["Sweeping Beam","Leap"],"picked":"Compile Driver","floor":1},{"not_picked":["Streamline","Aggregate"],"picked":"Self Repair","floor":4},{"not_picked":["Panic Button","Rebound"],"picked":"Conserve Battery","floor":7},{"not_picked":["Barrage","Turbo"],"picked":"hubris:Ukulele","floor":8},{"not_picked":["Consume","Steam Power","hubris:Prefetch"],"picked":"SKIP","floor":13},{"not_picked":["Sweeping Beam","Streamline"],"picked":"Lockon","floor":14},{"not_picked":["Fission","Thunder Strike"],"picked":"Machine Learning","floor":16},{"not_picked":["Compile Driver+1","Coolheaded+1","Sweeping Beam"],"picked":"SKIP","floor":18},{"not_picked":["ReplayTheSpireMod:GoodbyeWorld","Self Repair+1"],"picked":"Core Surge","floor":20}],"player_experience":651665,"relics_obtained":[{"floor":3,"key":"Geode"},{"floor":7,"key":"aspiration:FrozenJewel"},{"floor":9,"key":"infinitespire:Satchel"},{"floor":13,"key":"Blood Vial"}],"event_choices":[],"is_beta":false,"boss_relics":[{"not_picked":["hubris:RunicObelisk","Abe\u0027s Treasure"],"picked":"hubris:Stopwatch"}],"items_purged_floors":[],"is_endless":false,"potions_floor_spawned":[1,4,14,16],"killed_by":"Sentry and Sphere","ascension_level":1}}