{"host":"06zl5b70p3f7ye3v","time":1611457363,"event":{"mods":["AchievementEnabler","BaseMod","Colored Map","Curses Come First","Minty Spire (QoL Compilation)","StSLib","SuperFastMode"],"gold_per_floor":[113,113,131,151,226,257,257,267,345,345,371,387,387,421,421,494,494,508,15,35,46,46,46,60,75,75,75,94,106,106,122,122,197,197,213,213,224,43,56,56,56,70,70,70,89,89,89],"floor_reached":46,"language":"ENG","playtime":4117,"items_purged":["Strike_R","Strike_R"],"score":892,"play_id":"45363ff7-e526-434f-b470-2d7ec9adad30","local_time":"20210123220243","is_ascension_mode":true,"campfire_choices":[{"floor":7,"key":"REST"},{"floor":10,"key":"REST"},{"floor":13,"key":"REST"},{"floor":15,"key":"REST"},{"floor":23,"key":"REST"},{"floor":27,"key":"REST"},{"floor":30,"key":"REST"},{"floor":32,"key":"REST"},{"floor":40,"key":"REST"},{"floor":44,"key":"REST"}],"circlet_count":0,"master_deck":["AscendersBane","Strike_R","Strike_R","Strike_R","Defend_R","Defend_R","Defend_R","Defend_R","Bash","Spot Weakness","Spot Weakness","Spot Weakness","Inflame","Cleave","Rampage","Heavy Blade","Offering","Dual Wield","Immolate","Heavy Blade","Shockwave","Headbutt","Pommel Strike","Shockwave","Heavy Blade+1","Limit Break","Blood for Blood","Parasite","Power Through","Pain","Burning Pact+1"],"relics":["Burning Blood","Pocketwatch","Self Forming Clay","Lantern","Potion Belt","Fusion Hammer","Gremlin Horn","Dead Branch","Cursed Key","Toxic Egg 2"],"acts_visited":["Exordium","TheCity","TheBeyond"],"potions_floor_usage":[8,11,21,25,33,33,33,45,45],"damage_taken":[{"damage":2,"enemies":"Small Slimes","floor":1,"turns":3},{"damage":3,"enemies":"2 Louse","floor":3,"turns":5},{"damage":7,"enemies":"Jaw Worm","floor":4,"turns":3},{"damage":50,"enemies":"3 Sentries","floor":6,"turns":8},{"damage":20,"enemies":"Gremlin Gang","floor":8,"turns":3},{"damage":29,"enemies":"Gremlin Nob","floor":11,"turns":4},{"damage":8,"enemies":"Blue Slaver","floor":12,"turns":2},{"damage":24,"enemies":"3 Sentries","floor":14,"turns":5},{"damage":29,"enemies":"Slime Boss","floor":16,"turns":8},{"damage":32,"enemies":"3 Byrds","floor":18,"turns":4},{"damage":0,"enemies":"Chosen","floor":20,"turns":3},{"damage":17,"enemies":"Sentry and Sphere","floor":21,"turns":3},{"damage":19,"enemies":"Snecko","floor":24,"turns":5},{"damage":12,"enemies":"Chosen and Byrds","floor":25,"turns":4},{"damage":16,"enemies":"Cultist and Chosen","floor":28,"turns":4},{"damage":12,"enemies":"Centurion and Healer","floor":29,"turns":3},{"damage":32,"enemies":"Chosen and Byrds","floor":31,"turns":5},{"damage":106,"enemies":"Champ","floor":33,"turns":7},{"damage":28,"enemies":"3 Darklings","floor":35,"turns":3},{"damage":14,"enemies":"Orb Walker","floor":37,"turns":3},{"damage":8,"enemies":"Writhing Mass","floor":39,"turns":3},{"damage":14,"enemies":"3 Darklings","floor":42,"turns":3},{"damage":65,"enemies":"Maw","floor":45,"turns":7},{"damage":32,"enemies":"Sphere and 2 Shapes","floor":46,"turns":5}],"seed_played":"3023340888616267921","potions_obtained":[{"floor":3,"key":"FearPotion"},{"floor":6,"key":"SpeedPotion"},{"floor":12,"key":"FairyPotion"},{"floor":18,"key":"ColorlessPotion"},{"floor":24,"key":"FearPotion"},{"floor":28,"key":"SteroidPotion"},{"floor":29,"key":"Energy Potion"},{"floor":37,"key":"LiquidMemories"}],"is_trial":false,"path_per_floor":["M","?","M","M","?","E","R","M","T","R","E","M","R","E","R","B",null,"M","$","M","M","?","R","M","M","T","R","M","M","R","M","R","B",null,"M","?","M","$","M","R","?","M","T","R","M","M"],"character_chosen":"IRONCLAD","items_purchased":["Gremlin Horn","Regen Potion","AttackPotion","Regen Potion"],"campfire_rested":10,"item_purchase_floors":[19,19,19,38],"current_hp_per_floor":[72,77,80,79,68,24,48,34,34,58,35,33,57,39,63,40,70,44,44,50,39,39,63,50,56,56,80,70,64,80,54,78,30,68,46,46,38,38,36,60,80,72,72,80,31,0,0],"gold":89,"neow_bonus":"THREE_CARDS","is_daily":false,"chose_seed":false,"campfire_upgraded":0,"win_rate":0.0,"timestamp":1611457363,"path_taken":["M","?","M","M","?","E","R","M","T","R","E","M","R","E","R","BOSS","M","$","M","M","?","R","M","M","T","R","M","M","R","M","R","BOSS","M","?","M","$","M","R","?","?","T","R","M","M"],"items_purchased_type":["Relic","Potion","Potion","Potion"],"build_version":"2020-12-22","purchased_purges":2,"victory":false,"max_hp_per_floor":[75,80,80,80,80,80,80,80,80,80,80,80,80,80,80,80,80,80,80,80,80,80,80,80,80,80,80,80,80,80,80,80,80,80,80,80,80,80,80,80,80,80,80,80,80,80,80],"card_choices":[{"not_picked":["Dual Wield","Sword Boomerang"],"picked":"Spot Weakness","floor":0},{"not_picked":["Anger","Sword Boomerang"],"picked":"Spot Weakness","floor":1},{"not_picked":["Anger","Flex"],"picked":"Spot Weakness","floor":3},{"not_picked":["Clothesline","Havoc"],"picked":"Inflame","floor":4},{"not_picked":["Ghostly Armor","Havoc"],"picked":"Cleave","floor":6},{"not_picked":["Dual Wield","Dark Embrace"],"picked":"Rampage","floor":8},{"not_picked":["Body Slam","Dropkick"],"picked":"Heavy Blade","floor":11},{"not_picked":["Sever Soul","Anger"],"picked":"Offering","floor":12},{"not_picked":["Clash","Sword Boomerang"],"picked":"Dual Wield","floor":14},{"not_picked":["Brutality","Feed"],"picked":"Immolate","floor":16},{"not_picked":["Anger+1","Perfected Strike"],"picked":"Heavy Blade","floor":18},{"not_picked":["Thunderclap","Dark Embrace"],"picked":"Shockwave","floor":20},{"not_picked":["Feel No Pain","Searing Blow"],"picked":"Headbutt","floor":21},{"not_picked":["Body Slam","Feel No Pain"],"picked":"Pommel Strike","floor":24},{"not_picked":["Carnage","Armaments"],"picked":"Shockwave","floor":25},{"not_picked":["Seeing Red","Fire Breathing","Flex"],"picked":"SKIP","floor":28},{"not_picked":["Uppercut","Rupture"],"picked":"Burning Pact","floor":29},{"not_picked":["Thunderclap","Flex"],"picked":"Heavy Blade+1","floor":31},{"not_picked":["Feed","Impervious"],"picked":"Limit Break","floor":33},{"not_picked":["Wild Strike","Perfected Strike"],"picked":"Blood for Blood","floor":35},{"not_picked":["Body Slam","Thunderclap","Entrench"],"picked":"SKIP","floor":37},{"not_picked":["Sword Boomerang","Body Slam"],"picked":"Power Through","floor":39},{"not_picked":["Searing Blow","Flex","Twin Strike"],"picked":"SKIP","floor":42},{"not_picked":["Cleave","Rupture"],"picked":"Burning Pact+1","floor":45}],"player_experience":991018,"relics_obtained":[{"floor":6,"key":"Pocketwatch"},{"floor":9,"key":"Self Forming Clay"},{"floor":11,"key":"Lantern"},{"floor":14,"key":"Potion Belt"},{"floor":26,"key":"Dead Branch"},{"floor":43,"key":"Toxic Egg 2"}],"event_choices":[{"damage_healed":0,"gold_gain":0,"player_choice":"Donut","damage_taken":0,"max_hp_gain":5,"max_hp_loss":0,"event_name":"Big Fish","floor":2,"gold_loss":0},{"damage_healed":0,"gold_gain":75,"player_choice":"Gather Gold","damage_taken":11,"max_hp_gain":0,"max_hp_loss":0,"event_name":"World of Goop","floor":5,"gold_loss":0},{"cards_removed":["Burning Pact"],"damage_healed":0,"gold_gain":0,"player_choice":"Removed Skill","damage_taken":0,"max_hp_gain":0,"max_hp_loss":0,"event_name":"Falling","floor":36,"gold_loss":0},{"damage_healed":20,"gold_gain":0,"player_choice":"Full Heal","damage_taken":0,"max_hp_gain":0,"max_hp_loss":0,"event_name":"Wheel of Change","floor":41,"gold_loss":0}],"is_beta":false,"boss_relics":[{"not_picked":["Sozu","Busted Crown"],"picked":"Fusion Hammer"},{"not_picked":["Mark of Pain","Snecko Eye"],"picked":"Cursed Key"}],"items_purged_floors":[19,38],"is_endless":false,"potions_floor_spawned":[3,6,12,18,24,28,29,31,37],"killed_by":"Sphere and 2 Shapes","ascension_level":20}}