{"host":"qsusua7l529r8z9k","time":1611473336,"event":{"mods":["BaseMod","Downfall","Minty Spire (QoL Compilation)","Spicy Shops","StSLib"],"gold_per_floor":[99,99,99,99,24,24,24,24,24,39,54,39,39,39,51,152,152,152,166,182,182,193,193,193,78,95,113,113,133,133,133,133,133],"floor_reached":31,"language":"ZHS","playtime":1224,"items_purged":["Slimebound:Strike_Slimebound","Slimebound:Strike_Slimebound"],"score":223,"play_id":"fe72b256-6563-4758-a0c1-d659dc3ff022","local_time":"20210124152856","is_ascension_mode":false,"campfire_choices":[{"data":"Slimebound:Split","floor":1.0,"key":"SMITH"},{"data":"Slimebound:GrowthPunch","floor":9,"key":"SMITH"},{"data":"Slimebound:Overexert","floor":13,"key":"SMITH"},{"data":"Slimebound:DouseInSlime","floor":18,"key":"SMITH"},{"data":"Slimebound:CorrosiveSpit","floor":28,"key":"SMITH"},{"data":"Slimebound:SlimeSlap","floor":30,"key":"SMITH"}],"circlet_count":0,"master_deck":["Slimebound:Tackle","Slimebound:Defend_Slimebound","Slimebound:Defend_Slimebound","Slimebound:Defend_Slimebound","Slimebound:Defend_Slimebound","Slimebound:Split+1","Slimebound:CorrosiveSpit+1","Slimebound:GrowthPunch+1","Slimebound:Repurpose","Slimebound:LeechEnergy","Slimebound:ProtectTheBoss","Slimebound:ViciousTackle","Slimebound:Overexert+1","Slimebound:HauntingLick","Slimebound:DouseInSlime+1","Slimebound:FinishingTackle+1","Slimebound:MegaLick+1","Slimebound:RainOfGoop","Slimebound:SlimeSlap+1"],"relics":["Slimebound:AbsorbEndCombat","downfall:HeartsMalice","Blue Candle","Blood Vial","Slimebound:TarBlob","Dream Catcher"],"acts_visited":["Exordium","TheCity"],"potions_floor_usage":[20],"damage_taken":[{"damage":0.0,"enemies":"Small Slimes","floor":2.0,"turns":1.0},{"damage":0.0,"enemies":"downfall:FleeingMerchant","floor":5.0,"turns":1.0},{"damage":0.0,"enemies":"2 Louse","floor":8.0,"turns":1.0},{"damage":6,"enemies":"Jaw Worm","floor":10,"turns":3},{"damage":4,"enemies":"2 Fungi Beasts","floor":11,"turns":4},{"damage":3,"enemies":"downfall:FleeingMerchant","floor":12,"turns":4},{"damage":10,"enemies":"Blue Slaver","floor":15,"turns":5},{"damage":73,"enemies":"SI_SHIV_ARCHETYPE","floor":16,"turns":16},{"damage":15,"enemies":"Chosen","floor":19,"turns":5},{"damage":35,"enemies":"Cultist and Chosen","floor":20,"turns":6},{"damage":22,"enemies":"Centurion and Healer","floor":22,"turns":6},{"damage":12,"enemies":"downfall:FleeingMerchant","floor":25,"turns":4},{"damage":16,"enemies":"Snecko","floor":26,"turns":3},{"damage":3,"enemies":"3 Cultists","floor":27,"turns":4},{"damage":18,"enemies":"Snake Plant","floor":29,"turns":3},{"damage":22,"enemies":"Book of Stabbing","floor":31,"turns":2}],"seed_played":"-4375346007791740336","potions_obtained":[{"floor":10,"key":"Fire Potion"},{"floor":11,"key":"Explosive Potion"},{"floor":15,"key":"DistilledChaos"},{"floor":23,"key":"CultistPotion"}],"is_trial":false,"path_per_floor":["R","M","?","?","$","?","T","M","R","M","M","$","R","?","M","B",null,"R","M","M","?","M","?","T","$","M","M","R","M","R","E"],"character_chosen":"SLIMEBOUND","items_purchased":[],"campfire_rested":0,"item_purchase_floors":[],"current_hp_per_floor":[65,65,60,60,60,65,65,67,67,67,69,69,69,69,66,3,70,70,61,36,36,24,24,24,18,8,15,15,5,5,0,0,0],"gold":133,"neow_bonus":"THREE_ENEMY_KILL","is_daily":false,"chose_seed":false,"campfire_upgraded":6,"win_rate":0.0,"timestamp":1611473336,"path_taken":["R","M","?","?","$","?","T","M","R","M","M","?","R","?","M","BOSS","R","M","M","?","M","?","T","$","M","M","R","M","R","E"],"items_purchased_type":[],"build_version":"2020-12-22","purchased_purges":2,"victory":false,"max_hp_per_floor":[65,65,65,65,65,70,70,70,70,70,70,70,70,70,70,70,70,70,70,70,70,70,70,70,70,70,70,70,70,70,70,70,70],"card_choices":[{"not_picked":["Slimebound:DivideAndConquer","Slimebound:Equalize"],"picked":"Slimebound:GrowthPunch","floor":2.0},{"not_picked":["Slimebound:SplitAcid","Slimebound:LeechingTouch"],"picked":"Slimebound:Repurpose","floor":5.0},{"not_picked":["Slimebound:Prepare","Slimebound:LivingWall"],"picked":"Slimebound:LeechEnergy","floor":8.0},{"not_picked":["Slimebound:SplitBruiser","Slimebound:SplitAcid"],"picked":"Slimebound:ProtectTheBoss","floor":10},{"not_picked":["Slimebound:SpikyOuterGoop","Slimebound:GoopTackle"],"picked":"Slimebound:ViciousTackle","floor":11},{"not_picked":["Slimebound:TongueLash","Slimebound:SlimeTap"],"picked":"Slimebound:Overexert","floor":12},{"not_picked":["Slimebound:AcidTongue","Slimebound:RollThrough"],"picked":"Slimebound:HauntingLick","floor":15},{"not_picked":["Slimebound:FirmFortitude","Slimebound:SelfFormingGoo"],"picked":"Slimebound:DouseInSlime","floor":16},{"not_picked":["Slimebound:PressTheAttack+1","Slimebound:SplitLeeching"],"picked":"Slimebound:FinishingTackle+1","floor":19},{"not_picked":["Slimebound:GoopTackle+1","Slimebound:HauntingLick","Slimebound:LeechEnergy"],"picked":"SKIP","floor":20},{"not_picked":["Slimebound:SplitLeeching","Slimebound:LeechEnergy","Slimebound:HauntingLick"],"picked":"SKIP","floor":22},{"not_picked":["Slimebound:SamplingLick","Slimebound:Nibble"],"picked":"Slimebound:MegaLick+1","floor":25},{"not_picked":["Slimebound:Schlurp","Slimebound:SplitLeeching+1"],"picked":"Slimebound:RainOfGoop","floor":26},{"not_picked":["Slimebound:Chomp","Slimebound:HauntingLick","Slimebound:LivingWall"],"picked":"SKIP","floor":27},{"not_picked":["Slimebound:ForwardTackle","Slimebound:PressTheAttack+1"],"picked":"Slimebound:SlimeSlap","floor":29}],"player_experience":515557,"relics_obtained":[{"floor":7.0,"key":"Blood Vial"},{"floor":24,"key":"Dream Catcher"}],"event_choices":[{"cards_removed":["Slimebound:Strike_Slimebound"],"damage_healed":0.0,"max_hp_gain":0.0,"max_hp_loss":0.0,"gold_gain":0.0,"event_name":"The Cleric","player_choice":"Card Removal","floor":4.0,"gold_loss":0.0,"damage_taken":0.0},{"damage_healed":0.0,"max_hp_gain":5.0,"max_hp_loss":0.0,"gold_gain":0.0,"event_name":"Big Fish","player_choice":"Donut","floor":6.0,"gold_loss":0.0,"damage_taken":0.0},{"damage_healed":0,"gold_gain":0,"player_choice":"Ignored","damage_taken":0,"max_hp_gain":0,"max_hp_loss":0,"event_name":"Vampires","floor":21,"gold_loss":0}],"is_beta":false,"boss_relics":[{"not_picked":["Philosopher\u0027s Stone","Pandora\u0027s Box"],"picked":"Slimebound:TarBlob"}],"items_purged_floors":[5,25],"is_endless":false,"potions_floor_spawned":[10,11,15,16,19,26,27],"killed_by":"Book of Stabbing","ascension_level":0}}