{"host":"i0avyit1s6jb1siw","time":1611526137,"event":{"mods":["BaseMod","DeckTracker","Dota2Spire","Highlight Path","Minty Spire (QoL Compilation)","Quick Restart","StSLib","SuperFastMode"],"gold_per_floor":[113,38,38,38,55,82,100,100,123,123,34,34,65,76,102,102,180,180,193,243,258,258,268,268,282,309,334,361,361,411,453,64,105,168,168,168,273,273,285,340,382,332,77,132,132,132,175,202,216,259,314,324,387,387,417,447],"floor_reached":57,"language":"ENG","playtime":2015,"items_purged":["Strike_G","Strike_G","Backstab","Dagger Throw"],"score":2504,"play_id":"3f1fff73-409b-4805-bda8-6a67e8147f8e","local_time":"20210124230857","is_ascension_mode":true,"campfire_choices":[{"data":"Bouncing Flask","floor":8.0,"key":"SMITH"},{"data":"Well Laid Plans","floor":12.0,"key":"SMITH"},{"data":"Neutralize","floor":16.0,"key":"SMITH"},{"data":"Adrenaline","floor":24,"key":"SMITH"},{"data":"Predator","floor":29,"key":"SMITH"},{"data":"Entrench","floor":36,"key":"SMITH"},{"data":"Body Slam","floor":45,"key":"SMITH"},{"data":"Alpha","floor":54,"key":"SMITH"}],"circlet_count":0,"master_deck":["AscendersBane","Defend_G+1","Defend_G","Defend_G","Defend_G","Survivor","Neutralize+1","Doppelganger","Leg Sweep","Bouncing Flask+1","Calculated Gamble+1","Well Laid Plans+1","Predator+1","Flying Knee+1","Adrenaline+1","Deflect+1","Backflip","Entrench+1","Backflip","Alpha+1","Acrobatics","Body Slam+1","Footwork","Acrobatics+1"],"relics":["Ring of the Snake","Anchor","Dota2Spire:ArcaneBoots","Smiling Mask","War Paint","Boot","Dota2Spire:RefresherOrb","Dota2Spire:EtherealBlade","MealTicket","Dota2Spire:HandOfMidas","Vajra","PrismaticShard","Dota2Spire:MagicBottle","Nloth\u0027s Gift","Dota2Spire:Bloodstone","Bag of Preparation","Chemical X","StrikeDummy","Lizard Tail","Whetstone"],"acts_visited":["Exordium","TheCity","TheBeyond"],"potions_floor_usage":[21,23,51,56],"damage_taken":[{"damage":0.0,"enemies":"Small Slimes","floor":1.0,"turns":1.0},{"damage":0.0,"enemies":"2 Louse","floor":5.0,"turns":1.0},{"damage":0.0,"enemies":"Gremlin Nob","floor":6.0,"turns":1.0},{"damage":0.0,"enemies":"Cultist","floor":7.0,"turns":4.0},{"damage":10.0,"enemies":"Lagavulin","floor":13.0,"turns":6.0},{"damage":6.0,"enemies":"Exordium Wildlife","floor":14.0,"turns":6.0},{"damage":23.0,"enemies":"Gremlin Nob","floor":15.0,"turns":4.0},{"damage":0.0,"enemies":"Hexaghost","floor":17.0,"turns":8.0},{"damage":0.0,"enemies":"Shell Parasite","floor":19.0,"turns":6.0},{"damage":0,"enemies":"Chosen","floor":21,"turns":3},{"damage":0,"enemies":"3 Cultists","floor":23,"turns":5},{"damage":0,"enemies":"Snecko","floor":25,"turns":4},{"damage":11,"enemies":"Gremlin Leader","floor":26,"turns":9},{"damage":0,"enemies":"Snake Plant","floor":31,"turns":3},{"damage":0,"enemies":"Centurion and Healer","floor":33,"turns":5},{"damage":2,"enemies":"Book of Stabbing","floor":34,"turns":5},{"damage":10,"enemies":"Champ","floor":37,"turns":9},{"damage":6,"enemies":"3 Darklings","floor":39,"turns":4},{"damage":0,"enemies":"3 Shapes","floor":41,"turns":3},{"damage":0,"enemies":"Giant Head","floor":44,"turns":7},{"damage":0,"enemies":"Transient","floor":47,"turns":6},{"damage":0,"enemies":"3 Darklings","floor":49,"turns":4},{"damage":0,"enemies":"Maw","floor":50,"turns":5},{"damage":0,"enemies":"Nemesis","floor":51,"turns":5},{"damage":0,"enemies":"4 Shapes","floor":52,"turns":3},{"damage":0,"enemies":"Giant Head","floor":53,"turns":5},{"damage":5,"enemies":"Time Eater","floor":55,"turns":9},{"damage":0,"enemies":"Awakened One","floor":56,"turns":8}],"seed_played":"1481878405210860996","potions_obtained":[{"floor":5.0,"key":"LiquidBronze"},{"floor":7.0,"key":"DistilledChaos"},{"floor":17.0,"key":"Ancient Potion"},{"floor":26,"key":"Ancient Potion"},{"floor":31,"key":"CunningPotion"},{"floor":47,"key":"Fruit Juice"},{"floor":51,"key":"AttackPotion"},{"floor":52,"key":"DistilledChaos"}],"is_trial":false,"path_per_floor":["M","?","?","?","M","E","M","R","T","T","$","R","E","M","E","R","B",null,"M","?","M","?","M","R","M","E","T","T","R","?","M","$","M","E","?","R","B",null,"M","T","M","$","$","E","R","?","M","T","M","M","E","M","E","R","B","B",null],"character_chosen":"THE_SILENT","items_purchased":["Well Laid Plans","Vajra","PrismaticShard","Footwork","Chemical X"],"campfire_rested":0,"item_purchase_floors":[11,32,32,43,43],"current_hp_per_floor":[59,59,59,59,59,59,59,59,59,59,59,59,49,43,20,20,20,55,55,55,55,55,55,55,55,44,44,44,44,44,44,59,59,57,57,57,47,61,55,55,55,66,66,66,66,66,66,66,66,66,71,71,71,71,66,66],"gold":447,"neow_bonus":"THREE_ENEMY_KILL","is_daily":false,"chose_seed":false,"campfire_upgraded":8,"win_rate":0.0,"timestamp":1611526137,"path_taken":["M","?","?","?","M","E","?","R","T","T","$","R","E","M","E","R","BOSS","M","?","M","?","?","R","M","E","T","T","R","?","?","$","M","E","?","R","BOSS","M","?","M","?","$","E","R","?","?","T","M","M","E","?","E","R","BOSS","BOSS"],"items_purchased_type":["Card","Relic","Relic","Card","Relic"],"build_version":"2020-12-22","purchased_purges":4,"victory":true,"max_hp_per_floor":[66,66,66,66,66,66,66,66,66,66,66,66,66,66,66,66,66,66,66,66,66,66,66,66,66,66,66,66,66,66,66,66,66,66,66,66,66,66,66,66,66,66,66,66,66,66,66,66,66,66,71,71,71,71,71,71],"card_choices":[{"not_picked":["Dodge and Roll","Finisher"],"picked":"Dagger Throw","floor":1.0},{"not_picked":["PiercingWail","Dagger Throw"],"picked":"Leg Sweep","floor":5.0},{"not_picked":["Adrenaline","Heel Hook"],"picked":"Bouncing Flask","floor":6.0},{"not_picked":["Dagger Throw","Underhanded Strike"],"picked":"Calculated Gamble","floor":7.0},{"not_picked":["Leg Sweep","Doppelganger"],"picked":"Backstab","floor":13.0},{"not_picked":["PiercingWail","Underhanded Strike"],"picked":"Predator","floor":14.0},{"not_picked":["Deadly Poison","All Out Attack"],"picked":"Flying Knee","floor":15.0},{"not_picked":["Tools of the Trade","Bullet Time"],"picked":"Adrenaline","floor":17.0},{"not_picked":["Finisher+1","Slice"],"picked":"Deflect+1","floor":19.0},{"not_picked":["Dagger Spray","Outmaneuver","Deadly Poison"],"picked":"SKIP","floor":21},{"not_picked":["Flying Knee","Slice","Poisoned Stab"],"picked":"SKIP","floor":23},{"not_picked":["Finisher","Dagger Spray"],"picked":"Backflip","floor":25},{"not_picked":["Cloak And Dagger+1","Leg Sweep","Tools of the Trade"],"picked":"SKIP","floor":26},{"not_picked":["Flying Knee+1","Outmaneuver","Heel Hook"],"picked":"SKIP","floor":31},{"not_picked":["Metallicize","Havoc"],"picked":"Entrench","floor":33},{"not_picked":["Gash","Doppelganger"],"picked":"Backflip","floor":34},{"not_picked":["The Bomb","Creative AI"],"picked":"Alpha","floor":37},{"not_picked":["Dramatic Entrance","Backflip"],"picked":"Acrobatics","floor":39},{"not_picked":["Inflame+1","Beam Cell"],"picked":"Body Slam","floor":41},{"not_picked":["Machine Learning","Trip+1","Prepared+1"],"picked":"SKIP","floor":44},{"not_picked":["Madness","Steam","Underhanded Strike"],"picked":"SKIP","floor":47},{"not_picked":["Discovery","Infernal Blade+1"],"picked":"Acrobatics+1","floor":49},{"not_picked":["Hologram","Defragment","Prostrate"],"picked":"SKIP","floor":50},{"not_picked":["Violence","Quick Slash","BootSequence+1"],"picked":"SKIP","floor":51},{"not_picked":["Meteor Strike","Choke","Seeing Red"],"picked":"SKIP","floor":52},{"not_picked":["Dark Embrace","Rupture","Thunderclap"],"picked":"SKIP","floor":53}],"player_experience":2327699,"relics_obtained":[{"floor":6.0,"key":"Anchor"},{"floor":9.0,"key":"Dota2Spire:ArcaneBoots"},{"floor":10.0,"key":"Smiling Mask"},{"floor":13.0,"key":"War Paint"},{"floor":15.0,"key":"Boot"},{"floor":26,"key":"Dota2Spire:EtherealBlade"},{"floor":27,"key":"MealTicket"},{"floor":28,"key":"Dota2Spire:HandOfMidas"},{"floor":34,"key":"Dota2Spire:MagicBottle"},{"floor":40,"key":"Bag of Preparation"},{"floor":44,"key":"StrikeDummy"},{"floor":51,"key":"Lizard Tail"},{"floor":53,"key":"Whetstone"}],"event_choices":[{"cards_removed":["Strike_G"],"damage_healed":0.0,"max_hp_gain":0.0,"max_hp_loss":0.0,"gold_gain":0.0,"event_name":"The Cleric","player_choice":"Card Removal","floor":2.0,"gold_loss":75.0,"damage_taken":0.0},{"damage_healed":0.0,"max_hp_gain":0.0,"max_hp_loss":0.0,"gold_gain":0.0,"event_name":"Liars Game","player_choice":"Ignored","floor":3.0,"gold_loss":0.0,"damage_taken":0.0},{"damage_healed":0.0,"max_hp_gain":0.0,"max_hp_loss":0.0,"gold_gain":0.0,"cards_transformed":["Strike_G"],"event_name":"Transmorgrifier","player_choice":"Transformed","floor":4.0,"gold_loss":0.0,"damage_taken":0.0,"cards_obtained":["Doppelganger"]},{"damage_healed":0.0,"max_hp_gain":0.0,"max_hp_loss":0.0,"gold_gain":50.0,"event_name":"Nest","player_choice":"Stole From Cult","floor":20.0,"gold_loss":0.0,"damage_taken":0.0},{"cards_removed":["Strike_G"],"damage_healed":0,"gold_gain":0,"player_choice":"Purged","damage_taken":0,"max_hp_gain":0,"max_hp_loss":0,"event_name":"Purifier","floor":22,"gold_loss":0},{"damage_healed":0,"gold_gain":50,"player_choice":"Pray","damage_taken":0,"max_hp_gain":0,"max_hp_loss":0,"event_name":"Golden Shrine","floor":30,"gold_loss":0},{"damage_healed":0,"gold_gain":0,"player_choice":"Traded Relic","damage_taken":0,"relics_obtained":["Nloth\u0027s Gift"],"max_hp_gain":0,"max_hp_loss":0,"event_name":"N\u0027loth","floor":35,"relics_lost":["NeowsBlessing"],"gold_loss":0},{"cards_removed":["Defend_G"],"damage_healed":0,"gold_gain":0,"player_choice":"Removed Skill","damage_taken":0,"max_hp_gain":0,"max_hp_loss":0,"event_name":"Falling","floor":46,"gold_loss":0}],"is_beta":false,"boss_relics":[{"not_picked":["WristBlade","Velvet Choker"],"picked":"Dota2Spire:RefresherOrb"},{"not_picked":["Pandora\u0027s Box","Sozu"],"picked":"Dota2Spire:Bloodstone"}],"items_purged_floors":[11,32,42,43],"is_endless":false,"potions_floor_spawned":[5,7,15,17,19,26,31,37,41,47,51,52,53],"ascension_level":20}}