{"host":"jqa9y4qkalbx8qgz","time":1611513406,"event":{"mods":["Act Like it!","BaseMod","BetterRewards","CCEM","Downfall","Gensokyo","Marisa????????","Minty Spire (QoL Compilation)","Permanent Neow","Relic Stats","Replay The Spire","StSLib","Wandering Minibosses"],"gold_per_floor":[99,112,4,4,18,38,38,30,30,30,30],"floor_reached":9,"language":"ENG","playtime":721,"items_purged":[],"score":79,"play_id":"a40fd608-76f4-4ed5-84a1-1d29a9cc404f","local_time":"20210124213646","is_ascension_mode":true,"campfire_choices":[{"data":"champ:Execute","floor":1.0,"key":"SMITH"}],"circlet_count":0,"master_deck":["champ:Strike","champ:Strike","champ:Strike","champ:Strike","champ:Defend","champ:Defend","champ:Defend","champ:Defend","champ:Execute+1","champ:Taunt","champ:EnGarde","Gensokyo:RPG","champ:Circumvent","champ:ShieldSigil","champ:Devastate","champ:FlashCut"],"relics":["champ:ChampionCrown","CCEMRelics:Sandal","champ:BerserkersGuideToSlaughter"],"acts_visited":["Exordium"],"potions_floor_usage":[],"damage_taken":[{"damage":25.0,"enemies":"Gensokyo:2_Kodama","floor":2.0,"turns":4.0},{"damage":45.0,"enemies":"Gensokyo:Gryphon","floor":5.0,"turns":5.0},{"damage":36.0,"enemies":"Gensokyo:3_Fairies","floor":6.0,"turns":6.0},{"damage":14.0,"enemies":"downfall:FleeingMerchant","floor":8.0,"turns":4.0},{"damage":38,"enemies":"Gensokyo:Aya","floor":9,"turns":5}],"seed_played":"9008257249791693808","potions_obtained":[{"floor":6.0,"key":"Fire Potion"}],"is_trial":false,"path_per_floor":["R","M","COS","?","M","M","T","$","E"],"character_chosen":"THE_CHAMP","items_purchased":["champ:BerserkersGuideToSlaughter","champ:FlashCut"],"campfire_rested":0,"item_purchase_floors":[8,8],"current_hp_per_floor":[81,76,76,41,34,33,33,29,0,0,0],"gold":30,"neow_bonus":"TWENTY_PERCENT_HP_BONUS","is_daily":false,"chose_seed":false,"campfire_upgraded":1,"win_rate":0.0,"timestamp":1611513406,"path_taken":["R","M","COS","?","M","?","T","$","E"],"items_purchased_type":["Relic","Card"],"build_version":"2020-12-22","purchased_purges":0,"victory":false,"max_hp_per_floor":[108,108,108,108,108,108,108,108,108,108,108],"relic_stats":{"counters":[12,55],"obtain_stats":[{"SsserpentHead":8,"ReplayTheSpireMod:Ninjato":7,"FaceOfCleric":8,"champ:ChampionCrown":0,"GremlinMask":8,"CultistMask":8,"CCEMRelics:Sandal":7,"downfall:CloakOfManyFaces":8,"champ:BerserkersGuideToSlaughter":8,"NlothsMask":8},{"SsserpentHead":4,"ReplayTheSpireMod:Ninjato":3,"FaceOfCleric":4,"champ:ChampionCrown":0,"GremlinMask":4,"CultistMask":4,"CCEMRelics:Sandal":10,"downfall:CloakOfManyFaces":4,"champ:BerserkersGuideToSlaughter":11,"NlothsMask":4},{"SsserpentHead":20,"ReplayTheSpireMod:Ninjato":12,"FaceOfCleric":20,"champ:ChampionCrown":0,"GremlinMask":20,"CultistMask":20,"CCEMRelics:Sandal":46,"downfall:CloakOfManyFaces":20,"champ:BerserkersGuideToSlaughter":50,"NlothsMask":20}]},"card_choices":[{"not_picked":["champ:PreciseThrust","champ:CrownThrow"],"picked":"champ:EnGarde","floor":2.0},{"not_picked":["champ:Encircle","champ:HeartStrike"],"picked":"champ:Circumvent","floor":5.0},{"not_picked":["champ:DancingMaster","champ:CalledShot"],"picked":"champ:ShieldSigil","floor":6.0},{"not_picked":["champ:UltimateStance","champ:CheapShot"],"picked":"champ:Devastate","floor":8.0},{"not_picked":["champ:ShieldSigil","champ:Lariat","champ:Encircle"],"picked":"SKIP","floor":8.0}],"player_experience":305139,"relics_obtained":[{"floor":7.0,"key":"CCEMRelics:Sandal"}],"event_choices":[],"is_beta":false,"boss_relics":[],"items_purged_floors":[],"is_endless":false,"potions_floor_spawned":[6],"killed_by":"Gensokyo:Aya","ascension_level":1}}