{"host":"9h2qrz5zr7xpdj63","time":1611506937,"event":{"mods":["2.2 Compatiblity","AchievementEnabler","BaseMod","Bestiary","Colored Map","Colored Powertips","Highlight Path","Keyboard Shortcuts","Minty Spire (QoL Compilation)","Quick Restart","Relic Stats","StSLib"],"gold_per_floor":[114,130,144,159,173,202,81,108,108,108,122,135,151,51,51,147,147,147,147,72,72,72,72,72,72,72,72,72,72,72,72,72,72,72,72,72,72,72,72,72,72,72,72,72,72,72,72,72,72,72,72,72,0,0,0,0],"floor_reached":55,"language":"ENG","playtime":4605,"items_purged":["Strike_P","Prostrate"],"score":812,"play_id":"a50637e7-625f-403d-a958-60743386f6f1","local_time":"20210124164857","is_ascension_mode":false,"campfire_choices":[{"data":"Wallop","floor":10.0,"key":"SMITH"},{"data":"Eruption","floor":15.0,"key":"SMITH"},{"data":"MasterReality","floor":24.0,"key":"SMITH"},{"data":"FollowUp","floor":32.0,"key":"SMITH"},{"floor":40.0,"key":"RECALL"},{"floor":49.0,"key":"REST"},{"floor":52.0,"key":"REST"}],"circlet_count":0,"master_deck":["Strike_P","Strike_P","Defend_P","Defend_P","Eruption+1","Vigilance","MasterReality+1","ThirdEye","FollowUp+1","Vengeance","Evaluate","Wallop+1","Consecrate","EmptyBody+1","Protect+1","CarveReality","BattleHymn","DevaForm","Wallop+1","Sanctity+1","Vault+1","BattleHymn","CrushJoints","Adaptation+1","Halt+1","CutThroughFate+1","Parasite","MentalFortress+1","ThirdEye+1","Perseverance+1"],"relics":["PureWater","Bird Faced Urn","Toxic Egg 2","Bag of Preparation","Ectoplasm","PreservedInsect","Anchor","Enchiridion","Pear","Fusion Hammer","Ornamental Fan","White Beast Statue","FossilizedHelix"],"acts_visited":["Exordium","TheCity","TheBeyond","TheEnding"],"potions_floor_usage":[55],"damage_taken":[{"damage":2.0,"enemies":"2 Louse","floor":1.0,"turns":4.0},{"damage":0.0,"enemies":"Cultist","floor":2.0,"turns":2.0},{"damage":3.0,"enemies":"Small Slimes","floor":3.0,"turns":3.0},{"damage":5.0,"enemies":"Looter","floor":4.0,"turns":4.0},{"damage":3.0,"enemies":"Red Slaver","floor":5.0,"turns":3.0},{"damage":10.0,"enemies":"Lagavulin","floor":6.0,"turns":7.0},{"damage":7.0,"enemies":"Gremlin Nob","floor":8.0,"turns":3.0},{"damage":0.0,"enemies":"2 Fungi Beasts","floor":11.0,"turns":3.0},{"damage":0.0,"enemies":"Looter","floor":12.0,"turns":4.0},{"damage":0.0,"enemies":"Exordium Wildlife","floor":13.0,"turns":2.0},{"damage":19.0,"enemies":"Hexaghost","floor":16.0,"turns":9.0},{"damage":0.0,"enemies":"3 Byrds","floor":18.0,"turns":5.0},{"damage":0.0,"enemies":"2 Thieves","floor":20.0,"turns":4.0},{"damage":0.0,"enemies":"Snecko","floor":21.0,"turns":4.0},{"damage":6.0,"enemies":"Slavers","floor":23.0,"turns":5.0},{"damage":0.0,"enemies":"Centurion and Healer","floor":27.0,"turns":5.0},{"damage":0.0,"enemies":"Cultist and Chosen","floor":28.0,"turns":5.0},{"damage":0.0,"enemies":"Book of Stabbing","floor":31.0,"turns":2.0},{"damage":11.0,"enemies":"Champ","floor":33.0,"turns":7.0},{"damage":8.0,"enemies":"3 Darklings","floor":35.0,"turns":4.0},{"damage":0.0,"enemies":"Orb Walker","floor":36.0,"turns":2.0},{"damage":5.0,"enemies":"Jaw Worm Horde","floor":38.0,"turns":3.0},{"damage":7.0,"enemies":"Spire Growth","floor":39.0,"turns":4.0},{"damage":0.0,"enemies":"Reptomancer","floor":41.0,"turns":3.0},{"damage":3.0,"enemies":"Writhing Mass","floor":42.0,"turns":5.0},{"damage":3.0,"enemies":"Maw","floor":44.0,"turns":6.0},{"damage":0.0,"enemies":"Jaw Worm Horde","floor":46.0,"turns":4.0},{"damage":22.0,"enemies":"Nemesis","floor":47.0,"turns":6.0},{"damage":3.0,"enemies":"Transient","floor":48.0,"turns":6.0},{"damage":1.0,"enemies":"Donu and Deca","floor":50.0,"turns":8.0},{"damage":46.0,"enemies":"Shield and Spear","floor":54.0,"turns":6.0},{"damage":97,"enemies":"The Heart","floor":55,"turns":4}],"seed_played":"-4108220923855966116","potions_obtained":[{"floor":1.0,"key":"LiquidMemories"},{"floor":4.0,"key":"Dexterity Potion"},{"floor":11.0,"key":"Strength Potion"},{"floor":12.0,"key":"EssenceOfSteel"},{"floor":21.0,"key":"DuplicationPotion"},{"floor":23.0,"key":"StancePotion"},{"floor":39.0,"key":"AttackPotion"},{"floor":42.0,"key":"EssenceOfSteel"},{"floor":48.0,"key":"LiquidMemories"},{"floor":54.0,"key":"BlessingOfTheForge"}],"is_trial":false,"path_per_floor":["M","M","M","M","M","E","$","E","T","R","M","M","M","$","R","B",null,"M","?","M","M","$","E","R","?","T","M","M","?","?","E","R","B",null,"M","M","?","M","M","R","E","M","T","M","?","M","E","M","R","B",null,"R","$","E","B"],"character_chosen":"WATCHER","items_purchased":["Consecrate","BottledMiracle","ThirdEye+1"],"campfire_rested":2,"item_purchase_floors":[7,53,53],"current_hp_per_floor":[70,70,67,62,59,49,49,44,44,44,46,48,48,48,48,33,72,72,72,72,72,72,70,70,57,57,63,71,71,55,69,69,72,87,85,87,87,84,80,80,87,86,86,84,87,87,65,76,87,87,87,87,87,47,0,0],"gold":0,"neow_bonus":"ONE_RANDOM_RARE_CARD","is_daily":false,"chose_seed":false,"campfire_upgraded":4,"win_rate":0.0,"timestamp":1611506937,"path_taken":["M","M","M","M","M","E","$","E","T","R","M","M","M","$","R","BOSS","M","?","?","M","$","E","R","?","T","M","M","?","?","E","R","BOSS","M","M","?","M","?","R","E","M","T","M","?","M","E","?","R","BOSS","R","$","E","BOSS"],"items_purchased_type":["Card","Potion","Card"],"build_version":"2020-12-22","purchased_purges":2,"victory":false,"max_hp_per_floor":[72,72,72,72,72,72,72,72,72,72,72,72,72,72,72,72,72,72,72,72,72,72,72,72,77,77,77,77,77,77,87,87,87,87,87,87,87,87,87,87,87,87,87,87,87,87,87,87,87,87,87,87,87,87,87,87],"relic_stats":{"counters":[32,142],"Ornamental Fan":[112],"Bird Faced Urn":[100],"Ectoplasm":569,"PreservedInsect":217,"Bag of Preparation":[50],"obtain_stats":[{"Pear":31,"Enchiridion":30,"PreservedInsect":23,"Bag of Preparation":9,"White Beast Statue":47,"Anchor":26,"Ornamental Fan":41,"Bird Faced Urn":6,"Ectoplasm":17,"Fusion Hammer":34,"PureWater":0,"Toxic Egg 2":8,"FossilizedHelix":54},{"Pear":18,"Enchiridion":17,"PreservedInsect":15,"Bag of Preparation":7,"White Beast Statue":28,"Anchor":15,"Ornamental Fan":24,"Bird Faced Urn":6,"Ectoplasm":11,"Fusion Hammer":19,"PureWater":0,"Toxic Egg 2":7,"FossilizedHelix":31},{"Pear":74,"Enchiridion":72,"PreservedInsect":62,"Bag of Preparation":26,"White Beast Statue":118,"Anchor":62,"Ornamental Fan":97,"Bird Faced Urn":23,"Ectoplasm":44,"Fusion Hammer":81,"PureWater":0,"Toxic Egg 2":26,"FossilizedHelix":138}]},"card_choices":[{"not_picked":["Sanctity","FlyingSleeves"],"picked":"ThirdEye","floor":1.0},{"not_picked":["Prostrate","Conclude"],"picked":"FollowUp","floor":2.0},{"not_picked":["Consecrate","Prostrate"],"picked":"Vengeance","floor":3.0},{"not_picked":["Sanctity","Collect"],"picked":"Prostrate","floor":4.0},{"not_picked":["JustLucky","FollowUp"],"picked":"Evaluate","floor":5.0},{"not_picked":["Sanctity","ClearTheMind"],"picked":"Wallop","floor":6.0},{"not_picked":["WaveOfTheHand+1","Ragnarok"],"picked":"EmptyBody+1","floor":8.0},{"not_picked":["FlurryOfBlows","Swivel+1"],"picked":"Protect+1","floor":11.0},{"not_picked":["PathToVictory+1","WaveOfTheHand+1"],"picked":"CarveReality","floor":12.0},{"not_picked":["FearNoEvil","SignatureMove"],"picked":"BattleHymn","floor":13.0},{"not_picked":["Establishment","ConjureBlade+1"],"picked":"DevaForm","floor":16.0},{"not_picked":["EmptyBody+1","Protect+1","CutThroughFate"],"picked":"SKIP","floor":18.0},{"not_picked":["Vengeance+1","ClearTheMind+1"],"picked":"Sanctity+1","floor":20.0},{"not_picked":["Halt+1","Evaluate+1"],"picked":"Vault+1","floor":21.0},{"not_picked":["CrushJoints","Meditate+1","SashWhip"],"picked":"SKIP","floor":23.0},{"not_picked":["Protect+1","FlyingSleeves"],"picked":"BattleHymn","floor":27.0},{"not_picked":["SashWhip","Indignation+1","CrushJoints"],"picked":"SKIP","floor":28.0},{"not_picked":["SandsOfTime","EmptyMind+1"],"picked":"Adaptation+1","floor":31.0},{"not_picked":["PathToVictory+1","CrushJoints","EmptyFist"],"picked":"SKIP","floor":35.0},{"not_picked":["ForeignInfluence+1","MasterReality"],"picked":"Halt+1","floor":36.0},{"not_picked":["BattleHymn+1","BowlingBash","FollowUp"],"picked":"SKIP","floor":38.0},{"not_picked":["EmptyBody+1","Evaluate+1","Protect+1"],"picked":"SKIP","floor":39.0},{"not_picked":["ThirdEye+1","Halt+1"],"picked":"CutThroughFate+1","floor":41.0},{"not_picked":["InnerPeace+1","MasterReality","BattleHymn+1"],"picked":"SKIP","floor":42.0},{"not_picked":["EmptyBody+1","SandsOfTime","CrushJoints"],"picked":"SKIP","floor":44.0},{"not_picked":["PathToVictory+1","Prostrate+1"],"picked":"MentalFortress+1","floor":46.0},{"not_picked":["EmptyFist","FlyingSleeves+1","Judgement+1"],"picked":"SKIP","floor":47.0},{"not_picked":["EmptyBody+1","WreathOfFlame+1","SignatureMove"],"picked":"SKIP","floor":48.0},{"not_picked":["ClearTheMind+1","ReachHeaven+1"],"picked":"Perseverance+1","floor":54.0}],"player_experience":223402,"relics_obtained":[{"floor":6.0,"key":"Bird Faced Urn"},{"floor":8.0,"key":"Toxic Egg 2"},{"floor":9.0,"key":"Bag of Preparation"},{"floor":23.0,"key":"PreservedInsect"},{"floor":26.0,"key":"Anchor"},{"floor":30.0,"key":"Enchiridion"},{"floor":31.0,"key":"Pear"},{"floor":41.0,"key":"Ornamental Fan"},{"floor":47.0,"key":"White Beast Statue"},{"floor":54.0,"key":"FossilizedHelix"}],"event_choices":[{"damage_healed":0.0,"max_hp_gain":0.0,"max_hp_loss":0.0,"gold_gain":0.0,"event_name":"Duplicator","player_choice":"Copied","floor":19.0,"gold_loss":0.0,"damage_taken":0.0,"cards_obtained":["Wallop"]},{"damage_healed":0.0,"max_hp_gain":5.0,"max_hp_loss":0.0,"gold_gain":0.0,"event_name":"Forgotten Altar","player_choice":"Shed Blood","floor":25.0,"gold_loss":0.0,"damage_taken":18.0},{"damage_healed":0.0,"max_hp_gain":0.0,"max_hp_loss":0.0,"gold_gain":0.0,"cards_transformed":["Strike_P","Defend_P"],"event_name":"Drug Dealer","player_choice":"Became Test Subject","floor":29.0,"gold_loss":0.0,"damage_taken":0.0,"cards_obtained":["CrushJoints","LikeWater"]},{"damage_healed":0.0,"max_hp_gain":0.0,"max_hp_loss":0.0,"gold_gain":0.0,"event_name":"Cursed Tome","player_choice":"Obtained Book","floor":30.0,"gold_loss":0.0,"damage_taken":16.0},{"cards_removed":["Defend_P"],"damage_healed":0.0,"max_hp_gain":0.0,"max_hp_loss":0.0,"gold_gain":0.0,"event_name":"Purifier","player_choice":"Purged","floor":37.0,"gold_loss":0.0,"damage_taken":0.0},{"cards_removed":["LikeWater"],"damage_healed":3.0,"max_hp_gain":0.0,"max_hp_loss":0.0,"gold_gain":0.0,"event_name":"Bonfire Elementals","player_choice":"Offered Uncommon","floor":45.0,"gold_loss":0.0,"damage_taken":0.0}],"is_beta":false,"boss_relics":[{"not_picked":["Tiny House","VioletLotus"],"picked":"Ectoplasm"},{"not_picked":["Black Star","Runic Pyramid"],"picked":"Fusion Hammer"}],"items_purged_floors":[7,14],"is_endless":false,"potions_floor_spawned":[1,4,11,12,16,21,23,27,33,35,39,42,48,54],"killed_by":"The Heart","ascension_level":0}}