{"host":"6z83uzbynvfpq20b","time":1611488872,"event":{"mods":["2.2 Compatiblity","Act Like it!","Aspiration","BaseMod","Beaked The Cultist","Better Note","BetterRewards","Clawfect","Conjunction","Conspire","Downfall","Energized Spire","Friendly Minions","GifTheSpireLib","Googly Eyes","Halation","Hallownest","Highlight Path","HololiveMod","Hubris","Hyrulean Relics","Infinite Spire","Ironclad Rager","Jedi Mod","LagranYue(???·?)","Lobotomy","Marisa????????","Marked Mod","Minty Spire (QoL Compilation)","Permanent Neow","Quarter Circle Forward PUNCH!","Quick Restart","READ ME - Snecko Mod","Rare Cards Sparkle","RatMod","Replay The Spire","Shop Mod","Small Relic Pack","Somnambulant","Spikes Relics","Spire Birthday Party","StSLib","Stuff the Spire","The Animator","The Construct","The Cursed","The Disciple","The Hierophant","The Jungle","The Runesmith","The Servant 0.9.4","TheBandit","Trackpad","Unceasing Turn Reminder","Yuri Mod","[JumpMod]????","everything is the same but u backflip on backflip","slay the spire mod where everything is the same but ironclad has a cowboy hat","vexMod"],"gold_per_floor":[365,379,393,393,64,91,91,123,150,170,24,37,69,89,89,193,193,207,217,217,230,230,244,272,272,321,352,96,110,110,110,110,206,206,221,221,221,237,237,73,73,86,113,113,138,138,60,60,60,60],"floor_reached":51,"language":"ENG","playtime":3366,"items_purged":["ShadowRift","ReplayReversal+1","Defend_R","Strike_R","Defend_R"],"score":633,"play_id":"46226b53-7bf9-43b1-8c16-5740bac90452","local_time":"20210124124752","is_ascension_mode":false,"campfire_choices":[{"data":"jedi:fear","floor":7,"key":"SMITH"},{"floor":15,"key":"REST"},{"floor":25,"key":"REST"},{"data":"infinitespire:DeathsTouch","floor":30,"key":"SMITH"},{"data":"infinitespire:Gouge","floor":32,"key":"SMITH"},{"data":"infinitespire:Menacing","floor":46,"key":"SMITH"},{"data":"jedi:MakeshiftSword","floor":49,"key":"SMITH"}],"circlet_count":0,"master_deck":["Strike_R","Defend_R+1","jedi:fear+1","Quick Slash","Dash","jedi:unlimitedpower","jedi:unlimitedpower","hubris:CleavingFinish+1","Fire Breathing+1","hubris:SharpeningStone+1","infinitespire:Gouge+1","infinitespire:DeathsTouch+1","infinitespire:Collect+1","rat:Execute+1","infinitespire:Menacing+1","Invigoration","jedi:fear","jedi:MakeshiftSword+1"],"relics":["StuffTheSpire:OccultApparatus","HowToJump","LagranYue:RandomDrawCardRelic","jedi:archwizardhat","halation:BottledLove","hubris:MedicalManual","qcfpunch:Black_Training_Shirt","Gremlin Food","WingedGreaves","Astrolabe","jedi:firstaidkit","Hololive_Finger","jedi:Pinwheel","Akabeko","infinitespire:FocusingShard","ReplayTheSpireMod:TigerMarble","StuffTheSpire:Gunfinga","jedi:hotpepper","qcfpunch:Not_Strongest_Fighting_Style_Guidebook","vexMod:BarristanHead","halation:YellowSoulGem","Boot"],"acts_visited":["Hallownest:Greenpath","TheCity","TheBeyond"],"potions_floor_usage":[6,8,16,16,16,50,50],"damage_taken":[{"damage":0,"enemies":"Hallownest:monsterHuskWarrior","floor":1,"turns":3},{"damage":1,"enemies":"2_ Uuma","floor":2,"turns":7},{"damage":0,"enemies":"Hallownest:2_Tiktiks_and_1_Crawlid","floor":3,"turns":2},{"damage":23,"enemies":"Hallownest:eliteCrystalGuardian","floor":6,"turns":5},{"damage":0,"enemies":"Hallownest:eliteMossKnight","floor":8,"turns":3},{"damage":16,"enemies":"Hallownest:1_Baldur_1_Crawlid_1_Warrior","floor":10,"turns":3},{"damage":6,"enemies":"Hallownest:Wandering_and_Horned","floor":12,"turns":3},{"damage":4,"enemies":"Hallownest:eliteCrystalGuardian","floor":13,"turns":5},{"damage":0,"enemies":"Hallownest:monsterMossCharger","floor":14,"turns":4},{"damage":19,"enemies":"Hallownest:BossFalseKnight","floor":16,"turns":6},{"damage":5,"enemies":"Chosen","floor":18,"turns":4},{"damage":0,"enemies":"Spheric Guardian","floor":19,"turns":3},{"damage":11,"enemies":"Centurion and Healer","floor":21,"turns":3},{"damage":6,"enemies":"Snecko","floor":23,"turns":3},{"damage":4,"enemies":"Book of Stabbing","floor":24,"turns":3},{"damage":7,"enemies":"conspire:Head Lice","floor":27,"turns":2},{"damage":11,"enemies":"Snake Plant","floor":29,"turns":2},{"damage":15,"enemies":"Collector","floor":33,"turns":5},{"damage":0,"enemies":"Orb Walker","floor":35,"turns":1},{"damage":18,"enemies":"3 Darklings","floor":38,"turns":3},{"damage":0,"enemies":"4 Shapes","floor":42,"turns":3},{"damage":11,"enemies":"Giant Head","floor":45,"turns":3},{"damage":19,"enemies":"Replay:Hell Engine","floor":50,"turns":6}],"seed_played":"-8208741063186847759","potions_obtained":[{"floor":2,"key":"AttackPotion"},{"floor":6,"key":"DistilledChaos"},{"floor":8,"key":"SpeedPotion"},{"floor":13,"key":"SkillPotion"},{"floor":14,"key":"Ancient Potion"},{"floor":19,"key":"jedi:holywater"},{"floor":23,"key":"SpeedPotion"},{"floor":29,"key":"Venom Potion"},{"floor":33,"key":"Fire Potion"}],"is_trial":false,"path_per_floor":["M","M","M","?","$","E","R","E","T","M","$","M","E","M","R","B",null,"M","M","AVR","M","?","M","E","R","T","E","$","M","R","T","R","B",null,"M","?","?","M","AVR","$","R","M","T","?","E","R","$","?","R","B",null],"character_chosen":"IRONCLAD","items_purchased":["jedi:archwizardhat","Gremlin Food","ReplayTheSpireMod:TigerMarble","Invigoration","jedi:MakeshiftSword"],"campfire_rested":2,"item_purchase_floors":[5,11,28,40,47],"current_hp_per_floor":[62,67,73,73,73,56,56,62,62,52,52,52,54,60,80,67,80,80,80,80,77,57,57,61,80,80,80,80,75,75,75,75,68,60,62,62,59,51,51,51,51,57,57,57,52,52,52,52,52,36],"gold":60,"neow_bonus":"TWO_FIFTY_GOLD","is_daily":false,"chose_seed":false,"campfire_upgraded":5,"win_rate":0.0,"timestamp":1611488872,"path_taken":["M","?","M","?","$","E","R","E","T","?","?","?","E","M","R","BOSS","M","M","AVR","?","?","M","E","R","T","E","$","M","R","?","R","BOSS","M","?","?","M","AVR","?","R","?","T","?","E","R","?","?","R","BOSS"],"items_purchased_type":["Relic","Relic","Relic","Card","Card"],"build_version":"2020-12-22","purchased_purges":5,"victory":true,"max_hp_per_floor":[80,80,80,80,80,80,80,80,80,80,80,80,80,80,80,80,80,80,80,80,80,80,80,80,80,80,80,80,80,80,80,80,80,60,62,62,59,59,59,59,59,59,59,59,59,59,59,59,59,59],"card_choices":[{"not_picked":["Armaments","Havoc","Wild Strike"],"picked":"SKIP","floor":1},{"not_picked":["Iron Wave","Absolvement"],"picked":"Immolate","floor":2},{"not_picked":["ReplayTheSpireMod:Strike From Hell","StuffTheSpire:Incineration"],"picked":"jedi:fear","floor":3},{"not_picked":["ReplayReversal","Ghostly Armor","Perfected Strike"],"picked":"SKIP","floor":6},{"not_picked":["Carnage","Disarm"],"picked":"jedi:unlimitedpower","floor":8},{"not_picked":["Flex","conspire:Charge","Replay:Undeath\u0027s Touch"],"picked":"SKIP","floor":10},{"not_picked":["rat:Decimate","Wild Strike","Pommel Strike"],"picked":"SKIP","floor":12},{"not_picked":["Body Slam","Warcry","Clothesline"],"picked":"SKIP","floor":13},{"not_picked":["Warcry","Disarm","Wild Strike"],"picked":"SKIP","floor":14},{"not_picked":["Feed","jedi:harder"],"picked":"jedi:unlimitedpower","floor":16},{"not_picked":["StuffTheSpire:Incineration","Pummel+1","Heavy Blade+1"],"picked":"SKIP","floor":18},{"not_picked":["conspire:ExplosiveBarrier","Thunderclap+1"],"picked":"hubris:SharpeningStone+1","floor":19},{"not_picked":["Fire Breathing","StuffTheSpire:Slingshot","Feel No Pain"],"picked":"SKIP","floor":21},{"not_picked":["hubris:Rewind","infinitespire:Gouge"],"picked":"infinitespire:Collect","floor":22},{"not_picked":["Flex","Clash","Wild Strike"],"picked":"SKIP","floor":23},{"not_picked":["Perfected Strike+1","Armaments","Abandon"],"picked":"SKIP","floor":24},{"not_picked":["Iron Wave+1","jedi:harder","Sentinel"],"picked":"SKIP","floor":27},{"not_picked":["Armaments","Intimidate","jedi:fear"],"picked":"SKIP","floor":29},{"not_picked":["jedi:unlimitedpower","Eclipse"],"picked":"rat:Execute","floor":33},{"not_picked":["Seeing Red+1","Pommel Strike+1","Clothesline+1"],"picked":"SKIP","floor":35},{"not_picked":["ReplayTheSpireMod:Strike From Hell+1","StuffTheSpire:Pyroclast","Flex+1"],"picked":"SKIP","floor":38},{"not_picked":["Heavy Blade+1","Invigoration+1","ReplayTheSpireMod:Strike From Hell+1"],"picked":"SKIP","floor":42},{"not_picked":["Hemogenesis","Intimidate+1"],"picked":"jedi:fear","floor":45}],"player_experience":345866,"relics_obtained":[{"floor":6,"key":"halation:BottledLove"},{"floor":8,"key":"hubris:MedicalManual"},{"floor":9,"key":"qcfpunch:Black_Training_Shirt"},{"floor":13,"key":"WingedGreaves"},{"floor":24,"key":"jedi:Pinwheel"},{"floor":26,"key":"Akabeko"},{"floor":27,"key":"infinitespire:FocusingShard"},{"floor":31,"key":"StuffTheSpire:Gunfinga"},{"floor":43,"key":"vexMod:BarristanHead"},{"floor":45,"key":"Boot"}],"event_choices":[{"damage_healed":0,"gold_gain":0,"player_choice":"Memory 1","damage_taken":0,"max_hp_gain":0,"max_hp_loss":0,"event_name":"SensoryStone","floor":36,"gold_loss":0},{"damage_healed":0,"gold_gain":0,"player_choice":"Max HP","damage_taken":0,"max_hp_gain":0,"max_hp_loss":3,"event_name":"Winding Halls","floor":37,"gold_loss":0}],"is_beta":false,"boss_relics":[{"not_picked":["energizedSpire:MagnifyingGlass","aspiration:RunicSpoon"],"picked":"Astrolabe"},{"not_picked":["Sandwich","vexMod:MysteryBossChallenge"],"picked":"jedi:hotpepper"}],"items_purged_floors":[5,20,28,39,40],"is_endless":false,"potions_floor_spawned":[2,6,8,13,14,19,23,29,33,35],"ascension_level":0}}