{"host":"sum4dy402bbv9y4o","time":1611454282,"event":{"mods":["Aspiration","BaseMod","Conspire","Highlight Path","Minty Spire (QoL Compilation)","StSLib"],"gold_per_floor":[112,37,37,50,50,77,77,107,107,107,132,143,161,161,161,240,240,259,37,54,71,86,86,117,117,117,151,151,169,181,211,211,290,290,310,13,30,46,65,65,65,65],"floor_reached":41,"language":"ENG","playtime":1678,"items_purged":["Strike_B","Strike_B"],"score":1021,"play_id":"0d488271-7207-4b70-ac74-8d8da68f2926","local_time":"20210124051122","is_ascension_mode":true,"campfire_choices":[{"data":"Defragment","floor":7,"key":"SMITH"},{"data":"Defragment+1","floor":10,"key":"SMITH"},{"data":"Defragment+2","floor":15,"key":"SMITH"},{"data":"Redo","floor":23,"key":"SMITH"},{"data":"Dualcast","floor":25,"key":"SMITH"},{"data":"Self Repair","floor":28,"key":"SMITH"},{"floor":32,"key":"REST"},{"data":"Loop","floor":40,"key":"SMITH"}],"circlet_count":0,"master_deck":["AscendersBane","Strike_B","Strike_B","Defend_B","Defend_B","Zap","Dualcast+1","Go for the Eyes","Gash","Conserve Battery","Defragment+3","Redo+1","Barrage","Genetic Algorithm","Ball Lightning","Self Repair+1","Leap+1","Electrodynamics","Ball Lightning","Ball Lightning","Auto Shields+1","Ball Lightning+1","Cold Snap","Coolheaded+1","Loop+1","aspiration:Polymerization+1","CurseOfTheBell"],"relics":["Cracked Core","NeowsBlessing","aspiration:HummingbirdHeart","conspire:InfiniteJournal","HornCleat","Toxic Egg 2","aspiration:Stellarator","Anchor","Symbiotic Virus","Nunchaku","The Courier","Calling Bell","Potion Belt","Letter Opener","Turnip","Bottled Tornado"],"acts_visited":["Exordium","TheCity","TheBeyond"],"potions_floor_usage":[8,16,16,20,22,31,33],"damage_taken":[{"damage":0,"enemies":"Cultist","floor":1,"turns":1},{"damage":0,"enemies":"Small Slimes","floor":4,"turns":1},{"damage":0,"enemies":"Gremlin Nob","floor":6,"turns":1},{"damage":15,"enemies":"Lagavulin","floor":8,"turns":5},{"damage":15,"enemies":"3 Sentries","floor":11,"turns":5},{"damage":0,"enemies":"Jaw Worm","floor":12,"turns":3},{"damage":3,"enemies":"Lots of Slimes","floor":13,"turns":3},{"damage":31,"enemies":"The Guardian","floor":16,"turns":8},{"damage":0,"enemies":"Chosen","floor":18,"turns":3},{"damage":3,"enemies":"Spheric Guardian","floor":20,"turns":4},{"damage":18,"enemies":"Shelled Parasite and Fungi","floor":21,"turns":5},{"damage":17,"enemies":"3 Cultists","floor":22,"turns":5},{"damage":10,"enemies":"Gremlin Leader","floor":24,"turns":6},{"damage":10,"enemies":"Slavers","floor":27,"turns":5},{"damage":7,"enemies":"Centurion and Healer","floor":29,"turns":5},{"damage":0,"enemies":"Snake Plant","floor":30,"turns":3},{"damage":13,"enemies":"Gremlin Leader","floor":31,"turns":6},{"damage":67,"enemies":"conspire:MysteriousRune","floor":33,"turns":12},{"damage":0,"enemies":"3 Shapes","floor":35,"turns":2},{"damage":0,"enemies":"3 Darklings","floor":37,"turns":3},{"damage":0,"enemies":"Sphere and 2 Shapes","floor":38,"turns":3},{"damage":35,"enemies":"Transient","floor":39,"turns":6},{"damage":58,"enemies":"Giant Head","floor":41,"turns":5}],"seed_played":"-1894171916024816112","potions_obtained":[{"floor":1,"key":"ColorlessPotion"},{"floor":8,"key":"FearPotion"},{"floor":13,"key":"SteroidPotion"},{"floor":18,"key":"DuplicationPotion"},{"floor":21,"key":"Block Potion"},{"floor":22,"key":"Dexterity Potion"},{"floor":30,"key":"SkillPotion"},{"floor":37,"key":"CultistPotion"},{"floor":38,"key":"LiquidBronze"}],"is_trial":false,"path_per_floor":["M","$","?","M","?","E","R","E","T","R","E","M","M","?","R","B",null,"M","$","M","M","M","R","E","R","T","E","R","M","M","E","R","B",null,"M","$","M","M","M","R","E"],"character_chosen":"DEFECT","items_purchased":["Gash","Conserve Battery","Ball Lightning","Auto Shields+1","Bottled Tornado"],"campfire_rested":1,"item_purchase_floors":[2,2,19,19,36],"current_hp_per_floor":[64,64,64,64,64,64,64,49,49,49,34,34,38,81,81,57,75,81,81,78,67,57,57,54,54,54,51,51,54,64,51,75,18,65,75,75,81,81,56,56,0,0],"gold":65,"neow_bonus":"THREE_ENEMY_KILL","is_daily":false,"chose_seed":false,"campfire_upgraded":7,"win_rate":0.0,"timestamp":1611454282,"path_taken":["M","$","?","M","?","E","R","E","T","R","E","?","M","?","R","BOSS","M","$","M","M","M","R","E","R","T","E","R","M","M","E","R","BOSS","M","$","M","M","M","R","E"],"items_purchased_type":["Card","Card","Card","Card","Relic"],"build_version":"2020-12-22","purchased_purges":2,"victory":false,"max_hp_per_floor":[71,71,71,71,71,71,71,71,71,71,71,71,71,81,81,81,81,81,81,81,81,81,81,81,81,81,81,81,81,81,81,81,81,81,81,81,81,81,81,81,81,81],"card_choices":[{"not_picked":["Recycle","Steam Power"],"picked":"Go for the Eyes","floor":1},{"not_picked":["Sweeping Beam","Beam Cell"],"picked":"Defragment","floor":4},{"not_picked":["Leap","Lockon"],"picked":"Barrage","floor":6},{"not_picked":["Thunder Strike","Steam"],"picked":"Genetic Algorithm","floor":8},{"not_picked":["Beam Cell","Hologram+1"],"picked":"Ball Lightning","floor":11},{"not_picked":["Steam+1","White Noise+1"],"picked":"Self Repair","floor":12},{"not_picked":["Heatsinks","Capacitor"],"picked":"Leap+1","floor":13},{"not_picked":["Reboot+1","Creative AI"],"picked":"Electrodynamics","floor":16},{"not_picked":["Barrage","Conserve Battery+1"],"picked":"Ball Lightning","floor":18},{"not_picked":["conspire:SharedLibrary","Heatsinks","Gash"],"picked":"SKIP","floor":20},{"not_picked":["Barrage","Go for the Eyes","Hologram+1"],"picked":"SKIP","floor":21},{"not_picked":["Sweeping Beam+1","FTL"],"picked":"Ball Lightning+1","floor":22},{"not_picked":["Conserve Battery+1","Defragment"],"picked":"Cold Snap","floor":24},{"not_picked":["Gash","Machine Learning"],"picked":"Coolheaded+1","floor":27},{"not_picked":["conspire:Rain+1","Leap+1"],"picked":"Loop","floor":29},{"not_picked":["Rebound","Ball Lightning"],"picked":"aspiration:Polymerization+1","floor":30},{"not_picked":["Hologram+1","Hyperbeam","Leap+1"],"picked":"SKIP","floor":31},{"not_picked":["Turbo+1","conspire:SharedLibrary","Lockon"],"picked":"SKIP","floor":35},{"not_picked":["Doom and Gloom","Hologram+1","Streamline"],"picked":"SKIP","floor":37},{"not_picked":["Hello World","Hologram+1","Recycle+1"],"picked":"SKIP","floor":38},{"not_picked":["Sweeping Beam","Conserve Battery+1","conspire:Rain+1"],"picked":"SKIP","floor":39}],"player_experience":2971509,"relics_obtained":[{"floor":6,"key":"aspiration:HummingbirdHeart"},{"floor":8,"key":"conspire:InfiniteJournal"},{"floor":9,"key":"HornCleat"},{"floor":11,"key":"Toxic Egg 2"},{"floor":24,"key":"Anchor"},{"floor":26,"key":"Symbiotic Virus"},{"floor":27,"key":"Nunchaku"},{"floor":31,"key":"The Courier"},{"floor":34,"key":"Potion Belt"},{"floor":34,"key":"Letter Opener"},{"floor":34,"key":"Turnip"}],"event_choices":[{"damage_healed":0,"gold_gain":0,"cards_transformed":["Defend_B"],"player_choice":"Change","damage_taken":0,"max_hp_gain":0,"max_hp_loss":0,"event_name":"Living Wall","floor":3,"gold_loss":0,"cards_obtained":["Hyperbeam"]},{"damage_healed":0,"gold_gain":0,"cards_transformed":["Defend_B"],"player_choice":"Transformed","damage_taken":0,"max_hp_gain":0,"max_hp_loss":0,"event_name":"Transmorgrifier","floor":5,"gold_loss":0,"cards_obtained":["Redo"]},{"cards_removed":["Hyperbeam"],"damage_healed":33,"gold_gain":0,"player_choice":"Offered Rare","damage_taken":0,"max_hp_gain":10,"max_hp_loss":0,"event_name":"Bonfire Elementals","floor":14,"gold_loss":0}],"is_beta":false,"boss_relics":[{"not_picked":["SlaversCollar","Runic Pyramid"],"picked":"aspiration:Stellarator"},{"not_picked":["aspiration:RunicSpoon","Philosopher\u0027s Stone"],"picked":"Calling Bell"}],"items_purged_floors":[19,36],"is_endless":false,"potions_floor_spawned":[1,8,13,18,21,22,30,37,38],"killed_by":"Giant Head","ascension_level":20}}