{"host":"sup1rd0ujr5jgopq","time":1611528913,"event":{"mods":["BaseMod","Colored Map","Downfall","Minty Spire (QoL Compilation)","StSLib"],"gold_per_floor":[99,109,125,30,30,30,56,68,11,42,42,27,27,46,61,61,61,61],"floor_reached":16,"playtime":2292,"items_purged":[],"score":103,"play_id":"4100d015-4dcc-41c5-9795-cb31586f8172","local_time":"20210124175513","is_ascension_mode":true,"campfire_choices":[{"data":"Guardian:TwinSlam","floor":1.0,"key":"SMITH"},{"data":"Guardian:SentryBeam","floor":8.0,"key":"SMITH"},{"data":"Guardian:PolyBeam","floor":13.0,"key":"SMITH"}],"circlet_count":0,"master_deck":["Guardian:Strike_Guardian","Guardian:Strike_Guardian","Guardian:Strike_Guardian","Guardian:Strike_Guardian","Guardian:Defend_Guardian","Guardian:Defend_Guardian","Guardian:Defend_Guardian","Guardian:Defend_Guardian","Guardian:CurlUp","Guardian:TwinSlam+1","Finesse","Guardian:PolyBeam+1","Guardian:Harden","Guardian:SentryBeam+1","Guardian:ArmoredProtocol","Guardian:RollAttack","Guardian:Planning","Guardian:Incinerate","Guardian:PiercingHide"],"relics":["Guardian:ModeShifter","downfall:ShatteredFragment","MawBank","MealTicket"],"acts_visited":["Exordium"],"potions_floor_usage":[16,16,16],"damage_taken":[{"damage":1.0,"enemies":"Cultist","floor":2.0,"turns":4.0},{"damage":0.0,"enemies":"2 Louse","floor":3.0,"turns":2.0},{"damage":0.0,"enemies":"downfall:FleeingMerchant","floor":4.0,"turns":4.0},{"damage":0.0,"enemies":"downfall:FleeingMerchant","floor":9.0,"turns":4.0},{"damage":7.0,"enemies":"3 Sentries","floor":10.0,"turns":7.0},{"damage":5.0,"enemies":"downfall:FleeingMerchant","floor":12.0,"turns":4.0},{"damage":0.0,"enemies":"Small Slimes","floor":14.0,"turns":3.0},{"damage":9.0,"enemies":"Blue Slaver","floor":15.0,"turns":3.0},{"damage":50,"enemies":"SI_SHIV_ARCHETYPE","floor":16,"turns":11}],"seed_played":"6723781203522625568","potions_obtained":[{"floor":3.0,"key":"Block Potion"},{"floor":14.0,"key":"Swift Potion"},{"floor":15.0,"key":"Guardian:AcceleratePotion"}],"is_trial":false,"path_per_floor":["R","M","M","$","?","?","T","R","$","E","?","$","R","M","M","B"],"character_chosen":"GUARDIAN","items_purchased":["Guardian:ArmoredProtocol","Guardian:RollAttack"],"campfire_rested":0,"item_purchase_floors":[4,9],"current_hp_per_floor":[80,79,79,79,79,55,55,55,55,48,48,58,58,58,49,0,0,0],"gold":61,"neow_bonus":"RANDOM_COLORLESS","is_daily":false,"chose_seed":false,"campfire_upgraded":3,"win_rate":0.0,"timestamp":1611528913,"path_taken":["R","M","M","?","?","?","T","R","?","E","?","$","R","?","M","BOSS"],"items_purchased_type":["Card","Card"],"build_version":"2020-12-13","purchased_purges":0,"victory":false,"max_hp_per_floor":[80,80,80,80,80,80,80,80,80,80,80,80,80,80,80,80,80,80],"card_choices":[{"not_picked":["Purity","Good Instincts"],"picked":"Finesse","floor":0.0},{"not_picked":["Guardian:PrimingBeam","Guardian:VentSteam"],"picked":"Guardian:PolyBeam","floor":2.0},{"not_picked":["Guardian:PrismaticBarrier","Guardian:Gem_Lightblue"],"picked":"Guardian:Harden","floor":3.0},{"not_picked":["Guardian:Orbwalk","Guardian:BronzeOrb"],"picked":"Guardian:SentryBeam","floor":4.0},{"not_picked":["Guardian:TemporalStrike","Guardian:Gem_Lightblue","Guardian:PrismaticBeam"],"picked":"SKIP","floor":9.0},{"not_picked":["Guardian:PrismaticBarrier","Guardian:CrystalBeam"],"picked":"Guardian:Planning","floor":10.0},{"not_picked":["Guardian:Gem_Cyan","Guardian:Repulse","Guardian:SentryBeam"],"picked":"SKIP","floor":12.0},{"not_picked":["Guardian:VentSteam","Guardian:Suspension"],"picked":"Guardian:Incinerate","floor":14.0},{"not_picked":["Guardian:BodySlam","Guardian:PrimingBeam"],"picked":"Guardian:PiercingHide","floor":15.0}],"player_experience":91524,"relics_obtained":[{"floor":7.0,"key":"MawBank"},{"floor":10.0,"key":"MealTicket"}],"event_choices":[],"is_beta":false,"boss_relics":[],"items_purged_floors":[],"is_endless":false,"potions_floor_spawned":[3,14,15],"killed_by":"SI_SHIV_ARCHETYPE","ascension_level":1}}