{"host":"cmxkjr0hek4mqvmn","time":1611447365,"event":{"mods":["BaseMod","Beaked The Cultist","Better Match","Better Skull","Better Third Choice","BetterRewards","Clawfect","Colored Map","Displayed Cursed Tome","Duelist Mod","GifTheSpireLib","Hermit","Hubris","JesterMod","Mimic Mod","Minty Spire (QoL Compilation)","Quick Restart","Robot Space Explorer","StSLib","The Bladedancer","The Blue Laboratory","The Cursed","Thieving Mod","Waifu the Spire"],"gold_per_floor":[113,125,125,142,159,192,192,192,229,229,229,229,264,35,35,137,137,153,153,153,173,188,217,232,232,232],"floor_reached":25,"language":"ENG","playtime":1965,"items_purged":[],"score":268,"play_id":"6003f0a0-fa26-4903-a78f-920be5935c66","local_time":"20210123191605","is_ascension_mode":true,"campfire_choices":[{"data":"Conserve Battery","floor":7.0,"key":"SMITH"},{"floor":11.0,"key":"REST"},{"floor":15.0,"key":"REST"}],"circlet_count":0,"master_deck":["Gash","Gash","Gash","Gash","Gash","Defend_B","Defend_B","Defend_B","Defend_B","Defend_B","Conserve Battery+1","Clawfect:ClawForTheEyes","Clawfect:Clawter","Clawfect:ClawingBeam","Parasite","Glacier","Clawfect:Clawline","Leap","Machine Learning","Gash+1","Shame","Conserve Battery","Clawfect:ClawAndTear","Auto Shields","Stack+1"],"relics":["Clawfect:DRClaw","hubris:GlazedTorus","Happy Flower","Blue Candle","Boot","Bronze Scales","beaked:MawFillet","hubris:Reverence","Shovel","hubris:TenFootPole"],"acts_visited":["Exordium","TheCity"],"potions_floor_usage":[21,24],"damage_taken":[{"damage":0.0,"enemies":"Small Slimes","floor":1.0,"turns":4.0},{"damage":1.0,"enemies":"Jaw Worm","floor":2.0,"turns":4.0},{"damage":9.0,"enemies":"2 Louse","floor":4.0,"turns":4.0},{"damage":0.0,"enemies":"2 Fungi Beasts","floor":5.0,"turns":4.0},{"damage":23.0,"enemies":"3 Sentries","floor":6.0,"turns":9.0},{"damage":2.0,"enemies":"Looter","floor":9.0,"turns":6.0},{"damage":39.0,"enemies":"Gremlin Nob","floor":13.0,"turns":5.0},{"damage":10.0,"enemies":"Hexaghost","floor":16.0,"turns":7.0},{"damage":8,"enemies":"Spheric Guardian","floor":18,"turns":3},{"damage":14,"enemies":"Shell Parasite","floor":21,"turns":6},{"damage":17,"enemies":"Centurion and Healer","floor":22,"turns":5},{"damage":35,"enemies":"Book of Stabbing","floor":23,"turns":5},{"damage":6,"enemies":"Snecko","floor":24,"turns":7},{"damage":0,"enemies":"theDuelist:KaibaA2","floor":25,"turns":1}],"seed_played":"5881923490693846889","potions_obtained":[{"floor":2.0,"key":"blueLaboratory:PhilterOfMotion"},{"floor":16.0,"key":"blueLaboratory:TrueEctoplasm"},{"floor":18,"key":"Dexterity Potion"},{"floor":23,"key":"FearPotion"}],"is_trial":false,"path_per_floor":["M","M","?","M","M","E","R","?","MIM","?","R","?","E","$","R","B",null,"M","?","?","M","M","E","M","E"],"character_chosen":"DEFECT","items_purchased":["Bronze Scales","Clawfect:Clawline","Leap"],"campfire_rested":2,"item_purchase_floors":[14,14,14],"current_hp_per_floor":[82,81,86,77,77,54,54,54,52,13,39,60,21,21,47,37,87,79,79,79,65,48,13,7,7,7],"gold":232,"neow_bonus":"TEN_PERCENT_HP_BONUS","is_daily":false,"chose_seed":false,"campfire_upgraded":1,"win_rate":0.0,"timestamp":1611447365,"path_taken":["M","M","?","M","M","E","R","?","MIM","?","R","?","E","$","R","BOSS","M","?","?","M","?","E","M","E"],"items_purchased_type":["Relic","Card","Card"],"build_version":"2020-12-22","purchased_purges":0,"victory":false,"max_hp_per_floor":[82,82,87,87,87,87,87,87,87,87,87,87,87,87,87,87,87,87,87,87,87,87,87,87,87,87],"card_choices":[{"not_picked":["Hologram","Sunder","Genetic Algorithm"],"picked":"SKIP","floor":1.0},{"not_picked":["Blizzard","Coolheaded"],"picked":"Conserve Battery","floor":2.0},{"not_picked":["Leap","hubris:PowerSurge"],"picked":"Clawfect:ClawForTheEyes","floor":4.0},{"not_picked":["Gash","White Noise"],"picked":"FTL","floor":5.0},{"not_picked":["BootSequence","Glacier"],"picked":"Clawfect:Clawter","floor":6.0},{"not_picked":["Gash","Darkness"],"picked":"Clawfect:ClawingBeam","floor":9.0},{"not_picked":["Steam Power","Steam"],"picked":"Glacier","floor":13.0},{"not_picked":["Multi-Cast","Creative AI"],"picked":"Machine Learning","floor":16.0},{"not_picked":["Turbo","Redo+1"],"picked":"Gash+1","floor":18},{"not_picked":["Heatsinks+1","Rebound+1"],"picked":"Conserve Battery","floor":21},{"not_picked":["Lockon+1","Consume"],"picked":"Clawfect:ClawAndTear","floor":22},{"not_picked":["Coolheaded","Clawfect:Clawline+1"],"picked":"Auto Shields","floor":23},{"not_picked":["Clawfect:Clawter","Steam"],"picked":"Stack+1","floor":24}],"player_experience":616524,"relics_obtained":[{"floor":6.0,"key":"hubris:GlazedTorus"},{"floor":13.0,"key":"Boot"},{"floor":23,"key":"hubris:TenFootPole"}],"event_choices":[{"damage_healed":0.0,"max_hp_gain":5.0,"max_hp_loss":0.0,"gold_gain":0.0,"event_name":"Big Fish","player_choice":"Donut","floor":3.0,"gold_loss":0.0,"damage_taken":0.0},{"damage_healed":0.0,"max_hp_gain":0.0,"max_hp_loss":0.0,"gold_gain":0.0,"event_name":"Golden Wing","player_choice":"Ignored","floor":8.0,"gold_loss":0.0,"damage_taken":0.0},{"damage_healed":0.0,"max_hp_gain":0.0,"max_hp_loss":0.0,"gold_gain":1.0,"event_name":"betterThird:BetterScrap","player_choice":"Relic Relic ","floor":10.0,"gold_loss":0.0,"damage_taken":39.0,"cards_obtained":["Adrenaline"]},{"damage_healed":21.0,"max_hp_gain":0.0,"max_hp_loss":0.0,"gold_gain":0.0,"event_name":"Mushrooms","player_choice":"Healed and dodged fight","floor":12.0,"gold_loss":0.0,"damage_taken":0.0,"cards_obtained":["Parasite"]},{"damage_healed":0,"gold_gain":0,"player_choice":"Stole Relic","damage_taken":0,"relics_obtained":["hubris:Reverence"],"max_hp_gain":0,"max_hp_loss":0,"event_name":"Addict","floor":19,"gold_loss":0,"cards_obtained":["Shame"]},{"cards_removed":["Madness"],"damage_healed":0,"gold_gain":0,"player_choice":"Gave Card","damage_taken":0,"relics_obtained":["Shovel"],"max_hp_gain":0,"max_hp_loss":0,"event_name":"WeMeetAgain","floor":20,"gold_loss":0}],"is_beta":false,"boss_relics":[{"not_picked":["jesterMod:MachoBrace","Runic Dome"],"picked":"beaked:MawFillet"}],"items_purged_floors":[],"is_endless":false,"potions_floor_spawned":[2,6,16,18,23],"killed_by":"theDuelist:KaibaA2","ascension_level":1}}