{"host":"3a1ypf1irl30q4k8","time":1611498814,"event":{"mods":["AchievementEnabler","BaseMod","Bestiary","Colored Map","Minty Spire (QoL Compilation)","Relic Stats"],"gold_per_floor":[113,131,148,323,55,55,86,86,86,111,130,153,153,165,165,263,263,278,193,212,1,19,19,44,44,44,63,92,39,39,51,51,149,149,168,168,46,46,57,92,109,122,145,21,54,54,0,11,11,11,11],"floor_reached":50,"language":"ENG","playtime":3590,"items_purged":["Doubt","Strike_G","Strike_G"],"score":715,"play_id":"8137f22a-e031-43d4-aabc-3e7df3bdaab2","local_time":"20210124143334","is_ascension_mode":true,"campfire_choices":[{"data":"Skewer","floor":6,"key":"SMITH"},{"data":"Bouncing Flask","floor":8,"key":"SMITH"},{"data":"Flying Knee","floor":13,"key":"SMITH"},{"data":"Neutralize","floor":15,"key":"SMITH"},{"floor":23,"key":"RECALL"},{"floor":32,"key":"REST"},{"floor":46,"key":"REST"},{"floor":49,"key":"REST"}],"circlet_count":0,"master_deck":["Strike_G","Defend_G","Defend_G","Defend_G","Defend_G","Defend_G","Survivor","Neutralize+1","Sucker Punch","Dodge and Roll","Blade Dance","Skewer+1","Bouncing Flask+1","Flying Knee+1","Blade Dance","Backflip","Night Terror","Quick Slash","Footwork","Noxious Fumes","Blur","Well Laid Plans","Envenom","Bane","Outmaneuver","Corpse Explosion","Acrobatics+1","Dark Shackles","Footwork","Choke","Bane+1","Dash","Backflip+1","Noxious Fumes","PiercingWail+1","Bouncing Flask+1"],"relics":["Ring of the Snake","NeowsBlessing","PreservedInsect","Calipers","HornCleat","Toy Ornithopter","Lantern","Fusion Hammer","Gremlin Horn","Sling","Centennial Puzzle","Bronze Scales","Smiling Mask","Runic Dome","Anchor","Question Card","Red Mask"],"acts_visited":["Exordium","TheCity","TheBeyond"],"potions_floor_usage":[16,18,22,24,28,31,41,45,50],"damage_taken":[{"damage":0,"enemies":"Small Slimes","floor":1,"turns":1},{"damage":0,"enemies":"Jaw Worm","floor":2,"turns":1},{"damage":0,"enemies":"Cultist","floor":3,"turns":1},{"damage":12,"enemies":"3 Sentries","floor":7,"turns":6},{"damage":0,"enemies":"Gremlin Nob","floor":10,"turns":3},{"damage":3,"enemies":"Looter","floor":11,"turns":3},{"damage":0,"enemies":"Exordium Wildlife","floor":14,"turns":3},{"damage":21,"enemies":"The Guardian","floor":16,"turns":12},{"damage":0,"enemies":"2 Thieves","floor":18,"turns":1},{"damage":4,"enemies":"Spheric Guardian","floor":20,"turns":4},{"damage":0,"enemies":"Snake Plant","floor":22,"turns":4},{"damage":0,"enemies":"Slavers","floor":24,"turns":4},{"damage":0,"enemies":"Centurion and Healer","floor":27,"turns":6},{"damage":10,"enemies":"Book of Stabbing","floor":28,"turns":6},{"damage":27,"enemies":"3 Cultists","floor":31,"turns":5},{"damage":44,"enemies":"Champ","floor":33,"turns":14},{"damage":18,"enemies":"3 Shapes","floor":35,"turns":5},{"damage":8,"enemies":"3 Darklings","floor":39,"turns":4},{"damage":16,"enemies":"Nemesis","floor":40,"turns":5},{"damage":2,"enemies":"Sphere and 2 Shapes","floor":41,"turns":3},{"damage":16,"enemies":"Jaw Worm Horde","floor":42,"turns":5},{"damage":12,"enemies":"Giant Head","floor":45,"turns":8},{"damage":0,"enemies":"4 Shapes","floor":48,"turns":5},{"damage":75,"enemies":"Awakened One","floor":50,"turns":13}],"seed_played":"3352627229052686240","potions_obtained":[{"floor":3,"key":"Fruit Juice"},{"floor":14,"key":"Fire Potion"},{"floor":16,"key":"SkillPotion"},{"floor":18,"key":"SpeedPotion"},{"floor":22,"key":"ColorlessPotion"},{"floor":24,"key":"Swift Potion"},{"floor":40,"key":"AttackPotion"},{"floor":42,"key":"BlessingOfTheForge"},{"floor":45,"key":"AttackPotion"},{"floor":48,"key":"Ancient Potion"}],"is_trial":false,"path_per_floor":["M","M","M","?","$","R","E","R","T","E","M","T","R","M","R","B",null,"M","?","M","$","M","R","E","?","T","M","E","$","?","M","R","B",null,"M","?","$","?","M","E","M","M","T","$","E","R","?","M","R","B"],"character_chosen":"THE_SILENT","items_purchased":["Skewer","PreservedInsect","Noxious Fumes","Sling","Bane","Footwork","Noxious Fumes"],"campfire_rested":3,"item_purchase_floors":[5,5,21,21,29,37,44],"current_hp_per_floor":[70,70,70,70,70,70,58,58,58,58,55,55,55,55,55,39,70,70,70,66,66,70,70,70,57,57,57,52,52,52,35,59,15,80,62,62,62,62,54,38,41,25,25,25,18,42,42,42,66,0,0],"gold":11,"neow_bonus":"THREE_ENEMY_KILL","is_daily":false,"chose_seed":false,"campfire_upgraded":4,"win_rate":0.0,"timestamp":1611498814,"path_taken":["M","M","M","?","$","R","E","R","T","E","M","?","R","M","R","BOSS","M","?","M","$","M","R","E","?","T","M","E","?","?","M","R","BOSS","M","?","$","?","M","E","M","M","T","$","E","R","?","M","R","BOSS"],"items_purchased_type":["Card","Relic","Card","Relic","Card","Card","Card"],"build_version":"2020-12-22","purchased_purges":3,"victory":false,"max_hp_per_floor":[70,70,70,70,70,70,70,70,70,70,70,70,70,70,70,70,70,70,70,70,70,70,70,70,75,75,75,75,75,75,80,80,80,80,80,80,80,80,80,80,80,80,80,80,80,80,80,80,80,80,80],"relic_stats":{"Centennial Puzzle":[30],"Gremlin Horn":[17,17],"counters":[24,122],"Bronze Scales":[261],"PreservedInsect":304,"Smiling Mask":125,"Question Card":1,"obtain_stats":[{"Lantern":12,"Calipers":7,"NeowsBlessing":0,"Gremlin Horn":19,"PreservedInsect":5,"Sling":21,"Smiling Mask":28,"Question Card":45,"Runic Dome":34,"Centennial Puzzle":24,"Anchor":40,"HornCleat":9,"Bronze Scales":26,"Fusion Hammer":17,"Red Mask":47,"Toy Ornithopter":10,"Ring of the Snake":0},{"Lantern":6,"Calipers":4,"NeowsBlessing":0,"Gremlin Horn":9,"PreservedInsect":3,"Sling":10,"Smiling Mask":14,"Question Card":22,"Runic Dome":16,"Centennial Puzzle":12,"Anchor":19,"HornCleat":4,"Bronze Scales":12,"Fusion Hammer":8,"Red Mask":22,"Toy Ornithopter":5,"Ring of the Snake":0},{"Lantern":15,"Calipers":9,"NeowsBlessing":0,"Gremlin Horn":31,"PreservedInsect":3,"Sling":35,"Smiling Mask":55,"Question Card":104,"Runic Dome":74,"Centennial Puzzle":43,"Anchor":88,"HornCleat":9,"Bronze Scales":43,"Fusion Hammer":30,"Red Mask":104,"Toy Ornithopter":12,"Ring of the Snake":0}],"Toy Ornithopter":34,"Ring of the Snake":[48]},"card_choices":[{"not_picked":["Heel Hook","Calculated Gamble"],"picked":"Sucker Punch","floor":1},{"not_picked":["Accuracy","Acrobatics"],"picked":"Dodge and Roll","floor":2},{"not_picked":["Flechettes","Riddle With Holes"],"picked":"Blade Dance","floor":3},{"not_picked":["Outmaneuver","A Thousand Cuts"],"picked":"Bouncing Flask","floor":7},{"not_picked":["Endless Agony","Acrobatics"],"picked":"Flying Knee","floor":10},{"not_picked":["Outmaneuver","Prepared"],"picked":"Blade Dance","floor":11},{"not_picked":["Blur","Slice"],"picked":"Backflip","floor":14},{"not_picked":["Storm of Steel","Bullet Time"],"picked":"Night Terror","floor":16},{"not_picked":["Outmaneuver","Deflect"],"picked":"Quick Slash","floor":18},{"not_picked":["Poisoned Stab","Caltrops+1"],"picked":"Footwork","floor":20},{"not_picked":["Infinite Blades","Outmaneuver","Sucker Punch"],"picked":"SKIP","floor":22},{"not_picked":["Blade Dance+1","Deflect"],"picked":"Blur","floor":24},{"not_picked":["Flying Knee","Deadly Poison"],"picked":"Well Laid Plans","floor":27},{"not_picked":["Setup+1","Deflect+1"],"picked":"Envenom","floor":28},{"not_picked":["Well Laid Plans","Flying Knee"],"picked":"Outmaneuver","floor":31},{"not_picked":["Venomology","A Thousand Cuts"],"picked":"Corpse Explosion","floor":33},{"not_picked":["Poisoned Stab+1","Accuracy"],"picked":"Acrobatics+1","floor":35},{"not_picked":["Chrysalis","Panacea"],"picked":"Dark Shackles","floor":36},{"not_picked":["Eviscerate+1","Infinite Blades"],"picked":"Choke","floor":39},{"not_picked":["Outmaneuver","Prepared"],"picked":"Bane+1","floor":40},{"not_picked":["Flechettes+1","Backstab+1"],"picked":"Dash","floor":41},{"not_picked":["Dagger Throw+1","Bane+1"],"picked":"Backflip+1","floor":42},{"not_picked":["Malaise","Dagger Spray"],"picked":"PiercingWail+1","floor":45},{"not_picked":["Flying Knee+1","Bane","Poisoned Stab"],"picked":"Bouncing Flask+1","floor":48}],"player_experience":1184733,"relics_obtained":[{"floor":7,"key":"Calipers"},{"floor":9,"key":"HornCleat"},{"floor":10,"key":"Toy Ornithopter"},{"floor":12,"key":"Lantern"},{"floor":24,"key":"Centennial Puzzle"},{"floor":26,"key":"Bronze Scales"},{"floor":28,"key":"Smiling Mask"},{"floor":40,"key":"Anchor"},{"floor":45,"key":"Question Card"}],"event_choices":[{"damage_healed":0,"gold_gain":175,"player_choice":"AGREE","damage_taken":0,"max_hp_gain":0,"max_hp_loss":0,"event_name":"Liars Game","floor":4,"gold_loss":0,"cards_obtained":["Doubt"]},{"damage_healed":0,"gold_gain":0,"player_choice":"Obtained Relic","damage_taken":0,"relics_obtained":["Gremlin Horn"],"max_hp_gain":0,"max_hp_loss":0,"event_name":"Addict","floor":19,"gold_loss":85},{"damage_healed":0,"gold_gain":0,"player_choice":"Shed Blood","damage_taken":18,"max_hp_gain":5,"max_hp_loss":0,"event_name":"Forgotten Altar","floor":25,"gold_loss":0},{"cards_removed":["Strike_G"],"damage_healed":0,"gold_gain":0,"player_choice":"Elegance","damage_taken":0,"max_hp_gain":0,"max_hp_loss":0,"event_name":"Back to Basics","floor":30,"gold_loss":0},{"damage_healed":0,"gold_gain":0,"player_choice":"Memory 1","damage_taken":0,"max_hp_gain":0,"max_hp_loss":0,"event_name":"SensoryStone","floor":36,"gold_loss":0},{"cards_removed":["Strike_G"],"damage_healed":0,"gold_gain":0,"player_choice":"Removed Attack","damage_taken":0,"max_hp_gain":0,"max_hp_loss":0,"event_name":"Falling","floor":38,"gold_loss":0},{"damage_healed":0,"gold_gain":0,"player_choice":"Paid","damage_taken":0,"relics_obtained":["Red Mask"],"max_hp_gain":0,"max_hp_loss":0,"event_name":"Tomb of Lord Red Mask","floor":47,"gold_loss":54}],"is_beta":false,"boss_relics":[{"not_picked":["Coffee Dripper","Velvet Choker"],"picked":"Fusion Hammer"},{"not_picked":["SacredBark","HoveringKite"],"picked":"Runic Dome"}],"items_purged_floors":[5,37,44],"is_endless":false,"potions_floor_spawned":[3,14,16,18,22,24,40,42,45,48],"killed_by":"Awakened One","ascension_level":3}}