{"host":"tsvd6dj91xrgj3vo","time":1611518152,"event":{"mods":["AchievementEnabler","BaseMod","Hermit","Marisa????????","Minty Spire (QoL Compilation)","Reimu??????","StSLib","The Cursed","The Hierophant","The Servant 0.9.4"],"gold_per_floor":[116,127,143,153,253,253,264,19,46,46,46,46,46,63,63,63,63],"floor_reached":16,"language":"ENG","playtime":951,"items_purged":[],"score":92,"play_id":"645285c2-ab20-432b-be4a-1fb298bbdfc6","local_time":"20210124145552","is_ascension_mode":false,"campfire_choices":[{"floor":6,"key":"REST"},{"floor":11,"key":"REST"},{"floor":15,"key":"REST"}],"circlet_count":0,"master_deck":["Strike_MRS","Strike_MRS","Strike_MRS","Defend_MRS+1","Defend_MRS","Defend_MRS","Defend_MRS+1","MasterSpark","UpSweep","LuminesStrike","PulseMagic","ShootingEcho","MysteriousBeam","MilkyWay","GravityBeat","AsteroidBelt"],"relics":["MiniHakkero","Question Card","Pen Nib","War Paint"],"acts_visited":["Exordium"],"potions_floor_usage":[],"damage_taken":[{"damage":1,"enemies":"Cultist","floor":1,"turns":3},{"damage":6,"enemies":"Jaw Worm","floor":2,"turns":3},{"damage":5,"enemies":"Small Slimes","floor":3,"turns":3},{"damage":13,"enemies":"3 Louse","floor":4,"turns":4},{"damage":21,"enemies":"Gremlin Gang","floor":7,"turns":4},{"damage":2,"enemies":"2 Fungi Beasts","floor":14,"turns":3},{"damage":81,"enemies":"The Guardian","floor":16,"turns":13}],"seed_played":"-7883925665016115123","potions_obtained":[{"floor":1,"key":"EssenceOfSteel"},{"floor":3,"key":"Weak Potion"},{"floor":7,"key":"Weak Potion"}],"is_trial":false,"path_per_floor":["M","M","M","M","?","R","M","$","T","?","R","?","$","M","R","B"],"character_chosen":"MARISA","items_purchased":["Question Card"],"campfire_rested":3,"item_purchase_floors":[8],"current_hp_per_floor":[81,75,70,57,57,81,60,60,60,35,59,59,59,57,81,0,0],"gold":63,"neow_bonus":"TEN_PERCENT_HP_BONUS","is_daily":false,"chose_seed":false,"campfire_upgraded":0,"win_rate":0.0,"timestamp":1611518152,"path_taken":["M","M","?","M","?","R","?","$","T","?","R","?","$","M","R","BOSS"],"items_purchased_type":["Relic"],"build_version":"2020-12-22","purchased_purges":0,"victory":false,"max_hp_per_floor":[82,82,82,82,82,82,82,82,82,82,82,82,82,82,82,82,82],"card_choices":[{"not_picked":["GrandCross","PropBag"],"picked":"LuminesStrike","floor":1},{"not_picked":["LuminesStrike","WitchLeyline"],"picked":"PulseMagic","floor":2},{"not_picked":["Acceleration","PulseMagic"],"picked":"ShootingEcho","floor":3},{"not_picked":["EnergyFlow","6A"],"picked":"MysteriousBeam","floor":4},{"not_picked":["WitchLeyline","NonDirectionalLaser"],"picked":"MilkyWay","floor":7},{"not_picked":["DoubleSpark","Acceleration","SuperNova"],"picked":"AsteroidBelt","floor":14}],"player_experience":7299,"relics_obtained":[{"floor":9,"key":"Pen Nib"}],"event_choices":[{"damage_healed":0,"gold_gain":100,"player_choice":"Pray","damage_taken":0,"max_hp_gain":0,"max_hp_loss":0,"event_name":"Golden Shrine","floor":5,"gold_loss":0},{"damage_healed":0,"gold_gain":0,"player_choice":"Success","damage_taken":25,"relics_obtained":["War Paint"],"max_hp_gain":0,"max_hp_loss":0,"event_name":"Scrap Ooze","floor":10,"gold_loss":0},{"damage_healed":0,"gold_gain":0,"cards_transformed":["Strike_MRS"],"player_choice":"Transformed","damage_taken":0,"max_hp_gain":0,"max_hp_loss":0,"event_name":"Transmorgrifier","floor":12,"gold_loss":0,"cards_obtained":["GravityBeat"]}],"is_beta":false,"boss_relics":[],"items_purged_floors":[],"is_endless":false,"potions_floor_spawned":[1,3,7],"killed_by":"The Guardian","ascension_level":0}}