{"host":"u19jhb6amotr3ucl","time":1611532725,"event":{"mods":["Act Like it!","Astrologer","BaseMod","Better Match","BetterRewards","Conspire","Duelist Mod","Hubris","Infinite Spire","Jorbs\u0027s Wanderer Trilogy","Marisa????????","Minty Spire (QoL Compilation)","Quick Restart","Replay The Spire","Spicy Shops","StSLib","The Animator"],"gold_per_floor":[116,116,116,126,138,138,157,157,231,241,267,286,286,306,306,407,407,420,292,308,308,308,333,333,333],"floor_reached":24,"language":"ENG","playtime":1151,"items_purged":[],"score":394,"play_id":"2e35de68-4887-4d91-922c-b1fe672351fa","local_time":"20210124185845","is_ascension_mode":true,"campfire_choices":[{"floor":6,"key":"RECALL"},{"data":"FairyDestructionRay","floor":8,"key":"SMITH"}],"circlet_count":0,"master_deck":["Strike_MRS","Strike_MRS","Strike_MRS","Strike_MRS","Defend_MRS","Defend_MRS","Defend_MRS","Defend_MRS","MasterSpark","UpSweep","Master of Strategy+1","ReplayTheSpireMod:Private Reserves","Dramatic Entrance","WitchLeyline","FairyDestructionRay+1","GalacticHalo","GrandCross","GalacticHalo","AsteroidBelt","IllusionStar","Pain","PowerUp","ManaRampage","MysteriousBeam+1","conspire:Blindness","Decay","WitchLeyline","CommonCold","OrrerysSun"],"relics":["MiniHakkero","ReplayTheSpireMod:TigerMarble","ReplayTheSpireMod:ShopPack","hubris:Icosahedron","hubris:Towel","Quantum Egg","ReplayTheSpireMod:Shallot","WarpedTongs","conspire:SlowCooker","ReplayTheSpireMod:CursedCoin","Du-Vu Doll","Sling","hubris:SlimyHat","Girya"],"acts_visited":["TheCity"],"potions_floor_usage":[11,16,20,24],"damage_taken":[{"damage":3,"enemies":"Small Slimes","floor":1,"turns":2},{"damage":0,"enemies":"2 Louse","floor":4,"turns":2},{"damage":2,"enemies":"Jaw Worm","floor":5,"turns":2},{"damage":10,"enemies":"Large Slime","floor":7,"turns":3},{"damage":0,"enemies":"Gremlin Gang","floor":10,"turns":1},{"damage":17,"enemies":"Lagavulin","floor":11,"turns":5},{"damage":0,"enemies":"Blue Slaver","floor":12,"turns":3},{"damage":12,"enemies":"Looter","floor":14,"turns":3},{"damage":16,"enemies":"Hexaghost","floor":16,"turns":9},{"damage":22,"enemies":"3 Byrds","floor":18,"turns":3},{"damage":16,"enemies":"2 Thieves","floor":20,"turns":2},{"damage":8,"enemies":"Gremlin Leader","floor":23,"turns":3},{"damage":30,"enemies":"Snecko","floor":24,"turns":4}],"seed_played":"-7665571868776190758","potions_obtained":[{"floor":1,"key":"Strength Potion"},{"floor":7,"key":"AttackPotion"},{"floor":10,"key":"Fruit Juice"},{"floor":16,"key":"DuplicationPotion"},{"floor":18,"key":"Languid Potion"}],"is_trial":false,"path_per_floor":["M","?","?","M","M","R","M","R","T","M","E","M","?","M","R","B",null,"M","$","M","?","?","E","M"],"character_chosen":"MARISA","items_purchased":["ReplayTheSpireMod:TigerMarble","ReplayTheSpireMod:ShopPack","ReplayTheSpireMod:CursedCoin","Du-Vu Doll","Sling"],"campfire_rested":0,"item_purchase_floors":[0,0,19,19,19],"current_hp_per_floor":[61,61,61,61,59,59,49,49,49,49,37,37,37,31,53,37,75,53,53,37,37,37,29,0,0],"gold":333,"neow_bonus":"","is_daily":false,"chose_seed":false,"campfire_upgraded":1,"win_rate":0.0,"timestamp":1611532725,"path_taken":["M","?","?","M","?","R","M","R","T","M","E","M","?","M","R","BOSS","M","$","?","?","?","E","M"],"items_purchased_type":["Relic","Relic","Relic","Relic","Relic"],"build_version":"2020-12-22","purchased_purges":0,"victory":false,"max_hp_per_floor":[70,70,70,70,70,70,70,70,70,70,75,75,75,75,75,75,75,75,75,75,75,75,75,75,75],"card_choices":[{"not_picked":["theDuelist:OrbMetronome","Thinking Ahead"],"picked":"Master of Strategy","floor":0},{"not_picked":["Purity","Replay:Sssssssssshield"],"picked":"ReplayTheSpireMod:Private Reserves","floor":0},{"not_picked":["hubris:Insight","Dark Shackles"],"picked":"Dramatic Entrance","floor":0},{"not_picked":["MagicChant","AsteroidBelt"],"picked":"WitchLeyline","floor":1},{"not_picked":["CollectingQuirk","SporeBomb"],"picked":"FairyDestructionRay","floor":4},{"not_picked":["DC","DoubleSpark"],"picked":"GalacticHalo","floor":5},{"not_picked":["StarBarrage","6A"],"picked":"GrandCross","floor":7},{"not_picked":["NonDirectionalLaser","DeepEcoloBomb"],"picked":"GalacticHalo","floor":10},{"not_picked":["MilkyWay","DoubleSpark"],"picked":"AsteroidBelt","floor":11},{"not_picked":["GrandCross","DragonMeteor"],"picked":"IllusionStar","floor":12},{"not_picked":["UltimateShortwave","MilkyWay"],"picked":"PowerUp","floor":14},{"not_picked":["TreasureHunter","AbsoluteMagnitude"],"picked":"ManaRampage","floor":16},{"not_picked":["PowerUp","SporeBomb"],"picked":"MysteriousBeam+1","floor":18},{"not_picked":["GrandCross","MilkyWay"],"picked":"WitchLeyline","floor":20},{"not_picked":["MachineGunSpark","6A"],"picked":"OrrerysSun","floor":23}],"player_experience":346746,"relics_obtained":[{"floor":9,"key":"Quantum Egg"},{"floor":11,"key":"ReplayTheSpireMod:Shallot"},{"floor":23,"key":"Girya"}],"event_choices":[{"damage_healed":0,"gold_gain":0,"player_choice":"Rummage","damage_taken":0,"relics_obtained":["WarpedTongs"],"max_hp_gain":0,"max_hp_loss":0,"event_name":"Accursed Blacksmith","floor":13,"gold_loss":0,"cards_obtained":["Pain"]}],"is_beta":false,"boss_relics":[{"not_picked":["hubris:HollowSoul","infinitespire:Cupcake"],"picked":"conspire:SlowCooker"}],"items_purged_floors":[],"is_endless":false,"potions_floor_spawned":[1,7,10,16,18],"killed_by":"Snecko","ascension_level":3}}