{"host":"lnnm69al9x392px5","time":1611459578,"event":{"mods":["BaseMod","Downfall","Minty Spire (QoL Compilation)","Replay The Spire","StSLib"],"gold_per_floor":[211,97,113,128,145,145,172,183,209,235,235,256,256,256,256,386,386,407,69,90,103,103,103,203,203,230,230,245,245,245,245,245,373,373,391,36,36,50,69,69,69],"floor_reached":40,"language":"ENG","playtime":1634,"items_purged":["Injury"],"score":441,"play_id":"39e214ed-0f43-4295-aa04-7a8772e7df94","local_time":"20210123193938","is_ascension_mode":true,"campfire_choices":[{"data":"Scrape","floor":6,"key":"SMITH"},{"floor":13,"key":"DIG"},{"floor":15,"key":"REST"},{"floor":23,"key":"DIG"},{"floor":25,"key":"DIG"},{"floor":27,"key":"REST"},{"floor":30,"key":"REST"},{"floor":32,"key":"DIG"}],"circlet_count":0,"master_deck":["Strike_B","Strike_B","Strike_B+1","Strike_B","Defend_B","Defend_B","Defend_B+1","Defend_B","Zap","Dualcast","Scrape+1","Rainbow+1","Coolheaded","Steam","ReplayTheSpireMod:Calculation Training","Hologram","Barrage","Go for the Eyes","Machine Learning+1","Seek","Go for the Eyes","Beam Cell","Go for the Eyes","Dramatic Entrance","Go for the Eyes","BootSequence+1","Pot Of Greed","Pot Of Greed","Pot Of Greed","Defragment","Electrodynamics","Scrape","Echo Form","Panic Button"],"relics":["Cracked Core","Shovel","Replay:Wax Seal","Vajra","Golden Idol","Tiny Chest","Inserter","Replay:Antivirus Software","Smiling Mask","Omamori","Grinning Jar","Regal Pillow","ReplayTheSpireMod:Ring of Challenge","ReplayTheSpireMod:Ring of Exchange","Singing Bowl","Black Star","Simple Rune","Prayer Wheel"],"acts_visited":["Exordium","TheCity","TheBeyond"],"potions_floor_usage":[16,16,21,35,40],"damage_taken":[{"damage":0,"enemies":"2 Louse","floor":1,"turns":2},{"damage":0,"enemies":"Small Slimes","floor":3,"turns":2},{"damage":2,"enemies":"Cultist","floor":4,"turns":3},{"damage":5,"enemies":"Large Slime","floor":5,"turns":6},{"damage":26,"enemies":"Gremlin Nob","floor":7,"turns":4},{"damage":6,"enemies":"Looter","floor":8,"turns":3},{"damage":9,"enemies":"3 Sentries","floor":10,"turns":6},{"damage":12,"enemies":"Gremlin Gang","floor":12,"turns":4},{"damage":25,"enemies":"The Guardian","floor":16,"turns":10},{"damage":24,"enemies":"Spheric Guardian","floor":18,"turns":7},{"damage":26,"enemies":"2 Thieves","floor":20,"turns":4},{"damage":3,"enemies":"Snake Plant","floor":21,"turns":6},{"damage":19,"enemies":"Snecko","floor":28,"turns":6},{"damage":34,"enemies":"Champ","floor":33,"turns":11},{"damage":28,"enemies":"3 Darklings","floor":35,"turns":6},{"damage":17,"enemies":"Orb Walker","floor":38,"turns":5},{"damage":17,"enemies":"3 Darklings","floor":39,"turns":3},{"damage":19,"enemies":"R_Hoarder","floor":40,"turns":10}],"seed_played":"-3983224174583589137","potions_obtained":[{"floor":1,"key":"EssenceOfSteel"},{"floor":4,"key":"DuplicationPotion"},{"floor":5,"key":"SkillPotion"},{"floor":10,"key":"Regen Potion"},{"floor":16,"key":"Block Potion"},{"floor":28,"key":"bronze:BurnAndBuffPotion"},{"floor":33,"key":"Swift Potion"},{"floor":37,"key":"SteroidPotion"}],"is_trial":false,"path_per_floor":["M","$","M","M","M","R","E","M","T","E","?","M","R","?","R","B",null,"M","$","M","M","?","R","?","R","T","R","M","T","R","?","R","B",null,"M","$","?","M","M","E"],"character_chosen":"DEFECT","items_purchased":["Rainbow+1","Replay:Antivirus Software","Beam Cell","Go for the Eyes","Dramatic Entrance","Electrodynamics","Simple Rune"],"campfire_rested":3,"item_purchase_floors":[2,19,19,19,19,36,36],"current_hp_per_floor":[75,75,75,73,68,68,42,36,36,27,27,15,15,15,37,27,75,51,51,25,22,22,22,22,22,22,44,25,25,62,62,62,28,75,49,49,49,34,17,0,0],"gold":69,"neow_bonus":"HUNDRED_GOLD","is_daily":false,"chose_seed":false,"campfire_upgraded":1,"win_rate":0.0,"timestamp":1611459578,"path_taken":["M","$","M","M","M","R","E","M","T","E","?","M","R","?","R","BOSS","M","$","M","M","?","R","?","R","T","R","M","?","R","?","R","BOSS","M","$","?","M","M","E"],"items_purchased_type":["Card","Relic","Card","Card","Card","Card","Relic"],"build_version":"2020-12-22","purchased_purges":1,"victory":false,"max_hp_per_floor":[75,75,75,75,75,75,75,75,75,75,75,75,75,75,75,75,75,75,75,75,75,75,75,75,75,75,75,75,75,75,75,75,75,75,77,77,77,79,79,79,79],"card_choices":[{"not_picked":["Turbo","Compile Driver"],"picked":"Scrape","floor":1},{"not_picked":["Crystallizer","BasicCrystalCard"],"picked":"Coolheaded","floor":3},{"not_picked":["Hologram","Aggregate"],"picked":"Steam","floor":4},{"not_picked":["Hologram","Gash"],"picked":"ReplayTheSpireMod:Calculation Training","floor":5},{"not_picked":["Compile Driver","ReplayTheSpireMod:Reroute Power"],"picked":"Hologram","floor":7},{"not_picked":["Sweeping Beam","Conserve Battery"],"picked":"Barrage","floor":8},{"not_picked":["Conserve Battery","Leap"],"picked":"Go for the Eyes","floor":10},{"not_picked":["Hologram","Barrage"],"picked":"Machine Learning","floor":12},{"not_picked":["Hyperbeam","Meteor Strike"],"picked":"Seek","floor":16},{"not_picked":["Recycle","Sweeping Beam"],"picked":"Go for the Eyes","floor":18},{"not_picked":["Streamline+1","Leap"],"picked":"Go for the Eyes","floor":20},{"not_picked":["Aggregate","Stack+1"],"picked":"BootSequence+1","floor":21},{"not_picked":["Skim","Streamline"],"picked":"Defragment","floor":28},{"not_picked":["Seek","Rainbow"],"picked":"ReplayTheSpireMod:Fabricate Wheel","floor":33},{"not_picked":["Streamline","Stack+1","Coolheaded"],"picked":"Singing Bowl","floor":35},{"not_picked":["Streamline+1","Hologram","Genetic Algorithm+1"],"picked":"Singing Bowl","floor":38},{"not_picked":["Steam","Beam Cell+1"],"picked":"Scrape","floor":38},{"not_picked":["Capacitor+1","Turbo"],"picked":"Echo Form","floor":39},{"not_picked":["Static Discharge+1","Go for the Eyes+1"],"picked":"Panic Button","floor":39}],"player_experience":248027,"relics_obtained":[{"floor":7,"key":"Shovel"},{"floor":9,"key":"Replay:Wax Seal"},{"floor":10,"key":"Vajra"},{"floor":13,"key":"Tiny Chest"},{"floor":23,"key":"Smiling Mask"},{"floor":25,"key":"Omamori"},{"floor":26,"key":"Grinning Jar"},{"floor":29,"key":"Regal Pillow"},{"floor":31,"key":"ReplayTheSpireMod:Ring of Challenge"},{"floor":31,"key":"ReplayTheSpireMod:Ring of Exchange"},{"floor":32,"key":"Singing Bowl"}],"event_choices":[{"damage_healed":0,"gold_gain":0,"player_choice":"Take Wound","damage_taken":0,"relics_obtained":["Golden Idol"],"max_hp_gain":0,"max_hp_loss":0,"event_name":"Golden Idol","floor":11,"gold_loss":0,"cards_obtained":["Injury"]},{"damage_healed":0,"gold_gain":100,"player_choice":"Pray","damage_taken":0,"max_hp_gain":0,"max_hp_loss":0,"event_name":"Golden Shrine","floor":24,"gold_loss":0},{"damage_healed":0,"gold_gain":0,"player_choice":"Got Potions","damage_taken":0,"max_hp_gain":0,"max_hp_loss":0,"event_name":"Lab","floor":37,"gold_loss":0}],"is_beta":false,"boss_relics":[{"not_picked":["Abe\u0027s Treasure","Kintsugi"],"picked":"Inserter"},{"not_picked":["ReplayTheSpireMod:DimensionalGlitch","SacredBark"],"picked":"Black Star"}],"items_purged_floors":[36],"is_endless":false,"potions_floor_spawned":[1,4,5,10,16,28,33,39],"killed_by":"R_Hoarder","ascension_level":1}}