{"host":"zk6vb2npgw3pu6j2","time":1611458503,"event":{"mods":["Act Like it!","Aspiration","Bard","BaseMod","Beaked The Cultist","Bestiary","Better Note","Better Sensory Stone","CapriCore","Conspire","Downfall","Friendly Minions","Gensokyo","GifTheSpireLib","Hallownest","Hermit","Hubris","Koishi","Marisa????????","Marked Mod","Minty Spire (QoL Compilation)","Quarter Circle Forward PUNCH!","Reimu??????","Replay The Spire","Retaliation","StSLib","The Administrix","The Alterego","The Blue Laboratory","The Bug Knight","The Construct","The Exalted","The Hierophant","The Immortal","The Marked","The Runesmith","The Senshi","The Servant 0.9.4","The Wild Card","TheVacant","Wandering Minibosses","yUi"],"gold_per_floor":[111,127,127,143,143,172,186,217,241,270,0,0,13,13,13,118,118,132,142,142,162,162,162,52,52,52,68,68,21,21,36,36,36,36],"floor_reached":33,"language":"ENG","playtime":1978,"items_purged":["theMarked:Defend"],"score":255,"play_id":"1ea40e8a-403c-442c-a321-901789af1db7","local_time":"20210123222143","is_ascension_mode":false,"campfire_choices":[{"floor":12,"key":"RECALL"},{"floor":15,"key":"REST"},{"floor":23,"key":"REST"},{"floor":30,"key":"REST"},{"floor":32,"key":"REST"}],"circlet_count":0,"master_deck":["theMarked:Strike","theMarked:Strike","theMarked:Defend","theMarked:SoldierOfQuellstein+1","theMarked:SwordAndMagic","Go for the Eyes","theMarked:DispelDoubt","Sweeping Beam+1","theMarked:ResourceFulStrike","theMarked:HeightenedSenses","theMarked:HeightenedSenses+1","Pommel Strike","Stack","Rainbow","theMarked:DispelDoubt","Gensokyo:AllTheWorldsEvil","ReplayTheSpireMod:Faulty Equipment","theMarked:EmpowerWeapon+1","theMarked:MysticalArsenal","theMarked:EmpowerWeapon+1","Bandage Up+1","Good Instincts+1","theMarked:SwordAndMagic+1","Gensokyo:Shovel","theMarked:Parkour"],"relics":["theMarked:ArtifactOfAir","aspiration:Nostalgia","m_SpellCore","Gensokyo:OccultBall","qcfpunch:School_Backpack","Pet Ghost","qcfpunch:Fighting_Gloves","ClockworkSouvenir","Kintsugi","Orichalcum","Membership Card","TheAbacus","Blue Candle","Omamori","Gensokyo:Companionship","Quantum Egg"],"acts_visited":["Gensokyo:Gensokyo","Gensokyo:Gensokyoer"],"potions_floor_usage":[16,33],"damage_taken":[{"damage":1,"enemies":"Gensokyo:Python","floor":1,"turns":3},{"damage":0,"enemies":"Gensokyo:2_Kodama","floor":2,"turns":3},{"damage":3,"enemies":"Gensokyo:Gryphon","floor":4,"turns":3},{"damage":13,"enemies":"Gensokyo:Aya","floor":6,"turns":3},{"damage":5,"enemies":"Gensokyo:VengefulSpirit","floor":7,"turns":2},{"damage":14,"enemies":"Gensokyo:Cirno","floor":8,"turns":5},{"damage":12,"enemies":"conspire:MimicChest","floor":10,"turns":6},{"damage":0,"enemies":"Gensokyo:Kitsune","floor":13,"turns":2},{"damage":24,"enemies":"Gensokyo:Yukari","floor":16,"turns":13},{"damage":0,"enemies":"Gensokyo:Chomper","floor":18,"turns":3},{"damage":19,"enemies":"Gensokyo:AngelMirror","floor":19,"turns":3},{"damage":31,"enemies":"Gensokyo:Slime_Group","floor":21,"turns":5},{"damage":0,"enemies":"Gensokyo:Wraith","floor":27,"turns":3},{"damage":2,"enemies":"Gensokyo:Monolith_and_Dog","floor":31,"turns":6},{"damage":84,"enemies":"Gensokyo:Eiki","floor":33,"turns":10}],"seed_played":"-4859073951230422479","potions_obtained":[{"floor":1,"key":"blueLaboratory:TrueEctoplasm"},{"floor":6,"key":"Dexterity Potion"},{"floor":8,"key":"Venom Potion"},{"floor":13,"key":"blueLaboratory:SavagePotion"},{"floor":18,"key":"DDmod:CleansePotion"}],"is_trial":false,"path_per_floor":["M","M","?","M","?","E","M","E","T","?","COS","R","M","?","R","B",null,"M","M","$","M","?","R","$","?","T","M","T","COS","R","M","R","B"],"character_chosen":"THE_DEFAULT","items_purchased":["Membership Card","TheAbacus"],"campfire_rested":4,"item_purchase_floors":[20,24],"current_hp_per_floor":[69,69,69,66,66,53,48,34,34,22,22,22,22,29,50,26,70,70,51,41,10,10,31,31,26,26,32,32,32,53,57,70,0,0],"gold":36,"neow_bonus":"NOSTALGIA","is_daily":false,"chose_seed":false,"campfire_upgraded":0,"win_rate":0.0,"timestamp":1611458503,"path_taken":["M","M","?","M","?","E","M","E","T","?","COS","R","M","?","R","BOSS","M","M","?","M","?","R","$","?","T","M","?","COS","R","M","R","BOSS"],"items_purchased_type":["Relic","Relic"],"build_version":"2020-12-22","purchased_purges":1,"victory":false,"max_hp_per_floor":[70,70,70,70,70,70,70,70,70,70,70,70,70,70,70,70,70,70,70,70,70,70,70,70,70,70,70,70,70,70,70,70,70,70],"card_choices":[{"not_picked":["ReplayTheSpireMod:System Scan","Stack"],"picked":"theMarked:StartUp","floor":1},{"not_picked":["theMarked:Frustration","ReplayTheSpireMod:GoodbyeWorld"],"picked":"theMarked:SwordAndMagic","floor":2},{"not_picked":["theMarked:WastefulAttack","Gash"],"picked":"Go for the Eyes","floor":4},{"not_picked":["theMarked:Panic","theMarked:Aftermath"],"picked":"theMarked:DispelDoubt","floor":6},{"not_picked":["ReplayGash","ReplayTheSpireMod:Reroute Power"],"picked":"Sweeping Beam","floor":7},{"not_picked":["theMarked:HeightenedSenses","theMarked:SwordAndMagic"],"picked":"theMarked:ResourceFulStrike","floor":7},{"not_picked":["theMarked:ElectricStrings","theMarked:Aftermath"],"picked":"theMarked:HeightenedSenses","floor":8},{"not_picked":["FlyingSleeves","Replay:BluntJabs","CutThroughFate"],"picked":"SKIP","floor":8},{"not_picked":["Stack","theMarked:WardOff"],"picked":"theMarked:HeightenedSenses","floor":10},{"not_picked":["Anger","DDmod:SpikedSkill"],"picked":"Pommel Strike","floor":13},{"not_picked":["theMarked:Improvise","Gash"],"picked":"Stack","floor":13},{"not_picked":["Fission","ReplayTheSpireMod:Fabricate Wheel"],"picked":"Rainbow","floor":16},{"not_picked":["theMarked:UnarmedFury","Reboot"],"picked":"theMarked:DispelDoubt","floor":16},{"not_picked":["theMarked:Polarize","theMarked:StartUp"],"picked":"theMarked:EmpowerWeapon","floor":18},{"not_picked":["theMarked:ResourceFulStrike+1","theMarked:RepellingDischarge"],"picked":"theMarked:MysticalArsenal","floor":19},{"not_picked":["theMarked:TwofoldDefense","theMarked:Parry+1"],"picked":"theMarked:EmpowerWeapon+1","floor":21},{"not_picked":["ReplayTheSpireMod:Uncanny Aura","Replay:Bootleg Shield Generator"],"picked":"Bandage Up","floor":22},{"not_picked":["Trip","Finesse"],"picked":"Good Instincts","floor":22},{"not_picked":["theMarked:ElectricStrings","theMarked:WastefulAttack"],"picked":"theMarked:SwordAndMagic","floor":27},{"not_picked":["theMarked:ChainLightning","theMarked:Static+1"],"picked":"theMarked:Parkour","floor":31}],"player_experience":275410,"relics_obtained":[{"floor":6,"key":"qcfpunch:School_Backpack"},{"floor":7,"key":"Gensokyo:OccultBall"},{"floor":8,"key":"Pet Ghost"},{"floor":10,"key":"qcfpunch:Fighting_Gloves"},{"floor":13,"key":"Gensokyo:OccultBall"},{"floor":16,"key":"Gensokyo:OccultBall"},{"floor":26,"key":"Omamori"},{"floor":28,"key":"Quantum Egg"}],"event_choices":[{"damage_healed":0,"gold_gain":2,"player_choice":"1","damage_taken":0,"max_hp_gain":0,"max_hp_loss":0,"event_name":"betterStone:BetterStone","floor":22,"gold_loss":0}],"is_beta":false,"boss_relics":[{"not_picked":["ReplayTheSpireMod:DimensionalGlitch","Runic Dome"],"picked":"Kintsugi"}],"items_purged_floors":[24],"is_endless":false,"potions_floor_spawned":[1,6,8,13,18,27],"killed_by":"Gensokyo:Eiki","ascension_level":0}}