{"host":"xurz8oye0j2lsa2k","time":1611446859,"event":{"mods":["AchievementEnabler","BaseMod","Bestiary","BetterRewards","Colored Map","Downfall","Hubris","Minty Spire (QoL Compilation)","Permanent Neow","Replay The Spire","Spicy Shops","StSLib","UnlockEverythingMod"],"gold_per_floor":[99,113,23,23,23,23,46,56,56,56,56,5,5,22,36,62,74,177,177,77,87,72,85,113,124,150,164,3,18,18,18,18],"floor_reached":30,"language":"ENG","playtime":1843,"items_purged":["champ:Strike"],"score":230,"play_id":"4ce857b3-31c2-42e6-b83b-a19fb12cb43b","local_time":"20210123190739","is_ascension_mode":false,"campfire_choices":[{"floor":1,"key":"DIG"},{"floor":6,"key":"RECALL"},{"data":"champ:Execute","floor":13,"key":"SMITH"}],"circlet_count":0,"master_deck":["champ:Strike","champ:Strike","champ:Defend+1","champ:Defend+1","champ:Defend","champ:Defend","champ:Execute+1","champ:Taunt","champ:BerserkersShout","champ:DeathBlow","Regret","champ:CrownThrow","champ:Backstep","champ:Endure","champ:FocusedBerserking","champ:Encircle","champ:StanceDance","champ:SwordThrow","champ:BringItOn","champ:IronFortress","champ:FaceSlap"],"relics":["War Paint","m_IronCrown","Lantern","Bag of Marbles","Replay:Mystery Machine","SacredBark","downfall:HeartBlessingRed","Red Mask","Membership Card"],"acts_visited":["Exordium","TheCity"],"potions_floor_usage":[18,18,22,29],"damage_taken":[{"damage":21,"enemies":"Cultist","floor":2,"turns":4},{"damage":35,"enemies":"downfall:FleeingMerchant","floor":3,"turns":4},{"damage":10,"enemies":"2 Louse","floor":8,"turns":1},{"damage":30,"enemies":"downfall:FleeingMerchant","floor":12,"turns":4},{"damage":38,"enemies":"Jaw Worm","floor":14,"turns":4},{"damage":41,"enemies":"Large Slime","floor":15,"turns":5},{"damage":48,"enemies":"3 Sentries","floor":16,"turns":5},{"damage":23,"enemies":"Blue Slaver","floor":17,"turns":3},{"damage":81,"enemies":"IC_STATUS_ARCHETYPE","floor":18,"turns":7},{"damage":17,"enemies":"Chosen","floor":21,"turns":4},{"damage":36,"enemies":"downfall:FleeingMerchant","floor":22,"turns":4},{"damage":42,"enemies":"Spheric Guardian","floor":23,"turns":5},{"damage":24,"enemies":"Masked Bandits","floor":24,"turns":3},{"damage":33,"enemies":"Cultist and Chosen","floor":25,"turns":6},{"damage":59,"enemies":"Snecko","floor":27,"turns":7},{"damage":17,"enemies":"downfall:FleeingMerchant","floor":28,"turns":4},{"damage":68,"enemies":"Shelled Parasite and Fungi","floor":29,"turns":7},{"damage":36,"enemies":"Centurion and Healer","floor":30,"turns":4}],"seed_played":"2324819364926202698","potions_obtained":[{"floor":8,"key":"LiquidMemories"},{"floor":14,"key":"LiquidBronze"},{"floor":15,"key":"SkillPotion"},{"floor":18,"key":"SkillPotion"},{"floor":20,"key":"champ:UltimateStancePotion"},{"floor":20,"key":"Dexterity Potion"},{"floor":25,"key":"Languid Potion"},{"floor":27,"key":"Strength Potion"}],"is_trial":false,"path_per_floor":["R_BF","M","$","?","?","R","T","M","PTL","PTL","?","$","R","M","M","E","M","B",null,"R_BF","M","$","M","?","M","T","M","$","M","M"],"character_chosen":"THE_CHAMP","items_purchased":["champ:Endure","Membership Card"],"campfire_rested":0,"item_purchase_floors":[12,28],"current_hp_per_floor":[99,98,98,98,98,98,98,99,99,99,99,99,99,92,97,85,83,58,99,99,98,88,82,79,77,77,49,53,26,0,0,0],"gold":18,"neow_bonus":"TEN_PERCENT_HP_BONUS","is_daily":false,"chose_seed":false,"campfire_upgraded":1,"win_rate":0.0,"timestamp":1611446859,"path_taken":["R_BF","M","$","?","?","R","T","M","PTL","PTL","?","$","R","?","M","E","M","BOSS","R_BF","M","?","M","?","M","T","M","$","M","M"],"items_purchased_type":["Card","Relic"],"build_version":"2020-12-22","purchased_purges":1,"victory":false,"max_hp_per_floor":[99,99,99,99,99,99,99,99,99,99,99,99,99,99,99,99,99,99,99,99,99,99,99,99,99,99,99,99,99,99,99,99],"card_choices":[{"not_picked":["champ:EnGarde","champ:Parry"],"picked":"champ:BerserkersShout","floor":2},{"not_picked":["champ:FlashCut","champ:PerfectedStrike"],"picked":"champ:DeathBlow","floor":3},{"not_picked":["champ:Haymaker","champ:BladeFlurry"],"picked":"champ:CrownThrow","floor":8},{"not_picked":["champ:Backstep","champ:BerserkersShout","Twin Strike"],"picked":"SKIP","floor":12},{"not_picked":["champ:Shatter","champ:PreciseThrust"],"picked":"champ:FocusedBerserking","floor":14},{"not_picked":["champ:Backstep","champ:PerfectedStrike","champ:RisingSlash"],"picked":"SKIP","floor":15},{"not_picked":["champ:Haymaker","champ:RisingSlash"],"picked":"champ:Encircle","floor":16},{"not_picked":["champ:Shatter","champ:DeathBlow"],"picked":"champ:StanceDance","floor":17},{"not_picked":["Offering","champ:MurderStrike"],"picked":"champ:SwordThrow","floor":18},{"not_picked":["champ:FocusedBerserking+1","champ:DeathBlow","champ:CrownThrow"],"picked":"SKIP","floor":21},{"not_picked":["champ:StanceDance+1","champ:BladeFlurry"],"picked":"champ:BringItOn","floor":22},{"not_picked":["champ:Duel+1","champ:StanceDance"],"picked":"champ:IronFortress","floor":23},{"not_picked":["champ:EnGarde","champ:FlashCut","champ:IronFortress"],"picked":"SKIP","floor":25},{"not_picked":["champ:Lariat","champ:PerfectedStrike","champ:Circumvent"],"picked":"SKIP","floor":27},{"not_picked":["champ:DeathBlow+1","champ:ShieldThrow"],"picked":"champ:FaceSlap","floor":28},{"not_picked":["champ:BladeFlurry","champ:DefensiveShout","champ:PreemptiveStrike"],"picked":"SKIP","floor":29}],"player_experience":523905,"relics_obtained":[{"floor":1,"key":"War Paint"},{"floor":7,"key":"Bag of Marbles"},{"floor":16,"key":"Replay:Mystery Machine"},{"floor":24,"key":"Red Mask"}],"event_choices":[{"damage_healed":0,"gold_gain":0,"player_choice":"Box","damage_taken":0,"relics_obtained":["Lantern"],"max_hp_gain":0,"max_hp_loss":0,"event_name":"Big Fish","floor":5,"gold_loss":0,"cards_obtained":["Regret"]},{"damage_healed":0,"gold_gain":0,"player_choice":"Fought Bandits","damage_taken":0,"max_hp_gain":0,"max_hp_loss":0,"event_name":"Masked Bandits","floor":24,"gold_loss":0}],"is_beta":false,"boss_relics":[{"not_picked":["hubris:VirtuousBlindfold","Coffee Dripper"],"picked":"SacredBark"}],"items_purged_floors":[3],"is_endless":false,"potions_floor_spawned":[8,14,15,18,25,27],"killed_by":"Centurion and Healer","ascension_level":0}}