{"host":"mydft8i2zzydgggw","time":1611513769,"event":{"mods":["AchievementEnabler","BaseMod","BetterRewards","Colored Map","Colored Powertips","DeckTracker","Keyboard Shortcuts","Minty Spire (QoL Compilation)","Rare Cards Sparkle","StSLib","SuperFastMode","everything is the same but u backflip on backflip"],"gold_per_floor":[13,62,77,96,171,197,197,210,210,210,210,210,225,225,225,225,225],"floor_reached":16,"language":"KOR","playtime":388,"items_purged":[],"score":130,"play_id":"0becb6e1-8d3d-4892-9826-c12636d07a0d","local_time":"20210125034249","is_ascension_mode":true,"campfire_choices":[{"floor":7,"key":"REST"},{"data":"Reflex","floor":10,"key":"SMITH"},{"data":"Neutralize","floor":12,"key":"SMITH"},{"data":"Backflip","floor":15,"key":"SMITH"}],"circlet_count":0,"master_deck":["Strike_G","Strike_G","Strike_G","Strike_G","Defend_G","Defend_G","Defend_G","Defend_G","Survivor","Neutralize+1","Reflex+1","Backflip+1","Concentrate","Acrobatics","Underhanded Strike"],"relics":["Ring of the Snake","Vajra","Art of War","Matryoshka","PreservedInsect"],"acts_visited":["Exordium"],"potions_floor_usage":[16],"damage_taken":[{"damage":0.0,"enemies":"Cultist","floor":1.0,"turns":4.0},{"damage":3,"enemies":"2 Louse","floor":3,"turns":4},{"damage":1,"enemies":"Jaw Worm","floor":4,"turns":4},{"damage":37,"enemies":"3 Sentries","floor":6,"turns":13},{"damage":3,"enemies":"Exordium Wildlife","floor":8,"turns":6},{"damage":5,"enemies":"Large Slime","floor":13,"turns":8},{"damage":52,"enemies":"Slime Boss","floor":16,"turns":7}],"seed_played":"-1961623611579396211","potions_obtained":[{"floor":4,"key":"Ancient Potion"},{"floor":6,"key":"PowerPotion"}],"is_trial":false,"path_per_floor":["M","T","M","M","?","E","R","M","T","R","?","R","M","?","R","B"],"character_chosen":"THE_SILENT","items_purchased":[],"campfire_rested":1,"item_purchase_floors":[],"current_hp_per_floor":[63,63,60,59,48,11,32,29,29,29,29,29,24,47,47,0,0],"gold":225,"neow_bonus":"REMOVE_TWO","is_daily":false,"chose_seed":false,"campfire_upgraded":3,"win_rate":0.0,"timestamp":1611513769,"path_taken":["M","?","M","M","?","E","R","M","T","R","?","R","?","?","R","BOSS"],"items_purchased_type":[],"build_version":"2020-12-22","purchased_purges":0,"victory":false,"max_hp_per_floor":[70,70,70,70,70,70,70,70,70,70,70,70,70,70,70,70,70],"card_choices":[{"not_picked":["Acrobatics","Concentrate"],"picked":"Reflex","floor":1},{"not_picked":["Dodge and Roll","Outmaneuver","Footwork"],"picked":"SKIP","floor":3},{"not_picked":["Deflect","Blade Dance"],"picked":"Backflip","floor":4},{"not_picked":["Well Laid Plans","Deflect"],"picked":"Concentrate","floor":6},{"not_picked":["Infinite Blades","Poisoned Stab"],"picked":"Acrobatics","floor":8},{"not_picked":["Dodge and Roll","Flechettes"],"picked":"Underhanded Strike","floor":13}],"player_experience":210617,"relics_obtained":[{"floor":2,"key":"Vajra"},{"floor":6,"key":"Art of War"},{"floor":9,"key":"Matryoshka"}],"event_choices":[{"damage_healed":0,"gold_gain":75,"player_choice":"Gather Gold","damage_taken":11,"max_hp_gain":0,"max_hp_loss":0,"event_name":"World of Goop","floor":5,"gold_loss":0},{"damage_healed":0,"gold_gain":0,"player_choice":"Searched \u00271\u0027 times","damage_taken":0,"relics_obtained":["PreservedInsect"],"max_hp_gain":0,"max_hp_loss":0,"event_name":"Dead Adventurer","floor":11,"gold_loss":0},{"damage_healed":23,"gold_gain":0,"player_choice":"Banana","damage_taken":0,"max_hp_gain":0,"max_hp_loss":0,"event_name":"Big Fish","floor":14,"gold_loss":0}],"is_beta":false,"boss_relics":[],"items_purged_floors":[],"is_endless":false,"potions_floor_spawned":[4,6],"killed_by":"Slime Boss","ascension_level":6}}