{"host":"121m0oxswv9tg9hk","time":1611448536,"event":{"mods":["AchievementEnabler","BaseMod","Better Third Choice","Downfall","Hermit","Hubris","Infinite Spire","MarisaÅiñ∂âJÅ@ñÇóùçπÅj","Minty Spire (QoL Compilation)","Replay The Spire","Shade Mod","StSLib","The Construct","The Cursed","The Gatherer","The Hierophant","The Mystic"],"gold_per_floor":[99,118,138,148,199,99,99,9,9,9,39,49,49,82,100,198,198,98,112,112,212,240,77,77,77,93,93,110,110,135,122,125,204,204,104,116,131,111,111,125,125,185,194,194,194,194,223,223,231,191,191,182,7,7,7,7],"floor_reached":57,"language":"ENG","playtime":5868,"items_purged":["bronze:Strike","bronze:Strike","bronze:Defend","bronze:Strike"],"score":1400,"play_id":"1820b5ad-49cb-42ae-8e02-33643f84ad46","local_time":"20210124013536","is_ascension_mode":true,"campfire_choices":[{"floor":1,"key":"RECALL"},{"data":"bronze:Replicate","floor":6,"key":"SMITH"},{"data":"bronze:ChosenStrike","floor":10,"key":"SMITH"},{"floor":13,"key":"REST"},{"data":"bronze:Format","floor":18,"key":"SMITH"},{"data":"bronze:DonuBeam","floor":25,"key":"SMITH"},{"data":"Discovery","floor":35,"key":"SMITH"},{"data":"infinitespire:NeuralNetwork","floor":46,"key":"SMITH"},{"data":"bronze:HardenedForm","floor":54,"key":"SMITH"}],"circlet_count":0,"master_deck":["bronze:Strike","bronze:Defend","bronze:Defend","bronze:Defend","bronze:Replicate+1","bronze:Goto","bronze:WhirlingStrike","bronze:ChosenStrike+1","bronze:Deprecate","bronze:ForceShield","bronze:Deprecate","bronze:Separator","bronze:Format+1","bronze:DonuBeam+1","bronze:BronzeArmor+1","bronze:DelayedGuard","bronze:Boost","bronze:Constructor","bronze:BronzeOrb+1","bronze:Deprecate","hierophant:ChurchCoffers","bronze:CleanCode","Discovery+1","infinitespire:Collect","bronze:DelayedGuard+1","bronze:NullPointer","bronze:BronzeArmor","bronze:ThunderWave","bronze:ForceShield+1","bronze:Optimize+1","infinitespire:NeuralNetwork+1","bronze:HardenedForm+1","bronze:Fortify+1","bronze:ClassDefault+1"],"relics":["bronze:PlatinumCore","downfall:HeartBlessingRed","Akabeko","hubris:Zylophone","Pet Ghost","Cursed Key","downfall:HeartBlessingBlue","ReplayTheSpireMod:Ring of Challenge","ReplayTheSpireMod:SealedPack","downfall:HeartBlessingGreen","Eternal Feather","Toy Ornithopter","Replay:Bottled Flurry","hubris:RunicObelisk","hubris:Towel","Turnip","ReplayFunnel","Happy Flower"],"acts_visited":["Exordium","TheCity","TheBeyond","TheEnding"],"potions_floor_usage":[14,26,33,33,40,50,55,55,56,56],"damage_taken":[{"damage":1,"enemies":"Cultist","floor":2,"turns":3},{"damage":0,"enemies":"Small Slimes","floor":3,"turns":2},{"damage":0,"enemies":"2 Louse","floor":4,"turns":3},{"damage":0,"enemies":"downfall:FleeingMerchant","floor":8,"turns":4},{"damage":32,"enemies":"Gremlin Nob","floor":11,"turns":5},{"damage":7,"enemies":"Blue Slaver","floor":12,"turns":3},{"damage":1,"enemies":"Lagavulin","floor":14,"turns":5},{"damage":0,"enemies":"3 Louse","floor":15,"turns":1},{"damage":21,"enemies":"DF_ARCHETYPE_STREAMLINE","floor":16,"turns":9},{"damage":0,"enemies":"Chosen","floor":19,"turns":3},{"damage":9,"enemies":"Chosen","floor":21,"turns":5},{"damage":0,"enemies":"Spheric Guardian","floor":22,"turns":1},{"damage":0,"enemies":"downfall:FleeingMerchant","floor":23,"turns":4},{"damage":0,"enemies":"Snecko","floor":26,"turns":4},{"damage":1,"enemies":"3 Cultists","floor":28,"turns":4},{"damage":6,"enemies":"Snake Plant","floor":30,"turns":4},{"damage":0,"enemies":"downfall:FleeingMerchant","floor":31,"turns":4},{"damage":0,"enemies":"Chosen and Byrds","floor":32,"turns":3},{"damage":0,"enemies":"WA_ARCHETYPE_CALM","floor":33,"turns":9},{"damage":9,"enemies":"3 Shapes","floor":36,"turns":5},{"damage":0,"enemies":"Orb Walker","floor":37,"turns":1},{"damage":0,"enemies":"downfall:FleeingMerchant","floor":38,"turns":4},{"damage":4,"enemies":"Reptomancer","floor":40,"turns":5},{"damage":0,"enemies":"downfall:LadyInBlue","floor":42,"turns":6},{"damage":0,"enemies":"Spire Growth","floor":43,"turns":5},{"damage":5,"enemies":"Nemesis","floor":47,"turns":5},{"damage":0,"enemies":"3 Darklings","floor":49,"turns":3},{"damage":4,"enemies":"SI_POISON_ARCHETYPE","floor":50,"turns":8},{"damage":4,"enemies":"downfall:CharBossMerchant","floor":52,"turns":8},{"damage":4,"enemies":"downfall:NeowBoss","floor":55,"turns":13},{"damage":30,"enemies":"downfall:NeowBossFinal","floor":56,"turns":9}],"seed_played":"3328421017558211705","potions_obtained":[{"floor":4,"key":"SkillPotion"},{"floor":11,"key":"Dexterity Potion"},{"floor":12,"key":"Block Potion"},{"floor":22,"key":"sneckomod:MuddlingPotion"},{"floor":26,"key":"Guardian:BlockOnCardUsePotion"},{"floor":33,"key":"FearPotion"},{"floor":37,"key":"Explosive Potion"},{"floor":42,"key":"infinitespire:BlackPotion"},{"floor":42,"key":"bronze:BurnAndBuffPotion"},{"floor":49,"key":"Elixir"},{"floor":52,"key":"PowerPotion"}],"is_trial":false,"path_per_floor":["R","M","M","M","T","R","T","$","T","R","E","M","R","E","M","B",null,"R","M","?","?","M","$","T","R","M","?","M","AVR","M","$","M","B",null,"R","M","M","$","?","E","T","?","M","AVR","?","R","E","?","M","B",null,"E","$","R","B","B",null],"character_chosen":"THE_AUTOMATON","items_purchased":["bronze:Constructor","bronze:BronzeArmor","SpeedPotion"],"campfire_rested":1,"item_purchase_floors":[23,31,53],"current_hp_per_floor":[70,69,69,69,69,69,69,69,69,69,37,30,51,50,50,29,70,80,80,80,71,71,71,71,71,71,71,70,70,64,64,64,64,80,80,71,71,71,71,67,67,67,67,67,67,80,75,75,75,76,80,76,76,80,76,56],"gold":7,"neow_bonus":"THREE_CARDS","is_daily":false,"chose_seed":false,"campfire_upgraded":7,"win_rate":0.0,"timestamp":1611448536,"path_taken":["R","M","M","M","?","R","T","$","?","R","E","?","R","E","M","BOSS","R","M","?","?","M","$","T","R","M","?","M","AVR","M","?","M","BOSS","R","M","M","$","?","E","T","?","?","AVR","?","R","E","?","M","BOSS","E","$","R","BOSS","BOSS"],"items_purchased_type":["Card","Card","Potion"],"build_version":"2020-12-22","purchased_purges":4,"victory":true,"max_hp_per_floor":[70,70,70,70,70,70,70,70,70,70,70,70,70,70,70,70,70,80,80,80,80,80,80,80,80,80,80,80,80,80,80,80,80,80,80,80,80,80,80,80,80,80,80,80,80,80,80,80,80,80,80,80,80,80,80,80],"card_choices":[{"not_picked":["bronze:BitShift","bronze:Constructor"],"picked":"bronze:WhirlingStrike","floor":0},{"not_picked":["bronze:OilSpill","bronze:DelayedGuard"],"picked":"bronze:ChosenStrike","floor":2},{"not_picked":["bronze:DelayedSlice","bronze:Overheat"],"picked":"bronze:Deprecate","floor":3},{"not_picked":["bronze:Turbo","bronze:Safeguard","bronze:BugBarrage"],"picked":"SKIP","floor":4},{"not_picked":["bronze:Overheat","bronze:Allocate"],"picked":"bronze:ForceShield","floor":8},{"not_picked":["bronze:WildBeam","bronze:Virus","bronze:Iterate"],"picked":"SKIP","floor":11},{"not_picked":["bronze:OilSpill","bronze:WildBeam"],"picked":"bronze:Deprecate","floor":12},{"not_picked":["bronze:NullPointer","bronze:Iterate","bronze:ItsAFeature"],"picked":"SKIP","floor":14},{"not_picked":["bronze:ItsAFeature","bronze:DelayedSlice"],"picked":"bronze:Separator","floor":15},{"not_picked":["bronze:ShipIt","bronze:BurnOut"],"picked":"bronze:Format","floor":16},{"not_picked":["bronze:ItsAFeature","bronze:Branch","bronze:Allocate"],"picked":"SKIP","floor":19},{"not_picked":[],"picked":"bronze:DonuBeam","floor":21},{"not_picked":["bronze:Branch","bronze:ChosenStrike+1"],"picked":"bronze:BronzeArmor+1","floor":21},{"not_picked":["bronze:Overheat","bronze:Mutator"],"picked":"bronze:DelayedGuard","floor":22},{"not_picked":["bronze:ClassDefault","bronze:Turbo"],"picked":"bronze:Boost","floor":23},{"not_picked":["bronze:Overheat","bronze:WildBeam"],"picked":"bronze:BronzeOrb+1","floor":26},{"not_picked":["bronze:Invalidate","bronze:Branch"],"picked":"bronze:Deprecate","floor":28},{"not_picked":["TheCursedMod:CursedWand","Vigilance"],"picked":"hierophant:ChurchCoffers","floor":29},{"not_picked":["bronze:Mutator","bronze:Verify"],"picked":"bronze:CleanCode","floor":29},{"not_picked":["Replay:BasicMightCard","Replay:Sssssssssstrike"],"picked":"Discovery","floor":29},{"not_picked":["infinitespire:NeuralNetwork","infinitespire:Gouge"],"picked":"infinitespire:Collect","floor":29},{"not_picked":["bronze:ClassDefault","bronze:GetLatest+1"],"picked":"bronze:DelayedGuard+1","floor":30},{"not_picked":["bronze:Backtrace","bronze:Deprecate"],"picked":"bronze:NullPointer","floor":31},{"not_picked":["bronze:DelayedSlice+1","bronze:HyperBeam","bronze:ForLoop"],"picked":"SKIP","floor":32},{"not_picked":["bronze:Virus","bronze:BurnOut"],"picked":"bronze:ThunderWave","floor":33},{"not_picked":["bronze:Iterate+1","bronze:CutThrough+1","bronze:DelayedGuard"],"picked":"SKIP","floor":36},{"not_picked":["bronze:BugBarrage+1","bronze:BronzeOrb+1"],"picked":"bronze:ForceShield+1","floor":37},{"not_picked":["bronze:Assembly","bronze:DelayedGuard","bronze:FineTuning"],"picked":"SKIP","floor":38},{"not_picked":["bronze:Safeguard+1","bronze:FineTuning+1","bronze:Verify"],"picked":"SKIP","floor":40},{"not_picked":["bronze:Safeguard+1","bronze:Philosophize"],"picked":"bronze:Optimize+1","floor":42},{"not_picked":["bronze:Invalidate","bronze:ChildClass","bronze:Deprecate"],"picked":"SKIP","floor":43},{"not_picked":["bronze:Safeguard+1","bronze:Turbo+1","bronze:BuggyMess+1"],"picked":"SKIP","floor":47},{"not_picked":["bronze:CutThrough","bronze:BugBarrage+1"],"picked":"bronze:Fortify+1","floor":49},{"not_picked":["bronze:Frontload","bronze:DelayedSlice"],"picked":"bronze:ClassDefault+1","floor":52}],"player_experience":2954106,"relics_obtained":[{"floor":5,"key":"Omamori"},{"floor":9,"key":"Akabeko"},{"floor":11,"key":"hubris:Zylophone"},{"floor":14,"key":"Pet Ghost"},{"floor":20,"key":"ReplayTheSpireMod:Ring of Challenge"},{"floor":40,"key":"Eternal Feather"},{"floor":42,"key":"Toy Ornithopter"},{"floor":47,"key":"Turnip"},{"floor":49,"key":"ReplayFunnel"},{"floor":52,"key":"Happy Flower"}],"event_choices":[{"damage_healed":0,"gold_gain":0,"player_choice":"Ignored","damage_taken":0,"max_hp_gain":0,"max_hp_loss":0,"event_name":"Mysterious Sphere","floor":39,"gold_loss":0}],"is_beta":false,"boss_relics":[{"not_picked":["SacredBark","SlaversCollar"],"picked":"Cursed Key"},{"not_picked":["hubris:CrackedHourglass","Replay:Wanted Poster"],"picked":"bronze:PlatinumCore"}],"items_purged_floors":[8,23,44,53],"is_endless":false,"potions_floor_spawned":[4,11,12,22,26,28,33,37,42,49,52],"ascension_level":1}}