{"host":"92ge7uk92o4z80va","time":1611500401,"event":{"mods":["AchievementEnabler","Act Like it!","BaseMod","Better Third Choice","BetterRewards","Curses Come First","Evolution","Hubris","Infinite Spire","Lobotomy","LobotomyExtend","Marisa????????","Minty Spire (QoL Compilation)","Quick Restart","Replay The Spire","Robot Space Explorer","Spire Arcade","StSLib","The Blue Laboratory","The Bug Knight","The Jungle","The Runesmith"],"gold_per_floor":[110,110,61,72,91,91,91,91,91,91,124,139,170,170,170,265,265,278,278,278,292,304,319,319,136,160,179,212,212,245,257,257,257,257],"floor_reached":33,"language":"ENG","playtime":1380,"items_purged":[],"score":437,"play_id":"61b168cf-ac6b-418c-a22a-93d3ecb8224e","local_time":"20210124100001","is_ascension_mode":true,"campfire_choices":[{"floor":6,"key":"REST"},{"floor":15,"key":"REST"},{"data":"ManaRampage","floor":24,"key":"SMITH"},{"floor":32,"key":"REST"}],"circlet_count":0,"master_deck":["AsteroidBelt+1","DragonMeteor+1"],"relics":["BewitchedHakkero","EVO:Axolotl","ExperimentalFamiliar","Calling Bell","Bronze Scales","hubris:CrystalStatue","Replay:Kaleidoscope","infinitespire:Lucky Rock","hubris:KleinBottle","hubris:Metronome","Matryoshka","Lantern","ReplayTheSpireMod:Ring of Collecting","Ring of Hypnosis","Replay:Baseball","Iron Hammer","Gremlin Food","Boot","hubris:Towel","theJungle:BirthdayCake","Chemical X","hubris:MysteriousPyramids","Ring of Searing","Oddly Smooth Stone","hubris:TenFootPole","Replay:Multitool"],"acts_visited":["Exordium","Exordium"],"potions_floor_usage":[33,33,33],"damage_taken":[{"damage":0,"enemies":"Cultist","floor":1,"turns":2},{"damage":0,"enemies":"2 Louse","floor":4,"turns":1},{"damage":0,"enemies":"Small Slimes","floor":5,"turns":1},{"damage":0,"enemies":"Lagavulin","floor":11,"turns":2},{"damage":0,"enemies":"2 Fungi Beasts","floor":12,"turns":1},{"damage":0,"enemies":"Gremlin Nob","floor":13,"turns":2},{"damage":29,"enemies":"The Guardian","floor":16,"turns":5},{"damage":16,"enemies":"theJungle:MUSHROOMGANG","floor":18,"turns":3},{"damage":0,"enemies":"theJungle:5_Spyders","floor":21,"turns":1},{"damage":3,"enemies":"theJungle:SlimyTreeVines","floor":22,"turns":2},{"damage":2,"enemies":"theJungle:2_Snecko_Cultists","floor":23,"turns":2},{"damage":0,"enemies":"theJungle:JungleHuntersEncounter","floor":27,"turns":1},{"damage":7,"enemies":"theJungle:2_Phrogs","floor":28,"turns":3},{"damage":26,"enemies":"theJungle:MamaSnecko","floor":30,"turns":4},{"damage":40,"enemies":"theJungle:Snecko_Cultist_And_Trap","floor":31,"turns":5},{"damage":99,"enemies":"theJungle:QueenSpyder","floor":33,"turns":20}],"seed_played":"-8723915358020479163","potions_obtained":[{"floor":12,"key":"blueLaboratory:BubblePotion"},{"floor":13,"key":"SteroidPotion"},{"floor":16,"key":"DuplicationPotion"},{"floor":18,"key":"blueLaboratory:FruitPreserves"}],"is_trial":false,"path_per_floor":["M","$","$","M","M","R","?","?","T","?","E","M","E","?","R","B",null,"M","?","?","M","M","M","R","$","T","M","E","?","E","M","R","B"],"character_chosen":"MARISA","items_purchased":["infinitespire:Lucky Rock","hubris:KleinBottle","hubris:Metronome","Matryoshka","Lantern","PowerUp","LuminesStrike","Chemical X"],"campfire_rested":3,"item_purchase_floors":[2,2,2,2,2,3,25,25],"current_hp_per_floor":[75,5,5,5,5,27,27,27,27,27,27,27,27,27,49,20,75,59,59,79,79,79,77,77,77,77,77,70,95,69,29,57,0,0],"gold":257,"neow_bonus":"DOUBLE_BOSS_RELIC","is_daily":false,"chose_seed":false,"campfire_upgraded":1,"win_rate":0.0,"timestamp":1611500401,"path_taken":["M","?","$","M","M","R","?","?","T","?","E","M","E","?","R","BOSS","M","?","?","?","M","M","R","$","T","M","E","?","E","M","R","BOSS"],"items_purchased_type":["Relic","Relic","Relic","Relic","Card","Card","Card","Relic"],"build_version":"2020-12-22","purchased_purges":0,"victory":false,"max_hp_per_floor":[75,75,75,75,75,75,75,75,75,75,75,75,75,75,75,75,75,75,75,95,95,95,95,95,95,95,95,95,95,95,95,95,95,95],"card_choices":[{"not_picked":["IllusionStar","EventHorizon"],"picked":"OrrerysSun","floor":1},{"not_picked":["hubris:Rewind","infinitespire:NeuralNetwork"],"picked":"ReplayTheSpireMod:Black Plague","floor":2},{"not_picked":["EventHorizon","PulseMagic"],"picked":"FairyDestructionRay","floor":4},{"not_picked":["EnergyFlow","RefractionSpark"],"picked":"AlicesGift","floor":5},{"not_picked":["IllusionStar","OneTimeOff"],"picked":"ChargingUp","floor":11},{"not_picked":["MilkyWay","ManaConvection"],"picked":"DoubleSpark","floor":12},{"not_picked":["AlicesGift","SporeBomb"],"picked":"DoubleSpark","floor":13},{"not_picked":["AbsoluteMagnitude","TreasureHunter"],"picked":"ManaRampage","floor":16},{"not_picked":["IllusionStar","AsteroidBelt"],"picked":"DragonMeteor","floor":18},{"not_picked":["AlicesGift","6A"],"picked":"BlazeAway","floor":21},{"not_picked":["WitchLeyline","WitchOfGreed"],"picked":"MysteriousBeam+1","floor":22},{"not_picked":["MagicChant+1","StarlightTyphoon+1"],"picked":"WitchLeyline","floor":23},{"not_picked":["UnstableBomb+1","ManaConvection"],"picked":"MachineGunSpark","floor":27},{"not_picked":["SuperNova","DC"],"picked":"DarkMatter+1","floor":28},{"not_picked":["GravityBeat","DarkMatter+1"],"picked":"AsteroidBelt+1","floor":30},{"not_picked":["GalacticHalo","MilkyWay"],"picked":"DragonMeteor","floor":31}],"player_experience":36942,"relics_obtained":[{"floor":0,"key":"Bronze Scales"},{"floor":0,"key":"hubris:CrystalStatue"},{"floor":0,"key":"Replay:Kaleidoscope"},{"floor":8,"key":"ReplayTheSpireMod:Ring of Collecting"},{"floor":9,"key":"Ring of Hypnosis"},{"floor":9,"key":"Replay:Baseball"},{"floor":9,"key":"Iron Hammer"},{"floor":11,"key":"Gremlin Food"},{"floor":13,"key":"Boot"},{"floor":26,"key":"hubris:MysteriousPyramids"},{"floor":26,"key":"Ring of Searing"},{"floor":26,"key":"Oddly Smooth Stone"},{"floor":28,"key":"hubris:TenFootPole"},{"floor":30,"key":"Replay:Multitool"}],"event_choices":[],"is_beta":false,"boss_relics":[{"not_picked":["Black Star","ReplayTheSpireMod:DimensionalGlitch"],"picked":"BewitchedHakkero"}],"items_purged_floors":[],"is_endless":false,"potions_floor_spawned":[12,13,16,18,22,27,31],"killed_by":"theJungle:QueenSpyder","ascension_level":1}}