{"host":"ko40t1o51xotjt2v","time":1611454226,"event":{"mods":["2.2 Compatiblity","AchievementEnabler","Aspiration","BaseMod","Better Match","Better Third Choice","Better Vampires","Conspire","Downfall","Energized Spire","GifTheSpireLib","Halation","Hubris","Jedi Mod","Minty Spire (QoL Compilation)","MostiFishMod","Spicy Shops","Spikes Relics","StSLib","Stuff the Spire","TestMod","vexMod","??????REMEMod"],"gold_per_floor":[117,117,117,133,153,187,187,198,198,233,233,243,270,349,349,475,475,488,506,506,518,518,553,553,563,563,573,608,608,637,235,235,359,359,376,376,390,390,390,390,425,425,507,541,552,566,566,591,591,591,591,591,273,299,291],"floor_reached":56,"language":"SPA","playtime":2906,"items_purged":["Defend_R","Strike_R","Strike_R","Strike_R"],"score":2504,"play_id":"3f5a2e3d-ed4b-4407-b9c8-69e006a6e8ba","local_time":"20210124031026","is_ascension_mode":true,"campfire_choices":[{"data":"Limit Break","floor":7,"key":"SMITH"},{"floor":15,"key":"RECALL"},{"data":"MostiFishMod:UltimateDefense","floor":24,"key":"SMITH"},{"data":"MostiFishMod:CullingBlade","floor":29,"key":"SMITH"},{"data":"MostiFishMod:UltimateDefense+1","floor":32,"key":"SMITH"},{"data":"Limit Break","floor":40,"key":"SMITH"},{"data":"Offering","floor":42,"key":"SMITH"},{"data":"REME_ACTH","floor":49,"key":"SMITH"},{"data":"MostiFishMod:HellRitual","floor":52,"key":"SMITH"}],"circlet_count":0,"master_deck":["AscendersBane","Strike_R","Strike_R","Defend_R","Defend_R","Defend_R","Bash+1","hubris:CleavingFinish+1","MostiFishMod:#F4004+1","Limit Break+1","MostiFishMod:UltimateDefense+2","REME_ACTH+1","Demon Form","Bloodletting","Thunderclap+1","hubris:ReadiedAction+1","Offering","Infernal Blade+1","REME_Cut","MostiFishMod:CullingBlade+1","MostiFishMod:HellRitual+1","Limit Break+1","Heavy Blade","Offering+1","REME_ACTH+1","jedi:collectorstrike","MostiFishMod:HellRitual+1","MostiFishMod:FlyOverUtopia+1"],"relics":["Burning Blood","DaveBox","testmod-TestBox","REME_ComplimentaryCards","testmod-AscensionHeart","EGODaCapo","SynthV:TestCard","StuffTheSpire:Experiment12","hubris:IronBody","Akabeko","jedi:bottledfury","vexMod:FocusSash","HereWithMe","REME_HourglassOfDeath","aspiration:DSix","StuffTheSpire:Tea","SnailShell","jedi:ironblood","hubris:ChampionShield","vexMod:DeviousBotling","halation:YellowSoulGem","StuffTheSpire:OldFever","RoseTintedShades","HornCleat","REME_PuzzleBoxRelic","halation:KoshaPiece","LugNut","InkBottle"],"acts_visited":["Exordium","TheCity","TheBeyond","TheEnding"],"potions_floor_usage":[10],"damage_taken":[{"damage":8,"enemies":"Small Slimes","floor":1,"turns":4},{"damage":0,"enemies":"Cultist","floor":4,"turns":2},{"damage":5,"enemies":"conspire:RoseBush","floor":5,"turns":2},{"damage":2,"enemies":"Lagavulin","floor":6,"turns":6},{"damage":2,"enemies":"Looter","floor":8,"turns":2},{"damage":0,"enemies":"Gremlin Nob","floor":10,"turns":3},{"damage":0,"enemies":"Exordium Wildlife","floor":12,"turns":3},{"damage":0,"enemies":"3 Sentries","floor":13,"turns":6},{"damage":0,"enemies":"Hexaghost","floor":16,"turns":5},{"damage":0,"enemies":"Chosen","floor":18,"turns":2},{"damage":0,"enemies":"conspire:FuzzyDice","floor":19,"turns":3},{"damage":0,"enemies":"Snecko","floor":21,"turns":2},{"damage":17,"enemies":"Book of Stabbing","floor":23,"turns":4},{"damage":0,"enemies":"Centurion and Healer","floor":25,"turns":2},{"damage":6,"enemies":"3 Cultists","floor":27,"turns":2},{"damage":9,"enemies":"Slavers","floor":28,"turns":2},{"damage":6,"enemies":"conspire:Head Lice","floor":30,"turns":3},{"damage":3,"enemies":"Collector","floor":33,"turns":3},{"damage":0,"enemies":"Orb Walker","floor":35,"turns":2},{"damage":0,"enemies":"3 Shapes","floor":37,"turns":1},{"damage":0,"enemies":"3 Darklings","floor":38,"turns":3},{"damage":3,"enemies":"Nemesis","floor":41,"turns":3},{"damage":0,"enemies":"Giant Head","floor":44,"turns":2},{"damage":0,"enemies":"Maw","floor":45,"turns":2},{"damage":0,"enemies":"Spire Growth","floor":46,"turns":2},{"damage":3,"enemies":"Nemesis","floor":48,"turns":3},{"damage":0,"enemies":"Donu and Deca","floor":50,"turns":2},{"damage":0,"enemies":"Shield and Spear","floor":54,"turns":1},{"damage":10,"enemies":"The Heart","floor":55,"turns":3}],"seed_played":"-7809480794622409908","potions_obtained":[{"floor":1,"key":"ColorlessPotion"},{"floor":5,"key":"ElixirPotion"},{"floor":10,"key":"hexamod:SoulburnPotion"}],"is_trial":false,"path_per_floor":["M","?","?","M","M","E","R","M","T","E","$","M","E","?","R","B",null,"M","M","?","M","?","E","R","M","T","M","E","R","E","$","R","B",null,"M","?","M","M","?","R","E","R","T","E","M","M","T","E","R","B",null,"R","$","E","B",null],"character_chosen":"IRONCLAD","items_purchased":["jedi:bottledfury","jedi:ironblood","hubris:ChampionShield","LugNut"],"campfire_rested":0,"item_purchase_floors":[11,31,31,53],"current_hp_per_floor":[71,59,59,66,68,73,73,78,78,80,44,51,58,58,58,70,81,85,85,77,84,84,74,74,81,81,82,80,80,81,81,81,90,90,90,90,90,90,90,90,90,90,90,90,90,90,90,90,90,95,95,95,95,95,96],"gold":291,"neow_bonus":"REMOVE_CARD","is_daily":false,"chose_seed":false,"campfire_upgraded":8,"win_rate":0.0,"timestamp":1611454226,"path_taken":["M","?","?","?","M","E","R","?","T","E","?","?","E","?","R","BOSS","M","M","?","?","?","E","R","?","T","M","E","R","E","$","R","BOSS","M","?","M","M","?","R","E","R","T","E","?","M","?","E","R","BOSS","R","$","E","BOSS"],"items_purchased_type":["Relic","Relic","Relic","Relic"],"build_version":"2020-12-22","purchased_purges":4,"victory":true,"max_hp_per_floor":[80,80,80,80,80,80,80,80,80,80,80,80,80,80,80,85,85,85,85,85,85,85,85,85,85,85,85,85,85,85,85,85,90,90,90,90,90,90,90,90,90,90,90,90,90,90,90,90,90,95,95,95,95,95,100],"card_choices":[{"not_picked":["Body Slam","Anger"],"picked":"hubris:CleavingFinish","floor":1},{"not_picked":["StuffTheSpire:Slingshot","Evolve","Shrug It Off","Perfected Strike","Sword Boomerang"],"picked":"SKIP","floor":4},{"not_picked":["Twin Strike","Perfected Strike","StuffTheSpire:Incineration","StuffTheSpire:Slingshot"],"picked":"MostiFishMod:#F4004","floor":5},{"not_picked":["MostiFishMod:TemporaryOutbreak","MostiFishMod:KnuckleDown","Offering","jedi:harder"],"picked":"Limit Break","floor":6},{"not_picked":["Clothesline","jedi:suffering","StuffTheSpire:BloodClot","jedi:fear","Entrench"],"picked":"SKIP","floor":8},{"not_picked":["hubris:StunningStrike","MostiFishMod:OrdinaryWorld","jedi:strikingstrike","MostiFishMod:404NotFound"],"picked":"MostiFishMod:UltimateDefense","floor":10},{"not_picked":["Perfected Strike","Rage","Warcry","Havoc","StuffTheSpire:RockThrow"],"picked":"SKIP","floor":12},{"not_picked":["Impervious","conspire:HitWhereItHurts","jedi:unlimitedpower","hubris:StunningStrike"],"picked":"REME_ACTH","floor":13},{"not_picked":["Brutality","REME_TheLastStrike","Barricade","Exhume"],"picked":"Demon Form","floor":16},{"not_picked":["Cleave","Armaments","hubris:ReadiedAction","Sever Soul"],"picked":"Bloodletting","floor":18},{"not_picked":["Pummel","Twin Strike","StuffTheSpire:Incineration","jedi:fear"],"picked":"Thunderclap+1","floor":19},{"not_picked":["True Grit","jedi:fear","REME_SingleHolding+1","StuffTheSpire:RockThrow"],"picked":"hubris:ReadiedAction","floor":21},{"not_picked":["Limit Break","MostiFishMod:RacingGame","MostiFishMod:Mania","conspire:HitWhereItHurts"],"picked":"Offering","floor":23},{"not_picked":["conspire:ExplosiveBarrier","Sentinel","Wild Strike","Clothesline"],"picked":"Infernal Blade","floor":25},{"not_picked":["Warcry","Burning Pact","Bloodletting","Spot Weakness"],"picked":"REME_Cut","floor":27},{"not_picked":["MostiFishMod:404NotFound","jedi:unlimitedpower","Offering","jedi:bloodyhammer"],"picked":"MostiFishMod:CullingBlade","floor":28},{"not_picked":["Corruption","Brutality","Bludgeon","Reaper"],"picked":"MostiFishMod:HellRitual","floor":30},{"not_picked":["Bludgeon","Corruption","Berserk","MostiFishMod:Chiaki"],"picked":"Limit Break","floor":33},{"not_picked":["Perfected Strike+1","Twin Strike","Clothesline","Pummel","hubris:ReadiedAction"],"picked":"SKIP","floor":35},{"not_picked":["Rampage","Carnage+1","Feel No Pain","StuffTheSpire:Incineration+1","Thunderclap"],"picked":"SKIP","floor":37},{"not_picked":["Cleave","Clothesline","hubris:StunningStrike","Rage+1"],"picked":"Heavy Blade","floor":38},{"not_picked":["Corruption","StuffTheSpire:TitanForm","Bludgeon","MostiFishMod:FireWorks"],"picked":"Offering","floor":41},{"not_picked":["MostiFishMod:CullingBlade","Impervious","MostiFishMod:RainCloud","REME_ACTH"],"picked":"REME_ACTH","floor":44},{"not_picked":["Armaments","Inflame","Anger","Blood for Blood+1"],"picked":"jedi:collectorstrike","floor":45},{"not_picked":["Entrench","Rage","Perfected Strike+1","StuffTheSpire:Incineration+1","Sentinel"],"picked":"SKIP","floor":46},{"not_picked":["Impervious","MostiFishMod:DarkDeal","Exhume","hubris:StunningStrike"],"picked":"MostiFishMod:HellRitual","floor":48},{"not_picked":["MostiFishMod:RainCloud","Impervious","MostiFishMod:404NotFound","REME_Fury"],"picked":"MostiFishMod:FlyOverUtopia","floor":54}],"player_experience":441697,"relics_obtained":[{"floor":1,"key":"SynthV:TestCard"},{"floor":6,"key":"hubris:IronBody"},{"floor":10,"key":"Akabeko"},{"floor":13,"key":"vexMod:FocusSash"},{"floor":23,"key":"REME_HourglassOfDeath"},{"floor":26,"key":"aspiration:DSix"},{"floor":28,"key":"StuffTheSpire:Tea"},{"floor":30,"key":"SnailShell"},{"floor":41,"key":"StuffTheSpire:OldFever"},{"floor":43,"key":"RoseTintedShades"},{"floor":44,"key":"HornCleat"},{"floor":47,"key":"REME_PuzzleBoxRelic"},{"floor":48,"key":"halation:KoshaPiece"},{"floor":54,"key":"InkBottle"}],"event_choices":[{"damage_healed":0,"gold_gain":0,"player_choice":"Relic ","damage_taken":12,"max_hp_gain":0,"max_hp_loss":0,"event_name":"betterThird:BetterScrap","floor":2,"gold_loss":0,"cards_obtained":["MostiFishMod:Distribution"]},{"damage_healed":0,"gold_gain":0,"player_choice":"Upgraded","damage_taken":0,"max_hp_gain":0,"max_hp_loss":0,"event_name":"Upgrade Shrine","floor":3,"gold_loss":0,"cards_upgraded":["Bash"]},{"damage_healed":0,"gold_gain":79,"player_choice":"Gained Gold","damage_taken":0,"max_hp_gain":0,"max_hp_loss":0,"event_name":"Golden Wing","floor":14,"gold_loss":0},{"damage_healed":0,"gold_gain":0,"player_choice":"Damaged","damage_taken":8,"max_hp_gain":0,"max_hp_loss":0,"event_name":"Wheel of Change","floor":20,"gold_loss":0},{"damage_healed":0,"gold_gain":0,"player_choice":"Got Potions","damage_taken":0,"max_hp_gain":0,"max_hp_loss":0,"event_name":"Lab","floor":22,"gold_loss":0},{"damage_healed":0,"gold_gain":0,"player_choice":"Ignored","damage_taken":0,"max_hp_gain":0,"max_hp_loss":0,"event_name":"Purifier","floor":39,"gold_loss":0}],"is_beta":false,"boss_relics":[{"not_picked":["vexMod:NewClearReactor","aspiration:WatcherSkillbook"],"picked":"HereWithMe"},{"not_picked":["NightmareShop","RhineSuit"],"picked":"vexMod:DeviousBotling"}],"items_purged_floors":[11,11,11,53],"is_endless":false,"potions_floor_spawned":[1,5,10,12,16,23,25,30,33,35,37,41,44,48],"ascension_level":13}}