{"host":"qhn6g0owdgjb77rz","time":1611479450,"event":{"mods":["BaseMod","BetterRewards","Colored Map","Downfall","Minty Spire (QoL Compilation)","Relic Sorter","StSLib"],"gold_per_floor":[99,115,115,115,127,27,80,106,124,137,166,166,196,196,214,315,315,215,233,251,261,44,70,70,70,85,185,185,195,195,226,245,245,245,245],"floor_reached":33,"language":"ENG","playtime":2522,"items_purged":[],"score":347,"play_id":"790fa48f-bee2-4560-aae4-d7938ef601b2","local_time":"20210124181050","is_ascension_mode":false,"campfire_choices":[{"floor":1.0,"key":"RECALL"},{"data":"champ:FocusedBerserking","floor":6.0,"key":"SMITH"},{"data":"champ:EnragedBash","floor":12.0,"key":"SMITH"},{"data":"champ:IgnorePain","floor":18.0,"key":"SMITH"},{"data":"champ:Improvising","floor":25,"key":"SMITH"},{"data":"champ:VampiricStrike","floor":28,"key":"SMITH"},{"data":"champ:FaceSlap","floor":30,"key":"SMITH"}],"circlet_count":0,"master_deck":["champ:Strike+1","champ:Strike+1","champ:Strike+1","champ:Defend","champ:Defend","champ:Execute","champ:Taunt","champ:BerserkersShout","downfall:Aged","champ:FocusedBerserking+1","champ:AdrenalArmor","champ:EnragedBash+1","champ:HoldFirm","champ:PerfectedStrike","champ:Backstep","champ:IgnorePain+1","champ:BerserkersShout+1","champ:Haymaker","champ:EnGarde","champ:EnGarde+1","champ:FaceSlap+1","champ:AdrenalArmor","champ:VampiricStrike+1","champ:Improvising+1","champ:FanOfKnives+1"],"relics":["champ:ChampionCrownUpgraded","downfall:HeartBlessingRed","Orichalcum","Singing Bowl","Odd Mushroom","Bottled Lightning","downfall:HeartBlessingGreen","Girya","Bottled Flame","Vajra"],"acts_visited":["Exordium","TheCity"],"potions_floor_usage":[33,33],"damage_taken":[{"damage":25.0,"enemies":"Jaw Worm","floor":2.0,"turns":5.0},{"damage":10.0,"enemies":"Small Slimes","floor":5.0,"turns":2.0},{"damage":61.0,"enemies":"3 Sentries","floor":8.0,"turns":8.0},{"damage":30.0,"enemies":"Cultist","floor":9.0,"turns":4.0},{"damage":42.0,"enemies":"2 Fungi Beasts","floor":10.0,"turns":4.0},{"damage":43.0,"enemies":"The Mushroom Lair","floor":11.0,"turns":5.0},{"damage":66.0,"enemies":"Lagavulin","floor":13.0,"turns":7.0},{"damage":20.0,"enemies":"3 Louse","floor":15.0,"turns":3.0},{"damage":42.0,"enemies":"IC_STATUS_ARCHETYPE","floor":16.0,"turns":9.0},{"damage":46.0,"enemies":"Shell Parasite","floor":19.0,"turns":5.0},{"damage":72.0,"enemies":"3 Byrds","floor":20.0,"turns":8.0},{"damage":54.0,"enemies":"Snake Plant","floor":21.0,"turns":5.0},{"damage":40.0,"enemies":"downfall:FleeingMerchant","floor":22.0,"turns":4.0},{"damage":106,"enemies":"Book of Stabbing","floor":23,"turns":7},{"damage":47,"enemies":"3 Cultists","floor":26,"turns":9},{"damage":20,"enemies":"Snecko","floor":29,"turns":3},{"damage":30,"enemies":"Slavers","floor":31,"turns":3},{"damage":50,"enemies":"Centurion and Healer","floor":32,"turns":6},{"damage":71,"enemies":"SI_MIRROR_ARCHETYPE","floor":33,"turns":6}],"seed_played":"8098821155728416332","potions_obtained":[{"floor":5.0,"key":"AttackPotion"},{"floor":11.0,"key":"PowerPotion"},{"floor":15.0,"key":"Swift Potion"},{"floor":23,"key":"ColorlessPotion"},{"floor":29,"key":"bronze:BurnAndBuffPotion"},{"floor":31,"key":"champ:CounterPotion"}],"is_trial":false,"path_per_floor":["R","M","?","?","M","R","T","E","M","M","?","R","E","?","M","B",null,"R","M","M","M","$","E","T","R","M","?","R","M","R","E","M","B"],"character_chosen":"THE_CHAMP","items_purchased":["champ:FaceSlap","champ:AdrenalArmor","champ:VampiricStrike"],"campfire_rested":0,"item_purchase_floors":[22,22,22],"current_hp_per_floor":[99,94,94,94,94,94,94,68,68,56,50,50,46,46,46,29,103,103,97,100,91,91,50,50,50,40,40,40,40,40,52,54,0,0,0],"gold":245,"neow_bonus":"TEN_PERCENT_HP_BONUS","is_daily":false,"chose_seed":false,"campfire_upgraded":6,"win_rate":0.0,"timestamp":1611479450,"path_taken":["R","M","?","?","?","R","T","E","M","M","?","R","E","?","M","BOSS","R","M","M","M","$","E","T","R","?","?","R","M","R","E","M","BOSS"],"items_purchased_type":["Card","Card","Card"],"build_version":"2020-12-22","purchased_purges":0,"victory":false,"max_hp_per_floor":[99,99,99,99,99,99,99,99,99,99,101,101,103,103,103,103,103,103,103,103,103,103,103,103,103,105,105,105,105,105,107,109,109,109,109],"card_choices":[{"not_picked":["champ:DeathBlow","champ:Encircle"],"picked":"champ:BerserkersShout","floor":2.0},{"not_picked":["champ:GutPunch","champ:Haymaker"],"picked":"champ:FocusedBerserking","floor":5.0},{"not_picked":["champ:TornadoPunch","champ:EndlessRage"],"picked":"champ:AdrenalArmor","floor":8.0},{"not_picked":["champ:Backstep","champ:PreciseThrust"],"picked":"champ:EnragedBash","floor":9.0},{"not_picked":["champ:GladiatorStyle","champ:GutPunch"],"picked":"champ:HoldFirm","floor":10.0},{"not_picked":["champ:PreciseThrust","champ:PerfectedStrike","champ:Circumvent"],"picked":"Singing Bowl","floor":11.0},{"not_picked":["champ:BringItOn","champ:SwordThrow","champ:Backstep"],"picked":"Singing Bowl","floor":13.0},{"not_picked":["champ:EnGarde","champ:Circumvent"],"picked":"champ:Backstep","floor":15.0},{"not_picked":["champ:GladiatorForm","champ:VampiricStrike"],"picked":"champ:IgnorePain","floor":16.0},{"not_picked":["champ:RecklessLeap","champ:RapidStrikes"],"picked":"champ:BerserkersShout+1","floor":19.0},{"not_picked":["champ:TornadoPunch","champ:CrownThrow"],"picked":"champ:Haymaker","floor":20.0},{"not_picked":["champ:Shatter","champ:TornadoPunch"],"picked":"champ:EnGarde","floor":21.0},{"not_picked":["champ:DefensiveShout","champ:Haymaker"],"picked":"champ:EnGarde+1","floor":22},{"not_picked":["champ:FanOfKnives","champ:BerserkersShout"],"picked":"champ:Improvising","floor":23},{"not_picked":["champ:Backstep+1","champ:HeartStrike","champ:IronFortress"],"picked":"Singing Bowl","floor":26},{"not_picked":["champ:Endure","champ:HeartStrike"],"picked":"champ:FanOfKnives+1","floor":29},{"not_picked":["champ:FalseCounter","champ:BerserkersShout+1","champ:PreemptiveStrike"],"picked":"Singing Bowl","floor":31},{"not_picked":["champ:Parry+1","champ:PreciseThrust+1","champ:Circumvent+1"],"picked":"Singing Bowl","floor":32}],"player_experience":633447,"relics_obtained":[{"floor":7.0,"key":"Orichalcum"},{"floor":8.0,"key":"Singing Bowl"},{"floor":11.0,"key":"Odd Mushroom"},{"floor":13.0,"key":"Bottled Lightning"},{"floor":23,"key":"Girya"},{"floor":24,"key":"Bottled Flame"},{"floor":31,"key":"Vajra"}],"event_choices":[{"damage_healed":0.0,"max_hp_gain":0.0,"max_hp_loss":0.0,"gold_gain":0.0,"event_name":"Mushrooms","player_choice":"Fought Mushrooms","floor":11.0,"gold_loss":0.0,"damage_taken":0.0}],"is_beta":false,"boss_relics":[{"not_picked":["Velvet Choker","Tiny House"],"picked":"champ:ChampionCrownUpgraded"}],"items_purged_floors":[],"is_endless":false,"potions_floor_spawned":[5,11,15,23,29,31,32],"killed_by":"SI_MIRROR_ARCHETYPE","ascension_level":0}}