{"host":"uv5ws9rdk87e8i5k","time":1611465177,"event":{"mods":["AchievementEnabler","BaseMod","Colored Map","Minty Spire (QoL Compilation)","StSLib","SuperFastMode"],"gold_per_floor":[111,127,137,147,157,157,127,127,127,161,161,191,204,218,218,321,321,336,106,121,141,157,184,184,200,500,500,500,517,545,561,561,657,657,676,39,57,71,82,116,116,147,229,229,264,276,289,318,318,318],"floor_reached":51,"language":"ENG","playtime":1371,"items_purged":["Strike_R","Strike_R"],"score":1131,"play_id":"fa2758a9-8535-4ce0-9648-e0079450d2c6","local_time":"20210123231257","is_ascension_mode":true,"campfire_choices":[{"data":"Inflame","floor":6.0,"key":"SMITH"},{"data":"Reaper","floor":8.0,"key":"SMITH"},{"data":"Havoc","floor":11.0,"key":"SMITH"},{"data":"Bash","floor":15.0,"key":"SMITH"},{"data":"Immolate","floor":24.0,"key":"SMITH"},{"data":"Bludgeon","floor":27.0,"key":"SMITH"},{"data":"Shockwave","floor":32.0,"key":"SMITH"},{"floor":41,"key":"DIG"},{"floor":49,"key":"DIG"}],"circlet_count":0,"master_deck":["Strike_R","Strike_R","Defend_R","Defend_R+1","Defend_R","Defend_R","Bash+1","Reaper+1","Battle Trance","Anger","Havoc+1","Inflame+1","Twin Strike","Battle Trance+1","Wild Strike","Immolate+1","Perfected Strike","Bludgeon+1","Carnage+1","Perfected Strike+1","Shockwave+1","Whirlwind","Burning Pact+1","Perfected Strike+1","Offering","CurseOfTheBell","Inflame","Fiend Fire","Double Tap"],"relics":["Burning Blood","Pear","White Beast Statue","The Courier","Snecko Eye","Anchor","Old Coin","MutagenicStrength","Mummified Hand","Calling Bell","PreservedInsect","Blue Candle","Shovel","War Paint","Dead Branch","Sling","Bronze Scales","Smiling Mask","Pantograph","Bottled Flame","Potion Belt","Boot","Strawberry"],"acts_visited":["Exordium","TheCity","TheBeyond"],"potions_floor_usage":[37,38,47,50,50,50,50,50],"damage_taken":[{"damage":11.0,"enemies":"Small Slimes","floor":1.0,"turns":4.0},{"damage":6.0,"enemies":"Cultist","floor":2.0,"turns":4.0},{"damage":7.0,"enemies":"Jaw Worm","floor":3.0,"turns":3.0},{"damage":6.0,"enemies":"Blue Slaver","floor":4.0,"turns":3.0},{"damage":32.0,"enemies":"Lots of Slimes","floor":5.0,"turns":4.0},{"damage":11.0,"enemies":"3 Sentries","floor":10.0,"turns":4.0},{"damage":20.0,"enemies":"Lagavulin","floor":12.0,"turns":5.0},{"damage":0.0,"enemies":"Exordium Thugs","floor":13.0,"turns":3.0},{"damage":0.0,"enemies":"2 Fungi Beasts","floor":14.0,"turns":2.0},{"damage":17.0,"enemies":"Slime Boss","floor":16.0,"turns":6.0},{"damage":19.0,"enemies":"3 Byrds","floor":18.0,"turns":3.0},{"damage":7.0,"enemies":"Chosen","floor":20.0,"turns":3.0},{"damage":6.0,"enemies":"3 Cultists","floor":21.0,"turns":3.0},{"damage":0.0,"enemies":"Snecko","floor":22.0,"turns":3.0},{"damage":51.0,"enemies":"Gremlin Leader","floor":23.0,"turns":4.0},{"damage":0.0,"enemies":"Centurion and Healer","floor":25.0,"turns":4.0},{"damage":8.0,"enemies":"Shelled Parasite and Fungi","floor":29.0,"turns":2.0},{"damage":10.0,"enemies":"Book of Stabbing","floor":30.0,"turns":3.0},{"damage":0.0,"enemies":"Chosen and Byrds","floor":31.0,"turns":3.0},{"damage":15.0,"enemies":"Collector","floor":33.0,"turns":4.0},{"damage":0.0,"enemies":"3 Shapes","floor":35.0,"turns":1.0},{"damage":6,"enemies":"3 Darklings","floor":37,"turns":1},{"damage":0,"enemies":"Sphere and 2 Shapes","floor":38,"turns":1},{"damage":0,"enemies":"Jaw Worm Horde","floor":39,"turns":1},{"damage":19,"enemies":"Giant Head","floor":40,"turns":5},{"damage":7,"enemies":"Reptomancer","floor":42,"turns":2},{"damage":20,"enemies":"Giant Head","floor":45,"turns":5},{"damage":14,"enemies":"Transient","floor":46,"turns":5},{"damage":12,"enemies":"Sphere and 2 Shapes","floor":47,"turns":3},{"damage":0,"enemies":"Reptomancer","floor":48,"turns":1},{"damage":69,"enemies":"Awakened One","floor":50,"turns":5}],"seed_played":"-7439262811884610192","potions_obtained":[{"floor":1.0,"key":"FearPotion"},{"floor":3.0,"key":"PowerPotion"},{"floor":7.0,"key":"Block Potion"},{"floor":7.0,"key":"LiquidMemories"},{"floor":12.0,"key":"Explosive Potion"},{"floor":13.0,"key":"BloodPotion"},{"floor":14.0,"key":"LiquidMemories"},{"floor":16.0,"key":"FearPotion"},{"floor":18.0,"key":"Weak Potion"},{"floor":20.0,"key":"SteroidPotion"},{"floor":21.0,"key":"SteroidPotion"},{"floor":22.0,"key":"Fruit Juice"},{"floor":23.0,"key":"LiquidBronze"},{"floor":25.0,"key":"BlessingOfTheForge"},{"floor":29.0,"key":"ElixirPotion"},{"floor":31.0,"key":"Energy Potion"},{"floor":33.0,"key":"ColorlessPotion"},{"floor":37,"key":"DistilledChaos"},{"floor":38,"key":"Dexterity Potion"},{"floor":42,"key":"HeartOfIron"},{"floor":45,"key":"SkillPotion"},{"floor":46,"key":"LiquidMemories"},{"floor":47,"key":"Weak Potion"}],"is_trial":false,"path_per_floor":["M","M","M","M","M","R","?","R","T","E","R","E","M","M","R","B",null,"M","$","M","M","M","E","R","M","T","R","?","M","E","M","R","B",null,"M","$","M","M","M","E","R","E","T","?","E","M","M","E","R","B",null],"character_chosen":"IRONCLAD","items_purchased":["Bludgeon","DuplicationPotion","War Paint","Inflame","Dead Branch","Sling"],"campfire_rested":0,"item_purchase_floors":[19,19,36,36,36,36],"current_hp_per_floor":[59,65,68,72,62,62,62,62,72,86,86,83,89,90,90,86,89,76,76,75,75,95,68,68,86,86,86,86,84,80,86,86,84,92,95,95,95,95,95,92,92,91,91,91,77,84,78,84,91,59],"gold":318,"neow_bonus":"THREE_RARE_CARDS","is_daily":false,"chose_seed":false,"campfire_upgraded":7,"win_rate":0.0,"timestamp":1611465177,"path_taken":["M","M","M","M","M","R","?","R","T","E","R","E","?","M","R","BOSS","M","$","M","M","?","E","R","M","T","R","?","M","E","M","R","BOSS","M","$","M","M","M","E","R","E","T","?","E","M","M","E","R","BOSS"],"items_purchased_type":["Card","Potion","Relic","Card","Relic","Relic"],"build_version":"2020-12-22","purchased_purges":2,"victory":true,"max_hp_per_floor":[80,80,80,80,80,80,80,80,90,90,90,90,90,90,90,90,90,90,90,90,90,95,95,95,95,95,95,95,95,95,95,95,95,95,95,95,95,95,95,95,95,95,95,95,95,95,95,95,102,102],"card_choices":[{"not_picked":["Berserk","Corruption"],"picked":"Reaper","floor":0.0},{"not_picked":["Metallicize","Infernal Blade"],"picked":"Battle Trance","floor":1.0},{"not_picked":["Rampage","Metallicize"],"picked":"Anger","floor":2.0},{"not_picked":["Body Slam","Thunderclap","Flex"],"picked":"SKIP","floor":3.0},{"not_picked":["Bloodletting","Flame Barrier"],"picked":"Havoc","floor":4.0},{"not_picked":["Thunderclap","Flame Barrier"],"picked":"Inflame","floor":5.0},{"not_picked":["Flex","Iron Wave"],"picked":"Twin Strike","floor":10.0},{"not_picked":["Clothesline","Impervious"],"picked":"Battle Trance","floor":12.0},{"not_picked":["Blood for Blood","Flex"],"picked":"Wild Strike","floor":13.0},{"not_picked":["Entrench","Carnage","Body Slam"],"picked":"SKIP","floor":14.0},{"not_picked":["Bludgeon","Impervious"],"picked":"Immolate","floor":16.0},{"not_picked":["Reckless Charge","Headbutt+1"],"picked":"Perfected Strike","floor":18.0},{"not_picked":["Warcry","Cleave"],"picked":"Carnage+1","floor":20.0},{"not_picked":["Burning Pact","Thunderclap","Clothesline"],"picked":"SKIP","floor":21.0},{"not_picked":["Power Through","Iron Wave+1"],"picked":"Perfected Strike+1","floor":22.0},{"not_picked":["Anger","Hemokinesis+1"],"picked":"Shockwave","floor":23.0},{"not_picked":["Clash","Exhume"],"picked":"Whirlwind","floor":25.0},{"not_picked":["Thunderclap","Shrug It Off","Clash"],"picked":"SKIP","floor":29.0},{"not_picked":["Clash","Limit Break"],"picked":"Burning Pact+1","floor":30.0},{"not_picked":["Cleave+1","Wild Strike+1"],"picked":"Perfected Strike+1","floor":31.0},{"not_picked":["Impervious","Barricade"],"picked":"Offering","floor":33.0},{"not_picked":["Fire Breathing+1","Warcry","Combust+1"],"picked":"SKIP","floor":35.0},{"not_picked":["Spot Weakness","Wild Strike+1","Twin Strike+1"],"picked":"SKIP","floor":37},{"not_picked":["Body Slam","Thunderclap+1","Sever Soul+1"],"picked":"SKIP","floor":38},{"not_picked":["Thunderclap","Sever Soul"],"picked":"Fiend Fire","floor":39},{"not_picked":["Sword Boomerang","Armaments+1","Headbutt+1"],"picked":"SKIP","floor":40},{"not_picked":["Cleave","Shockwave+1"],"picked":"Double Tap","floor":42},{"not_picked":["Disarm+1","Pommel Strike","Pummel"],"picked":"SKIP","floor":45},{"not_picked":["Pommel Strike","Bloodletting+1","Searing Blow+1"],"picked":"SKIP","floor":46},{"not_picked":["Hemokinesis+1","Seeing Red+1","Flame Barrier"],"picked":"SKIP","floor":47},{"not_picked":["Evolve+1","Fiend Fire","Wild Strike"],"picked":"SKIP","floor":48}],"player_experience":219034,"relics_obtained":[{"floor":9.0,"key":"Pear"},{"floor":10.0,"key":"White Beast Statue"},{"floor":12.0,"key":"The Courier"},{"floor":23.0,"key":"Anchor"},{"floor":26.0,"key":"Old Coin"},{"floor":30.0,"key":"Mummified Hand"},{"floor":34.0,"key":"PreservedInsect"},{"floor":34.0,"key":"Blue Candle"},{"floor":34.0,"key":"Shovel"},{"floor":40,"key":"Bronze Scales"},{"floor":41,"key":"Smiling Mask"},{"floor":42,"key":"Pantograph"},{"floor":43,"key":"Bottled Flame"},{"floor":45,"key":"Potion Belt"},{"floor":48,"key":"Boot"},{"floor":49,"key":"Strawberry"}],"event_choices":[{"damage_healed":0.0,"max_hp_gain":0.0,"max_hp_loss":0.0,"gold_gain":0.0,"event_name":"The Woman in Blue","player_choice":"Bought 2 Potions","floor":7.0,"gold_loss":0.0,"damage_taken":0.0},{"damage_healed":0.0,"max_hp_gain":0.0,"max_hp_loss":0.0,"gold_gain":0.0,"event_name":"Drug Dealer","player_choice":"Inject Mutagens","floor":28.0,"gold_loss":0.0,"damage_taken":0.0,"relics_obtained":["MutagenicStrength"]},{"cards_removed":["Strike_R"],"damage_healed":0,"gold_gain":0,"player_choice":"Purged","damage_taken":0,"max_hp_gain":0,"max_hp_loss":0,"event_name":"Purifier","floor":44,"gold_loss":0}],"is_beta":false,"boss_relics":[{"not_picked":["Ectoplasm","Runic Cube"],"picked":"Snecko Eye"},{"not_picked":["Busted Crown","Coffee Dripper"],"picked":"Calling Bell"}],"items_purged_floors":[19,36],"is_endless":false,"potions_floor_spawned":[1,3,12,13,14,16,18,20,21,22,23,25,29,30,31,33,35,37,38,39,40,42,45,46,47,48],"ascension_level":5}}