{"host":"jfbo3eu2ui08ej1u","time":1611531186,"event":{"mods":["2.2 Compatiblity","AchievementEnabler","Act Like it!","Aspiration","BaseMod","Better Altar","Better Match","Better Note","Better Sensory Stone","Better Skull","Better Third Choice","Block Reminder","Colored Map","Colored Powertips","Conspire","DeckTracker","Displayed Cursed Tome","Energized Spire","Fox Events","GifTheSpireLib","Hubris","Infinite Spire","Marked Mod","Minty Spire (QoL Compilation)","Pale of the Ancients","Poor People Problems","Quick Restart","Relic Filter","Reliquary","Reorder Act Four","Replay The Spire","Shop Mod","Spicy Shops","Spire Arcade","StSLib","Stuff the Spire","The Blue Laboratory","The Disciple","The Forsaken","The Hierophant","The Marked","Uncapped","Unceasing Turn Reminder","Wandering Minibosses"],"gold_per_floor":[113,113,133,133,58,58,91,117,117,160,160,435,492,127,127,217,217,266,266,266,266,109,163,163,163,163,290,341,341,407,407,407,510,560,586,651,603,17,54,70,70],"floor_reached":40,"language":"ENG","playtime":1608,"items_purged":["Regret","Strike_P","Strike_P","Strike_P"],"score":1079,"play_id":"3e0bc7c9-7d4e-4e9c-a4d8-25de90d053ba","local_time":"20210124183306","is_ascension_mode":true,"campfire_choices":[{"data":"TalkToTheHand","floor":6.0,"key":"SMITH"},{"data":"Wallop","floor":11.0,"key":"SMITH"},{"data":"ReplayTheSpireMod:Brewmster","floor":15.0,"key":"SMITH"},{"data":"MarkedMod:SlowDance","floor":29.0,"key":"SMITH"},{"floor":32.0,"key":"REST"}],"circlet_count":0,"master_deck":["AscendersBane","Defend_P","Defend_P","Defend_P+1","Eruption+1","Vigilance","TalkToTheHand+1","Vengeance","BowlingBash","FlyingSleeves","Wallop+1","Tantrum","FlurryOfBlows+1","ReplayTheSpireMod:Brewmster+1","MarkedMod:GracefulMovements","MarkedMod:SlowDance+1","Shrug It Off","Headbutt","Vault+1","MasterReality","Protect","Inflame+1","MarkedMod:GracefulMovements+1","Pummel"],"relics":["PureWater","Art of War","Replay:Bandana","hubris:TinFlute","ReplayTheSpireMod:TigerMarble","aspiration:IroncladSkillbook","Replay:Baseball","infinitespire:Cupcake","Replay:Mystery Machine","hubris:Icosahedron","Bag of Preparation","Replay:Ringing Soul","Turnip","Onion Ring","infinitespire:BottledMercury","Replay:Arrowhead","MerchantsRug","Bottled Tornado"],"acts_visited":["Exordium","TheCity","TheBeyond"],"potions_floor_usage":[40,40,40],"damage_taken":[{"damage":3.0,"enemies":"2 Louse","floor":1.0,"turns":5.0},{"damage":2.0,"enemies":"Small Slimes","floor":3.0,"turns":5.0},{"damage":4.0,"enemies":"Lagavulin","floor":7.0,"turns":8.0},{"damage":20.0,"enemies":"3 Sentries","floor":10.0,"turns":5.0},{"damage":3.0,"enemies":"Replay:BlueRogue","floor":13.0,"turns":3.0},{"damage":29.0,"enemies":"The Guardian","floor":16.0,"turns":9.0},{"damage":0.0,"enemies":"3 Byrds","floor":18.0,"turns":5.0},{"damage":0.0,"enemies":"Gremlin Leader","floor":23.0,"turns":5.0},{"damage":0.0,"enemies":"Chosen","floor":27.0,"turns":3.0},{"damage":10.0,"enemies":"Nightmare","floor":28.0,"turns":7.0},{"damage":26.0,"enemies":"Gremlin Leader","floor":30.0,"turns":4.0},{"damage":63.0,"enemies":"hubris:MusketHawk","floor":33.0,"turns":8.0},{"damage":23.0,"enemies":"3 Shapes","floor":35.0,"turns":10.0},{"damage":45.0,"enemies":"conspire:MimicChest","floor":36.0,"turns":7.0},{"damage":6.0,"enemies":"Mind Bloom Boss Battle","floor":37.0,"turns":5.0},{"damage":19.0,"enemies":"3 Darklings","floor":39.0,"turns":3.0},{"damage":7,"enemies":"Reptomancer","floor":40,"turns":2}],"seed_played":"6072504022828611520","potions_obtained":[{"floor":3.0,"key":"Energy Potion"},{"floor":7.0,"key":"Explosive Potion"},{"floor":33.0,"key":"Energy Potion"},{"floor":36.0,"key":"blueLaboratory:BottleOfVodka"},{"floor":39.0,"key":"Strength Potion"}],"is_trial":false,"path_per_floor":["M","?","M","?","$","R","E","T","T","E","R","?","E","$","R","B",null,"M","AVR","T","?","$","E","?","?","T","M","NM","R","E","$","R","B",null,"M","?","?","$","M","E"],"character_chosen":"WATCHER","items_purchased":["FlyingSleeves","ReplayTheSpireMod:Brewmster","MarkedMod:GracefulMovements","Bag of Preparation","War Paint","StuffTheSpire:HistoryBook","MerchantsRug","Bottled Tornado","Pummel"],"campfire_rested":1,"item_purchase_floors":[5,14,14,22,31,38,38,38,38],"current_hp_per_floor":[58,51,49,49,49,49,45,45,59,39,39,39,36,36,36,7,63,67,67,67,67,67,82,82,82,82,85,82,82,63,48,75,19,83,64,26,27,30,15,8,8],"gold":70,"neow_bonus":"THREE_CARDS","is_daily":false,"chose_seed":false,"campfire_upgraded":4,"win_rate":0.0,"timestamp":1611531186,"path_taken":["M","?","M","?","$","R","E","?","T","E","R","?","E","$","R","BOSS","M","AVR","?","?","$","E","?","?","T","M","NM","R","E","?","R","BOSS","M","?","?","$","M","E"],"items_purchased_type":["Card","Card","Card","Relic","Relic","Relic","Relic","Relic","Card"],"build_version":"2020-12-22","purchased_purges":4,"victory":false,"max_hp_per_floor":[68,68,68,68,68,68,68,68,82,82,82,82,82,82,82,82,82,82,82,82,82,82,82,82,82,82,85,88,88,91,91,91,94,102,102,105,108,111,111,111,111],"card_choices":[{"not_picked":["Consecrate","Replay:AtTheReady"],"picked":"TalkToTheHand","floor":0.0},{"not_picked":["Replay:ManipulateFuture","Consecrate"],"picked":"Vengeance","floor":1.0},{"not_picked":["MarkedMod:Acupuncture","JustLucky"],"picked":"BowlingBash","floor":3.0},{"not_picked":["Replay:Hum","Replay:AtTheReady"],"picked":"Wallop","floor":7.0},{"not_picked":["Pray","Consecrate"],"picked":"Tantrum","floor":10.0},{"not_picked":["WindmillStrike","Collect"],"picked":"FlurryOfBlows","floor":13.0},{"not_picked":["ConjureBlade","Vault"],"picked":"MarkedMod:SlowDance","floor":16.0},{"not_picked":["Halt","EmptyFist","SashWhip","Clash"],"picked":"SKIP","floor":18.0},{"not_picked":["Replay:Undeath\u0027s Touch","Power Through+1","SandsOfTime","Replay:Vibes"],"picked":"SKIP","floor":23.0},{"not_picked":["ReplayTheSpireMod:Strike From Hell","StuffTheSpire:RockThrow","Searing Blow+1"],"picked":"Shrug It Off","floor":27.0},{"not_picked":["StuffTheSpire:RagingBull","Clash","Perfected Strike"],"picked":"Headbutt","floor":28.0},{"not_picked":["ClearTheMind","Anger","BowlingBash"],"picked":"Vault","floor":30.0},{"not_picked":["Impervious","Juggernaut","ConjureBlade"],"picked":"MasterReality","floor":33.0},{"not_picked":["EmptyFist","Evaluate","Replay:BluntJabs"],"picked":"Protect","floor":34.0},{"not_picked":["Crescendo","ReplayTheSpireMod:Strike From Hell","Pommel Strike","Carnage+1"],"picked":"SKIP","floor":35.0},{"not_picked":["Replay:Undeath\u0027s Touch+1","StuffTheSpire:RockThrow+1","EmptyBody+1"],"picked":"Inflame+1","floor":36.0},{"not_picked":["Replay:AtTheReady","FollowUp","MarkedMod:GentlePulse"],"picked":"MarkedMod:GracefulMovements+1","floor":37.0},{"not_picked":["Pommel Strike","Conclude","Replay:Battleflow","Perfected Strike"],"picked":"SKIP","floor":39.0}],"player_experience":1221785,"relics_obtained":[{"floor":7.0,"key":"Art of War"},{"floor":8.0,"key":"Replay:Bandana"},{"floor":9.0,"key":"Mango"},{"floor":10.0,"key":"hubris:TinFlute"},{"floor":13.0,"key":"ReplayTheSpireMod:TigerMarble"},{"floor":20.0,"key":"Replay:Mystery Machine"},{"floor":23.0,"key":"Replay:Ringing Soul"},{"floor":26.0,"key":"Turnip"},{"floor":28.0,"key":"aspiration:TomeofQuesting"},{"floor":30.0,"key":"Onion Ring"},{"floor":36.0,"key":"infinitespire:BottledMercury"},{"floor":37.0,"key":"Replay:Arrowhead"}],"event_choices":[{"cards_removed":["Strike_P"],"damage_healed":0.0,"max_hp_gain":0.0,"max_hp_loss":0.0,"gold_gain":0.0,"event_name":"Golden Wing","player_choice":"Card Removal","floor":2.0,"gold_loss":0.0,"damage_taken":7.0},{"damage_healed":0.0,"max_hp_gain":0.0,"max_hp_loss":0.0,"gold_gain":0.0,"event_name":"Living Wall","player_choice":"Grow","floor":4.0,"gold_loss":0.0,"damage_taken":0.0,"cards_upgraded":["Eruption"]},{"damage_healed":0.0,"max_hp_gain":0.0,"max_hp_loss":0.0,"gold_gain":275.0,"event_name":"Golden Shrine","player_choice":"Desecrate","floor":12.0,"gold_loss":0.0,"damage_taken":0.0,"cards_obtained":["Regret"]},{"damage_healed":0.0,"max_hp_gain":0.0,"max_hp_loss":0.0,"gold_gain":0.0,"event_name":"MindBloom","player_choice":"Fight","floor":37.0,"gold_loss":0.0,"damage_taken":0.0}],"is_beta":false,"boss_relics":[{"not_picked":["theForsaken:PaleLantern","Replay:Wanted Poster"],"picked":"aspiration:IroncladSkillbook"},{"not_picked":["reliquary:RedCape","Kintsugi"],"picked":"Tiny House"}],"items_purged_floors":[14,19,31,38],"is_endless":true,"potions_floor_spawned":[3,7,18,30,33,36,39],"killed_by":"Reptomancer","ascension_level":20}}