{"host":"ftkwaqka4srqnjt4","time":1611497298,"event":{"mods":["AchievementEnabler","BaseMod","Downfall","Minty Spire (QoL Compilation)","Permanent Neow","Relic Stats","StSLib","The Jungle"],"gold_per_floor":[99,549,146,146,31,331,331,331,345,364,384,384,284,298,314,409,409,409,409,423,438,458,51,77,77,62,62,62,62],"floor_reached":27,"language":"ENG","playtime":2130,"items_purged":["downfall:Icky","downfall:Icky"],"score":226,"play_id":"a967185b-c818-4463-86e3-cc4780acd1f1","local_time":"20210124150818","is_ascension_mode":false,"campfire_choices":[{"floor":1.0,"key":"RECALL"},{"data":"expansioncontent:QuickStudy","floor":13.0,"key":"SMITH"},{"data":"bronze:Verify","floor":18.0,"key":"SMITH"},{"data":"bronze:Goto","floor":25,"key":"SMITH"}],"circlet_count":0,"master_deck":["bronze:Strike","bronze:Strike","bronze:Strike","bronze:Strike","bronze:Defend","bronze:Defend","bronze:Defend","bronze:Defend","bronze:Replicate","bronze:Goto+1","bronze:ChosenStrike","expansioncontent:QuickStudy+1","bronze:Repair","bronze:Frontload","bronze:Explode","bronze:Shell","bronze:Verify+1","bronze:WhirlingStrike","bronze:Overheat","bronze:Optimize","bronze:Invalidate","bronze:Assembly","bronze:GetLatest","Regret","bronze:ShipIt"],"relics":["bronze:BronzeCore","Old Coin","StrikeDummy","downfall:HeartBlessingRed","Cursed Key","bronze:SilverBullet","Pantograph","Art of War"],"acts_visited":["Exordium","Exordium"],"potions_floor_usage":[22],"damage_taken":[{"damage":0.0,"enemies":"downfall:FleeingMerchant","floor":3.0,"turns":4.0},{"damage":26.0,"enemies":"downfall:FleeingMerchant","floor":4.0,"turns":5.0},{"damage":14.0,"enemies":"downfall:FleeingMerchant","floor":5.0,"turns":4.0},{"damage":0.0,"enemies":"Small Slimes","floor":9.0,"turns":3.0},{"damage":0.0,"enemies":"2 Louse","floor":10.0,"turns":3.0},{"damage":0.0,"enemies":"Jaw Worm","floor":11.0,"turns":2.0},{"damage":7.0,"enemies":"Large Slime","floor":14.0,"turns":3.0},{"damage":13.0,"enemies":"Red Slaver","floor":15.0,"turns":2.0},{"damage":17.0,"enemies":"IC_STATUS_ARCHETYPE","floor":16.0,"turns":8.0},{"damage":22.0,"enemies":"theJungle:Flameango_and_Byrd","floor":20.0,"turns":6.0},{"damage":1.0,"enemies":"theJungle:MUSHROOMGANG","floor":21.0,"turns":2.0},{"damage":0,"enemies":"theJungle:Lyon","floor":22,"turns":2},{"damage":22,"enemies":"downfall:FleeingMerchant","floor":23,"turns":4},{"damage":28,"enemies":"downfall:FleeingMerchant","floor":26,"turns":4},{"damage":41,"enemies":"theJungle:MamaSnecko","floor":27,"turns":4}],"seed_played":"6176888720405738501","potions_obtained":[{"floor":0.0,"key":"Ancient Potion"},{"floor":0.0,"key":"Fruit Juice"},{"floor":0.0,"key":"Explosive Potion"},{"floor":4.0,"key":"Weak Potion"},{"floor":14.0,"key":"hexamod:SoulburnPotion"},{"floor":16.0,"key":"FearPotion"},{"floor":20.0,"key":"Guardian:BlockOnCardUsePotion"},{"floor":21.0,"key":"Energy Potion"}],"is_trial":false,"path_per_floor":["R","?","$","?","$","?","T","T","M","M","M","?","R","M","M","B",null,"R","?","M","M","M","$","T","R","$","E"],"character_chosen":"THE_AUTOMATON","items_purchased":["expansioncontent:QuickStudy","bronze:Repair","bronze:Frontload","bronze:SilverBullet","Pantograph"],"campfire_rested":0,"item_purchase_floors":[3,3,3,23,23],"current_hp_per_floor":[75,75,75,49,42,30,30,30,37,44,51,56,56,59,46,36,80,80,80,63,62,62,40,40,40,12,0,0,0],"gold":62,"neow_bonus":"THREE_SMALL_POTIONS","is_daily":false,"chose_seed":false,"campfire_upgraded":3,"win_rate":0.0,"timestamp":1611497298,"path_taken":["R","?","$","?","$","?","T","?","M","?","M","?","R","M","M","BOSS","R","?","M","M","M","$","T","R","$","E"],"items_purchased_type":["Card","Card","Card","Relic","Relic"],"build_version":"2020-12-22","purchased_purges":2,"victory":false,"max_hp_per_floor":[75,75,75,75,75,75,75,75,75,75,75,80,80,80,80,80,80,80,80,80,80,80,80,80,80,80,80,80,80],"relic_stats":{"counters":[15,56],"Pantograph":0,"Art of War":[0],"Cursed Key":1,"obtain_stats":[{"bronze:BronzeCore":0,"downfall:HeartBlessingRed":13,"Pantograph":23,"Art of War":24,"StrikeDummy":8,"Cursed Key":17,"bronze:SilverBullet":23,"Old Coin":6},{"bronze:BronzeCore":0,"downfall:HeartBlessingRed":6,"Pantograph":13,"Art of War":13,"StrikeDummy":3,"Cursed Key":9,"bronze:SilverBullet":13,"Old Coin":3},{"bronze:BronzeCore":0,"downfall:HeartBlessingRed":21,"Pantograph":48,"Art of War":48,"StrikeDummy":13,"Cursed Key":34,"bronze:SilverBullet":48,"Old Coin":13}]},"card_choices":[{"not_picked":["bronze:ForLoop","bronze:ForceShield"],"picked":"bronze:ChosenStrike","floor":3.0},{"not_picked":[],"picked":"bronze:Explode","floor":4.0},{"not_picked":["bronze:CutThrough","bronze:Deprecate"],"picked":"bronze:Shell","floor":4.0},{"not_picked":["bronze:Flail","bronze:Overload"],"picked":"bronze:Verify","floor":5.0},{"not_picked":["bronze:NullPointer","bronze:BugBarrage"],"picked":"bronze:WhirlingStrike","floor":9.0},{"not_picked":["bronze:WhirlingStrike","bronze:BugBarrage"],"picked":"bronze:Overheat","floor":10.0},{"not_picked":["bronze:CutThrough","bronze:BitShift"],"picked":"bronze:Optimize","floor":11.0},{"not_picked":["bronze:Iterate","bronze:Verify"],"picked":"bronze:Invalidate","floor":14.0},{"not_picked":["bronze:OilSpill","bronze:Deprecate","bronze:WhirlingStrike"],"picked":"SKIP","floor":15.0},{"not_picked":["bronze:HardenedForm","bronze:FindAndReplace"],"picked":"bronze:Assembly","floor":16.0},{"not_picked":["bronze:Turbo","bronze:Deprecate+1","bronze:Branch+1"],"picked":"SKIP","floor":20.0},{"not_picked":["bronze:Shield","bronze:MaxOutput","bronze:Fortify+1"],"picked":"SKIP","floor":21.0},{"not_picked":["bronze:Branch","bronze:BitShift","bronze:Shield"],"picked":"SKIP","floor":22},{"not_picked":["bronze:FineTuning","bronze:BitShift+1"],"picked":"bronze:GetLatest","floor":23},{"not_picked":["bronze:ForLoop","bronze:Deprecate"],"picked":"bronze:ShipIt","floor":26}],"player_experience":552705,"relics_obtained":[{"floor":8.0,"key":"StrikeDummy"},{"floor":24,"key":"Art of War"}],"event_choices":[{"damage_healed":0.0,"max_hp_gain":0.0,"max_hp_loss":0.0,"gold_gain":0.0,"event_name":"Scrap Ooze","player_choice":"Success","floor":6.0,"gold_loss":0.0,"damage_taken":12.0,"relics_obtained":["Old Coin"]},{"damage_healed":0.0,"max_hp_gain":5.0,"max_hp_loss":0.0,"gold_gain":0.0,"event_name":"Big Fish","player_choice":"Donut","floor":12.0,"gold_loss":0.0,"damage_taken":0.0}],"is_beta":false,"boss_relics":[{"not_picked":["Velvet Choker","Snecko Eye"],"picked":"Cursed Key"}],"items_purged_floors":[3,5],"is_endless":false,"potions_floor_spawned":[4,14,15,16,20,21],"killed_by":"theJungle:MamaSnecko","ascension_level":0}}