{"host":"3jpcvpprzj9sjffh","time":1611466552,"event":{"mods":["AchievementEnabler","BaseMod","Colored Map","Minty Spire (QoL Compilation)","Rare Cards Sparkle","SuperFastMode","everything is the same but u backflip on backflip"],"gold_per_floor":[218,31,46,64,79,111,135,135,135],"floor_reached":8,"language":"KOR","playtime":377,"items_purged":[],"score":58,"play_id":"3373fffa-48bf-489b-ae2f-41ab5a39a077","local_time":"20210124143552","is_ascension_mode":false,"campfire_choices":[],"circlet_count":0,"master_deck":["Strike_R","Strike_R","Strike_R","Strike_R","Strike_R","Defend_R","Defend_R","Defend_R","Defend_R","Bash","Twin Strike","Apotheosis","Thunderclap","Dual Wield","Perfected Strike","Demon Form","Sword Boomerang"],"relics":["Burning Blood","Eternal Feather","Odd Mushroom"],"acts_visited":["Exordium"],"potions_floor_usage":[6,7],"damage_taken":[{"damage":7,"enemies":"Small Slimes","floor":1,"turns":3},{"damage":13,"enemies":"Jaw Worm","floor":3,"turns":3},{"damage":18,"enemies":"2 Louse","floor":4,"turns":3},{"damage":13,"enemies":"Large Slime","floor":5,"turns":5},{"damage":30,"enemies":"3 Sentries","floor":6,"turns":7},{"damage":10,"enemies":"The Mushroom Lair","floor":7,"turns":3},{"damage":18,"enemies":"Lagavulin","floor":8,"turns":5}],"seed_played":"-7196521996315446565","potions_obtained":[{"floor":4,"key":"Fire Potion"},{"floor":5,"key":"Energy Potion"}],"is_trial":false,"path_per_floor":["M","$","M","M","M","E","?","E"],"character_chosen":"IRONCLAD","items_purchased":["Apotheosis"],"campfire_rested":0,"item_purchase_floors":[2],"current_hp_per_floor":[79,79,72,60,53,29,25,7,7],"gold":135,"neow_bonus":"HUNDRED_GOLD","is_daily":false,"chose_seed":false,"campfire_upgraded":0,"win_rate":0.0,"timestamp":1611466552,"path_taken":["M","$","M","M","M","E","?","E"],"items_purchased_type":["Card"],"build_version":"2020-12-22","purchased_purges":0,"victory":false,"max_hp_per_floor":[80,80,80,80,80,80,80,80,80],"card_choices":[{"not_picked":["Thunderclap","Dark Embrace"],"picked":"Twin Strike","floor":1},{"not_picked":["Shrug It Off","Dropkick"],"picked":"Thunderclap","floor":3},{"not_picked":["Inflame","Whirlwind"],"picked":"Dual Wield","floor":4},{"not_picked":["Pommel Strike","Headbutt"],"picked":"Perfected Strike","floor":5},{"not_picked":["Perfected Strike","Feel No Pain"],"picked":"Demon Form","floor":6},{"not_picked":["Clothesline","Clash"],"picked":"Sword Boomerang","floor":7}],"player_experience":293781,"relics_obtained":[{"floor":6,"key":"Eternal Feather"},{"floor":7,"key":"Odd Mushroom"}],"event_choices":[{"damage_healed":0,"gold_gain":0,"player_choice":"Fought Mushrooms","damage_taken":0,"max_hp_gain":0,"max_hp_loss":0,"event_name":"Mushrooms","floor":7,"gold_loss":0}],"is_beta":false,"boss_relics":[],"items_purged_floors":[],"is_endless":false,"potions_floor_spawned":[4,5],"killed_by":"Lagavulin","ascension_level":0}}