{"host":"fkig9nrckec4xsh0","time":1611517469,"event":{"mods":["Act Like it!","BaseMod","Colored Map","Gensokyo","Hermit","Marisa????????","Minty Spire (QoL Compilation)","Quick Restart","Replay The Spire","StSLib"],"gold_per_floor":[110,110,121,121,135,135,135],"floor_reached":6,"language":"ENG","playtime":713,"items_purged":[],"score":36,"play_id":"091097cb-4555-4ca1-9c52-dd2c4ea56440","local_time":"20210124144429","is_ascension_mode":false,"campfire_choices":[],"circlet_count":0,"master_deck":["Strike_MRS","Strike_MRS","Strike_MRS","Strike_MRS","Defend_MRS","Defend_MRS","Defend_MRS","Defend_MRS","MasterSpark","UpSweep","CurseOfTheBell","StarlightTyphoon","AlicesGift+1","LuminesStrike","EarthLightRay","WitchLeyline","TreasureHunter"],"relics":["MiniHakkero","Honey Jar","Calling Bell","Toy Ornithopter","Singing Bowl","Lizard Tail","Gensokyo:MarisaPhilosophersStone"],"acts_visited":["Exordium"],"potions_floor_usage":[6,6],"damage_taken":[{"damage":9,"enemies":"Gensokyo:Python","floor":1,"turns":4},{"damage":6,"enemies":"Gensokyo:2_Kodama","floor":3,"turns":3},{"damage":37,"enemies":"Gensokyo:2_Kodama","floor":4,"turns":5},{"damage":0,"enemies":"Gensokyo:3_Fairies","floor":5,"turns":3},{"damage":32,"enemies":"Gensokyo:Cirno","floor":6,"turns":4}],"seed_played":"-1225738191868919850","potions_obtained":[{"floor":4,"key":"LiquidMemories"},{"floor":5,"key":"ColorlessPotion"}],"is_trial":false,"path_per_floor":["M","?","M","?","M","E"],"character_chosen":"MARISA","items_purchased":[],"campfire_rested":0,"item_purchase_floors":[],"current_hp_per_floor":[66,66,60,27,27,9,9],"gold":135,"neow_bonus":"DOUBLE_BOSS_RELIC","is_daily":false,"chose_seed":false,"campfire_upgraded":0,"win_rate":0.0,"timestamp":1611517469,"path_taken":["M","?","M","?","M","E"],"items_purchased_type":[],"build_version":"2020-12-22","purchased_purges":0,"victory":false,"max_hp_per_floor":[75,75,75,75,75,75,75],"card_choices":[{"not_picked":["SporeBomb","EnergyFlow","MysteriousBeam"],"picked":"StarlightTyphoon","floor":1},{"not_picked":["GravityBeat","StarlightTyphoon","6A"],"picked":"LuminesStrike","floor":3},{"not_picked":["MilkyWay","MeteoricShower","AsteroidBelt"],"picked":"WitchLeyline","floor":4},{"not_picked":["ShootingEcho","SporeBomb","EnergyFlow"],"picked":"TreasureHunter","floor":5}],"player_experience":399354,"relics_obtained":[{"floor":0,"key":"Toy Ornithopter"},{"floor":0,"key":"Singing Bowl"},{"floor":0,"key":"Lizard Tail"},{"floor":4,"key":"Gensokyo:MarisaPhilosophersStone"}],"event_choices":[],"is_beta":false,"boss_relics":[],"items_purged_floors":[],"is_endless":false,"potions_floor_spawned":[4,5],"killed_by":"Gensokyo:Cirno","ascension_level":0}}