{"host":"89iuq2p5kwriuwfq","time":1611519348,"event":{"mods":["BaseMod","Curses Come First","Minty Spire (QoL Compilation)","Permanent Neow","StSLib"],"gold_per_floor":[116,127,143,153,173,173,59,88,88,101,136,136,136,171,171,274,274,290,380,380,399,412,441,458,484,560,560,560,560],"floor_reached":28,"language":"ENG","playtime":2449,"items_purged":[],"score":392,"play_id":"098dfa4e-998e-42b9-8daa-7396e33eaa0d","local_time":"20210124201548","is_ascension_mode":true,"campfire_choices":[{"data":"Chaos","floor":6.0,"key":"SMITH"},{"data":"Darkness","floor":12.0,"key":"SMITH"},{"data":"Glacier","floor":15.0,"key":"SMITH"}],"circlet_count":0,"master_deck":["Strike_B","Strike_B","Strike_B","Strike_B","Defend_B","Defend_B","Defend_B","Defend_B","Zap","Dualcast","Coolheaded","Cold Snap","Glacier+1","Capacitor","Chaos+1","Ball Lightning","Darkness+1","Capacitor","Coolheaded","Fission+1","Storm+1","Ball Lightning+1","Compile Driver","Redo","Fusion+1","Genetic Algorithm+1"],"relics":["Cracked Core","Orichalcum","Matryoshka","Juzu Bracelet","Pear","SlaversCollar","Ancient Tea Set","PreservedInsect","Question Card","Sundial","Vajra","StrikeDummy"],"acts_visited":["Exordium","TheCity"],"potions_floor_usage":[23,25],"damage_taken":[{"damage":4.0,"enemies":"Cultist","floor":1.0,"turns":4.0},{"damage":0.0,"enemies":"Small Slimes","floor":2.0,"turns":2.0},{"damage":1.0,"enemies":"Jaw Worm","floor":3.0,"turns":4.0},{"damage":0.0,"enemies":"Looter","floor":4.0,"turns":4.0},{"damage":0.0,"enemies":"Large Slime","floor":5.0,"turns":3.0},{"damage":25.0,"enemies":"3 Sentries","floor":8.0,"turns":8.0},{"damage":0.0,"enemies":"Exordium Wildlife","floor":10.0,"turns":4.0},{"damage":18.0,"enemies":"Lagavulin","floor":11.0,"turns":6.0},{"damage":14.0,"enemies":"3 Sentries","floor":14.0,"turns":11.0},{"damage":10.0,"enemies":"The Guardian","floor":16.0,"turns":12.0},{"damage":7.0,"enemies":"Spheric Guardian","floor":18.0,"turns":7.0},{"damage":14.0,"enemies":"3 Byrds","floor":21.0,"turns":4.0},{"damage":9.0,"enemies":"Cultist and Chosen","floor":22.0,"turns":6.0},{"damage":15,"enemies":"Gremlin Leader","floor":23,"turns":5},{"damage":33,"enemies":"Centurion and Healer","floor":24,"turns":7},{"damage":12,"enemies":"Book of Stabbing","floor":25,"turns":4},{"damage":0,"enemies":"Slavers","floor":28,"turns":1}],"seed_played":"2753699307251564573","potions_obtained":[{"floor":3.0,"key":"Weak Potion"},{"floor":4.0,"key":"Dexterity Potion"},{"floor":5.0,"key":"Explosive Potion"},{"floor":16.0,"key":"Block Potion"},{"floor":21.0,"key":"EssenceOfDarkness"},{"floor":22.0,"key":"FairyPotion"},{"floor":23,"key":"PowerPotion"},{"floor":24,"key":"PotionOfCapacity"}],"is_trial":false,"path_per_floor":["M","M","M","M","M","R","$","E","T","M","E","R","?","E","R","B",null,"M","?","?","M","M","E","M","E","T","T","E"],"character_chosen":"DEFECT","items_purchased":["Darkness","Capacitor"],"campfire_rested":0,"item_purchase_floors":[7,7],"current_hp_per_floor":[64,64,63,63,63,63,63,38,38,38,20,20,45,41,41,31,72,65,53,53,39,30,15,18,6,6,6,6,6],"gold":560,"neow_bonus":"THREE_CARDS","is_daily":false,"chose_seed":false,"campfire_upgraded":3,"win_rate":0.0,"timestamp":1611519348,"path_taken":["M","M","?","M","M","R","$","E","T","M","E","R","?","E","R","BOSS","M","?","?","M","M","E","M","E","T","?","E"],"items_purchased_type":["Card","Card"],"build_version":"2020-12-22","purchased_purges":0,"victory":false,"max_hp_per_floor":[75,75,75,75,75,75,75,75,75,75,75,75,75,85,85,85,85,85,85,85,85,85,85,85,85,85,85,85,85],"card_choices":[{"not_picked":["Rebound","Auto Shields"],"picked":"Coolheaded","floor":0.0},{"not_picked":["Streamline","Beam Cell"],"picked":"Cold Snap","floor":1.0},{"not_picked":["Auto Shields","Loop"],"picked":"Glacier","floor":2.0},{"not_picked":["Rebound","Tempest"],"picked":"Capacitor","floor":3.0},{"not_picked":["Steam Power","Redo"],"picked":"Chaos","floor":4.0},{"not_picked":["Steam","Compile Driver"],"picked":"Ball Lightning","floor":5.0},{"not_picked":["Hologram","Leap","Multi-Cast"],"picked":"SKIP","floor":8.0},{"not_picked":["Sunder","Conserve Battery","Compile Driver"],"picked":"SKIP","floor":10.0},{"not_picked":["Rebound","Sweeping Beam","Darkness"],"picked":"SKIP","floor":11.0},{"not_picked":["Tempest","Rebound"],"picked":"Coolheaded","floor":14.0},{"not_picked":["Rainbow","Machine Learning"],"picked":"Fission","floor":16.0},{"not_picked":["Compile Driver","Barrage+1"],"picked":"Storm+1","floor":18.0},{"not_picked":["Compile Driver","Steam"],"picked":"Ball Lightning+1","floor":21.0},{"not_picked":["Double Energy+1","Leap"],"picked":"Compile Driver","floor":22.0},{"not_picked":["Gash","Double Energy"],"picked":"Redo","floor":23},{"not_picked":["Go for the Eyes","Lockon"],"picked":"Fusion+1","floor":24},{"not_picked":["Sweeping Beam","Stack"],"picked":"Genetic Algorithm+1","floor":25}],"player_experience":569061,"relics_obtained":[{"floor":8.0,"key":"Orichalcum"},{"floor":9.0,"key":"Matryoshka"},{"floor":11.0,"key":"Juzu Bracelet"},{"floor":14.0,"key":"Pear"},{"floor":23,"key":"Ancient Tea Set"},{"floor":25,"key":"PreservedInsect"},{"floor":26,"key":"Question Card"},{"floor":26,"key":"Sundial"},{"floor":27,"key":"Vajra"},{"floor":27,"key":"StrikeDummy"}],"event_choices":[{"damage_healed":25.0,"max_hp_gain":0.0,"max_hp_loss":0.0,"gold_gain":0.0,"event_name":"Big Fish","player_choice":"Banana","floor":13.0,"gold_loss":0.0,"damage_taken":0.0},{"damage_healed":0.0,"max_hp_gain":0.0,"max_hp_loss":0.0,"gold_gain":90.0,"event_name":"Knowing Skull","player_choice":"GOLD ","floor":19.0,"potions_obtained":[],"gold_loss":0.0,"damage_taken":12.0,"cards_obtained":[]},{"damage_healed":0.0,"max_hp_gain":0.0,"max_hp_loss":0.0,"gold_gain":0.0,"event_name":"Accursed Blacksmith","player_choice":"Forge","floor":20.0,"gold_loss":0.0,"damage_taken":0.0,"cards_upgraded":["Fission"]}],"is_beta":false,"boss_relics":[{"not_picked":["Tiny House","Sozu"],"picked":"SlaversCollar"}],"items_purged_floors":[],"is_endless":false,"potions_floor_spawned":[3,4,5,10,14,16,21,22,23,24],"killed_by":"Slavers","ascension_level":8}}