{"host":"srk2drlvga69hbot","time":1611472728,"event":{"mods":["BaseMod","Bestiary","Block Reminder","Colored Map","Colored Powertips","Dark Map","DeckTracker","Highlight Path","Minty Spire (QoL Compilation)","Quick Restart","Rare Cards Sparkle","Relic Stats","SuperFastMode","Unceasing Turn Reminder"],"gold_per_floor":[112,131,131,131,81,81,96,119,119,119,119,119],"floor_reached":11,"language":"ZHS","playtime":277,"items_purged":[],"score":72,"play_id":"bd559fd1-5c0d-41e1-85e9-4616c67c874e","local_time":"20210124151848","is_ascension_mode":true,"campfire_choices":[{"data":"Neutralize","floor":6.0,"key":"SMITH"}],"circlet_count":0,"master_deck":["Strike_G","Strike_G","Strike_G","Defend_G","Defend_G","Defend_G","Defend_G","Defend_G","Survivor","Neutralize+1","Escape Plan","Acrobatics"],"relics":["Ring of the Snake","NeowsBlessing","Paper Crane","Golden Idol","Bag of Marbles"],"acts_visited":["Exordium"],"potions_floor_usage":[11],"damage_taken":[{"damage":0.0,"enemies":"Cultist","floor":1.0,"turns":1.0},{"damage":0.0,"enemies":"Small Slimes","floor":2.0,"turns":1.0},{"damage":0.0,"enemies":"2 Louse","floor":7.0,"turns":1.0},{"damage":2.0,"enemies":"Blue Slaver","floor":8.0,"turns":5.0},{"damage":33,"enemies":"Gremlin Nob","floor":11,"turns":6}],"seed_played":"2594346753798879027","potions_obtained":[{"floor":7.0,"key":"ColorlessPotion"}],"is_trial":false,"path_per_floor":["M","M","?","?","?","R","M","M","T","?","E"],"character_chosen":"THE_SILENT","items_purchased":[],"campfire_rested":0,"item_purchase_floors":[],"current_hp_per_floor":[70,70,63,46,46,46,46,44,44,37,4,4],"gold":119,"neow_bonus":"THREE_ENEMY_KILL","is_daily":false,"chose_seed":false,"campfire_upgraded":1,"win_rate":0.0,"timestamp":1611472728,"path_taken":["M","M","?","?","?","R","M","M","T","?","E"],"items_purchased_type":[],"build_version":"2020-12-22","purchased_purges":0,"victory":false,"max_hp_per_floor":[70,70,70,70,70,70,70,70,70,70,70,70],"relic_stats":{"counters":[5,14],"Golden Idol":8,"obtain_stats":[{"NeowsBlessing":0,"Golden Idol":4,"Bag of Marbles":9,"Paper Crane":3,"Ring of the Snake":0},{"NeowsBlessing":0,"Golden Idol":2,"Bag of Marbles":4,"Paper Crane":2,"Ring of the Snake":0},{"NeowsBlessing":0,"Golden Idol":2,"Bag of Marbles":8,"Paper Crane":2,"Ring of the Snake":0}],"Ring of the Snake":[10]},"card_choices":[{"not_picked":["Deflect","Cloak And Dagger","Blur"],"picked":"SKIP","floor":1.0},{"not_picked":["Finisher","Sucker Punch"],"picked":"Escape Plan","floor":2.0},{"not_picked":["Night Terror","Dodge and Roll","Outmaneuver"],"picked":"SKIP","floor":7.0},{"not_picked":["Choke","All Out Attack"],"picked":"Acrobatics","floor":8.0}],"player_experience":193434,"relics_obtained":[{"floor":9.0,"key":"Bag of Marbles"}],"event_choices":[{"damage_healed":0.0,"max_hp_gain":0.0,"max_hp_loss":0.0,"gold_gain":0.0,"event_name":"Scrap Ooze","player_choice":"Success","floor":3.0,"gold_loss":0.0,"damage_taken":7.0,"relics_obtained":["Paper Crane"]},{"damage_healed":0.0,"max_hp_gain":0.0,"max_hp_loss":0.0,"gold_gain":0.0,"event_name":"Golden Idol","player_choice":"Take Damage","floor":4.0,"gold_loss":0.0,"damage_taken":17.0,"relics_obtained":["Golden Idol"]},{"cards_removed":["Strike_G"],"damage_healed":0.0,"max_hp_gain":0.0,"max_hp_loss":0.0,"gold_gain":0.0,"event_name":"The Cleric","player_choice":"Card Removal","floor":5.0,"gold_loss":50.0,"damage_taken":0.0},{"cards_removed":["Strike_G"],"damage_healed":0.0,"max_hp_gain":0.0,"max_hp_loss":0.0,"gold_gain":0.0,"event_name":"Golden Wing","player_choice":"Card Removal","floor":10.0,"gold_loss":0.0,"damage_taken":7.0}],"is_beta":false,"boss_relics":[],"items_purged_floors":[],"is_endless":false,"potions_floor_spawned":[7],"killed_by":"Gremlin Nob","ascension_level":3}}