{"host":"xc18ixkpjvqrt8st","time":1611457540,"event":{"mods":["Act Like it!","BaseMod","Better Match","Better Third Choice","Conspire","Hallownest","Hermit","Hubris","Infinite Spire","Minty Spire (QoL Compilation)","Robot Space Explorer","Shop Mod","Spicy Shops","StSLib","The Animator","The Jungle","The Marked","The Sage"],"gold_per_floor":[280,299,299,299,329,374,374,384,384],"floor_reached":8,"language":"ENG","playtime":274,"items_purged":[],"score":62,"play_id":"5b9b7551-f34b-4844-a62a-aafa6e23a71d","local_time":"20210123210540","is_ascension_mode":true,"campfire_choices":[{"floor":7,"key":"REST"}],"circlet_count":0,"master_deck":["animator:Strike_Kancolle","animator:Defend_Kancolle","animator:Strike","animator:Strike","animator:Strike","animator:Defend","animator:Defend","animator:Defend","animator:Shimakaze","animator:Lancer","animator:Alexander","animator:Azekura","animator:Witch"],"relics":["animator:LivingPicture","animator:TheMissingPiece","NeowsBlessing","conspire:DeflatedDodgeball","Incense Burner"],"acts_visited":["Exordium"],"potions_floor_usage":[8],"damage_taken":[{"damage":0,"enemies":"Small Slimes","floor":1,"turns":1},{"damage":0,"enemies":"Cultist","floor":2,"turns":1},{"damage":0,"enemies":"2 Louse","floor":5,"turns":1},{"damage":61,"enemies":"Gremlin Nob","floor":6,"turns":7},{"damage":28,"enemies":"3 Sentries","floor":8,"turns":8}],"seed_played":"-858484359404421679","potions_obtained":[],"is_trial":false,"path_per_floor":["M","M","?","?","M","E","R","E"],"character_chosen":"THE_ANIMATOR","items_purchased":[],"campfire_rested":1,"item_purchase_floors":[],"current_hp_per_floor":[66,67,67,67,67,6,26,0,0],"gold":384,"neow_bonus":"THREE_ENEMY_KILL","is_daily":false,"chose_seed":false,"campfire_upgraded":0,"win_rate":0.0,"timestamp":1611457540,"path_taken":["M","M","?","?","M","E","R","E"],"items_purchased_type":[],"build_version":"2020-12-22","purchased_purges":0,"victory":false,"max_hp_per_floor":[66,67,67,67,67,67,67,67,67],"card_choices":[{"not_picked":["animator:Berserker","animator:ZankiKiguchi"],"picked":"animator:Lancer","floor":1},{"not_picked":["animator:ZankiKiguchi","animator:YaoHaDucy"],"picked":"animator:Alexander","floor":2},{"not_picked":["animator:DolaRiku","animator:Tyuule"],"picked":"animator:Azekura","floor":5},{"not_picked":["animator:LizardPriest","animator:Spearman"],"picked":"animator:Witch","floor":6}],"player_experience":586361,"relics_obtained":[{"floor":3,"key":"conspire:DeflatedDodgeball"},{"floor":6,"key":"Incense Burner"}],"event_choices":[{"damage_healed":0,"gold_gain":0,"player_choice":"Ignored","damage_taken":0,"max_hp_gain":0,"max_hp_loss":0,"event_name":"Purifier","floor":4,"gold_loss":0}],"is_beta":false,"boss_relics":[],"items_purged_floors":[],"is_endless":false,"potions_floor_spawned":[],"killed_by":"3 Sentries","ascension_level":2}}