{"host":"hk3n60c9tb8azi3z","time":1611454364,"event":{"mods":["AchievementEnabler","BaseMod","Minty Spire (QoL Compilation)","Relic Sorter","Relic Stats"],"gold_per_floor":[117,127,147,147,162,162,124,124,124,157,3,3,3,18,18,96,96,111,11,11,11,11,11,11],"floor_reached":23,"language":"ENG","playtime":4000,"items_purged":["Strike_B","Strike_B"],"score":374,"play_id":"13cec55d-94d0-4076-962b-e925cefd3199","local_time":"20210124031244","is_ascension_mode":true,"campfire_choices":[{"floor":6,"key":"REST"},{"floor":8,"key":"REST"},{"floor":12,"key":"REST"},{"floor":15,"key":"REST"}],"circlet_count":0,"master_deck":["AscendersBane","Defend_B","Defend_B","Defend_B+1","Zap","Dualcast","Cold Snap","Chill","Ball Lightning","Skim+1","Capacitor","Glacier","Seek","Darkness+1","Consume","Beam Cell","Heatsinks"],"relics":["Fusion Hammer","Bag of Marbles","Nuclear Battery"],"acts_visited":["Exordium","TheCity"],"potions_floor_usage":[5,23,23],"damage_taken":[{"damage":2,"enemies":"Cultist","floor":1,"turns":4},{"damage":9,"enemies":"Jaw Worm","floor":2,"turns":4},{"damage":6,"enemies":"2 Louse","floor":3,"turns":4},{"damage":10,"enemies":"Large Slime","floor":5,"turns":7},{"damage":27,"enemies":"Gremlin Nob","floor":10,"turns":4},{"damage":0,"enemies":"Exordium Wildlife","floor":14,"turns":4},{"damage":17,"enemies":"The Guardian","floor":16,"turns":15},{"damage":4,"enemies":"3 Byrds","floor":18,"turns":6},{"damage":76,"enemies":"Gremlin Leader","floor":23,"turns":8}],"seed_played":"-6003839472622226263","potions_obtained":[{"floor":3,"key":"LiquidMemories"},{"floor":10,"key":"Energy Potion"},{"floor":18,"key":"Explosive Potion"}],"is_trial":false,"path_per_floor":["M","M","M","?","M","R","?","R","T","E","$","R","?","M","R","B",null,"M","$","?","$","?","E"],"character_chosen":"DEFECT","items_purchased":["Capacitor"],"campfire_rested":4,"item_purchase_floors":[11],"current_hp_per_floor":[62,53,47,40,30,51,51,71,71,44,44,65,44,44,65,48,65,61,61,61,61,61,0,0],"gold":11,"neow_bonus":"BOSS_RELIC","is_daily":false,"chose_seed":false,"campfire_upgraded":0,"win_rate":0.0,"timestamp":1611454364,"path_taken":["M","?","M","?","M","R","?","R","T","E","$","R","?","M","R","BOSS","M","$","?","$","?","E"],"items_purchased_type":["Card"],"build_version":"2020-12-22","purchased_purges":2,"victory":false,"max_hp_per_floor":[71,71,71,71,71,71,71,71,71,71,71,71,71,71,71,71,71,71,71,71,71,71,71,71],"relic_stats":{"counters":[9,56],"obtain_stats":[{"Fusion Hammer":0,"Bag of Marbles":10,"Cracked Core":0,"Nuclear Battery":17},{"Fusion Hammer":0,"Bag of Marbles":5,"Cracked Core":0,"Nuclear Battery":7},{"Fusion Hammer":0,"Bag of Marbles":23,"Cracked Core":0,"Nuclear Battery":42}]},"card_choices":[{"not_picked":["Hologram","Hello World","Barrage"],"picked":"SKIP","floor":1},{"not_picked":["Force Field","Compile Driver"],"picked":"Cold Snap","floor":2},{"not_picked":["Force Field","Streamline"],"picked":"Chill","floor":3},{"not_picked":["Fusion","Turbo"],"picked":"Ball Lightning","floor":5},{"not_picked":["Leap","FTL"],"picked":"Skim","floor":10},{"not_picked":["Recycle","Darkness"],"picked":"Glacier","floor":14},{"not_picked":["Fission","Thunder Strike"],"picked":"Seek","floor":16},{"not_picked":["Streamline","Recycle+1"],"picked":"Darkness+1","floor":18}],"player_experience":1585338,"relics_obtained":[{"floor":10,"key":"Bag of Marbles"}],"event_choices":[{"cards_removed":["Strike_B"],"damage_healed":0,"gold_gain":0,"player_choice":"Card Removal","damage_taken":7,"max_hp_gain":0,"max_hp_loss":0,"event_name":"Golden Wing","floor":4,"gold_loss":0},{"damage_healed":0,"gold_gain":0,"player_choice":"Left Gold","damage_taken":0,"max_hp_gain":0,"max_hp_loss":0,"event_name":"World of Goop","floor":7,"gold_loss":38},{"damage_healed":0,"gold_gain":0,"player_choice":"Entered Light","damage_taken":21,"max_hp_gain":0,"max_hp_loss":0,"event_name":"Shining Light","floor":13,"gold_loss":0,"cards_upgraded":["Skim","Defend_B"]},{"damage_healed":0,"gold_gain":0,"player_choice":"Read","damage_taken":0,"max_hp_gain":0,"max_hp_loss":0,"event_name":"The Library","floor":20,"gold_loss":0,"cards_obtained":["Consume"]},{"damage_healed":0,"gold_gain":0,"cards_transformed":["Strike_B","Defend_B"],"player_choice":"Became Test Subject","damage_taken":0,"max_hp_gain":0,"max_hp_loss":0,"event_name":"Drug Dealer","floor":22,"gold_loss":0,"cards_obtained":["Beam Cell","Heatsinks"]}],"is_beta":false,"boss_relics":[{"not_picked":["SacredBark","Calling Bell"],"picked":"Nuclear Battery"}],"items_purged_floors":[11,19],"is_endless":false,"potions_floor_spawned":[3,10,18],"killed_by":"Gremlin Leader","ascension_level":20}}