{"host":"q6ff4ns2kep02ti6","time":1611512849,"event":{"mods":["AchievementEnabler","BaseMod","Minty Spire (QoL Compilation)","Relic Stats","StSLib","Unceasing Turn Reminder"],"gold_per_floor":[112,112,123,138,150,150,180,194,194,219,231,245,35,49,49,122,122,136,136,150,160,189,189,189,189],"floor_reached":24,"language":"ENG","playtime":7216,"items_purged":[],"score":424,"play_id":"20e570b2-963c-44fc-bc54-36238b6e029a","local_time":"20210124192729","is_ascension_mode":true,"campfire_choices":[{"data":"Cleave","floor":6,"key":"SMITH"},{"floor":15,"key":"REST"},{"data":"Feed","floor":23,"key":"SMITH"}],"circlet_count":0,"master_deck":["AscendersBane","Strike_R","Strike_R","Strike_R","Strike_R","Strike_R","Defend_R","Defend_R","Defend_R","Defend_R","Bash+1","Cleave+1","Sword Boomerang","Ghostly Armor","Shrug It Off","Shrug It Off","Reaper","Spot Weakness","Violence","Clothesline","Feed+1","CurseOfTheBell","Shockwave","Headbutt"],"relics":["Velvet Choker","Bag of Marbles","Singing Bowl","Darkstone Periapt","Calling Bell","Orichalcum","Blue Candle","FossilizedHelix","Red Mask"],"acts_visited":["Exordium","TheCity"],"potions_floor_usage":[7,7,14,21,24,24],"damage_taken":[{"damage":10,"enemies":"Small Slimes","floor":1,"turns":3},{"damage":0,"enemies":"Cultist","floor":3,"turns":3},{"damage":7,"enemies":"Jaw Worm","floor":4,"turns":2},{"damage":0,"enemies":"3 Louse","floor":5,"turns":2},{"damage":7,"enemies":"Lagavulin","floor":7,"turns":4},{"damage":0,"enemies":"2 Fungi Beasts","floor":8,"turns":1},{"damage":28,"enemies":"Gremlin Nob","floor":10,"turns":4},{"damage":5,"enemies":"Exordium Wildlife","floor":11,"turns":3},{"damage":20,"enemies":"Exordium Thugs","floor":12,"turns":6},{"damage":5,"enemies":"Red Slaver","floor":14,"turns":4},{"damage":16,"enemies":"The Guardian","floor":16,"turns":14},{"damage":31,"enemies":"Spheric Guardian","floor":18,"turns":6},{"damage":22,"enemies":"Chosen","floor":20,"turns":7},{"damage":19,"enemies":"Snake Plant","floor":21,"turns":6},{"damage":22,"enemies":"Masked Bandits","floor":22,"turns":5},{"damage":39,"enemies":"Book of Stabbing","floor":24,"turns":5}],"seed_played":"1196291435467664358","potions_obtained":[{"floor":1,"key":"SteroidPotion"},{"floor":5,"key":"FearPotion"},{"floor":12,"key":"EssenceOfSteel"},{"floor":14,"key":"Dexterity Potion"},{"floor":18,"key":"EssenceOfSteel"},{"floor":22,"key":"AttackPotion"}],"is_trial":false,"path_per_floor":["M","?","M","M","M","R","E","M","T","E","M","M","$","M","R","B",null,"M","?","M","M","?","R","E"],"character_chosen":"IRONCLAD","items_purchased":["Violence"],"campfire_rested":1,"item_purchase_floors":[13],"current_hp_per_floor":[58,58,58,51,51,51,44,44,44,16,25,9,9,8,31,34,72,50,50,36,26,27,27,0,0],"gold":189,"neow_bonus":"BOSS_RELIC","is_daily":false,"chose_seed":false,"campfire_upgraded":2,"win_rate":0.0,"timestamp":1611512849,"path_taken":["M","?","M","M","M","R","E","M","T","E","?","M","?","M","R","BOSS","M","?","M","M","?","R","E"],"items_purchased_type":["Card"],"build_version":"2020-12-22","purchased_purges":0,"victory":false,"max_hp_per_floor":[75,75,75,75,75,75,75,75,75,75,77,77,77,77,77,77,83,83,83,85,87,92,92,92,92],"relic_stats":{"Darkstone Periapt":6,"Singing Bowl":8,"counters":[16,75],"Blue Candle":[0],"Orichalcum":[72],"obtain_stats":[{"Darkstone Periapt":10,"Calling Bell":17,"Singing Bowl":9,"Blue Candle":17,"Velvet Choker":0,"Bag of Marbles":7,"Red Mask":22,"Orichalcum":17,"Burning Blood":0,"FossilizedHelix":17},{"Darkstone Periapt":7,"Calling Bell":11,"Singing Bowl":6,"Blue Candle":11,"Velvet Choker":0,"Bag of Marbles":5,"Red Mask":15,"Orichalcum":11,"Burning Blood":0,"FossilizedHelix":11},{"Darkstone Periapt":19,"Calling Bell":46,"Singing Bowl":15,"Blue Candle":46,"Velvet Choker":0,"Bag of Marbles":14,"Red Mask":70,"Orichalcum":46,"Burning Blood":0,"FossilizedHelix":46}]},"card_choices":[{"not_picked":["Rampage","Ghostly Armor"],"picked":"Cleave","floor":1},{"not_picked":["Havoc","Clash"],"picked":"Sword Boomerang","floor":3},{"not_picked":["Blood for Blood","Perfected Strike"],"picked":"Ghostly Armor","floor":4},{"not_picked":["Pummel","Headbutt"],"picked":"Shrug It Off","floor":5},{"not_picked":["Rupture","Headbutt"],"picked":"Shrug It Off","floor":7},{"not_picked":["Cleave","Sentinel","Wild Strike"],"picked":"SKIP","floor":8},{"not_picked":["Warcry","Corruption"],"picked":"Reaper","floor":10},{"not_picked":["Bloodletting","Thunderclap","Searing Blow"],"picked":"Singing Bowl","floor":11},{"not_picked":["Fire Breathing","Body Slam"],"picked":"Spot Weakness","floor":12},{"not_picked":["Hemokinesis","Flex"],"picked":"Clothesline","floor":14},{"not_picked":["Exhume","Limit Break"],"picked":"Feed","floor":16},{"not_picked":["Body Slam","Feel No Pain"],"picked":"Shockwave","floor":18},{"not_picked":["Pommel Strike","Anger","Clothesline"],"picked":"Singing Bowl","floor":20},{"not_picked":["Havoc","Thunderclap","Warcry"],"picked":"Singing Bowl","floor":21},{"not_picked":["Sword Boomerang","Clothesline","Clash"],"picked":"Singing Bowl","floor":22}],"player_experience":1014588,"relics_obtained":[{"floor":7,"key":"Bag of Marbles"},{"floor":9,"key":"Singing Bowl"},{"floor":10,"key":"Darkstone Periapt"},{"floor":17,"key":"Orichalcum"},{"floor":17,"key":"Blue Candle"},{"floor":17,"key":"FossilizedHelix"},{"floor":22,"key":"Red Mask"}],"event_choices":[{"damage_healed":0,"gold_gain":0,"player_choice":"Upgraded","damage_taken":0,"max_hp_gain":0,"max_hp_loss":0,"event_name":"Upgrade Shrine","floor":2,"gold_loss":0,"cards_upgraded":["Bash"]},{"damage_healed":0,"gold_gain":0,"player_choice":"Read","damage_taken":0,"max_hp_gain":0,"max_hp_loss":0,"event_name":"The Library","floor":19,"gold_loss":0,"cards_obtained":["Headbutt"]},{"damage_healed":0,"gold_gain":0,"player_choice":"Fought Bandits","damage_taken":0,"max_hp_gain":0,"max_hp_loss":0,"event_name":"Masked Bandits","floor":22,"gold_loss":0}],"is_beta":false,"boss_relics":[{"not_picked":["SacredBark","SlaversCollar"],"picked":"Calling Bell"}],"items_purged_floors":[],"is_endless":false,"potions_floor_spawned":[1,5,12,14,18,20,22],"killed_by":"Book of Stabbing","ascension_level":20}}