{"host":"qm4rv4rkpk76sbxu","time":1611491685,"event":{"mods":["BaseMod","Bestiary","Block Reminder","DeckTracker","Filter the Spire","Keyboard Shortcuts","Minty Spire (QoL Compilation)","MonsterHotkey","Quick Restart","Random Character Button","Relic Stats","Slay-I","StSLib","Unceasing Turn Reminder","ojb\u0027s Better Paths Mod","ojb\u0027s Info Mod"],"gold_per_floor":[111,61,136,146,22,22,33,33,80,80,111,111,111,151,151,277,277,291,291,316,330,348,382,398,398,398,423,423,441,441,15,15,112,112,124,399,413,427,446,477,477,477,525,525,541,541,560,576,576,576],"floor_reached":51,"language":"ENG","playtime":1103,"items_purged":[],"score":865,"play_id":"716d0325-f281-471f-ac77-bccae365f426","local_time":"20210124133445","is_ascension_mode":true,"campfire_choices":[{"data":"Tantrum","floor":6,"key":"SMITH"},{"data":"Eruption","floor":8,"key":"SMITH"},{"data":"PathToVictory","floor":12,"key":"SMITH"},{"data":"EmptyFist","floor":15,"key":"SMITH"},{"data":"Vault","floor":28,"key":"SMITH"},{"data":"PathToVictory","floor":32,"key":"SMITH"},{"data":"Meditate","floor":42,"key":"SMITH"},{"data":"DeusExMachina","floor":46,"key":"SMITH"},{"data":"Sanctity","floor":49,"key":"SMITH"}],"circlet_count":0,"master_deck":["Strike_P+1","Strike_P+1","Strike_P+1","Defend_P+1","Defend_P+1","Defend_P+1","Defend_P+1","Eruption+1","Vigilance","Tantrum+1","Wallop+1","EmptyFist+1","PathToVictory+1","FlurryOfBlows+1","Vault+1","CrushJoints+1","Wallop+1","CutThroughFate+1","Meditate+1","FearNoEvil+1","PathToVictory+1","Flash of Steel","Consecrate","DeusExMachina+1","Sanctity+1","Consecrate+1","FlurryOfBlows+1"],"relics":["PureWater","Toy Ornithopter","Lantern","Bloody Idol","Potion Belt","Shuriken","SacredBark","Omamori","Pen Nib","Vajra","Medical Kit","Whetstone","Busted Crown","Boot","Centennial Puzzle"],"acts_visited":["Exordium","TheCity","TheBeyond"],"potions_floor_usage":[11,14,20,29,37,38,40,50,50,50],"damage_taken":[{"damage":0,"enemies":"2 Louse","floor":1,"turns":2},{"damage":0,"enemies":"Small Slimes","floor":4,"turns":2},{"damage":0,"enemies":"Cultist","floor":7,"turns":2},{"damage":0,"enemies":"Gremlin Nob","floor":11,"turns":2},{"damage":0,"enemies":"Lagavulin","floor":14,"turns":2},{"damage":41,"enemies":"Hexaghost","floor":16,"turns":6},{"damage":4,"enemies":"Shell Parasite","floor":18,"turns":3},{"damage":0,"enemies":"3 Byrds","floor":20,"turns":3},{"damage":15,"enemies":"Snake Plant","floor":21,"turns":2},{"damage":10,"enemies":"Snecko","floor":22,"turns":3},{"damage":8,"enemies":"Gremlin Leader","floor":23,"turns":4},{"damage":2,"enemies":"Centurion and Healer","floor":24,"turns":4},{"damage":9,"enemies":"Book of Stabbing","floor":27,"turns":3},{"damage":0,"enemies":"Snake Plant","floor":29,"turns":2},{"damage":33,"enemies":"Champ","floor":33,"turns":6},{"damage":1,"enemies":"Orb Walker","floor":35,"turns":2},{"damage":0,"enemies":"3 Darklings","floor":37,"turns":2},{"damage":35,"enemies":"Sphere and 2 Shapes","floor":38,"turns":4},{"damage":0,"enemies":"Maw","floor":39,"turns":4},{"damage":0,"enemies":"Giant Head","floor":40,"turns":3},{"damage":7,"enemies":"3 Darklings","floor":45,"turns":3},{"damage":0,"enemies":"Jaw Worm Horde","floor":47,"turns":2},{"damage":7,"enemies":"Writhing Mass","floor":48,"turns":3},{"damage":39,"enemies":"Time Eater","floor":50,"turns":4}],"seed_played":"195675655052828088","potions_obtained":[{"floor":1,"key":"AttackPotion"},{"floor":4,"key":"BottledMiracle"},{"floor":16,"key":"LiquidBronze"},{"floor":24,"key":"SpeedPotion"},{"floor":27,"key":"AttackPotion"},{"floor":33,"key":"PowerPotion"},{"floor":35,"key":"AttackPotion"},{"floor":38,"key":"LiquidBronze"},{"floor":40,"key":"Ambrosia"},{"floor":48,"key":"Weak Potion"}],"is_trial":false,"path_per_floor":["M","?","?","M","$","R","M","R","T","?","E","R","?","E","R","B",null,"M","?","M","M","M","E","M","?","T","E","R","M","?","$","R","B",null,"M","?","M","M","M","E","?","R","T","?","M","R","M","M","R","B",null],"character_chosen":"WATCHER","items_purchased":["Wallop","AttackPotion","Medical Kit","Whetstone","Flash of Steel","Consecrate"],"campfire_rested":0,"item_purchase_floors":[5,5,31,31,31,31],"current_hp_per_floor":[72,72,61,61,61,61,61,61,61,61,66,66,66,67,67,26,67,63,63,67,52,42,34,32,32,32,28,28,38,38,38,38,10,67,67,67,67,37,42,52,52,52,57,57,55,55,60,58,58,33],"gold":576,"neow_bonus":"RANDOM_COMMON_RELIC","is_daily":false,"chose_seed":false,"campfire_upgraded":9,"win_rate":0.0,"timestamp":1611491685,"path_taken":["M","?","?","M","$","R","M","R","T","?","E","R","?","E","R","BOSS","M","?","?","M","M","E","?","?","T","E","R","M","?","$","R","BOSS","M","?","M","?","M","E","?","R","T","?","M","R","?","M","R","BOSS"],"items_purchased_type":["Card","Potion","Relic","Relic","Card","Card"],"build_version":"2020-12-22","purchased_purges":0,"victory":true,"max_hp_per_floor":[72,72,72,72,72,72,72,72,72,67,67,67,67,67,67,67,67,67,67,67,67,67,67,67,67,67,67,67,67,67,67,67,67,67,67,67,67,67,67,67,67,67,67,67,67,67,67,67,67,67],"relic_stats":{"Centennial Puzzle":[10],"Busted Crown":16,"counters":[24,73],"Shuriken":[48],"Bloody Idol":51,"Pen Nib":[13],"Whetstone":["FlurryOfBlows","FearNoEvil"],"Medical Kit":[0],"Boot":[12],"obtain_stats":[{"Potion Belt":11,"Lantern":9,"Golden Idol":10,"SacredBark":17,"Vajra":27,"Pen Nib":26,"Omamori":23,"Whetstone":31,"Medical Kit":31,"Boot":40,"Centennial Puzzle":43,"Busted Crown":34,"Shuriken":14,"Bloody Idol":25,"PureWater":0,"Toy Ornithopter":0},{"Potion Belt":4,"Lantern":3,"Golden Idol":3,"SacredBark":6,"Vajra":13,"Pen Nib":12,"Omamori":11,"Whetstone":14,"Medical Kit":14,"Boot":20,"Centennial Puzzle":20,"Busted Crown":15,"Shuriken":5,"Bloody Idol":12,"PureWater":0,"Toy Ornithopter":0},{"Potion Belt":8,"Lantern":6,"Golden Idol":6,"SacredBark":16,"Vajra":38,"Pen Nib":35,"Omamori":31,"Whetstone":40,"Medical Kit":40,"Boot":61,"Centennial Puzzle":61,"Busted Crown":46,"Shuriken":10,"Bloody Idol":35,"PureWater":0,"Toy Ornithopter":0}],"Toy Ornithopter":34},"card_choices":[{"not_picked":["Adaptation","SashWhip"],"picked":"Tantrum","floor":1},{"not_picked":["Protect","Indignation"],"picked":"Sanctity","floor":4},{"not_picked":["ClearTheMind","EmptyBody"],"picked":"EmptyFist","floor":7},{"not_picked":["Wireheading","Crescendo"],"picked":"PathToVictory","floor":11},{"not_picked":["JustLucky","Conclude"],"picked":"FlurryOfBlows","floor":14},{"not_picked":["Establishment","Wish"],"picked":"Vault","floor":16},{"not_picked":["PathToVictory","Perseverance"],"picked":"CrushJoints+1","floor":18},{"not_picked":["Crescendo+1","SignatureMove+1"],"picked":"CutThroughFate+1","floor":20},{"not_picked":["Protect","CrushJoints"],"picked":"Meditate","floor":21},{"not_picked":["ThirdEye+1","ClearTheMind","CutThroughFate+1"],"picked":"SKIP","floor":22},{"not_picked":["Evaluate","Adaptation"],"picked":"FearNoEvil","floor":23},{"not_picked":["Evaluate","BattleHymn+1"],"picked":"PathToVictory","floor":24},{"not_picked":["Fasting2","InnerPeace","EmptyBody"],"picked":"SKIP","floor":27},{"not_picked":["FollowUp","Prostrate","Evaluate"],"picked":"SKIP","floor":29},{"not_picked":["Establishment","Devotion"],"picked":"DeusExMachina","floor":33},{"not_picked":["JustLucky"],"picked":"SKIP","floor":35},{"not_picked":[],"picked":"Sanctity","floor":37},{"not_picked":[],"picked":"Consecrate+1","floor":38},{"not_picked":["ThirdEye+1"],"picked":"SKIP","floor":39},{"not_picked":["BattleHymn"],"picked":"SKIP","floor":40},{"not_picked":[],"picked":"FlurryOfBlows+1","floor":45},{"not_picked":["Conclude"],"picked":"SKIP","floor":47},{"not_picked":["BowlingBash+1"],"picked":"SKIP","floor":48}],"player_experience":1391045,"relics_obtained":[{"floor":9,"key":"Lantern"},{"floor":11,"key":"Potion Belt"},{"floor":14,"key":"Shuriken"},{"floor":23,"key":"Omamori"},{"floor":26,"key":"Pen Nib"},{"floor":27,"key":"Vajra"},{"floor":40,"key":"Boot"},{"floor":43,"key":"Centennial Puzzle"}],"event_choices":[{"cards_removed":["Strike_P"],"damage_healed":0,"gold_gain":0,"player_choice":"Card Removal","damage_taken":0,"max_hp_gain":0,"max_hp_loss":0,"event_name":"The Cleric","floor":2,"gold_loss":50},{"damage_healed":0,"gold_gain":75,"player_choice":"Gather Gold","damage_taken":11,"max_hp_gain":0,"max_hp_loss":0,"event_name":"World of Goop","floor":3,"gold_loss":0},{"damage_healed":0,"gold_gain":0,"player_choice":"Lose Max HP","damage_taken":0,"relics_obtained":["Golden Idol"],"max_hp_gain":0,"max_hp_loss":5,"event_name":"Golden Idol","floor":10,"gold_loss":0},{"damage_healed":0,"gold_gain":0,"player_choice":"Grow","damage_taken":0,"max_hp_gain":0,"max_hp_loss":0,"event_name":"Living Wall","floor":13,"gold_loss":0,"cards_upgraded":["Wallop"]},{"damage_healed":0,"gold_gain":0,"player_choice":"Copied","damage_taken":0,"max_hp_gain":0,"max_hp_loss":0,"event_name":"Duplicator","floor":19,"gold_loss":0,"cards_obtained":["Wallop"]},{"damage_healed":0,"gold_gain":0,"player_choice":"Gave Idol","damage_taken":0,"relics_obtained":["Bloody Idol"],"max_hp_gain":0,"max_hp_loss":0,"event_name":"Forgotten Altar","floor":25,"relics_lost":["Golden Idol"],"gold_loss":0},{"damage_healed":0,"gold_gain":0,"player_choice":"Simplicity","damage_taken":0,"max_hp_gain":0,"max_hp_loss":0,"event_name":"Back to Basics","floor":30,"gold_loss":0,"cards_upgraded":["Strike_P","Strike_P","Strike_P","Defend_P","Defend_P","Defend_P","Defend_P"]},{"damage_healed":0,"gold_gain":275,"player_choice":"Desecrate","damage_taken":0,"max_hp_gain":0,"max_hp_loss":0,"event_name":"Golden Shrine","floor":36,"gold_loss":0,"cards_obtained":["Regret"]},{"cards_removed":["Sanctity"],"damage_healed":0,"gold_gain":0,"player_choice":"Removed Skill","damage_taken":0,"max_hp_gain":0,"max_hp_loss":0,"event_name":"Falling","floor":41,"gold_loss":0},{"damage_healed":0,"gold_gain":0,"player_choice":"Ignored","damage_taken":0,"max_hp_gain":0,"max_hp_loss":0,"event_name":"Mysterious Sphere","floor":44,"gold_loss":0}],"is_beta":false,"boss_relics":[{"not_picked":["Snecko Eye","Pandora\u0027s Box"],"picked":"SacredBark"},{"not_picked":["Sozu","Cursed Key"],"picked":"Busted Crown"}],"items_purged_floors":[],"is_endless":false,"potions_floor_spawned":[1,4,16,24,27,33,35,38,40,48],"ascension_level":1}}