{"host":"bxdue9bkfm2khp2x","time":1611469157,"event":{"mods":["ATMod(阿瑾Mod)","Arknights The Spire","Aspiration","BaseMod","Better Vampires","Challenge The Spire","Colored Map","Colored Powertips","Conspire","Decade(王小明)","Dota2Spire","Highlight Path","Minty Spire (QoL Compilation)","MostiFishMod","Remilia（蕾米莉亚）","Replay The Spire","RumiaBox-露米娅的神秘盒子","Ryuuou龙王","Spicy Shops","StSLib","Td1madao Mod","The Alterego","The Bug Knight","The Cursed","The Servant 0.9.4","WarShipGirlsR/战舰少女R mod","noobMod","vexMod","【功能Mod】混沌之环修复补丁","【遗物卡牌】REMEMod","篝火指南"],"gold_per_floor":[114,160,160,173,190,190,200,213,213,38,81,81,81,91,91,168,168,181,195,110,34,84,113,113,127,127,127,162,162,174,184,59,131,131,147,166,116,157,457,457,539,539,539,539,553,565,82,82,82,87,108],"floor_reached":52,"language":"ZHS","playtime":4733,"items_purged":["Strike_RM","Defend_RM","Strike_RM+1","Strike_RM+1","Defend_RM+1"],"score":1882,"play_id":"67bac7b7-96ab-440b-aa52-7c6178fcca46","local_time":"20210124141917","is_ascension_mode":true,"campfire_choices":[{"data":"AT_Dispersion","floor":6.0,"key":"SMITH"},{"data":"UnstableMagic","floor":12.0,"key":"SMITH"},{"data":"VampireKiss","floor":15.0,"key":"SMITH"},{"data":"NightDance","floor":24.0,"key":"SMITH"},{"floor":27.0,"key":"REST"},{"floor":29.0,"key":"REST"},{"floor":40.0,"key":"REST"},{"data":"1","floor":42.0,"key":"LIFT"},{"data":"2","floor":44.0,"key":"LIFT"},{"data":"3","floor":49,"key":"LIFT"}],"circlet_count":0,"master_deck":["AscendersBane","Defend_RM+1","RedMoon+1","ScarletShoot+1","AT_Dispersion+1","AT_CaressingTears+1","ScarletImprint+1","BlasphemousPunishment+1","UnstableMagic+1","VampireKiss+1","BatForm+1","EternalNight+1","UnstableMagic+1","NightDance+1","BatForm+1","ScarletMeister+1","MillenniumVampire+1","conspire:SpireCoStock+1"],"relics":["ScarletHat","DaveBox","REME_ComplimentaryCards","ice","AT_ATBox","DSteel32","NeowsBlessing","SynthV:TestCard","aspiration:ChemicalBlood","Dota2Spire:MantaStyle","Strawberry","Iron Hammer","ThornShield","ReplayTheSpireMod:TigerMarble","Girya","Replay:Accelerometer","Potion Belt"],"acts_visited":["Exordium","TheCity","TheBeyond"],"potions_floor_usage":[50,51],"damage_taken":[{"damage":0.0,"enemies":"Cultist","floor":1.0,"turns":1.0},{"damage":0.0,"enemies":"Small Slimes","floor":4.0,"turns":1.0},{"damage":0.0,"enemies":"2 Louse","floor":5.0,"turns":2.0},{"damage":10.0,"enemies":"Gremlin Gang","floor":7.0,"turns":6.0},{"damage":26.0,"enemies":"Exordium Thugs","floor":8.0,"turns":4.0},{"damage":0.0,"enemies":"2 Fungi Beasts","floor":11.0,"turns":5.0},{"damage":0.0,"enemies":"3 Louse","floor":14.0,"turns":3.0},{"damage":11.0,"enemies":"The Guardian","floor":16.0,"turns":11.0},{"damage":24.0,"enemies":"3 Byrds","floor":18.0,"turns":8.0},{"damage":5.0,"enemies":"Spheric Guardian","floor":19.0,"turns":4.0},{"damage":16.0,"enemies":"Snecko","floor":22.0,"turns":6.0},{"damage":10.0,"enemies":"Book of Stabbing","floor":23.0,"turns":7.0},{"damage":6.0,"enemies":"Cultist and Chosen","floor":25.0,"turns":6.0},{"damage":10.0,"enemies":"conspire:Head Lice","floor":28.0,"turns":4.0},{"damage":10.0,"enemies":"conspire:HollyBat","floor":30.0,"turns":6.0},{"damage":23.0,"enemies":"Centurion and Healer","floor":31.0,"turns":5.0},{"damage":34.0,"enemies":"Champ","floor":33.0,"turns":13.0},{"damage":43.0,"enemies":"3 Darklings","floor":35.0,"turns":4.0},{"damage":34.0,"enemies":"3 Shapes","floor":36.0,"turns":3.0},{"damage":0.0,"enemies":"Spire Growth","floor":38.0,"turns":6.0},{"damage":35.0,"enemies":"HollowMod:StalkingDevout","floor":41.0,"turns":5.0},{"damage":24.0,"enemies":"3 Darklings","floor":45.0,"turns":4.0},{"damage":18.0,"enemies":"Sphere and 2 Shapes","floor":46.0,"turns":6.0},{"damage":23,"enemies":"Donu and Deca","floor":50,"turns":5},{"damage":12,"enemies":"Time Eater","floor":51,"turns":8}],"seed_played":"228174780684959707","potions_obtained":[{"floor":5.0,"key":"SteroidPotion"},{"floor":8.0,"key":"REME_GoldPotion"},{"floor":22.0,"key":"REME_GoldPotion"},{"floor":25.0,"key":"Block Potion"},{"floor":33.0,"key":"Dota2Spire:HealingSalve"},{"floor":45.0,"key":"SmokeBomb"}],"is_trial":false,"path_per_floor":["M","T","?","M","M","R","M","M","T","$","M","R","?","M","R","B",null,"M","M","?","$","M","E","R","M","T","R","E","R","M","M","R","B",null,"M","M","?","M","?","R","E","R","T","R","M","M","$","?","R","B","B",null],"character_chosen":"REMILIA","items_purchased":["EternalNight","Potion Belt"],"campfire_rested":3,"item_purchase_floors":[21,47],"current_hp_per_floor":[63,63,56,56,56,56,46,20,20,20,20,20,20,20,20,24,59,35,30,37,37,33,28,28,30,30,53,50,73,69,51,51,48,70,31,2,2,29,29,52,26,26,26,26,79,69,69,78,78,93,93],"gold":108,"neow_bonus":"THREE_ENEMY_KILL","is_daily":false,"chose_seed":false,"campfire_upgraded":4,"win_rate":0.0,"timestamp":1611469157,"path_taken":["M","?","?","M","M","R","M","M","T","$","M","R","?","?","R","BOSS","M","M","?","$","M","E","R","M","T","R","E","R","M","M","R","BOSS","M","M","?","M","?","R","E","R","T","R","M","?","$","?","R","BOSS","BOSS"],"items_purchased_type":["Card","Relic"],"build_version":"2020-12-22","purchased_purges":5,"victory":true,"max_hp_per_floor":[70,70,70,70,70,70,70,70,70,70,70,70,70,70,70,70,70,70,70,77,77,77,77,77,77,77,77,77,77,77,77,77,77,77,77,77,77,77,77,77,77,77,77,77,79,93,93,93,93,93,93],"card_choices":[{"not_picked":["StarOfDavid","RedRainbow","UnderTheZenith"],"picked":"SKIP","floor":1.0},{"not_picked":["Stigmanizer","VampireKiss","EndlessAdversity","ScarletGensokyo"],"picked":"ScarletImprint","floor":4.0},{"not_picked":["FavorOfDestiny","AfternoonTea","ScarletDevilSign","VampireSweep","BloodHunter"],"picked":"SKIP","floor":5.0},{"not_picked":["AfternoonTea","BloodyCatastrophe","BloodHunter","EndlessAdversity"],"picked":"BlasphemousPunishment","floor":7.0},{"not_picked":["UnderTheZenith","GlobalNightmare","RedRainbow","BlasphemousPunishment","CharismaGuard"],"picked":"SKIP","floor":8.0},{"not_picked":["RedRainbow","MastersStateliness","CharismaGuard","ScarletSymphony"],"picked":"UnstableMagic","floor":11.0},{"not_picked":["CharismaGuard","EndlessAdversity","UnderTheZenith","HunterOfTheNight"],"picked":"VampireKiss","floor":14.0},{"not_picked":["TransientEternity","BloodyCatastrophe","HeartBreak","HellCatastrophe"],"picked":"BatForm","floor":16.0},{"not_picked":["VampireKiss+1","BloodyMagicSquare","AfternoonTea","Ultimatum","ScarletNetherworld+1"],"picked":"SKIP","floor":18.0},{"not_picked":["VampireFantasy","EndlessAdversity","BloodHunter","BloodAndWine","DiffusionOfMisfortune"],"picked":"SKIP","floor":19.0},{"not_picked":["ScarletDevil","EndlessAdversity","ScarletDevilSign+1","BombardNight"],"picked":"UnstableMagic","floor":22.0},{"not_picked":["BloodyCatastrophe","BlasphemousPunishment","BombardNight","EternalNight"],"picked":"NightDance","floor":23.0},{"not_picked":["NightDance","RedMagic","MastersStateliness","VampireClaw","ScarletNetherworld"],"picked":"SKIP","floor":25.0},{"not_picked":["ScarletSymphony","BombardNight","UnstableMagic","BloodyCatastrophe","CharismaGuard"],"picked":"SKIP","floor":28.0},{"not_picked":["SuperhumanBloodyKnife","StarOfDavid","BlasphemousPunishment+1","LeisurelyOfLord","NightLord"],"picked":"SKIP","floor":30.0},{"not_picked":["BombardNight+1","BloodHunter","DiffusionOfMisfortune","VampireKiss","CharismaGuard"],"picked":"SKIP","floor":31.0},{"not_picked":["TricksterDevil","BloodyCatastrophe","ScarletCoffin","BloodySeventeenLaser"],"picked":"BatForm","floor":33.0},{"not_picked":["MastersStateliness","UnderTheZenith","BloodHunter+1","FavorOfDestiny"],"picked":"ScarletMeister","floor":35.0},{"not_picked":["EternalNight","BlasphemousPunishment","EndlessAdversity+1","VampireSweep"],"picked":"MillenniumVampire","floor":36.0},{"not_picked":["CharismaGuard+1","MiserableFate+1","Stigmanizer","MastersStateliness","UnstableMagic+1"],"picked":"SKIP","floor":38.0},{"not_picked":["UnstableMagic","CeilingFear","ForecastOfChange","HunterOfTheNight","DiffusionOfMisfortune"],"picked":"SKIP","floor":41.0},{"not_picked":["VampireKiss","BlasphemousPunishment","EndlessAdversity","ScarletDevil","Stigmanizer"],"picked":"SKIP","floor":45.0},{"not_picked":["TricksterDevil","LeisurelyOfLord+1","ScarletDream","MastersStateliness+1","VampireSweep"],"picked":"SKIP","floor":46.0}],"player_experience":1305257,"relics_obtained":[{"floor":1.0,"key":"SynthV:TestCard"},{"floor":2.0,"key":"aspiration:ChemicalBlood"},{"floor":9.0,"key":"Dota2Spire:MantaStyle"},{"floor":23.0,"key":"Iron Hammer"},{"floor":26.0,"key":"ThornShield"},{"floor":28.0,"key":"ReplayTheSpireMod:TigerMarble"},{"floor":41.0,"key":"Girya"},{"floor":43.0,"key":"Replay:Accelerometer"}],"event_choices":[{"cards_removed":["Strike_RM"],"damage_healed":0.0,"max_hp_gain":0.0,"max_hp_loss":0.0,"gold_gain":0.0,"event_name":"Golden Wing","player_choice":"Card Removal","floor":3.0,"gold_loss":0.0,"damage_taken":7.0},{"cards_removed":["Defend_RM"],"damage_healed":0.0,"max_hp_gain":0.0,"max_hp_loss":0.0,"gold_gain":0.0,"event_name":"Purifier","player_choice":"Purged","floor":13.0,"gold_loss":0.0,"damage_taken":0.0},{"damage_healed":0.0,"max_hp_gain":0.0,"max_hp_loss":0.0,"gold_gain":0.0,"event_name":"Addict","player_choice":"Obtained Relic","floor":20.0,"gold_loss":85.0,"damage_taken":0.0,"relics_obtained":["Strawberry"]},{"damage_healed":0.0,"max_hp_gain":0.0,"max_hp_loss":0.0,"gold_gain":0.0,"event_name":"conspire:Investor","player_choice":"Invest 1","floor":37.0,"gold_loss":0.0,"damage_taken":0.0},{"damage_healed":0.0,"max_hp_gain":0.0,"max_hp_loss":0.0,"gold_gain":300.0,"event_name":"Wheel of Change","player_choice":"Gold","floor":39.0,"gold_loss":0.0,"damage_taken":0.0}],"is_beta":false,"boss_relics":[{"not_picked":["NightmareShop","Replay:Wanted Poster","Pandora\u0027s Box"]},{"not_picked":["ChewingGum","Snecko Eye","TimeKeys"]}],"items_purged_floors":[10,10,32,47,47],"is_endless":false,"potions_floor_spawned":[5,8,18,25,28,33,45],"ascension_level":20}}