{"host":"ywif2ugnepgiw45s","time":1611510000,"event":{"mods":["Act Like it!","BaseMod","Better Skull","Downfall","Elementarium","GifTheSpireLib","Hermit","Marisa????????","Minty Spire (QoL Compilation)","READ ME - Guardian Mod","Replay The Spire","Shade Mod","Shop Mod","StSLib","The Cursed","The Jungle","The Runesmith","The Servant 0.9.4"],"gold_per_floor":[12,12,12,12,32,32,42,76,76,76,45,103,120,134,134,234,234,245,245,245,261,274,300,312,312,337,126,160,160,191,204,204,301,301,314,327,11,21,21,21,38,38,38,38,63,63,0,33,45,55,55,55,55,55,42,71,71],"floor_reached":58,"language":"ENG","playtime":3112,"items_purged":[],"score":1348,"play_id":"ba58ace9-3ac1-474f-8b0f-b9b55de89606","local_time":"20210124124000","is_ascension_mode":true,"campfire_choices":[{"floor":6,"key":"DIG"},{"floor":10,"key":"DIG"},{"data":"A Thousand Cuts","floor":15,"key":"SMITH"},{"floor":25,"key":"RECALL"},{"floor":29,"key":"DIG"},{"floor":32,"key":"DIG"},{"floor":40,"key":"DIG"},{"floor":44,"key":"DIG"},{"floor":51,"key":"DIG"},{"data":"Malaise","floor":54,"key":"SMITH"}],"circlet_count":0,"master_deck":["Strike_G+1","Strike_G+1","Defend_G+2","Defend_G+2","Defend_G+1","Defend_G+2","Survivor","Neutralize+1","Backflip","Replay:Poison Smokescreen+1","Deadly Poison+1","Deadly Poison","A Thousand Cuts+1","ReplayTheSpireMod:Scrap Shanks","Footwork","Slice","Adrenaline","Caltrops","Prepared","Noxious Fumes","Backflip","Choke","Malaise+1","Dash+1","Poisoned Stab+1","Blade Dance+1","Fluid Movement","Caltrops","Dash","Draining Mist+1","Mayhem"],"relics":["Ring of the Snake","Shovel","Replay:PocketPolymizer","Mirror","The Courier","Omamori","Snake Skull","Busted Crown","Simple Rune","Tiny Chest","Eternal Feather","Happy Flower","MerchantsRug","War Paint","ReplayTheSpireMod:Lightbulb","Gremlin Food","Runesmith:AutoHammer","Replay:Accelerometer","Oddly Smooth Stone","Mummified Hand","Replay:Baseball","Ninja Scroll","Garlic","Iron Hammer"],"acts_visited":["Exordium","TheCity","TheBeyond","TheEnding"],"potions_floor_usage":[8,23,28,38,57,57,57],"damage_taken":[{"damage":1,"enemies":"2 Louse","floor":1,"turns":3},{"damage":0,"enemies":"Small Slimes","floor":5,"turns":3},{"damage":0,"enemies":"Jaw Worm","floor":7,"turns":4},{"damage":6,"enemies":"Lagavulin","floor":8,"turns":7},{"damage":19,"enemies":"Lagavulin Event","floor":12,"turns":6},{"damage":0,"enemies":"3 Louse","floor":13,"turns":5},{"damage":2,"enemies":"Blue Slaver","floor":14,"turns":4},{"damage":33,"enemies":"Fading Forest","floor":16,"turns":11},{"damage":0,"enemies":"Shell Parasite","floor":18,"turns":5},{"damage":2,"enemies":"Spheric Guardian","floor":21,"turns":5},{"damage":0,"enemies":"Shelled Parasite and Fungi","floor":22,"turns":4},{"damage":5,"enemies":"Book of Stabbing","floor":23,"turns":5},{"damage":2,"enemies":"Centurion and Healer","floor":24,"turns":6},{"damage":0,"enemies":"Slavers","floor":28,"turns":4},{"damage":0,"enemies":"Book of Stabbing","floor":30,"turns":5},{"damage":8,"enemies":"Sentry and Sphere","floor":31,"turns":6},{"damage":14,"enemies":"Champ","floor":33,"turns":8},{"damage":0,"enemies":"3 Shapes","floor":35,"turns":4},{"damage":1,"enemies":"Orb Walker","floor":36,"turns":4},{"damage":25,"enemies":"Jaw Worm Horde","floor":38,"turns":5},{"damage":0,"enemies":"Maw","floor":41,"turns":6},{"damage":0,"enemies":"Giant Head","floor":48,"turns":7},{"damage":1,"enemies":"Writhing Mass","floor":49,"turns":4},{"damage":0,"enemies":"4 Shapes","floor":50,"turns":4},{"damage":12,"enemies":"Time Eater","floor":52,"turns":11},{"damage":0,"enemies":"Shield and Spear","floor":56,"turns":6},{"damage":47,"enemies":"The Heart","floor":57,"turns":8}],"seed_played":"441907151210080255","potions_obtained":[{"floor":7,"key":"Languid Potion"},{"floor":12,"key":"Block Potion"},{"floor":16,"key":"champ:CounterPotion"},{"floor":22,"key":"Fire Potion"},{"floor":23,"key":"SteroidPotion"},{"floor":30,"key":"sneckomod:MuddlingPotion"},{"floor":38,"key":"champ:CounterPotion"}],"is_trial":false,"path_per_floor":["M","?","?","?","M","R","M","E","T","R","$","?","M","M","R","B",null,"M","?","?","M","M","E","M","R","T","$","E","R","E","M","R","B",null,"M","M","$","M","T","R","M","PTL","PTL","R","T","?","$","E","M","M","R","B",null,"R","$","E","B",null],"character_chosen":"THE_SILENT","items_purchased":["ReplayTheSpireMod:Scrap Shanks","Noxious Fumes","Backflip","MerchantsRug","Replay:Accelerometer","Oddly Smooth Stone","Fluid Movement","PowerPotion","Mayhem","Block Potion"],"campfire_rested":0,"item_purchase_floors":[11,27,27,27,37,37,47,55,55,55],"current_hp_per_floor":[69,62,62,62,62,62,62,56,56,56,56,37,37,35,35,22,70,70,70,41,39,39,34,32,44,44,44,44,56,56,48,60,46,70,70,69,69,44,44,59,59,59,59,70,70,70,70,70,69,69,70,58,70,70,70,70,23],"gold":71,"neow_bonus":"ONE_RARE_RELIC","is_daily":false,"chose_seed":false,"campfire_upgraded":2,"win_rate":0.0,"timestamp":1611510000,"path_taken":["M","?","?","?","M","R","M","E","T","R","?","?","M","M","R","BOSS","M","?","?","?","M","E","M","R","T","?","E","R","E","M","R","BOSS","M","?","$","M","?","R","M","PTL","PTL","R","T","?","?","E","M","M","R","BOSS","R","$","E","BOSS"],"items_purchased_type":["Card","Card","Card","Relic","Relic","Relic","Card","Potion","Card","Potion"],"build_version":"2020-12-22","purchased_purges":0,"victory":true,"max_hp_per_floor":[70,70,70,70,70,70,70,70,70,70,70,70,70,70,70,70,70,70,70,70,70,70,70,70,70,70,70,70,70,70,70,70,70,70,70,70,70,70,70,70,70,70,70,70,70,70,70,70,70,70,70,70,70,70,70,70,70],"card_choices":[{"not_picked":["PiercingWail","Deflect"],"picked":"Backflip","floor":1},{"not_picked":["Acrobatics","Choke","Finisher"],"picked":"SKIP","floor":5},{"not_picked":["Dagger Throw","Acrobatics"],"picked":"Deadly Poison","floor":7},{"not_picked":["Storm of Steel","Distraction"],"picked":"Deadly Poison","floor":8},{"not_picked":["Slice","Dagger Spray"],"picked":"Sneak Up","floor":12},{"not_picked":["Slice","Backflip"],"picked":"Footwork","floor":13},{"not_picked":["Expertise","ReplayTheSpireMod:Scrap Shanks","Terror"],"picked":"SKIP","floor":14},{"not_picked":["Night Terror","Corpse Explosion"],"picked":"Adrenaline","floor":16},{"not_picked":["Replay:Poison Smokescreen"],"picked":"SKIP","floor":18},{"not_picked":["Predator"],"picked":"SKIP","floor":21},{"not_picked":["Riddle With Holes+1"],"picked":"SKIP","floor":22},{"not_picked":[],"picked":"Caltrops","floor":23},{"not_picked":[],"picked":"Prepared","floor":24},{"not_picked":["Endless Agony"],"picked":"SKIP","floor":28},{"not_picked":["Acrobatics"],"picked":"SKIP","floor":30},{"not_picked":["Sucker Punch"],"picked":"SKIP","floor":31},{"not_picked":[],"picked":"Malaise","floor":33},{"not_picked":[],"picked":"Dash+1","floor":35},{"not_picked":["Backflip"],"picked":"SKIP","floor":36},{"not_picked":[],"picked":"Poisoned Stab+1","floor":38},{"not_picked":[],"picked":"Blade Dance+1","floor":41},{"not_picked":["Caltrops"],"picked":"SKIP","floor":48},{"not_picked":[],"picked":"Caltrops","floor":48},{"not_picked":[],"picked":"Dash","floor":49},{"not_picked":[],"picked":"Draining Mist+1","floor":50},{"not_picked":["Acrobatics+1"],"picked":"SKIP","floor":56}],"player_experience":1743434,"relics_obtained":[{"floor":6,"key":"Replay:PocketPolymizer"},{"floor":8,"key":"Mirror"},{"floor":9,"key":"The Courier"},{"floor":10,"key":"Omamori"},{"floor":12,"key":"Snake Skull"},{"floor":23,"key":"Eternal Feather"},{"floor":26,"key":"Happy Flower"},{"floor":28,"key":"War Paint"},{"floor":29,"key":"ReplayTheSpireMod:Lightbulb"},{"floor":30,"key":"Gremlin Food"},{"floor":32,"key":"Runesmith:AutoHammer"},{"floor":39,"key":"Mummified Hand"},{"floor":40,"key":"Replay:Baseball"},{"floor":44,"key":"Ninja Scroll"},{"floor":48,"key":"Garlic"},{"floor":51,"key":"Orichalcum"},{"floor":56,"key":"Iron Hammer"}],"event_choices":[{"cards_removed":["Strike_G"],"damage_healed":0,"gold_gain":0,"player_choice":"Card Removal","damage_taken":7,"max_hp_gain":0,"max_hp_loss":0,"event_name":"Golden Wing","floor":2,"gold_loss":0},{"damage_healed":0,"gold_gain":30,"player_choice":"Searched \u00273\u0027 times","damage_taken":0,"max_hp_gain":0,"max_hp_loss":0,"event_name":"Dead Adventurer","floor":12,"gold_loss":0},{"damage_healed":0,"gold_gain":0,"player_choice":"Simplicity","damage_taken":0,"max_hp_gain":0,"max_hp_loss":0,"event_name":"Back to Basics","floor":19,"gold_loss":0,"cards_upgraded":["Strike_G","Strike_G","Defend_G","Defend_G","Defend_G","Defend_G"]},{"damage_healed":0,"gold_gain":0,"player_choice":"RE RE ","damage_taken":33,"relics_obtained":["Simple Rune","Tiny Chest"],"max_hp_gain":0,"max_hp_loss":0,"event_name":"betterSkull:BetterSkull","floor":20,"gold_loss":0,"cards_upgraded":[]}],"is_beta":false,"boss_relics":[{"not_picked":["Cursed Key","Astrolabe"],"picked":"Busted Crown"},{"not_picked":["Coffee Dripper","Pandora\u0027s Box"],"picked":"Ring of Chaos"}],"items_purged_floors":[],"is_endless":false,"potions_floor_spawned":[7,12,16,22,23,30,31,38,50],"ascension_level":1}}