{"host":"1wi4t7ouswl3g6c8","time":1611468722,"event":{"mods":["BaseMod","Infinite Spire","Minty Spire (QoL Compilation)","Quick Restart","Replay The Spire","StSLib","The Animator","The Bug Knight","The Cursed","The IronCluck","The Servant 0.9.4"],"gold_per_floor":[114,134,94,94,94,113,129,149,149,177,190,206,206,224,224,224,224],"floor_reached":16,"language":"ENG","playtime":1070,"items_purged":[],"score":106,"play_id":"686a4b99-5ff9-4c54-8485-89572a38215d","local_time":"20210123231202","is_ascension_mode":false,"campfire_choices":[{"floor":15,"key":"REST"}],"circlet_count":0,"master_deck":["Strike_G","Strike_G","Strike_G","Strike_G","Strike_G","Defend_G","Defend_G","Defend_G","Defend_G","Survivor","Neutralize","Calculated Gamble","Poisoned Stab","Backstab","Strike_S","Riddle With Holes","Expertise","Die Die Die","Caltrops","Heel Hook","Dodge and Roll","Riddle With Holes","Quick Slash"],"relics":["Ring of the Snake","ReplayTheSpireMod:Shallot","Dream Catcher"],"acts_visited":["Exordium"],"potions_floor_usage":[],"damage_taken":[{"damage":2,"enemies":"2 Louse","floor":1,"turns":4},{"damage":9,"enemies":"Jaw Worm","floor":2,"turns":4},{"damage":4,"enemies":"infinitespire:Voidling","floor":6,"turns":3},{"damage":27,"enemies":"Large Slime","floor":7,"turns":7},{"damage":5,"enemies":"Looter","floor":8,"turns":2},{"damage":22,"enemies":"Replay:BlueRogue","floor":10,"turns":7},{"damage":0,"enemies":"Lots of Slimes","floor":11,"turns":2},{"damage":0,"enemies":"Blue Slaver","floor":12,"turns":3},{"damage":4,"enemies":"3 Louse","floor":14,"turns":2},{"damage":30,"enemies":"The Guardian","floor":16,"turns":4}],"seed_played":"-5708402886708457373","potions_obtained":[{"floor":10,"key":"Strength Potion"},{"floor":11,"key":"Energy Potion"},{"floor":12,"key":"Energy Potion"}],"is_trial":false,"path_per_floor":["M","M","$","?","?","M","M","M","T","E","M","M","?","M","R","B"],"character_chosen":"THE_SILENT","items_purchased":["Backstab"],"campfire_rested":1,"item_purchase_floors":[3],"current_hp_per_floor":[75,66,66,66,66,62,35,30,30,8,8,8,8,4,27,0,0],"gold":224,"neow_bonus":"TEN_PERCENT_HP_BONUS","is_daily":false,"chose_seed":false,"campfire_upgraded":0,"win_rate":0.0,"timestamp":1611468722,"path_taken":["M","M","$","?","?","?","?","M","T","E","M","M","?","M","R","BOSS"],"items_purchased_type":["Card"],"build_version":"2020-12-22","purchased_purges":0,"victory":false,"max_hp_per_floor":[77,77,77,77,77,77,77,77,77,77,77,77,77,77,77,77,77],"card_choices":[{"not_picked":["Deadly Poison","Deflect"],"picked":"Calculated Gamble","floor":1},{"not_picked":["Footwork","Dodge and Roll"],"picked":"Poisoned Stab","floor":2},{"not_picked":["Masterful Stab","Noxious Fumes"],"picked":"Riddle With Holes","floor":6},{"not_picked":["ReplayTheSpireMod:Speed Training","Deadly Poison"],"picked":"Expertise","floor":7},{"not_picked":["Hidden Blade","Deflect"],"picked":"Die Die Die","floor":8},{"not_picked":["Dagger Spray","Quick Slash"],"picked":"Caltrops","floor":10},{"not_picked":["Underhanded Strike","Poison Darts"],"picked":"Heel Hook","floor":11},{"not_picked":["Blade Dance","Prepared"],"picked":"Dodge and Roll","floor":12},{"not_picked":["Outmaneuver","Quick Slash"],"picked":"Riddle With Holes","floor":14},{"not_picked":["Fluid Movement","Underhanded Strike"],"picked":"Quick Slash","floor":15}],"player_experience":84336,"relics_obtained":[{"floor":9,"key":"ReplayTheSpireMod:Shallot"},{"floor":10,"key":"Dream Catcher"}],"event_choices":[{"damage_healed":0,"gold_gain":0,"player_choice":"Leave","damage_taken":0,"max_hp_gain":0,"max_hp_loss":0,"event_name":"The Cleric","floor":4,"gold_loss":0},{"cards_removed":["Defend_G"],"damage_healed":0,"gold_gain":0,"player_choice":"Took Card","damage_taken":0,"max_hp_gain":0,"max_hp_loss":0,"event_name":"NoteForYourself","floor":5,"gold_loss":0,"cards_obtained":["Strike_S"]}],"is_beta":false,"boss_relics":[],"items_purged_floors":[],"is_endless":false,"potions_floor_spawned":[10,11,12,14],"killed_by":"The Guardian","ascension_level":0}}