{"host":"jumrmhf584hajrnz","time":1611507666,"event":{"mods":["BaseMod","Duelist Mod","GifTheSpireLib","Minty Spire (QoL Compilation)","Quick Restart","Replay The Spire","StSLib"],"gold_per_floor":[141,141,141,158,172,172,172],"floor_reached":6,"language":"ENG","playtime":310,"items_purged":[],"score":72,"play_id":"f70d6ae0-72e4-4242-bfe2-5f60d426721d","local_time":"20210124180106","is_ascension_mode":true,"campfire_choices":[],"circlet_count":0,"master_deck":["AscendersBane","theDuelist:CastleWalls","theDuelist:CastleWalls","theDuelist:DarkMagician","theDuelist:MysticalElf","theDuelist:MysticalElf","theDuelist:NeoMagic","theDuelist:NeoMagic","theDuelist:Sparks","theDuelist:Sparks","theDuelist:Sparks","theDuelist:DuelistAscender","theDuelist:IrisEarthMother","theDuelist:DeltaMagnet","theDuelist:InjectionFairy","theDuelist:Graverobber"],"relics":["theDuelist:MillenniumPuzzle","theDuelist:CardPoolRelic","theDuelist:CardPoolBasicRelic","theDuelist:BoosterPackPoolRelic","theDuelist:CardPoolAddRelic","theDuelist:CardPoolMinusRelic","theDuelist:CardPoolSaveRelic","theDuelist:CardPoolOptionsRelic","theDuelist:SummonAnchorRare"],"acts_visited":["Exordium"],"potions_floor_usage":[],"damage_taken":[{"damage":7,"enemies":"Small Slimes","floor":1,"turns":3},{"damage":6,"enemies":"Jaw Worm","floor":4,"turns":4},{"damage":11,"enemies":"Cultist","floor":5,"turns":4},{"damage":36,"enemies":"Gremlin Nob","floor":6,"turns":5}],"seed_played":"2324594112993542451","potions_obtained":[{"floor":1,"key":"theDuelist:FreezingPotion"}],"is_trial":false,"path_per_floor":["M","?","T","M","M","E"],"character_chosen":"THE_DUELIST","items_purchased":[],"campfire_rested":0,"item_purchase_floors":[],"current_hp_per_floor":[56,56,56,50,39,11,11],"gold":172,"neow_bonus":"ONE_RARE_RELIC","is_daily":false,"chose_seed":false,"campfire_upgraded":0,"win_rate":0.0,"timestamp":1611507666,"path_taken":["M","?","?","?","M","E"],"items_purchased_type":[],"build_version":"2020-12-22","purchased_purges":0,"victory":false,"max_hp_per_floor":[70,70,70,70,70,70,70],"card_choices":[{"not_picked":["theDuelist:CrystalWingDragon","theDuelist:RainbowDarkDragon","theDuelist:RainbowMagician","theDuelist:QueenDragunDjinn"],"picked":"theDuelist:IrisEarthMother","floor":1},{"not_picked":["theDuelist:NeoMagic","theDuelist:ExodiaLL","theDuelist:WhiteMagicalHat","theDuelist:GoblinSecret"],"picked":"theDuelist:InjectionFairy","floor":4},{"not_picked":["theDuelist:DarkHorizon","theDuelist:AltarTribute","theDuelist:IcyCrevasse","theDuelist:BadReaction"],"picked":"theDuelist:Graverobber","floor":5}],"player_experience":1515835,"relics_obtained":[],"event_choices":[{"damage_healed":0,"gold_gain":0,"player_choice":"Delta Electro","duelist":true,"damage_taken":0,"max_hp_gain":0,"max_hp_loss":0,"event_name":"Egyptian Village","floor":2,"gold_loss":0,"cards_obtained":["Delta Electromagnet Warrior"]}],"is_beta":false,"boss_relics":[],"items_purged_floors":[],"is_endless":false,"potions_floor_spawned":[1],"killed_by":"Gremlin Nob","ascension_level":20}}