{"host":"aqym1xxr3lb31d9m","time":1611484289,"event":{"mods":["BaseMod","Block Reminder","Colored Map","Colored Powertips","DeckTracker","Highlight Path","Minty Spire (QoL Compilation)","Quick Restart","Random Character Button","StSLib","SuperFastMode","UnlockEverythingMod"],"gold_per_floor":[119,269,5,17,17,17,52,52,76,120,88,88,111,111,111,197,224,249,249,249,276,43,43,43],"floor_reached":23,"language":"JPN","playtime":497,"items_purged":["Doubt"],"score":440,"play_id":"ba80ecd0-07fb-4f29-ae23-4c13beb8047e","local_time":"20210124193129","is_ascension_mode":true,"campfire_choices":[{"data":"Zap","floor":6,"key":"SMITH"},{"data":"Dualcast","floor":8,"key":"SMITH"},{"data":"Chaos","floor":15,"key":"SMITH"}],"circlet_count":0,"master_deck":["AscendersBane","Strike_B","Defend_B","Defend_B","Defend_B","Defend_B","Zap+1","Dualcast+1","Gash","Defragment+1","Glacier","Ball Lightning","Chaos+1","Capacitor","Seek","Recycle+1","Rainbow+1","Conserve Battery+1","Steam Power","Glacier"],"relics":["Cracked Core","NeowsBlessing","Symbiotic Virus","CeramicFish","Juzu Bracelet","Pocketwatch","Omamori","Astrolabe","Gremlin Horn","Cables","ClockworkSouvenir"],"acts_visited":["Exordium","TheCity"],"potions_floor_usage":[],"damage_taken":[{"damage":0,"enemies":"2 Louse","floor":1,"turns":1},{"damage":0,"enemies":"Small Slimes","floor":4,"turns":1},{"damage":0,"enemies":"Lagavulin","floor":7,"turns":1},{"damage":44,"enemies":"Gremlin Nob","floor":10,"turns":4},{"damage":2,"enemies":"Jaw Worm","floor":13,"turns":3},{"damage":15,"enemies":"Slime Boss","floor":16,"turns":5},{"damage":5,"enemies":"Spheric Guardian","floor":18,"turns":4},{"damage":19,"enemies":"Shell Parasite","floor":21,"turns":4},{"damage":31,"enemies":"Book of Stabbing","floor":23,"turns":2}],"seed_played":"6769637345118421981","potions_obtained":[{"floor":4,"key":"FairyPotion"},{"floor":13,"key":"PotionOfCapacity"},{"floor":16,"key":"BlessingOfTheForge"}],"is_trial":false,"path_per_floor":["M","?","$","M","?","R","E","R","T","E","$","$","M","?","R","B",null,"M","?","T","M","$","E"],"character_chosen":"DEFECT","items_purchased":["Symbiotic Virus","Chaos","ClockworkSouvenir"],"campfire_rested":0,"item_purchase_floors":[3,11,22],"current_hp_per_floor":[64,64,64,64,64,64,64,64,64,20,20,20,18,18,18,3,54,49,49,49,30,30,0,0],"gold":43,"neow_bonus":"THREE_ENEMY_KILL","is_daily":false,"chose_seed":false,"campfire_upgraded":3,"win_rate":0.0,"timestamp":1611484289,"path_taken":["M","?","$","M","?","R","E","R","T","E","?","$","M","?","R","BOSS","M","?","?","M","$","E"],"items_purchased_type":["Relic","Card","Relic"],"build_version":"2020-12-22","purchased_purges":1,"victory":false,"max_hp_per_floor":[71,71,71,71,71,71,71,71,71,71,71,71,71,71,71,71,71,71,71,71,71,71,71,71],"card_choices":[{"not_picked":["Hologram","Force Field"],"picked":"Gash","floor":1},{"not_picked":["Tempest","Compile Driver"],"picked":"Defragment","floor":4},{"not_picked":["Barrage","Reinforced Body"],"picked":"Glacier","floor":7},{"not_picked":["Storm","Stack"],"picked":"Ball Lightning","floor":10},{"not_picked":["Recycle","Coolheaded"],"picked":"Capacitor","floor":13},{"not_picked":["Thunder Strike","Hyperbeam"],"picked":"Seek","floor":16},{"not_picked":["Go for the Eyes","Cold Snap"],"picked":"Steam Power","floor":18},{"not_picked":["Beam Cell","Rebound"],"picked":"Glacier","floor":21}],"player_experience":4011829,"relics_obtained":[{"floor":7,"key":"CeramicFish"},{"floor":9,"key":"Juzu Bracelet"},{"floor":10,"key":"Pocketwatch"},{"floor":20,"key":"Cables"}],"event_choices":[{"damage_healed":0,"gold_gain":150,"player_choice":"AGREE","damage_taken":0,"max_hp_gain":0,"max_hp_loss":0,"event_name":"Liars Game","floor":2,"gold_loss":0,"cards_obtained":["Doubt"]},{"damage_healed":0,"gold_gain":0,"player_choice":"Grow","damage_taken":0,"max_hp_gain":0,"max_hp_loss":0,"event_name":"Living Wall","floor":5,"gold_loss":0,"cards_upgraded":["Defragment"]},{"damage_healed":0,"gold_gain":0,"player_choice":"Searched \u00271\u0027 times","damage_taken":0,"relics_obtained":["Omamori"],"max_hp_gain":0,"max_hp_loss":0,"event_name":"Dead Adventurer","floor":14,"gold_loss":0},{"damage_healed":0,"gold_gain":0,"player_choice":"Opened","damage_taken":0,"relics_obtained":["Gremlin Horn"],"max_hp_gain":0,"max_hp_loss":0,"event_name":"The Mausoleum","floor":19,"gold_loss":0,"cards_obtained":["Writhe"]}],"is_beta":false,"boss_relics":[{"not_picked":["Busted Crown","Runic Dome"],"picked":"Astrolabe"}],"items_purged_floors":[22],"is_endless":false,"potions_floor_spawned":[4,13,16],"killed_by":"Book of Stabbing","ascension_level":20}}