{"host":"2pluridizrp50jef","time":1611471894,"event":{"mods":["ATMod(°¢èªMod)","AchievementEnabler","Act Like it!","BaseMod","Bestiary","Better Altar","Better Match","Better Note","Better Sensory Stone","Better Skull","Better Third Choice","BetterRewards","Colored Powertips","Conspire","Curses Come First","Custom Start","Energized Spire","Hubris","Infinite Spire","Lobotomy","LobotomyExtend","Minty Spire (QoL Compilation)","Rare Cards Sparkle","Relic Stats","Replay The Spire","StSLib","Waifu the Spire","noobMod","vexMod","¡¾ÒÅÎï¿¨ÅÆ¡¿REMEMod"],"gold_per_floor":[110,110,35,50,70,70,84,114,114,114,130,164,164,183,183,278,278,298,298,298,298,318,318,349,349,399,433,443,443,455,483,483,584,584,596,611,631,631,649,649,681,656,656,669,681,514,514,540,540,540,540,540,540,415,447,447],"floor_reached":57,"language":"ZHS","playtime":3547,"items_purged":["hubris:Gluttony","Voices","Dualcast","Zap"],"score":1668,"play_id":"a922bcf4-4b31-4aca-a7e0-1b5628e294f3","local_time":"20210123230454","is_ascension_mode":true,"campfire_choices":[{"data":"AT_FamilyPortrait","floor":6,"key":"SMITH"},{"floor":23,"key":"RECALL"},{"data":"AT_ThreeBodyProblem","floor":29,"key":"SMITH"},{"data":"DaCapo","floor":32,"key":"SMITH"},{"data":"AT_RightCognition","floor":40,"key":"SMITH"},{"data":"Thunder Strike","floor":47,"key":"SMITH"},{"data":"AT_RightCognition","floor":49,"key":"SMITH"},{"data":"Seek","floor":53,"key":"SMITH"}],"circlet_count":0,"master_deck":["DaCapo+1","AT_FamilyPortrait+1","hubris:Ukulele","Ball Lightning","ReplayTheSpireMod:Calculation Training","Static Discharge","REME_DataAnalysis","AT_WaterDrop","Tempest","Seek+1","Defragment","Loop","ReplayTheSpireMod:System Scan","Skim","Stack","Core Surge","Barrage","Ball Lightning","Necronomicurse","Turbo+1","AT_ThreeBodyProblem+1","AT_RightCognition+1","BasicCrystalCard+1","Redo","White Noise+1","AT_RightCognition+1","FIFO Queue+1","Electrodynamics","Fusion+1","Thunder Strike+1","Tempest","hubris:Greed","Coolheaded+1","Pot Of Greed","Pot Of Greed","Pot Of Greed","hubris:Greed","hubris:Greed"],"relics":["Cracked Core","AT_ATBox","ice","REME_ComplimentaryCards","Turnip","LetterFromLob","Garlic","infinitespire:PuzzleCube","hubris:Icosahedron","hubris:ToyBattleship","Pandora\u0027s Box","Necronomicon","ReplayTheSpireMod:Ring of Exchange","Ring of Misfortune","infinitespire:SolderingIron","REME_PuzzleBoxRelic","Strawberry","Incense Burner","Prayer Wheel","Prayer Wheel","infinitespire:Cupcake","SlaversCollar","StoneCalendar","Iron Hammer","AT_EbonyIvory","Grinning Jar"],"acts_visited":["Exordium","TheCity","TheBeyond","TheEnding"],"potions_floor_usage":[11,48],"damage_taken":[{"damage":4,"enemies":"Small Slimes","floor":1,"turns":4},{"damage":9,"enemies":"Jaw Worm","floor":4,"turns":2},{"damage":7,"enemies":"2 Louse","floor":5,"turns":3},{"damage":7,"enemies":"Looter","floor":7,"turns":3},{"damage":20,"enemies":"3 Sentries","floor":8,"turns":5},{"damage":5,"enemies":"3 Louse","floor":11,"turns":3},{"damage":13,"enemies":"Lagavulin","floor":12,"turns":7},{"damage":9,"enemies":"Exordium Wildlife","floor":14,"turns":3},{"damage":16,"enemies":"The Guardian","floor":16,"turns":7},{"damage":12,"enemies":"3 Byrds","floor":18,"turns":4},{"damage":9,"enemies":"Spheric Guardian","floor":22,"turns":3},{"damage":31,"enemies":"Book of Stabbing","floor":24,"turns":4},{"damage":25,"enemies":"Slavers","floor":27,"turns":3},{"damage":0,"enemies":"3 Cultists","floor":28,"turns":4},{"damage":0,"enemies":"Snake Plant","floor":30,"turns":1},{"damage":13,"enemies":"Book of Stabbing","floor":31,"turns":4},{"damage":8,"enemies":"conspire:MysteriousRune","floor":33,"turns":2},{"damage":0,"enemies":"Orb Walker","floor":35,"turns":2},{"damage":0,"enemies":"3 Darklings","floor":36,"turns":4},{"damage":10,"enemies":"Spire Growth","floor":37,"turns":3},{"damage":0,"enemies":"Maw","floor":39,"turns":4},{"damage":0,"enemies":"Giant Head","floor":41,"turns":4},{"damage":0,"enemies":"Sphere and 2 Shapes","floor":44,"turns":5},{"damage":0,"enemies":"Transient","floor":45,"turns":3},{"damage":0,"enemies":"Nemesis","floor":48,"turns":1},{"damage":142,"enemies":"conspire:OrnateMirror","floor":50,"turns":2},{"damage":47,"enemies":"Shield and Spear","floor":55,"turns":3},{"damage":53,"enemies":"The Heart","floor":56,"turns":3}],"seed_played":"4697320277448049769","potions_obtained":[{"floor":4,"key":"Milkshake"},{"floor":5,"key":"Energy Potion"},{"floor":11,"key":"Explosive Potion"},{"floor":18,"key":"Adrenaline Potion"}],"is_trial":false,"path_per_floor":["M","?","$","M","M","R","M","E","T","?","M","E","?","M","R","B",null,"M","?","?","?","M","R","E","?","T","E","M","R","M","E","R","B",null,"M","M","M","AVR","M","R","E","?","T","M","M","$","R","E","R","B",null,null,"R","$","E","B",null],"character_chosen":"DEFECT","items_purchased":["Thunder Strike"],"campfire_rested":0,"item_purchase_floors":[46],"current_hp_per_floor":[71,71,71,62,55,55,48,28,28,28,23,75,75,66,59,43,86,84,84,68,68,59,59,28,36,36,18,18,18,18,134,134,126,135,135,135,125,125,125,125,157,157,157,157,175,175,175,175,175,42,42,183,183,183,152,178],"gold":447,"neow_bonus":"ONE_RARE_RELIC","is_daily":false,"chose_seed":false,"campfire_upgraded":7,"win_rate":0.0,"timestamp":1611471894,"path_taken":["M","?","$","M","M","R","M","E","T","?","M","E","?","M","R","BOSS","M","?","?","?","?","R","E","?","T","E","M","R","M","E","R","BOSS","M","M","M","AVR","M","R","E","?","T","M","M","$","R","E","R","BOSS","R","$","E","BOSS"],"items_purchased_type":["Card"],"build_version":"2020-12-22","purchased_purges":4,"victory":true,"max_hp_per_floor":[75,75,75,75,75,75,75,75,75,75,75,75,75,76,76,86,86,105,105,105,105,106,106,112,112,112,125,129,129,129,134,134,135,135,136,140,142,142,145,145,157,157,157,157,175,175,175,175,175,183,183,183,183,183,190,398],"relic_stats":{"counters":[28,96],"Pandora\u0027s Box":["Defragment","Loop","ReplayTheSpireMod:Fabricate Wheel","ReplayTheSpireMod:System Scan","Skim","Stack","Core Surge","Barrage"],"Prayer Wheel":6,"StoneCalendar":[0],"Turnip":[18],"Necronomicon":[6],"obtain_stats":[{"ReplayTheSpireMod:Ring of Exchange":21,"AT_ATBox":0,"StoneCalendar":41,"ice":0,"Incense Burner":31,"hubris:Icosahedron":10,"infinitespire:SolderingIron":24,"Strawberry":27,"Prayer Wheel":33,"Iron Hammer":43,"Necronomicon":20,"Cracked Core":0,"AT_EbonyIvory":48,"SlaversCollar":38,"Ring of Misfortune":21,"Pandora\u0027s Box":17,"Turnip":0,"LetterFromLob":1,"Garlic":2,"hubris:ToyBattleship":12,"REME_PuzzleBoxRelic":26,"Grinning Jar":55,"infinitespire:PuzzleCube":8,"REME_ComplimentaryCards":0,"infinitespire:Cupcake":34},{"ReplayTheSpireMod:Ring of Exchange":10,"AT_ATBox":0,"StoneCalendar":22,"ice":0,"Incense Burner":16,"hubris:Icosahedron":5,"infinitespire:SolderingIron":12,"Strawberry":13,"Prayer Wheel":17,"Iron Hammer":22,"Necronomicon":10,"Cracked Core":0,"AT_EbonyIvory":25,"SlaversCollar":20,"Ring of Misfortune":10,"Pandora\u0027s Box":9,"Turnip":0,"LetterFromLob":1,"Garlic":1,"hubris:ToyBattleship":7,"REME_PuzzleBoxRelic":12,"Grinning Jar":27,"infinitespire:PuzzleCube":5,"REME_ComplimentaryCards":0,"infinitespire:Cupcake":17},{"ReplayTheSpireMod:Ring of Exchange":41,"AT_ATBox":0,"StoneCalendar":79,"ice":0,"Incense Burner":60,"hubris:Icosahedron":17,"infinitespire:SolderingIron":48,"Strawberry":51,"Prayer Wheel":62,"Iron Hammer":79,"Necronomicon":41,"Cracked Core":0,"AT_EbonyIvory":88,"SlaversCollar":71,"Ring of Misfortune":41,"Pandora\u0027s Box":37,"Turnip":0,"LetterFromLob":4,"Garlic":4,"hubris:ToyBattleship":27,"REME_PuzzleBoxRelic":48,"Grinning Jar":93,"infinitespire:PuzzleCube":17,"REME_ComplimentaryCards":0,"infinitespire:Cupcake":62}]},"card_choices":[{"not_picked":["Skim","Rebound"],"picked":"hubris:Ukulele","floor":1},{"not_picked":["ReplayTheSpireMod:System Scan","Crystallizer"],"picked":"Ball Lightning","floor":4},{"not_picked":["Conserve Battery","Reinforced Body"],"picked":"ReplayTheSpireMod:Calculation Training","floor":5},{"not_picked":["Leap","Capacitor"],"picked":"Static Discharge","floor":7},{"not_picked":["Stack","AT_WarpDrive"],"picked":"REME_DataAnalysis","floor":8},{"not_picked":["REME_SelfUpgrade","AT_HeatAcrobatics"],"picked":"AT_WaterDrop","floor":11},{"not_picked":["Ball Lightning","Conserve Battery"],"picked":"Tempest","floor":12},{"not_picked":["Barrage","Sweeping Beam","ReplaySolidLightProjector"],"picked":"SKIP","floor":14},{"not_picked":["Amplify","Reboot"],"picked":"Seek","floor":16},{"not_picked":["conspire:SharedLibrary+1","Leap+1"],"picked":"Ball Lightning","floor":18},{"not_picked":["conspire:Rain","Coolheaded+1"],"picked":"Turbo+1","floor":22},{"not_picked":["Glacier+1","conspire:SharedLibrary","Auto Shields"],"picked":"SKIP","floor":24},{"not_picked":["Streamline","Rebound","REME_Whirling+1"],"picked":"SKIP","floor":27},{"not_picked":["FIFO Queue+1","Coolheaded+1"],"picked":"AT_ThreeBodyProblem","floor":28},{"not_picked":["AT_DarkMatter","Stack","BasicCrystalCard"],"picked":"SKIP","floor":30},{"not_picked":["Chaos","Gash+1","Aggregate"],"picked":"SKIP","floor":31},{"not_picked":["Meteor Strike","hubris:Prefetch"],"picked":"AT_RightCognition","floor":33},{"not_picked":["FIFO Queue","Conserve Battery"],"picked":"BasicCrystalCard+1","floor":35},{"not_picked":["hubris:Ukulele+1","Beam Cell+1","Sweeping Beam+1"],"picked":"SKIP","floor":35},{"not_picked":["REME_Compress","Force Field+1","Conserve Battery"],"picked":"SKIP","floor":35},{"not_picked":["Self Repair","Leap"],"picked":"Redo","floor":36},{"not_picked":["Self Repair+1","Steam"],"picked":"White Noise+1","floor":36},{"not_picked":["Glacier","Cold Snap+1"],"picked":"AT_RightCognition","floor":36},{"not_picked":["AT_HeatAcrobatics+1","Ball Lightning"],"picked":"FIFO Queue+1","floor":37},{"not_picked":["Ball Lightning","Compile Driver","Streamline+1"],"picked":"SKIP","floor":37},{"not_picked":["Go for the Eyes+1","BootSequence","Melter+1"],"picked":"SKIP","floor":37},{"not_picked":["Undo","Redo"],"picked":"Electrodynamics","floor":39},{"not_picked":["Redo+1","Loop","Sweeping Beam"],"picked":"SKIP","floor":39},{"not_picked":["Rebound+1","AT_HeatAcrobatics","Panic Button"],"picked":"SKIP","floor":39},{"not_picked":["Sunder+1","AT_HeatAcrobatics","Hologram"],"picked":"SKIP","floor":41},{"not_picked":["ReplaySort+1","ReplayTheSpireMod:Omega Cannon"],"picked":"Fusion+1","floor":44},{"not_picked":["Sweeping Beam+1","Chill","Streamline"],"picked":"SKIP","floor":44},{"not_picked":["Streamline","Go for the Eyes+1","Doom and Gloom"],"picked":"SKIP","floor":44},{"not_picked":["BasicCrystalCard","Barrage+1","Go for the Eyes+1"],"picked":"SKIP","floor":45},{"not_picked":["Coolheaded","AT_WarpDrive+1","Blizzard"],"picked":"SKIP","floor":45},{"not_picked":["AT_HeatAcrobatics+1","Streamline+1","Rebound"],"picked":"SKIP","floor":45},{"not_picked":["ReplayTheSpireMod:System Scan+1","BasicCrystalCard"],"picked":"Tempest","floor":48},{"not_picked":["Gash","Glacier"],"picked":"Coolheaded+1","floor":55}],"player_experience":106631,"relics_obtained":[{"floor":1,"key":"LetterFromLob"},{"floor":8,"key":"infinitespire:PuzzleCube"},{"floor":12,"key":"hubris:ToyBattleship"},{"floor":20,"key":"Necronomicon"},{"floor":21,"key":"ReplayTheSpireMod:Ring of Exchange"},{"floor":21,"key":"Ring of Misfortune"},{"floor":24,"key":"infinitespire:SolderingIron"},{"floor":26,"key":"REME_PuzzleBoxRelic"},{"floor":27,"key":"Strawberry"},{"floor":31,"key":"Incense Burner"},{"floor":41,"key":"StoneCalendar"},{"floor":43,"key":"Iron Hammer"},{"floor":48,"key":"AT_EbonyIvory"},{"floor":55,"key":"Grinning Jar"}],"event_choices":[{"damage_healed":0,"gold_gain":0,"player_choice":"Box","damage_taken":0,"relics_obtained":["Garlic"],"max_hp_gain":0,"max_hp_loss":0,"event_name":"Big Fish","floor":2,"gold_loss":0,"cards_obtained":["Regret"]},{"cards_removed":["Regret"],"damage_healed":0,"gold_gain":0,"player_choice":"Card Removal","damage_taken":7,"max_hp_gain":0,"max_hp_loss":0,"event_name":"Golden Wing","floor":15,"gold_loss":0},{"damage_healed":0,"gold_gain":0,"player_choice":"Ignored","damage_taken":0,"max_hp_gain":0,"max_hp_loss":0,"event_name":"Vampires","floor":19,"gold_loss":0},{"damage_healed":0,"gold_gain":0,"player_choice":"Obtained Book","damage_taken":16,"max_hp_gain":0,"max_hp_loss":0,"event_name":"Cursed Tome","floor":20,"gold_loss":0}],"is_beta":false,"boss_relics":[{"not_picked":["Velvet Choker","Abe\u0027s Treasure"],"picked":"Pandora\u0027s Box"},{"not_picked":["OrangePellets","Ring of Chaos"],"picked":"infinitespire:Cupcake"}],"items_purged_floors":[3,38,46,54],"is_endless":false,"potions_floor_spawned":[4,5,11,18,24,33,36,37,41],"ascension_level":4}}