{"host":"flnqt0m1a2s83kg7","time":1611526101,"event":{"mods":["AchievementEnabler","Act Like it!","BaseMod","Better Third Choice","Downfall","Minty Spire (QoL Compilation)","Rare Cards Sparkle","StSLib"],"gold_per_floor":[111,84,103,118,136,165,165,193,248,15,15,15,50,75,75,199,199,217,232,6,20,20,20,61,61,88,127,150,150,170,214,214,335,335,351,20,20,38,101,137,137,160,160,191,224,236,271,283,295,307,319,331,11,55,55,55],"floor_reached":55,"language":"ENG","playtime":2202,"items_purged":["Strike_R"],"score":966,"play_id":"19be510f-0588-4a2a-b73e-6f612ff52a9a","local_time":"20210124150821","is_ascension_mode":true,"campfire_choices":[{"floor":7.0,"key":"REST"},{"floor":15.0,"key":"REST"},{"floor":23.0,"key":"REST"},{"floor":25.0,"key":"REST"},{"data":"Double Tap","floor":32.0,"key":"SMITH"},{"floor":41.0,"key":"RECALL"},{"floor":46.0,"key":"REST"},{"data":"Armaments","floor":49.0,"key":"SMITH"},{"data":"Armaments","floor":52.0,"key":"SMITH"}],"circlet_count":0,"master_deck":["Strike_R","Defend_R","Defend_R","Defend_R","Bash","Combust","Battle Trance","Armaments+1","Heavy Blade","Shockwave","Inflame","Flame Barrier","Heavy Blade","Immolate","Double Tap+1","Shockwave","Corruption","Offering","Armaments+1","Heavy Blade","Headbutt+1","Shrug It Off","Offering","Heavy Blade+1","Carnage","Carnage+1","Flame Barrier","Ghostly Armor","Offering","Uppercut+1","Spot Weakness","Madness","Madness","Metallicize+1","Pummel+1","Flex","Double Tap","Flex","Inflame+1"],"relics":["Burning Blood","betterThird:SlimedRelic","Magic Flower","Mercury Hourglass","Dream Catcher","Golden Idol","PreservedInsect","Sozu","Bronze Scales","Anchor","Red Mask","Lantern","Busted Crown","Kunai","Ginger","Vajra","MawBank","Ice Cream","Nunchaku"],"acts_visited":["Exordium","TheCity","TheBeyond","TheEnding"],"potions_floor_usage":[],"damage_taken":[{"damage":5.0,"enemies":"Small Slimes","floor":1.0,"turns":5.0},{"damage":11.0,"enemies":"Jaw Worm","floor":3.0,"turns":4.0},{"damage":6.0,"enemies":"2 Louse","floor":4.0,"turns":3.0},{"damage":9.0,"enemies":"Exordium Wildlife","floor":5.0,"turns":4.0},{"damage":47.0,"enemies":"3 Sentries","floor":6.0,"turns":9.0},{"damage":3.0,"enemies":"Lagavulin","floor":8.0,"turns":7.0},{"damage":11.0,"enemies":"3 Sentries","floor":13.0,"turns":3.0},{"damage":2.0,"enemies":"3 Louse","floor":14.0,"turns":3.0},{"damage":56.0,"enemies":"The Guardian","floor":16.0,"turns":8.0},{"damage":8.0,"enemies":"3 Byrds","floor":18.0,"turns":3.0},{"damage":19.0,"enemies":"Shell Parasite","floor":19.0,"turns":4.0},{"damage":9.0,"enemies":"Snake Plant","floor":21.0,"turns":3.0},{"damage":26.0,"enemies":"Book of Stabbing","floor":24.0,"turns":4.0},{"damage":12.0,"enemies":"Masked Bandits","floor":27.0,"turns":3.0},{"damage":6.0,"enemies":"Centurion and Healer","floor":28.0,"turns":2.0},{"damage":0.0,"enemies":"3 Cultists","floor":30.0,"turns":3.0},{"damage":13.0,"enemies":"Gremlin Leader","floor":31.0,"turns":2.0},{"damage":20.0,"enemies":"Collector","floor":33.0,"turns":4.0},{"damage":8.0,"enemies":"Orb Walker","floor":35.0,"turns":2.0},{"damage":7.0,"enemies":"3 Shapes","floor":38.0,"turns":3.0},{"damage":6.0,"enemies":"Mind Bloom Boss Battle","floor":39.0,"turns":4.0},{"damage":25.0,"enemies":"Reptomancer","floor":40.0,"turns":4.0},{"damage":7.0,"enemies":"Spire Growth","floor":42.0,"turns":2.0},{"damage":13.0,"enemies":"Giant Head","floor":44.0,"turns":5.0},{"damage":15.0,"enemies":"Maw","floor":45.0,"turns":4.0},{"damage":4.0,"enemies":"Transient","floor":47.0,"turns":5.0},{"damage":41.0,"enemies":"Donu and Deca","floor":50.0,"turns":6.0},{"damage":6,"enemies":"Shield and Spear","floor":54,"turns":3},{"damage":51,"enemies":"The Heart","floor":55,"turns":3}],"seed_played":"-415721901101658178","potions_obtained":[{"floor":4.0,"key":"Regen Potion"},{"floor":6.0,"key":"SkillPotion"},{"floor":8.0,"key":"ColorlessPotion"},{"floor":14.0,"key":"SneckoOil"}],"is_trial":false,"path_per_floor":["M","?","M","M","M","E","R","E","T","$","?","?","E","M","R","B",null,"M","M","$","M","?","R","E","R","T","?","M","?","M","E","R","B",null,"M","$","?","M","?","E","R","M","T","E","M","R","M","$","R","B",null,"R","$","E","B"],"character_chosen":"IRONCLAD","items_purchased":["Immolate","Offering","Armaments","Heavy Blade","Spot Weakness","Kunai","Ice Cream","Flex"],"campfire_rested":5,"item_purchase_floors":[10,20,20,20,36,36,53,53],"current_hp_per_floor":[72,61,56,56,65,24,45,51,51,51,51,33,31,38,59,12,72,72,62,62,62,62,72,55,72,72,69,72,72,72,68,68,57,72,72,72,63,65,68,52,52,54,54,50,44,65,70,70,70,38,72,72,72,72,21,21],"gold":55,"neow_bonus":"TRANSFORM_TWO_CARDS","is_daily":false,"chose_seed":false,"campfire_upgraded":3,"win_rate":0.0,"timestamp":1611526101,"path_taken":["M","?","M","M","M","E","R","E","T","$","?","?","E","M","R","BOSS","M","M","$","M","?","R","E","R","T","?","M","?","M","E","R","BOSS","M","?","?","M","?","E","R","M","T","E","M","R","M","$","R","BOSS","R","$","E","BOSS"],"items_purchased_type":["Card","Card","Card","Card","Card","Relic","Relic","Card"],"build_version":"2020-12-22","purchased_purges":1,"victory":false,"max_hp_per_floor":[72,72,72,72,72,72,72,72,72,72,72,72,72,72,72,72,72,72,72,72,72,72,72,72,72,72,72,72,72,72,72,72,72,72,72,72,72,72,72,72,72,72,72,72,72,72,72,72,72,72,72,72,72,72,72,72],"card_choices":[{"not_picked":["Sword Boomerang","Warcry"],"picked":"Armaments","floor":1.0},{"not_picked":["Dark Embrace","Blood for Blood"],"picked":"Heavy Blade","floor":3.0},{"not_picked":["True Grit","Twin Strike"],"picked":"Shockwave","floor":4.0},{"not_picked":["True Grit","Sever Soul"],"picked":"Inflame","floor":5.0},{"not_picked":["Power Through","Heavy Blade"],"picked":"Flame Barrier","floor":6.0},{"not_picked":["Sword Boomerang","Warcry"],"picked":"Heavy Blade","floor":8.0},{"not_picked":["Shockwave","Infernal Blade"],"picked":"Double Tap","floor":13.0},{"not_picked":["Iron Wave","Bloodletting","Rupture"],"picked":"SKIP","floor":14.0},{"not_picked":["Feel No Pain","Iron Wave"],"picked":"Shockwave","floor":15.0},{"not_picked":["Limit Break","Juggernaut"],"picked":"Corruption","floor":16.0},{"not_picked":["Havoc","Clash+1","Twin Strike"],"picked":"SKIP","floor":18.0},{"not_picked":["Shockwave","Havoc","True Grit"],"picked":"SKIP","floor":19.0},{"not_picked":["Iron Wave+1","Feel No Pain+1"],"picked":"Headbutt+1","floor":21.0},{"not_picked":["Feel No Pain+1","Power Through"],"picked":"Offering","floor":24.0},{"not_picked":["Iron Wave+1","Sword Boomerang"],"picked":"Heavy Blade+1","floor":25.0},{"not_picked":["Iron Wave","Thunderclap"],"picked":"Carnage","floor":27.0},{"not_picked":["Wild Strike","Burning Pact"],"picked":"Carnage+1","floor":28.0},{"not_picked":["Heavy Blade+1","Body Slam"],"picked":"Flame Barrier","floor":30.0},{"not_picked":["Havoc","Headbutt"],"picked":"Ghostly Armor","floor":31.0},{"not_picked":["Limit Break","Double Tap"],"picked":"Offering","floor":33.0},{"not_picked":[],"picked":"Uppercut+1","floor":35.0},{"not_picked":[],"picked":"Metallicize+1","floor":38.0},{"not_picked":[],"picked":"Pummel+1","floor":39.0},{"not_picked":["Barricade"],"picked":"SKIP","floor":40.0},{"not_picked":[],"picked":"Flex","floor":42.0},{"not_picked":[],"picked":"Double Tap","floor":44.0},{"not_picked":["Cleave+1"],"picked":"SKIP","floor":45.0},{"not_picked":["Iron Wave"],"picked":"SKIP","floor":47.0},{"not_picked":[],"picked":"Inflame+1","floor":54}],"player_experience":54443,"relics_obtained":[{"floor":6.0,"key":"Magic Flower"},{"floor":8.0,"key":"Mercury Hourglass"},{"floor":9.0,"key":"Dream Catcher"},{"floor":13.0,"key":"PreservedInsect"},{"floor":24.0,"key":"Bronze Scales"},{"floor":26.0,"key":"Anchor"},{"floor":27.0,"key":"Red Mask"},{"floor":31.0,"key":"Lantern"},{"floor":39.0,"key":"Ginger"},{"floor":40.0,"key":"Vajra"},{"floor":44.0,"key":"MawBank"},{"floor":54,"key":"Nunchaku"}],"event_choices":[{"damage_healed":0.0,"max_hp_gain":0.0,"max_hp_loss":0.0,"gold_gain":0.0,"event_name":"betterThird:BetterGoop","player_choice":"Slimed","floor":2.0,"gold_loss":27.0,"damage_taken":11.0},{"cards_removed":["Strike_R"],"damage_healed":0.0,"max_hp_gain":0.0,"max_hp_loss":0.0,"gold_gain":0.0,"event_name":"Living Wall","player_choice":"Forget","floor":11.0,"gold_loss":0.0,"damage_taken":0.0},{"damage_healed":0.0,"max_hp_gain":0.0,"max_hp_loss":0.0,"gold_gain":0.0,"event_name":"Golden Idol","player_choice":"Take Damage","floor":12.0,"gold_loss":0.0,"damage_taken":18.0,"relics_obtained":["Golden Idol"]},{"damage_healed":0.0,"max_hp_gain":0.0,"max_hp_loss":0.0,"gold_gain":0.0,"event_name":"The Library","player_choice":"Read","floor":22.0,"gold_loss":0.0,"damage_taken":0.0,"cards_obtained":["Shrug It Off"]},{"damage_healed":0.0,"max_hp_gain":0.0,"max_hp_loss":0.0,"gold_gain":0.0,"event_name":"Masked Bandits","player_choice":"Fought Bandits","floor":27.0,"gold_loss":0.0,"damage_taken":0.0},{"cards_removed":["Strike_R"],"damage_healed":0.0,"max_hp_gain":0.0,"max_hp_loss":0.0,"gold_gain":0.0,"event_name":"Purifier","player_choice":"Purged","floor":29.0,"gold_loss":0.0,"damage_taken":0.0},{"damage_healed":0.0,"max_hp_gain":0.0,"max_hp_loss":0.0,"gold_gain":0.0,"event_name":"Winding Halls","player_choice":"Embrace Madness","floor":37.0,"gold_loss":0.0,"damage_taken":9.0,"cards_obtained":["Madness","Madness"]},{"damage_healed":0.0,"max_hp_gain":0.0,"max_hp_loss":0.0,"gold_gain":0.0,"event_name":"MindBloom","player_choice":"Fight","floor":39.0,"gold_loss":0.0,"damage_taken":0.0}],"is_beta":false,"boss_relics":[{"not_picked":["Ectoplasm","Philosopher\u0027s Stone"],"picked":"Sozu"},{"not_picked":["Empty Cage","Runic Pyramid"],"picked":"Busted Crown"}],"items_purged_floors":[10],"is_endless":false,"potions_floor_spawned":[4,6,8,14,21,24,28,33,39,40,44,54],"killed_by":"The Heart","ascension_level":2}}