{"host":"dctolzh6htjtakpc","time":1611510273,"event":{"mods":["2.2 Compatiblity","AchievementEnabler","AlwaysNeverKeys","BaseMod","Block Reminder","DeckTracker","Defuse TimeMaze Blight","Minty Spire (QoL Compilation)","Permanent Neow","Quick Restart","StSLib","SuperFastMode"],"gold_per_floor":[14,14,14,28,28,69,90,165,191,216,255,279,322,18,18,139,139,157,171,71,71,71,115,115,155,178,53,53,71,71,90,90,210,210,233,84,84,84,0,43,43,87,87,102,118,118,133,151,151,151],"floor_reached":51,"language":"ENG","playtime":1578,"items_purged":["Strike_G","Strike_G","Strike_G"],"score":1153,"play_id":"248b291b-81e3-4a35-83db-852eb063e0ff","local_time":"20210124124433","is_ascension_mode":true,"campfire_choices":[{"data":"Infinite Blades","floor":15.0,"key":"SMITH"},{"data":"Cloak And Dagger","floor":24.0,"key":"SMITH"},{"floor":28.0,"key":"REST"},{"data":"Cloak And Dagger","floor":30.0,"key":"SMITH"},{"data":"Cloak And Dagger","floor":32.0,"key":"SMITH"},{"data":"Envenom","floor":41,"key":"SMITH"},{"data":"Adrenaline","floor":49,"key":"SMITH"}],"circlet_count":0,"master_deck":["Defend_G","Defend_G","Defend_G","Defend_G","Survivor","Neutralize","PiercingWail","Cloak And Dagger+1","Endless Agony","Finisher","Accuracy","Infinite Blades+1","Calculated Gamble","Accuracy","Adrenaline+1","Cloak And Dagger+1","Cloak And Dagger+1","Expertise","Envenom+1","Blade Dance"],"relics":["Ring of the Snake","Golden Idol","Regal Pillow","PreservedInsect","Strawberry","Orichalcum","Omamori","TheAbacus","WristBlade","Snake Skull","Boot","Toy Ornithopter","Coffee Dripper","Anchor","Red Mask","Bag of Marbles","Tough Bandages","StrikeDummy"],"acts_visited":["Exordium","TheCity","TheBeyond"],"potions_floor_usage":[33,40,50,50,50],"damage_taken":[{"damage":0.0,"enemies":"Small Slimes","floor":1.0,"turns":4.0},{"damage":0.0,"enemies":"2 Louse","floor":4.0,"turns":4.0},{"damage":21.0,"enemies":"Lagavulin","floor":6.0,"turns":8.0},{"damage":0.0,"enemies":"Jaw Worm","floor":7.0,"turns":6.0},{"damage":0.0,"enemies":"Gremlin Nob","floor":11.0,"turns":2.0},{"damage":0.0,"enemies":"Blue Slaver","floor":12.0,"turns":5.0},{"damage":9.0,"enemies":"Lagavulin","floor":13.0,"turns":4.0},{"damage":32.0,"enemies":"Slime Boss","floor":16.0,"turns":13.0},{"damage":2.0,"enemies":"Shell Parasite","floor":18.0,"turns":4.0},{"damage":2.0,"enemies":"Chosen","floor":19.0,"turns":3.0},{"damage":12.0,"enemies":"Gremlin Leader","floor":23.0,"turns":4.0},{"damage":12.0,"enemies":"Book of Stabbing","floor":25.0,"turns":4.0},{"damage":7.0,"enemies":"Snake Plant","floor":29.0,"turns":3.0},{"damage":0.0,"enemies":"3 Cultists","floor":31.0,"turns":3.0},{"damage":57,"enemies":"Automaton","floor":33,"turns":8},{"damage":9,"enemies":"3 Shapes","floor":35,"turns":3},{"damage":23,"enemies":"Nemesis","floor":40,"turns":3},{"damage":0,"enemies":"Reptomancer","floor":42,"turns":3},{"damage":0,"enemies":"Orb Walker","floor":44,"turns":2},{"damage":8,"enemies":"Writhing Mass","floor":45,"turns":3},{"damage":9,"enemies":"4 Shapes","floor":47,"turns":2},{"damage":33,"enemies":"Spire Growth","floor":48,"turns":4},{"damage":12,"enemies":"Awakened One","floor":50,"turns":7}],"seed_played":"1207043816049880931","potions_obtained":[{"floor":1.0,"key":"Strength Potion"},{"floor":7.0,"key":"Fire Potion"},{"floor":11.0,"key":"Explosive Potion"},{"floor":23.0,"key":"Fire Potion"},{"floor":25.0,"key":"Dexterity Potion"},{"floor":33,"key":"LiquidBronze"},{"floor":35,"key":"AttackPotion"},{"floor":42,"key":"Poison Potion"},{"floor":44,"key":"Explosive Potion"}],"is_trial":false,"path_per_floor":["M","?","?","M","?","E","M","?","T","T","E","M","E","$","R","B",null,"M","M","$","?","?","E","R","E","T","$","R","M","R","M","R","B",null,"M","$","?","?","?","E","R","E","T","M","M","?","M","M","R","B",null],"character_chosen":"THE_SILENT","items_purchased":["Accuracy","TheAbacus","Anchor"],"campfire_rested":1,"item_purchase_floors":[14,14,36],"current_hp_per_floor":[63,63,68,68,68,47,47,36,36,43,43,43,34,34,34,2,58,56,54,54,54,54,42,42,30,30,30,67,60,60,60,60,8,59,50,50,50,50,50,32,32,32,32,32,24,63,54,21,21,24],"gold":151,"neow_bonus":"REMOVE_TWO","is_daily":false,"chose_seed":false,"campfire_upgraded":6,"win_rate":0.0,"timestamp":1611510273,"path_taken":["M","?","?","M","?","E","M","?","T","?","E","M","E","?","R","BOSS","M","M","$","?","?","E","R","E","T","$","R","M","R","M","R","BOSS","M","$","?","?","?","E","R","E","T","M","M","?","M","M","R","BOSS"],"items_purchased_type":["Card","Relic","Relic"],"build_version":"2020-12-22","purchased_purges":3,"victory":true,"max_hp_per_floor":[70,70,75,75,69,69,69,69,69,76,76,76,76,76,76,76,76,76,76,76,76,76,76,76,76,76,76,76,76,76,76,76,76,76,76,76,72,72,72,72,72,72,72,72,72,63,63,63,63,63],"card_choices":[{"not_picked":["Flechettes","Cloak And Dagger"],"picked":"PiercingWail","floor":1.0},{"not_picked":["Blade Dance","Prepared"],"picked":"Cloak And Dagger","floor":4.0},{"not_picked":["Terror","Choke"],"picked":"Endless Agony","floor":6.0},{"not_picked":["PiercingWail","Underhanded Strike"],"picked":"Finisher","floor":7.0},{"not_picked":["Prepared","Burst"],"picked":"Accuracy","floor":11.0},{"not_picked":["Dagger Spray","Poisoned Stab"],"picked":"Infinite Blades","floor":12.0},{"not_picked":["Deadly Poison","Dodge and Roll"],"picked":"Calculated Gamble","floor":13.0},{"not_picked":["Corpse Explosion","Venomology"],"picked":"Adrenaline","floor":16.0},{"not_picked":["PiercingWail","All Out Attack"],"picked":"Cloak And Dagger","floor":18.0},{"not_picked":["Poisoned Stab","Skewer"],"picked":"Cloak And Dagger","floor":19.0},{"not_picked":["Deadly Poison","Prepared","Flying Knee"],"picked":"SKIP","floor":23.0},{"not_picked":["Cloak And Dagger","Tools of the Trade","All Out Attack+1"],"picked":"SKIP","floor":25.0},{"not_picked":["Poisoned Stab","Slice","Accuracy"],"picked":"SKIP","floor":29.0},{"not_picked":["Slice","Accuracy","Underhanded Strike"],"picked":"SKIP","floor":31.0},{"not_picked":["Die Die Die","Venomology"],"picked":"Envenom","floor":33},{"not_picked":["Acrobatics","Dodge and Roll"],"picked":"Blade Dance","floor":35},{"not_picked":["Sucker Punch","Blade Dance+1","Blur"],"picked":"SKIP","floor":40},{"not_picked":["Bane","Underhanded Strike+1","Quick Slash+1"],"picked":"SKIP","floor":42},{"not_picked":["Setup","Dagger Throw","Dagger Spray+1"],"picked":"SKIP","floor":44},{"not_picked":["Caltrops","Flechettes+1","Flying Knee+1"],"picked":"SKIP","floor":45},{"not_picked":["Dagger Spray+1","Concentrate","Deflect+1"],"picked":"SKIP","floor":47},{"not_picked":["Setup","Deadly Poison","Well Laid Plans"],"picked":"SKIP","floor":48}],"player_experience":506928,"relics_obtained":[{"floor":6.0,"key":"Regal Pillow"},{"floor":9.0,"key":"PreservedInsect"},{"floor":10.0,"key":"Strawberry"},{"floor":11.0,"key":"Orichalcum"},{"floor":13.0,"key":"Omamori"},{"floor":23.0,"key":"Snake Skull"},{"floor":25.0,"key":"Boot"},{"floor":26.0,"key":"Toy Ornithopter"},{"floor":40,"key":"Bag of Marbles"},{"floor":42,"key":"Tough Bandages"},{"floor":43,"key":"StrikeDummy"}],"event_choices":[{"cards_removed":["Defend_G"],"damage_healed":0.0,"max_hp_gain":0.0,"max_hp_loss":0.0,"gold_gain":0.0,"event_name":"Living Wall","player_choice":"Forget","floor":2.0,"gold_loss":0.0,"damage_taken":0.0},{"damage_healed":0.0,"max_hp_gain":5.0,"max_hp_loss":0.0,"gold_gain":0.0,"event_name":"Big Fish","player_choice":"Donut","floor":3.0,"gold_loss":0.0,"damage_taken":0.0},{"damage_healed":0.0,"max_hp_gain":0.0,"max_hp_loss":6.0,"gold_gain":0.0,"event_name":"Golden Idol","player_choice":"Lose Max HP","floor":5.0,"gold_loss":0.0,"damage_taken":0.0,"relics_obtained":["Golden Idol"]},{"damage_healed":0.0,"max_hp_gain":0.0,"max_hp_loss":0.0,"gold_gain":75.0,"event_name":"World of Goop","player_choice":"Gather Gold","floor":8.0,"gold_loss":0.0,"damage_taken":11.0},{"damage_healed":0.0,"max_hp_gain":0.0,"max_hp_loss":0.0,"gold_gain":0.0,"event_name":"The Library","player_choice":"Read","floor":21.0,"gold_loss":0.0,"damage_taken":0.0,"cards_obtained":["Expertise"]},{"damage_healed":0.0,"max_hp_gain":0.0,"max_hp_loss":0.0,"gold_gain":0.0,"event_name":"The Mausoleum","player_choice":"Ignored","floor":22.0,"gold_loss":0.0,"damage_taken":0.0},{"damage_healed":0,"gold_gain":0,"player_choice":"Max HP","damage_taken":0,"max_hp_gain":0,"max_hp_loss":4,"event_name":"Winding Halls","floor":37,"gold_loss":0},{"damage_healed":0,"gold_gain":0,"player_choice":"Ignored","damage_taken":0,"max_hp_gain":0,"max_hp_loss":0,"event_name":"Mysterious Sphere","floor":38,"gold_loss":0},{"damage_healed":0,"gold_gain":0,"player_choice":"Paid","damage_taken":0,"relics_obtained":["Red Mask"],"max_hp_gain":0,"max_hp_loss":0,"event_name":"Tomb of Lord Red Mask","floor":39,"gold_loss":84},{"damage_healed":63,"gold_gain":0,"player_choice":"Heal","damage_taken":0,"max_hp_gain":0,"max_hp_loss":9,"event_name":"The Moai Head","floor":46,"gold_loss":0}],"is_beta":false,"boss_relics":[{"not_picked":["Philosopher\u0027s Stone","Ectoplasm"],"picked":"WristBlade"},{"not_picked":["Runic Pyramid","SacredBark"],"picked":"Coffee Dripper"}],"items_purged_floors":[14,20,27],"is_endless":false,"potions_floor_spawned":[1,7,11,23,25,33,35,42,44,45],"ascension_level":9}}