{"host":"hszimsrtxxc2k25w","time":1611512348,"event":{"mods":["AchievementEnabler","BaseMod","Colored Map","DeckTracker","Minty Spire (QoL Compilation)","Rare Cards Sparkle","SuperFastMode"],"gold_per_floor":[111,122,122,122,122,122,157,171,171,171,187,262,280,293,293,370,370,383,308,308,308],"floor_reached":20,"language":"KOR","playtime":368,"items_purged":[],"score":348,"play_id":"25be1d3d-2a97-4405-be78-14c665b518c5","local_time":"20210125031908","is_ascension_mode":true,"campfire_choices":[{"data":"Rampage","floor":6,"key":"SMITH"},{"floor":10,"key":"REST"},{"floor":15,"key":"REST"}],"circlet_count":0,"master_deck":["AscendersBane","Strike_R","Strike_R","Strike_R","Defend_R","Defend_R","Defend_R+1","Defend_R","Bash+1","Purity+1","Shrug It Off","Rampage+1","Rage","Shrug It Off","Double Tap"],"relics":["Burning Blood","War Paint","Ice Cream","Shuriken","Black Star"],"acts_visited":["Exordium","TheCity"],"potions_floor_usage":[16,20],"damage_taken":[{"damage":2,"enemies":"2 Louse","floor":1,"turns":3},{"damage":14,"enemies":"Jaw Worm","floor":2,"turns":5},{"damage":20,"enemies":"Lagavulin","floor":7,"turns":5},{"damage":16,"enemies":"Small Slimes","floor":8,"turns":3},{"damage":16,"enemies":"3 Louse","floor":11,"turns":5},{"damage":7,"enemies":"Blue Slaver","floor":13,"turns":3},{"damage":0,"enemies":"2 Fungi Beasts","floor":14,"turns":4},{"damage":38,"enemies":"Slime Boss","floor":16,"turns":7},{"damage":40,"enemies":"Shell Parasite","floor":18,"turns":5},{"damage":26,"enemies":"Masked Bandits","floor":20,"turns":2}],"seed_played":"7324672191948273809","potions_obtained":[{"floor":1,"key":"ColorlessPotion"},{"floor":13,"key":"Strength Potion"},{"floor":16,"key":"SkillPotion"}],"is_trial":false,"path_per_floor":["M","M","?","T","?","R","E","M","T","R","M","?","M","M","R","B",null,"M","?","?"],"character_chosen":"IRONCLAD","items_purchased":[],"campfire_rested":2,"item_purchase_floors":[],"current_hp_per_floor":[72,64,64,64,41,41,27,17,17,39,29,18,17,23,45,13,60,26,26,0,0],"gold":308,"neow_bonus":"RANDOM_COLORLESS","is_daily":false,"chose_seed":false,"campfire_upgraded":1,"win_rate":0.0,"timestamp":1611512348,"path_taken":["M","M","?","?","?","R","E","M","T","R","?","?","M","M","R","BOSS","M","?","?"],"items_purchased_type":[],"build_version":"2020-12-22","purchased_purges":0,"victory":false,"max_hp_per_floor":[75,75,75,75,75,75,75,75,75,75,75,75,75,75,75,75,75,75,75,75,75],"card_choices":[{"not_picked":["Bandage Up","Good Instincts"],"picked":"Purity","floor":0},{"not_picked":["Clash","Headbutt"],"picked":"Shrug It Off","floor":1},{"not_picked":["Headbutt","Metallicize"],"picked":"Rampage","floor":2},{"not_picked":["Pummel","Iron Wave","Sword Boomerang"],"picked":"SKIP","floor":7},{"not_picked":["Twin Strike","Body Slam"],"picked":"Rage","floor":8},{"not_picked":["Sword Boomerang","Anger","Body Slam"],"picked":"SKIP","floor":11},{"not_picked":["Body Slam","Pummel","Bloodletting"],"picked":"SKIP","floor":13},{"not_picked":["Heavy Blade","Iron Wave"],"picked":"Shrug It Off","floor":14},{"not_picked":["Exhume","Berserk"],"picked":"Double Tap","floor":16},{"not_picked":["Heavy Blade","Headbutt","Armaments"],"picked":"SKIP","floor":18}],"player_experience":639373,"relics_obtained":[{"floor":4,"key":"War Paint"},{"floor":7,"key":"Ice Cream"},{"floor":9,"key":"Shuriken"}],"event_choices":[{"cards_removed":["Strike_R"],"damage_healed":0,"gold_gain":0,"player_choice":"Forget","damage_taken":0,"max_hp_gain":0,"max_hp_loss":0,"event_name":"Living Wall","floor":3,"gold_loss":0},{"damage_healed":0,"gold_gain":0,"player_choice":"Entered Light","damage_taken":23,"max_hp_gain":0,"max_hp_loss":0,"event_name":"Shining Light","floor":5,"gold_loss":0,"cards_upgraded":["Bash","Strike_R"]},{"damage_healed":0,"gold_gain":75,"player_choice":"Gather Gold","damage_taken":11,"max_hp_gain":0,"max_hp_loss":0,"event_name":"World of Goop","floor":12,"gold_loss":0},{"cards_removed":["Strike_R"],"damage_healed":0,"gold_gain":0,"player_choice":"Gave Gold","damage_taken":0,"max_hp_gain":0,"max_hp_loss":0,"event_name":"Beggar","floor":19,"gold_loss":75},{"damage_healed":0,"gold_gain":0,"player_choice":"Fought Bandits","damage_taken":0,"max_hp_gain":0,"max_hp_loss":0,"event_name":"Masked Bandits","floor":20,"gold_loss":0}],"is_beta":false,"boss_relics":[{"not_picked":["Runic Cube","Velvet Choker"],"picked":"Black Star"}],"items_purged_floors":[],"is_endless":false,"potions_floor_spawned":[1,13,14,16,18],"killed_by":"Masked Bandits","ascension_level":20}}