{"host":"4jkyggjfmxcpengt","time":1611522261,"event":{"mods":["AchievementEnabler","BaseMod","Better Note","Block Reminder","Colored Powertips","Fiend Mod","Hermit","Minty Spire (QoL Compilation)","Quick Restart","Replay The Spire","SacredBarkPlus","StSLib","The Animator","Transform Curses","Unceasing Turn Reminder"],"gold_per_floor":[118,118,133,150,150,175,175,205,230,243,268,268,81,157,157,253,253,269,163,174,25,39,68,68,79,129,129,129,129,157,176,176,278,278,291,86,106,106,106,27,81,81,81,81,97,117,134,150,150,150],"floor_reached":51,"language":"SPA","playtime":3839,"items_purged":["Warcry","Pain","Strike_R"],"score":795,"play_id":"5ca5fe00-f470-4200-bc4c-42588731c411","local_time":"20210124220421","is_ascension_mode":true,"campfire_choices":[{"floor":7,"key":"REST"},{"data":"True Grit","floor":12,"key":"SMITH"},{"floor":15,"key":"REST"},{"data":"Disarm","floor":24,"key":"SMITH"},{"data":"Shockwave","floor":28,"key":"SMITH"},{"floor":32,"key":"DIG"},{"data":"Rampage","floor":42,"key":"SMITH"},{"data":"Immolate","floor":44,"key":"SMITH"},{"floor":49,"key":"REST"}],"circlet_count":0,"master_deck":["AscendersBane","Strike_R","Strike_R","Strike_R","Defend_R","Defend_R","Defend_R+1","Defend_R","Bash","Purity","Blood for Blood","True Grit+1","Cleave","Sentinel","Combust","Sever Soul","Immolate+1","Clash","Fiend Fire","Metallicize+1","Disarm+1","Shockwave+1","Decay","Headbutt+1","Exhume+1","Dark Embrace+1","Spot Weakness+1","Dark Shackles","Rampage+1","Rage+1","Metallicize+1","Barricade+1"],"relics":["Burning Blood","Mercury Hourglass","Gambling Chip","ReplayTheSpireMod:Spearhead","Pet Ghost","ReplayTheSpireMod:TigerMarble","Frozen Egg 2","Painkiller Herb","ReplayTheSpireMod:CursedCoin","PreservedInsect","Centennial Puzzle","MealTicket","Counterbalance","ReplayFunnel","SlaversCollar","Smiling Mask","War Paint"],"acts_visited":["Exordium","TheCity","TheBeyond"],"potions_floor_usage":[11,12,48,50,50,50],"damage_taken":[{"damage":8,"enemies":"2 Louse","floor":1,"turns":5},{"damage":8,"enemies":"Jaw Worm","floor":3,"turns":5},{"damage":3,"enemies":"Small Slimes","floor":4,"turns":5},{"damage":43,"enemies":"Replay:BlueRogue","floor":6,"turns":11},{"damage":45,"enemies":"Lagavulin","floor":8,"turns":7},{"damage":0,"enemies":"2 Fungi Beasts","floor":10,"turns":2},{"damage":0,"enemies":"3 Sentries","floor":11,"turns":7},{"damage":39,"enemies":"Fading Forest","floor":16,"turns":11},{"damage":2,"enemies":"3 Byrds","floor":18,"turns":3},{"damage":0,"enemies":"Spheric Guardian","floor":20,"turns":2},{"damage":11,"enemies":"Snecko","floor":22,"turns":3},{"damage":14,"enemies":"Slavers","floor":23,"turns":3},{"damage":17,"enemies":"Snake Plant","floor":25,"turns":4},{"damage":6,"enemies":"Gremlin Leader","floor":30,"turns":5},{"damage":9,"enemies":"Cultist and Chosen","floor":31,"turns":5},{"damage":54,"enemies":"Automaton","floor":33,"turns":8},{"damage":46,"enemies":"3 Darklings","floor":35,"turns":4},{"damage":15,"enemies":"3 Shapes","floor":37,"turns":5},{"damage":18,"enemies":"Spire Growth","floor":45,"turns":5},{"damage":21,"enemies":"3 Darklings","floor":46,"turns":7},{"damage":9,"enemies":"Writhing Mass","floor":47,"turns":5},{"damage":15,"enemies":"Spire Growth","floor":48,"turns":4},{"damage":39,"enemies":"Replay:Hell Engine","floor":50,"turns":12}],"seed_played":"-5564656994781213167","potions_obtained":[{"floor":6,"key":"HeartOfIron"},{"floor":8,"key":"FearPotion"},{"floor":11,"key":"Fruit Juice"},{"floor":18,"key":"PowerPotion"},{"floor":22,"key":"Cursed Concoction"},{"floor":33,"key":"ElixirPotion"},{"floor":48,"key":"DistilledChaos"}],"is_trial":false,"path_per_floor":["M","?","M","M","T","E","R","E","T","M","E","R","$","T","R","B",null,"?","T","?","T","?","E","T","?","T","?","T","?","E","?","T","B",null,"?","T","?","?","?","T","T","T","T","T","?","?","?","?","T","B",null],"character_chosen":"IRONCLAD","items_purchased":["Combust","Sever Soul","ReplayTheSpireMod:CursedCoin","PreservedInsect","Fiend Fire","Dark Embrace+1","Rampage"],"campfire_rested":3,"item_purchase_floors":[13,13,19,19,21,36,40],"current_hp_per_floor":[70,63,61,64,64,27,51,12,12,18,24,29,29,29,54,31,72,76,76,82,82,80,72,72,61,61,61,61,61,61,58,58,10,66,26,41,32,74,74,74,74,74,74,74,62,47,44,35,57,24],"gold":150,"neow_bonus":"RANDOM_COLORLESS","is_daily":false,"chose_seed":false,"campfire_upgraded":5,"win_rate":0.0,"timestamp":1611522261,"path_taken":["M","?","M","M","?","E","R","E","T","M","E","R","?","?","R","BOSS","?","T","?","T","?","E","T","?","T","?","T","?","E","?","T","BOSS","?","T","?","?","?","?","?","T","T","T","?","?","?","?","T","BOSS"],"items_purchased_type":["Card","Card","Relic","Relic","Card","Card","Card"],"build_version":"2020-12-22","purchased_purges":3,"victory":true,"max_hp_per_floor":[80,80,80,80,80,80,80,80,80,80,80,85,85,85,85,85,85,85,85,85,85,85,85,85,85,85,85,85,85,85,85,85,85,85,85,85,85,74,74,74,74,74,74,74,74,74,74,74,74,74],"card_choices":[{"not_picked":["Impatience","Mind Blast"],"picked":"Purity","floor":0},{"not_picked":["Sword Boomerang","Power Through"],"picked":"Blood for Blood","floor":1},{"not_picked":["Dual Wield","Armaments"],"picked":"True Grit","floor":3},{"not_picked":["Wild Strike","Run Through","Replay:Undeath\u0027s Touch"],"picked":"SKIP","floor":4},{"not_picked":["Pummel","True Grit"],"picked":"Warcry","floor":6},{"not_picked":["Clash","Thunderclap"],"picked":"Cleave","floor":8},{"not_picked":["Body Slam","Metallicize"],"picked":"Sentinel","floor":10},{"not_picked":["ReplayTheSpireMod:Corrosion Curse","Warcry","Dropkick"],"picked":"SKIP","floor":11},{"not_picked":["Eclipse","Brutality+1"],"picked":"Immolate","floor":16},{"not_picked":["Heavy Blade","Body Slam"],"picked":"Clash","floor":18},{"not_picked":["Armaments","Clash","Havoc"],"picked":"SKIP","floor":20},{"not_picked":["Perfected Strike+1","Twin Strike"],"picked":"Metallicize+1","floor":22},{"not_picked":["Seeing Red","Brutality+1"],"picked":"Disarm","floor":23},{"not_picked":["Perfected Strike","Battle Trance"],"picked":"Shockwave","floor":25},{"not_picked":["Warcry","Thunderclap","Havoc+1"],"picked":"SKIP","floor":30},{"not_picked":["Life Link+1","Thunderclap+1"],"picked":"Headbutt+1","floor":31},{"not_picked":["Juggernaut+1","Eclipse"],"picked":"Exhume","floor":33},{"not_picked":["Headbutt","Run Through"],"picked":"Spot Weakness+1","floor":37},{"not_picked":["Impatience","Enlightenment"],"picked":"Dark Shackles","floor":39},{"not_picked":["Shrug It Off","Thunderclap"],"picked":"Rage+1","floor":45},{"not_picked":["Havoc","Twin Strike"],"picked":"Metallicize+1","floor":46},{"not_picked":["Shrug It Off+1","Flex+1"],"picked":"Barricade+1","floor":47},{"not_picked":["ReplayTheSpireMod:Strike From Hell","Wild Strike","Cleave+1"],"picked":"SKIP","floor":48}],"player_experience":1011385,"relics_obtained":[{"floor":5,"key":"Mercury Hourglass"},{"floor":6,"key":"Gambling Chip"},{"floor":8,"key":"ReplayTheSpireMod:Spearhead"},{"floor":9,"key":"Pet Ghost"},{"floor":11,"key":"ReplayTheSpireMod:TigerMarble"},{"floor":14,"key":"Frozen Egg 2"},{"floor":23,"key":"Centennial Puzzle"},{"floor":26,"key":"MealTicket"},{"floor":30,"key":"Counterbalance"},{"floor":32,"key":"ReplayFunnel"},{"floor":41,"key":"Smiling Mask"},{"floor":43,"key":"War Paint"}],"event_choices":[{"cards_removed":["Strike_R"],"damage_healed":0,"gold_gain":0,"player_choice":"Card Removal","damage_taken":7,"max_hp_gain":0,"max_hp_loss":0,"event_name":"Golden Wing","floor":2,"gold_loss":0},{"damage_healed":0,"gold_gain":0,"player_choice":"Ignored","damage_taken":0,"max_hp_gain":0,"max_hp_loss":0,"event_name":"Ghosts","floor":27,"gold_loss":0},{"damage_healed":0,"gold_gain":0,"player_choice":"Smashed Altar","damage_taken":0,"max_hp_gain":0,"max_hp_loss":0,"event_name":"Forgotten Altar","floor":29,"gold_loss":0,"cards_obtained":["Decay"]},{"damage_healed":74,"gold_gain":0,"player_choice":"Heal","damage_taken":0,"max_hp_gain":0,"max_hp_loss":11,"event_name":"The Moai Head","floor":38,"gold_loss":0},{"damage_healed":0,"gold_gain":0,"player_choice":"Memory 1","damage_taken":0,"max_hp_gain":0,"max_hp_loss":0,"event_name":"SensoryStone","floor":39,"gold_loss":0}],"is_beta":false,"boss_relics":[{"not_picked":["Replay:Drink Me","Snecko Eye"],"picked":"Painkiller Herb"},{"not_picked":["Abe\u0027s Treasure","Runic Pyramid"],"picked":"SlaversCollar"}],"items_purged_floors":[13,19,36],"is_endless":false,"potions_floor_spawned":[6,8,11,18,22,23,31,33,37,47,48],"ascension_level":10}}