{"host":"p090fjik2phvjstn","time":1611530394,"event":{"mods":["AchievementEnabler","BaseMod","Block Reminder","Colored Powertips","Minty Spire (QoL Compilation)","Quick Restart","Synergy Search"],"gold_per_floor":[112,112,130,29,45,73,52,52,52,4,33,33,45,61,61,156,156,126,126,140,140,140,140],"floor_reached":22,"language":"ENG","playtime":1047,"items_purged":[],"score":262,"play_id":"6547f7bb-c8a9-474b-9c88-b88aa74d70b3","local_time":"20210124231954","is_ascension_mode":true,"campfire_choices":[{"floor":8.0,"key":"REST"},{"floor":12.0,"key":"REST"},{"data":"Accuracy","floor":15.0,"key":"SMITH"}],"circlet_count":0,"master_deck":["Strike_G","Strike_G","Strike_G","Strike_G","Defend_G","Defend_G","Defend_G","Defend_G","Defend_G","Survivor","Neutralize","Dagger Throw","Finisher","Blade Dance","Accuracy+1","Backflip","Predator","Dagger Spray","Dodge and Roll","A Thousand Cuts","PiercingWail","After Image","Accuracy","Decay","Prepared+1"],"relics":["Ring of the Snake","Sundial","Paper Crane","StoneCalendar","Runic Pyramid","Matryoshka"],"acts_visited":["Exordium","TheCity"],"potions_floor_usage":[22],"damage_taken":[{"damage":2.0,"enemies":"Jaw Worm","floor":1.0,"turns":4.0},{"damage":0.0,"enemies":"2 Louse","floor":3.0,"turns":3.0},{"damage":0.0,"enemies":"Cultist","floor":5.0,"turns":3.0},{"damage":18.0,"enemies":"Gremlin Nob","floor":6.0,"turns":3.0},{"damage":9.0,"enemies":"Lagavulin","floor":11.0,"turns":10.0},{"damage":2.0,"enemies":"Looter","floor":13.0,"turns":4.0},{"damage":3.0,"enemies":"3 Louse","floor":14.0,"turns":2.0},{"damage":24.0,"enemies":"The Guardian","floor":16.0,"turns":11.0},{"damage":36.0,"enemies":"2 Thieves","floor":18.0,"turns":5.0},{"damage":17.0,"enemies":"3 Byrds","floor":20.0,"turns":5.0},{"damage":10,"enemies":"Snake Plant","floor":22,"turns":5}],"seed_played":"8827360110967059318","potions_obtained":[{"floor":1.0,"key":"Explosive Potion"},{"floor":11.0,"key":"EssenceOfSteel"},{"floor":14.0,"key":"Fire Potion"},{"floor":18.0,"key":"Swift Potion"}],"is_trial":false,"path_per_floor":["M","?","M","$","M","E","?","R","T","$","E","R","M","M","R","B",null,"M","?","M","?","M"],"character_chosen":"THE_SILENT","items_purchased":["Accuracy","Backflip","Dodge and Roll"],"campfire_rested":2,"item_purchase_floors":[4,4,10],"current_hp_per_floor":[61,54,54,54,54,36,36,57,57,57,48,69,67,64,64,40,63,27,27,10,10,0,0],"gold":140,"neow_bonus":"THREE_CARDS","is_daily":false,"chose_seed":false,"campfire_upgraded":1,"win_rate":0.0,"timestamp":1611530394,"path_taken":["M","?","M","$","M","E","?","R","T","$","E","R","M","M","R","BOSS","M","?","?","?","M"],"items_purchased_type":["Card","Card","Card"],"build_version":"2020-12-22","purchased_purges":0,"victory":false,"max_hp_per_floor":[70,70,70,70,70,70,70,70,70,70,70,70,70,70,70,70,70,70,70,70,70,70,70],"card_choices":[{"not_picked":["Deflect","Underhanded Strike"],"picked":"Dagger Throw","floor":0.0},{"not_picked":["Distraction","Choke"],"picked":"Finisher","floor":1.0},{"not_picked":["Underhanded Strike","Cloak And Dagger"],"picked":"Blade Dance","floor":3.0},{"not_picked":["Backflip","Outmaneuver"],"picked":"Predator","floor":5.0},{"not_picked":["All Out Attack","Endless Agony"],"picked":"Dagger Spray","floor":6.0},{"not_picked":["Poisoned Stab","Cloak And Dagger"],"picked":"A Thousand Cuts","floor":11.0},{"not_picked":["Bane","Skewer"],"picked":"PiercingWail","floor":13.0},{"not_picked":["Deadly Poison","Dodge and Roll","Bane"],"picked":"SKIP","floor":14.0},{"not_picked":["Malaise","Unload"],"picked":"After Image","floor":16.0},{"not_picked":["Expertise","Flying Knee"],"picked":"Accuracy","floor":18.0},{"not_picked":["Backflip","Bouncing Flask+1"],"picked":"Prepared+1","floor":20.0}],"player_experience":522030,"relics_obtained":[{"floor":6.0,"key":"Sundial"},{"floor":9.0,"key":"Paper Crane"},{"floor":11.0,"key":"StoneCalendar"}],"event_choices":[{"cards_removed":["Strike_G"],"damage_healed":0.0,"max_hp_gain":0.0,"max_hp_loss":0.0,"gold_gain":0.0,"event_name":"Golden Wing","player_choice":"Card Removal","floor":2.0,"gold_loss":0.0,"damage_taken":7.0},{"damage_healed":0.0,"max_hp_gain":0.0,"max_hp_loss":0.0,"gold_gain":0.0,"event_name":"World of Goop","player_choice":"Left Gold","floor":7.0,"gold_loss":21.0,"damage_taken":0.0},{"damage_healed":0.0,"max_hp_gain":0.0,"max_hp_loss":0.0,"gold_gain":0.0,"event_name":"Wheel of Change","player_choice":"Cursed","floor":19.0,"gold_loss":0.0,"damage_taken":0.0,"cards_obtained":["Decay"]},{"damage_healed":0.0,"max_hp_gain":0.0,"max_hp_loss":0.0,"gold_gain":0.0,"event_name":"The Mausoleum","player_choice":"Opened","floor":21.0,"gold_loss":0.0,"damage_taken":0.0,"relics_obtained":["Matryoshka"]}],"is_beta":false,"boss_relics":[{"not_picked":["Snecko Eye","Fusion Hammer"],"picked":"Runic Pyramid"}],"items_purged_floors":[],"is_endless":false,"potions_floor_spawned":[1,11,14,18],"killed_by":"Snake Plant","ascension_level":7}}