{"host":"fr3ip57hl52y255p","time":1611492957,"event":{"mods":["Act Like it!","Arknights The Spire","BaseMod","Challenge The Spire","Colored Powertips","Downfall","Good Game Mod","Luminous","Mari Mod (Legacy)","Mari\u0027s V1 Patch","Minty Spire (QoL Compilation)","READ ME - Guardian Mod","Relic Filter Mod","Relic Stats","StSLib","The Hierophant","UnlockEverythingMod","[GremlinLeader]The Maniac"],"gold_per_floor":[99,110,130,143,155,173,196,221,221,221,221,235,235,235,250,250,250,250],"floor_reached":16,"language":"ZHS","playtime":1369,"items_purged":[],"score":104,"play_id":"048df742-0319-4927-b23c-f83082e34035","local_time":"20210124205557","is_ascension_mode":false,"campfire_choices":[{"data":"bronze:Goto","floor":1,"key":"SMITH"},{"data":"bronze:Allocate","floor":9,"key":"SMITH"},{"data":"Vault","floor":13,"key":"SMITH"}],"circlet_count":0,"master_deck":["bronze:Strike","bronze:Strike","bronze:Strike","bronze:Strike","bronze:Defend","bronze:Defend","bronze:Defend","bronze:Defend","bronze:Replicate","bronze:Goto+1","bronze:Constructor","Vault+1","bronze:Invalidate","bronze:CutThrough","bronze:Allocate+1","bronze:Fortify","bronze:Frontload","bronze:Shell","bronze:BronzeOrb"],"relics":["bronze:BronzeCore","REME:ComplimentaryCards","Centennial Puzzle","Omamori","Nunchaku","MealTicket"],"acts_visited":["Exordium"],"potions_floor_usage":[8],"damage_taken":[{"damage":1,"enemies":"Cultist","floor":2,"turns":4},{"damage":11,"enemies":"2 Louse","floor":3,"turns":3},{"damage":7,"enemies":"Small Slimes","floor":4,"turns":5},{"damage":0,"enemies":"3 Louse","floor":5,"turns":4},{"damage":5,"enemies":"2 Fungi Beasts","floor":6,"turns":4},{"damage":26,"enemies":"3 Sentries","floor":8,"turns":9},{"damage":1,"enemies":"Large Slime","floor":12,"turns":7},{"damage":12,"enemies":"Lots of Slimes","floor":15,"turns":7},{"damage":0,"enemies":"DF_ARCHETYPE_STREAMLINE","floor":16,"turns":1}],"seed_played":"-3022952928242038050","potions_obtained":[{"floor":4,"key":"SkillPotion"},{"floor":5,"key":"SpeedPotion"}],"is_trial":false,"path_per_floor":["R","M","M","M","M","M","T","E","R","?","?","M","R","?","M","B"],"character_chosen":"THE_AUTOMATON","items_purchased":[],"campfire_rested":0,"item_purchase_floors":[],"current_hp_per_floor":[70,69,58,51,51,46,46,20,20,20,20,19,19,16,4,4,4,4],"gold":250,"neow_bonus":"THREE_CARDS","is_daily":false,"chose_seed":false,"campfire_upgraded":3,"win_rate":0.0,"timestamp":1611492957,"path_taken":["R","M","M","M","?","M","T","E","R","?","?","M","R","?","M","BOSS"],"items_purchased_type":[],"build_version":"2020-12-22","purchased_purges":0,"victory":false,"max_hp_per_floor":[70,70,70,70,70,70,70,70,70,70,70,70,70,70,70,70,70,70],"relic_stats":{"Centennial Puzzle":[9],"Nunchaku":[2],"counters":[9,44],"MealTicket":0,"obtain_stats":[{"REME:ComplimentaryCards":0,"Centennial Puzzle":7,"Nunchaku":11,"bronze:BronzeCore":0,"MealTicket":14,"Omamori":8},{"REME:ComplimentaryCards":0,"Centennial Puzzle":5,"Nunchaku":6,"bronze:BronzeCore":0,"MealTicket":7,"Omamori":6},{"REME:ComplimentaryCards":0,"Centennial Puzzle":20,"Nunchaku":29,"bronze:BronzeCore":0,"MealTicket":36,"Omamori":29}]},"card_choices":[{"not_picked":["bronze:Flail","bronze:Overheat"],"picked":"bronze:Constructor","floor":0},{"not_picked":["bronze:DelayedSlice","bronze:BronzeArmor"],"picked":"bronze:Invalidate","floor":2},{"not_picked":["bronze:Branch","bronze:Overheat"],"picked":"bronze:CutThrough","floor":3},{"not_picked":["bronze:Return","bronze:GetLatest"],"picked":"bronze:Allocate","floor":4},{"not_picked":["bronze:FollowUp","bronze:BugBarrage"],"picked":"bronze:Fortify","floor":5},{"not_picked":["bronze:Flail","bronze:BuggyMess"],"picked":"bronze:Frontload","floor":6},{"not_picked":["bronze:Shell","bronze:DelayedGuard","bronze:Invalidate"],"picked":"SKIP","floor":8},{"not_picked":["bronze:DelayedGuard","bronze:Invalidate"],"picked":"bronze:Shell","floor":8},{"not_picked":["bronze:OilSpill","bronze:Shell","bronze:CutThrough"],"picked":"SKIP","floor":12},{"not_picked":["bronze:WhirlingStrike","bronze:WildBeam"],"picked":"bronze:BronzeOrb","floor":15}],"player_experience":160553,"relics_obtained":[{"floor":7,"key":"Centennial Puzzle"},{"floor":8,"key":"Omamori"}],"event_choices":[{"damage_healed":0,"gold_gain":0,"player_choice":"Box","damage_taken":0,"relics_obtained":["Nunchaku"],"max_hp_gain":0,"max_hp_loss":0,"event_name":"Big Fish","floor":11,"gold_loss":0,"cards_obtained":["Regret"]},{"damage_healed":0,"gold_gain":0,"player_choice":"Success","damage_taken":3,"relics_obtained":["MealTicket"],"max_hp_gain":0,"max_hp_loss":0,"event_name":"Scrap Ooze","floor":14,"gold_loss":0}],"is_beta":false,"boss_relics":[],"items_purged_floors":[],"is_endless":false,"potions_floor_spawned":[4,5],"killed_by":"DF_ARCHETYPE_STREAMLINE","ascension_level":0}}