{"host":"yn8qackkbxgt4nh1","time":1611486704,"event":{"mods":["BaseMod","Colored Map","Colored Powertips","DeckTracker","Minty Spire (QoL Compilation)","SuperFastMode"],"gold_per_floor":[359,370,80,80,80,80,80,111,111,176,188,202,212,229,229,304,304,314,324,324,239,239,239,239],"floor_reached":23,"language":"KOR","playtime":1161,"items_purged":["Strike_R"],"score":353,"play_id":"d92f8d42-0a66-40df-81f7-0ec1f70247ca","local_time":"20210124201144","is_ascension_mode":true,"campfire_choices":[{"data":"Pommel Strike","floor":6.0,"key":"SMITH"},{"data":"Entrench","floor":15,"key":"SMITH"}],"circlet_count":0,"master_deck":["AscendersBane","Strike_R+1","Strike_R+1","Defend_R","Defend_R","Defend_R","Bash","Pummel","Pommel Strike+1","Barricade","Power Through","Feel No Pain","Impervious","Second Wind","Shrug It Off","Entrench+1","Impervious","Seeing Red","Burning Pact"],"relics":["Burning Blood","Kunai","Question Card","Whetstone","Runic Pyramid","Eternal Feather"],"acts_visited":["Exordium","TheCity"],"potions_floor_usage":[14,23],"damage_taken":[{"damage":7.0,"enemies":"Small Slimes","floor":1.0,"turns":3.0},{"damage":2.0,"enemies":"2 Louse","floor":2.0,"turns":3.0},{"damage":32.0,"enemies":"Gremlin Nob","floor":8.0,"turns":4.0},{"damage":25.0,"enemies":"3 Sentries","floor":10.0,"turns":13.0},{"damage":9.0,"enemies":"Jaw Worm","floor":11.0,"turns":6.0},{"damage":8,"enemies":"3 Louse","floor":12,"turns":5},{"damage":2,"enemies":"2 Fungi Beasts","floor":13,"turns":4},{"damage":2,"enemies":"Gremlin Gang","floor":14,"turns":4},{"damage":6,"enemies":"The Guardian","floor":16,"turns":20},{"damage":0,"enemies":"Chosen","floor":18,"turns":9},{"damage":11,"enemies":"Spheric Guardian","floor":19,"turns":13},{"damage":90,"enemies":"Slavers","floor":23,"turns":15}],"seed_played":"3245861733593172783","potions_obtained":[{"floor":2.0,"key":"Dexterity Potion"},{"floor":8.0,"key":"Swift Potion"},{"floor":12,"key":"FearPotion"},{"floor":14,"key":"Ancient Potion"}],"is_trial":false,"path_per_floor":["M","M","$","?","?","R","?","E","T","?","M","M","M","M","R","B",null,"M","M","?","?","?","E"],"character_chosen":"IRONCLAD","items_purchased":["Barricade","Power Through"],"campfire_rested":0,"item_purchase_floors":[3,3],"current_hp_per_floor":[67,68,68,73,66,66,66,40,40,21,18,16,20,24,24,24,61,67,62,62,62,83,0,0],"gold":239,"neow_bonus":"TWO_FIFTY_GOLD","is_daily":false,"chose_seed":false,"campfire_upgraded":2,"win_rate":0.0,"timestamp":1611486704,"path_taken":["M","M","$","?","?","R","?","E","T","?","M","M","M","M","R","BOSS","M","M","?","?","?","E"],"items_purchased_type":["Card","Card"],"build_version":"2020-12-22","purchased_purges":1,"victory":false,"max_hp_per_floor":[68,68,68,73,73,73,73,73,73,73,73,73,73,73,73,73,73,73,73,73,73,83,83,83],"card_choices":[{"not_picked":["Iron Wave","Thunderclap"],"picked":"Pummel","floor":1.0},{"not_picked":["Bloodletting","Thunderclap"],"picked":"Pommel Strike","floor":2.0},{"not_picked":["Twin Strike","Sword Boomerang"],"picked":"Feel No Pain","floor":8.0},{"not_picked":["Body Slam","Intimidate","Flex"],"picked":"Impervious","floor":10.0},{"not_picked":["True Grit","Pommel Strike","Reckless Charge","Cleave"],"picked":"SKIP","floor":11.0},{"not_picked":["True Grit","Heavy Blade","Warcry"],"picked":"Second Wind","floor":12},{"not_picked":["Clothesline","Thunderclap","Rampage"],"picked":"Shrug It Off","floor":13},{"not_picked":["Headbutt","Bloodletting","Pommel Strike"],"picked":"Entrench","floor":14},{"not_picked":["Bludgeon","Fiend Fire","Berserk"],"picked":"Impervious","floor":16},{"not_picked":["Inflame+1","Sword Boomerang","Headbutt","Disarm"],"picked":"SKIP","floor":18},{"not_picked":["Blood for Blood","Thunderclap","Anger+1"],"picked":"Seeing Red","floor":19}],"player_experience":700464,"relics_obtained":[{"floor":8.0,"key":"Kunai"},{"floor":9.0,"key":"Question Card"},{"floor":10.0,"key":"Whetstone"}],"event_choices":[{"damage_healed":0.0,"max_hp_gain":5.0,"max_hp_loss":0.0,"gold_gain":0.0,"event_name":"Big Fish","player_choice":"Donut","floor":4.0,"gold_loss":0.0,"damage_taken":0.0},{"cards_removed":["Defend_R"],"damage_healed":0.0,"max_hp_gain":0.0,"max_hp_loss":0.0,"gold_gain":0.0,"event_name":"Golden Wing","player_choice":"Card Removal","floor":5.0,"gold_loss":0.0,"damage_taken":7.0},{"damage_healed":0.0,"max_hp_gain":0.0,"max_hp_loss":0.0,"gold_gain":0.0,"event_name":"Liars Game","player_choice":"Ignored","floor":7.0,"gold_loss":0.0,"damage_taken":0.0},{"damage_healed":0.0,"max_hp_gain":0.0,"max_hp_loss":0.0,"gold_gain":0.0,"event_name":"Dead Adventurer","player_choice":"Searched \u00272\u0027 times","floor":10.0,"gold_loss":0.0,"damage_taken":0.0},{"damage_healed":0,"gold_gain":0,"cards_transformed":["Strike_R","Strike_R"],"player_choice":"Became Test Subject","damage_taken":0,"max_hp_gain":0,"max_hp_loss":0,"event_name":"Drug Dealer","floor":20,"gold_loss":0,"cards_obtained":["Barricade","Burning Pact"]},{"damage_healed":0,"gold_gain":0,"player_choice":"Obtained Relic","damage_taken":0,"relics_obtained":["Eternal Feather"],"max_hp_gain":0,"max_hp_loss":0,"event_name":"Addict","floor":21,"gold_loss":85},{"cards_removed":["Barricade"],"damage_healed":11,"gold_gain":0,"player_choice":"Offered Rare","damage_taken":0,"max_hp_gain":10,"max_hp_loss":0,"event_name":"Bonfire Elementals","floor":22,"gold_loss":0}],"is_beta":false,"boss_relics":[{"not_picked":["Sozu","Calling Bell"],"picked":"Runic Pyramid"}],"items_purged_floors":[3],"is_endless":false,"potions_floor_spawned":[2,8,12,14,19],"killed_by":"Slavers","ascension_level":17}}