{"host":"ojezjkpqju62j8xy","time":1611465793,"event":{"mods":["ATMod(°¢èªMod)","Act Like it!","Aspiration","BaseMod","Conspire","Minty Spire (QoL Compilation)","Pale of the Ancients","Replay The Spire","Spicy Shops","StSLib","[GremlinLeader]The Maniac","¡¾ÒÅÎï¿¨ÅÆ¡¿REMEMod","²ÐÁôÖ®Îï"],"gold_per_floor":[110,121,133,145,157,169,215,268,280,341,384,396,408,438,450,565,577,601,40,56,69,69,424,424,454,478,490,490,503,530,543,543,645,695,715,727,16,16,61,118,131,162,162,180,200,409,436,452,452,452,469,487,487,86,86,105,105,105,105,105],"floor_reached":61,"language":"ZHS","playtime":3298,"items_purged":["REME_CurseOfMatryoshka","Delirium"],"score":1926,"play_id":"1691285e-51cb-4808-b348-b83b7c0c99ad","local_time":"20210124132313","is_ascension_mode":true,"campfire_choices":[{"floor":6.0,"key":"RECALL"},{"floor":13.0,"key":"REST"},{"data":"maniac:Collecting","floor":15.0,"key":"SMITH"},{"data":"REME_EyeOfCthun","floor":24,"key":"SMITH"},{"floor":28,"key":"REST"},{"floor":57,"key":"DIG"}],"circlet_count":0,"master_deck":["maniac:Strike","maniac:Strike+1","maniac:Defend","maniac:BurnBlood","maniac:AbyssShackle","AT_FamilyPortrait+1","maniac:Collecting+1","maniac:UndyingDesire","maniac:BladesInCloak+1","maniac:PanickyParry","maniac:PanickyParry+1","maniac:DashForward+1","maniac:WitnessTrueSorcery+1","maniac:Confront","maniac:ManipulatedFaith+1","maniac:BladeEnd+1","maniac:UnseenTerror+1","Sickly","Delirium","maniac:SeeingDetails+1","REME_EyeOfCthun+1","maniac:PanickyParry+1","maniac:GlassScratch+1","maniac:ColdHeart+1","maniac:SeeingDetails+1","maniac:Confront+1","maniac:Infuriate+1","maniac:ShelteringEdge+1","maniac:UndyingDesire+1","maniac:FanTheHammer+1","maniac:PanickyParry+1","maniac:UndyingDesire+1","maniac:EndOfTheRoad+1","Injury","maniac:WitnessTrueSorcery+1","maniac:ReconstructWounds+1","maniac:Intimidate+1","maniac:GlassScratch","maniac:DashForward+1","maniac:RallyToMe+1","maniac:Refine+1","maniac:TimeForm+1","maniac:Blastwave+1","maniac:HammerStrike+1","maniac:SorceryHour+1","maniac:Infuriate+1","maniac:ShelteringEdge+1"],"relics":["maniac:DamagedAnvil","maniac:BrokenHorn","AT_ATBox","REME_ComplimentaryCards","AT_ArcaneBoots","AT_BladeRuinedKing","InkBottle","MawBank","AT_ImmortalShieldbow","Toxic Egg 2","Mercury Hourglass","Oddly Smooth Stone","Kintsugi","AT_Manta","aspiration:StickyExplosives_weak","ReplayFunnel","Old Coin","BranchBurnRelic","Replay:Multitool","Pocketwatch","Centennial Puzzle","AT_GoldPhoenixTree","Mummified Hand","Pet Ghost","Tiny House","Lee\u0027s Waffle","Blood Vial","Darkstone Periapt","ReplayTheSpireMod:CursedCoin","AT_TimeSand","Torii","CaptainsWheel","Meat on the Bone","Whetstone","Golden Egg","conspire:TopHat","Replay:WaspNest","AT_RabadonDeathcap","Lantern","Bird Faced Urn","REME_PuzzleBoxRelic","paleoftheancients:Timepiece","paleoftheancients:KeyRelic","Ice Cream","Spirit Poop","paleoftheancients:SoulOfTheWokeBloke","Ring of Hypnosis","Ring of Fury","OrangePellets","Medical Kit","aspiration:HiddenCompartment","Boot"],"acts_visited":["Exordium","TheCity","TheBeyond","paleoftheancients:PaleOfTheAncients"],"potions_floor_usage":[23,29,31,39,40,40,40,40,40,40,40,44,52],"damage_taken":[{"damage":7.0,"enemies":"Cultist","floor":1.0,"turns":3.0},{"damage":5.0,"enemies":"Jaw Worm","floor":2.0,"turns":5.0},{"damage":3.0,"enemies":"Small Slimes","floor":3.0,"turns":3.0},{"damage":31.0,"enemies":"Gremlin Nob","floor":7.0,"turns":4.0},{"damage":4.0,"enemies":"Looter","floor":8.0,"turns":4.0},{"damage":27.0,"enemies":"Large Slime","floor":10.0,"turns":7.0},{"damage":3.0,"enemies":"Lagavulin","floor":11.0,"turns":3.0},{"damage":0.0,"enemies":"2 Fungi Beasts","floor":14.0,"turns":3.0},{"damage":60.0,"enemies":"The Guardian","floor":16.0,"turns":9.0},{"damage":0.0,"enemies":"2 Thieves","floor":18.0,"turns":3.0},{"damage":3.0,"enemies":"conspire:FuzzyDice","floor":20.0,"turns":4.0},{"damage":24,"enemies":"Snake Plant","floor":21,"turns":2},{"damage":3,"enemies":"Slavers","floor":23,"turns":3},{"damage":3,"enemies":"REME_1_Revenger","floor":25,"turns":2},{"damage":3,"enemies":"Snecko","floor":27,"turns":1},{"damage":15,"enemies":"3 Cultists","floor":29,"turns":2},{"damage":5,"enemies":"conspire:Head Lice","floor":30,"turns":2},{"damage":0,"enemies":"Sentry and Sphere","floor":31,"turns":1},{"damage":0,"enemies":"Collector","floor":33,"turns":4},{"damage":30,"enemies":"3 Shapes","floor":35,"turns":1},{"damage":20,"enemies":"3 Darklings","floor":36,"turns":2},{"damage":0,"enemies":"2 Orb Walkers","floor":39,"turns":3},{"damage":0,"enemies":"Nemesis","floor":40,"turns":1},{"damage":5,"enemies":"Jaw Worm Horde","floor":41,"turns":1},{"damage":20,"enemies":"conspire:MimicChest","floor":42,"turns":3},{"damage":5,"enemies":"4 Shapes","floor":44,"turns":1},{"damage":25,"enemies":"Giant Head","floor":45,"turns":3},{"damage":10,"enemies":"Nemesis","floor":47,"turns":1},{"damage":29,"enemies":"Spire Growth","floor":48,"turns":3},{"damage":29,"enemies":"Time Eater","floor":50,"turns":3},{"damage":49,"enemies":"Time Eater","floor":51,"turns":3},{"damage":25,"enemies":"Time Eater","floor":52,"turns":2},{"damage":5,"enemies":"Time Eater","floor":56,"turns":1},{"damage":25,"enemies":"paleoftheancients:N","floor":60,"turns":6}],"seed_played":"71983875839901722","potions_obtained":[{"floor":3.0,"key":"PlaceholderMod:PlaceholderPotion"},{"floor":7.0,"key":"REME_GoldPotion"},{"floor":8.0,"key":"REME_GoldPotion"},{"floor":10.0,"key":"Toxic Potion"},{"floor":16.0,"key":"LiquidMemories"},{"floor":20.0,"key":"REME_GoldPotion"},{"floor":21,"key":"SteroidPotion"},{"floor":25,"key":"PowerPotion"},{"floor":29,"key":"Fire Potion"},{"floor":34,"key":"Milkshake"},{"floor":40,"key":"Toxic Potion"},{"floor":41,"key":"Swift Potion"},{"floor":44,"key":"PowerPotion"},{"floor":45,"key":"DuplicationPotion"}],"is_trial":false,"path_per_floor":["M","M","M","$","$","R","E","M","T","M","E","?","R","M","R","B",null,"M","$","M","M","?","E","R","E","T","M","R","M","E","M","R","B",null,"M","M","$","?","?","E","M","?","T","M","E","?","E","M","R","B","M","M","?","$","R","M","R","T","?","B",null],"character_chosen":"THE_MANIAC","items_purchased":["REME_EyeOfCthun","AT_Manta","Lee\u0027s Waffle","Blood Vial","Darkstone Periapt","ReplayTheSpireMod:CursedCoin","AT_TimeSand","EntropicBrew","OrangePellets","Medical Kit","maniac:Infuriate+1"],"campfire_rested":2,"item_purchase_floors":[19,19,37,37,37,37,37,37,54,54,54],"current_hp_per_floor":[73,68,65,65,65,65,34,30,30,9,12,12,36,36,36,5,80,80,80,77,53,61,58,58,60,60,57,80,65,60,60,80,80,85,55,35,104,104,104,104,99,81,81,78,75,32,67,56,87,104,83,86,92,92,110,109,109,109,109,110],"gold":105,"neow_bonus":"RANDOM_COMMON_RELIC","is_daily":false,"chose_seed":false,"campfire_upgraded":2,"win_rate":0.0,"timestamp":1611465793,"path_taken":["M","M","?","?","$","R","E","M","T","M","E","?","R","M","R","BOSS","M","$","M","M","?","E","R","E","T","?","R","M","E","M","R","BOSS","M","M","$","?","?","E","M","?","T","M","E","?","E","M","R","BOSS","M","M","?","$","R","M","R","T","?","BOSS"],"items_purchased_type":["Card","Relic","Relic","Relic","Relic","Relic","Relic","Potion","Relic","Relic","Card"],"build_version":"2020-12-22","purchased_purges":2,"victory":true,"max_hp_per_floor":[80,80,80,80,80,80,80,80,80,80,80,80,80,80,80,80,80,80,80,80,80,80,80,80,80,80,80,80,80,80,80,80,80,85,85,85,104,104,104,104,104,104,104,104,104,104,104,104,104,104,104,104,110,110,110,110,110,110,110,110],"card_choices":[{"not_picked":["maniac:BladesInCloak","maniac:BladeArtist"],"picked":"maniac:UndyingDesire","floor":1.0},{"not_picked":["maniac:SecretBackups","maniac:Infuriate"],"picked":"maniac:BladesInCloak","floor":2.0},{"not_picked":["maniac:Retrospect","maniac:Assassinate"],"picked":"maniac:PanickyParry","floor":3.0},{"not_picked":["maniac:AlleviatingSorcery+1","maniac:ManipulatedFaith+1"],"picked":"maniac:PanickyParry+1","floor":7.0},{"not_picked":["maniac:TorturousScreams","maniac:SpectralKnives"],"picked":"maniac:DashForward","floor":8.0},{"not_picked":["maniac:AllOutAttack","maniac:SpectralKnives"],"picked":"maniac:WitnessTrueSorcery+1","floor":10.0},{"not_picked":["maniac:WardAndDefend+1","maniac:Assassinate+1"],"picked":"maniac:Confront","floor":11.0},{"not_picked":["maniac:SecretBackups+1","maniac:Infuriate+1"],"picked":"maniac:BladeEnd+1","floor":14.0},{"not_picked":["maniac:Trap+1","maniac:StormOfTime"],"picked":"maniac:UnseenTerror+1","floor":16.0},{"not_picked":["maniac:ObscuredAttack+1","maniac:ShelteringEdge+1"],"picked":"maniac:SeeingDetails+1","floor":18.0},{"not_picked":["maniac:LootBarrage","maniac:Whirlscythe"],"picked":"maniac:PanickyParry+1","floor":20.0},{"not_picked":["maniac:ShatteredShield+1","maniac:Refine+1"],"picked":"maniac:GlassScratch","floor":21},{"not_picked":["maniac:Assassinate+1","maniac:BladesInCloak"],"picked":"maniac:ColdHeart+1","floor":23},{"not_picked":["maniac:BladeShoot","maniac:ExpectedMoves+1"],"picked":"maniac:SeeingDetails+1","floor":25},{"not_picked":["maniac:Refine+1","maniac:BladeShoot"],"picked":"maniac:Confront","floor":27},{"not_picked":["maniac:BladesInCloak","maniac:Confront"],"picked":"maniac:Infuriate+1","floor":29},{"not_picked":["maniac:FindAShortcut+1","maniac:Traceback+1"],"picked":"maniac:ShelteringEdge+1","floor":30},{"not_picked":["maniac:ReachVictory+1","maniac:UntravelledPath+1"],"picked":"maniac:UndyingDesire+1","floor":31},{"not_picked":["maniac:StormOfTime","maniac:UniversalPerception"],"picked":"maniac:FanTheHammer+1","floor":33},{"not_picked":["maniac:BladeShoot","maniac:Refine+1"],"picked":"maniac:PanickyParry+1","floor":34},{"not_picked":["maniac:AlleviatingSorcery+1","maniac:MortalSteel"],"picked":"maniac:UndyingDesire+1","floor":35},{"not_picked":["maniac:PanickyParry+1","maniac:BladeArtist+1"],"picked":"maniac:EndOfTheRoad+1","floor":36},{"not_picked":["maniac:Intimidate+1","maniac:UndyingDesire+1"],"picked":"maniac:WitnessTrueSorcery+1","floor":39},{"not_picked":["maniac:SpectralKnives","maniac:MeleeStrike"],"picked":"maniac:ReconstructWounds+1","floor":40},{"not_picked":["maniac:Confront","maniac:Reforge+1"],"picked":"maniac:Intimidate+1","floor":41},{"not_picked":["maniac:Refine+1","maniac:UniversalPerception"],"picked":"maniac:GlassScratch","floor":42},{"not_picked":["maniac:ListenToNone+1","maniac:FindAShortcut+1"],"picked":"maniac:DashForward+1","floor":44},{"not_picked":["maniac:Whirlscythe+1","maniac:Refine+1"],"picked":"maniac:RallyToMe","floor":45},{"not_picked":["maniac:Confront","maniac:ObscuredAttack"],"picked":"maniac:Refine+1","floor":46},{"not_picked":["maniac:Refine+1","maniac:Confront"],"picked":"maniac:TimeForm","floor":47},{"not_picked":["maniac:BladeArtist+1","maniac:PanickyParry+1"],"picked":"maniac:Blastwave+1","floor":48},{"not_picked":["maniac:Intimidate+1","maniac:PanickyParry+1"],"picked":"maniac:HammerStrike+1","floor":51},{"not_picked":["maniac:UntravelledPath+1","maniac:MeleeStrike"],"picked":"maniac:SorceryHour+1","floor":52},{"not_picked":["maniac:AllOutAttack","maniac:SpectralKnives+1"],"picked":"maniac:ShelteringEdge+1","floor":56}],"player_experience":1441510,"relics_obtained":[{"floor":7.0,"key":"Toxic Egg 2"},{"floor":11.0,"key":"Oddly Smooth Stone"},{"floor":23,"key":"Old Coin"},{"floor":25,"key":"Pocketwatch"},{"floor":26,"key":"Centennial Puzzle"},{"floor":30,"key":"Pet Ghost"},{"floor":39,"key":"CaptainsWheel"},{"floor":40,"key":"Whetstone"},{"floor":42,"key":"conspire:TopHat"},{"floor":43,"key":"Replay:WaspNest"},{"floor":45,"key":"Bird Faced Urn"},{"floor":47,"key":"REME_PuzzleBoxRelic"},{"floor":52,"key":"paleoftheancients:SoulOfTheWokeBloke"},{"floor":53,"key":"Ring of Hypnosis"},{"floor":53,"key":"Ring of Fury"},{"floor":57,"key":"aspiration:HiddenCompartment"},{"floor":58,"key":"Boot"}],"event_choices":[{"damage_healed":0.0,"max_hp_gain":0.0,"max_hp_loss":0.0,"gold_gain":0.0,"cards_transformed":["maniac:Strike"],"event_name":"Transmorgrifier","player_choice":"Transformed","floor":12.0,"gold_loss":0.0,"damage_taken":0.0,"cards_obtained":["maniac:ManipulatedFaith"]},{"damage_healed":0,"gold_gain":0,"player_choice":"Leave","damage_taken":0,"max_hp_gain":0,"max_hp_loss":0,"event_name":"conspire:Investor","floor":38,"gold_loss":0},{"damage_healed":0,"gold_gain":0,"player_choice":"Fight","damage_taken":0,"max_hp_gain":0,"max_hp_loss":0,"event_name":"Mysterious Sphere","floor":39,"gold_loss":0}],"is_beta":false,"boss_relics":[{"not_picked":["ReplayTheSpireMod:DimensionalGlitch","Sozu"],"picked":"Kintsugi"},{"not_picked":["Pandora\u0027s Box","PlaceholderMod:LiveLive"],"picked":"Tiny House"}],"items_purged_floors":[37,54],"is_endless":false,"potions_floor_spawned":[3,7,8,10,16,20,21,25,29,30,40,41,44,45,48],"ascension_level":1}}