{"host":"hnfelxnirsihwvcb","time":1611529114,"event":{"mods":["BaseMod","Colored Map","DeckTracker","Highlight Path","Minty Spire (QoL Compilation)","Quick Restart","Relic Sorter","Relic Stats","Shop Mod","StSLib","SuperFastMode"],"gold_per_floor":[116,128,138,157,173,206,206,381,462,462,462,490,65,82,82,177,177,195,11,11,30,40,40,75,75,102,32,52,52,52,64,64,165,165,185,198,210,26,42,42,56,56,82,82,98,98,123,136,136,136],"floor_reached":51,"language":"ENG","playtime":2533,"items_purged":["Doubt","Sweeping Beam"],"score":986,"play_id":"29153606-9be2-4f8e-85fe-d0de34ff8fb3","local_time":"20210124235834","daily_mods":["SealedDeck","Vintage","Binary"],"is_ascension_mode":false,"campfire_choices":[{"data":"Reprogram","floor":7,"key":"SMITH"},{"data":"Reprogram","floor":10,"key":"SMITH"},{"data":"FTL","floor":15,"key":"SMITH"},{"data":"FTL","floor":23,"key":"SMITH"},{"data":"Beam Cell","floor":25,"key":"SMITH"},{"floor":30,"key":"REST"},{"data":"Master of Strategy","floor":32,"key":"SMITH"},{"data":"Gash","floor":40,"key":"SMITH"},{"data":"Gash","floor":42,"key":"SMITH"},{"data":"Conserve Battery","floor":49,"key":"SMITH"}],"circlet_count":0,"master_deck":["Turbo","Go for the Eyes+1","Reprogram+1","Beam Cell+1","FTL+1","Reprogram+1","Genetic Algorithm","Gash+1","FTL+1","Master of Strategy+1","Conserve Battery+1","Gash+1"],"relics":["Unceasing Top","Busted Crown","Emotion Chip","Prayer Wheel","Bag of Preparation","The Courier","Boot","Orichalcum","White Beast Statue","CeramicFish","Centennial Puzzle","HornCleat","DataDisk","Nuclear Battery","Du-Vu Doll","Membership Card","Art of War","Smiling Mask","Omamori","Tiny Chest","TheAbacus","Frozen Egg 2","Enchiridion","Bottled Flame","SacredBark","PreservedInsect","Ornamental Fan","Ice Cream","Lee\u0027s Waffle","Potion Belt","Kunai","Calipers","Nunchaku","Blood Vial","Lantern","Bag of Marbles"],"acts_visited":["Exordium","TheCity","TheBeyond"],"potions_floor_usage":[12,18],"damage_taken":[{"damage":0,"enemies":"Cultist","floor":1,"turns":1},{"damage":0,"enemies":"Jaw Worm","floor":2,"turns":1},{"damage":0,"enemies":"2 Louse","floor":3,"turns":1},{"damage":0,"enemies":"Large Slime","floor":4,"turns":2},{"damage":0,"enemies":"Looter","floor":5,"turns":1},{"damage":0,"enemies":"3 Sentries","floor":6,"turns":2},{"damage":0,"enemies":"Lagavulin","floor":12,"turns":2},{"damage":0,"enemies":"Blue Slaver","floor":14,"turns":1},{"damage":0,"enemies":"Hexaghost","floor":16,"turns":3},{"damage":0,"enemies":"Chosen","floor":18,"turns":1},{"damage":0,"enemies":"3 Byrds","floor":21,"turns":2},{"damage":0,"enemies":"Snake Plant","floor":22,"turns":2},{"damage":0,"enemies":"Gremlin Leader","floor":24,"turns":2},{"damage":0,"enemies":"Centurion and Healer","floor":28,"turns":2},{"damage":0,"enemies":"Shelled Parasite and Fungi","floor":31,"turns":1},{"damage":0,"enemies":"Automaton","floor":33,"turns":5},{"damage":0,"enemies":"Orb Walker","floor":35,"turns":1},{"damage":0,"enemies":"3 Darklings","floor":36,"turns":1},{"damage":0,"enemies":"4 Shapes","floor":37,"turns":2},{"damage":0,"enemies":"Transient","floor":39,"turns":5},{"damage":0,"enemies":"Jaw Worm Horde","floor":41,"turns":2},{"damage":0,"enemies":"Sphere and 2 Shapes","floor":45,"turns":2},{"damage":0,"enemies":"Giant Head","floor":47,"turns":4},{"damage":0,"enemies":"Spire Growth","floor":48,"turns":2},{"damage":2,"enemies":"Donu and Deca","floor":50,"turns":6}],"seed_played":"-1314507959425499496","potions_obtained":[{"floor":2,"key":"Swift Potion"},{"floor":3,"key":"Fruit Juice"},{"floor":4,"key":"Weak Potion"},{"floor":12,"key":"SteroidPotion"},{"floor":18,"key":"LiquidBronze"},{"floor":22,"key":"Swift Potion"},{"floor":41,"key":"GamblersBrew"},{"floor":45,"key":"SkillPotion"},{"floor":48,"key":"CultistPotion"}],"is_trial":true,"path_per_floor":["M","M","M","M","M","E","R","?","T","R","?","E","$","M","R","B",null,"M","$","?","M","M","R","E","R","T","$","M","?","R","M","R","B",null,"M","M","M","$","M","R","M","R","T","?","M","?","E","M","R","B",null],"character_chosen":"DEFECT","items_purchased":["Centennial Puzzle","HornCleat","FTL","Membership Card","Master of Strategy","TheAbacus","Conserve Battery","Gash","Lee\u0027s Waffle","Potion Belt"],"campfire_rested":1,"item_purchase_floors":[13,13,13,19,19,27,27,38,38,38],"current_hp_per_floor":[75,75,75,75,75,75,75,75,75,75,60,60,60,60,60,60,75,80,80,80,80,80,80,80,80,80,80,80,64,80,80,80,80,80,80,80,80,87,87,87,87,87,87,87,87,87,87,87,87,85],"gold":136,"neow_bonus":"","is_daily":false,"chose_seed":false,"campfire_upgraded":9,"win_rate":0.0,"timestamp":1611529114,"path_taken":["M","M","?","?","M","E","R","?","T","R","?","E","$","M","R","BOSS","M","$","?","M","M","R","E","R","T","$","M","?","R","M","R","BOSS","M","M","M","$","M","R","M","R","T","?","M","?","E","M","R","BOSS"],"items_purchased_type":["Relic","Relic","Card","Relic","Card","Relic","Card","Card","Relic","Relic"],"build_version":"2020-12-22","purchased_purges":2,"victory":true,"max_hp_per_floor":[75,75,75,75,75,75,75,75,75,75,75,75,75,75,75,75,75,80,80,80,80,80,80,80,80,80,80,80,80,80,80,80,80,80,80,80,80,87,87,87,87,87,87,87,87,87,87,87,87,87],"relic_stats":{"Lee\u0027s Waffle":7,"counters":[25,54],"CeramicFish":36,"PreservedInsect":125,"Bag of Preparation":[44],"Orichalcum":[18],"Boot":[36],"Smiling Mask":-10,"Blood Vial":0,"Emotion Chip":[1,0,0,0,1],"Centennial Puzzle":[3],"Nunchaku":[6],"Busted Crown":14,"TheAbacus":[144],"Ornamental Fan":[136],"Prayer Wheel":0,"Tiny Chest":0,"Art of War":[0],"Kunai":[24],"obtain_stats":[{"Ice Cream":37,"Lantern":47,"Calipers":41,"CeramicFish":12,"SacredBark":34,"Enchiridion":29,"Bag of Preparation":3,"Boot":5,"Smiling Mask":22,"Blood Vial":45,"Emotion Chip":1,"Centennial Puzzle":13,"Nunchaku":43,"HornCleat":13,"TheAbacus":27,"Prayer Wheel":2,"Tiny Chest":26,"Kunai":39,"Potion Belt":38,"Lee\u0027s Waffle":38,"The Courier":4,"PreservedInsect":35,"Omamori":24,"Orichalcum":6,"Frozen Egg 2":28,"White Beast Statue":9,"Nuclear Battery":17,"Du-Vu Doll":18,"DataDisk":14,"Bottled Flame":31,"Busted Crown":0,"Ornamental Fan":36,"Art of War":21,"Bag of Marbles":48,"Membership Card":19,"Unceasing Top":0},{"Ice Cream":19,"Lantern":23,"Calipers":21,"CeramicFish":7,"SacredBark":16,"Enchiridion":14,"Bag of Preparation":3,"Boot":5,"Smiling Mask":12,"Blood Vial":22,"Emotion Chip":1,"Centennial Puzzle":7,"Nunchaku":21,"HornCleat":7,"TheAbacus":13,"Prayer Wheel":2,"Tiny Chest":13,"Kunai":20,"Potion Belt":19,"Lee\u0027s Waffle":19,"The Courier":4,"PreservedInsect":17,"Omamori":13,"Orichalcum":6,"Frozen Egg 2":14,"White Beast Statue":6,"Nuclear Battery":9,"Du-Vu Doll":10,"DataDisk":8,"Bottled Flame":15,"Busted Crown":0,"Ornamental Fan":18,"Art of War":11,"Bag of Marbles":24,"Membership Card":10,"Unceasing Top":0},{"Ice Cream":33,"Lantern":46,"Calipers":40,"CeramicFish":10,"SacredBark":29,"Enchiridion":23,"Bag of Preparation":3,"Boot":6,"Smiling Mask":19,"Blood Vial":42,"Emotion Chip":1,"Centennial Puzzle":10,"Nunchaku":40,"HornCleat":10,"TheAbacus":21,"Prayer Wheel":2,"Tiny Chest":21,"Kunai":38,"Potion Belt":33,"Lee\u0027s Waffle":33,"The Courier":5,"PreservedInsect":30,"Omamori":21,"Orichalcum":8,"Frozen Egg 2":23,"White Beast Statue":8,"Nuclear Battery":14,"Du-Vu Doll":15,"DataDisk":11,"Bottled Flame":24,"Busted Crown":0,"Ornamental Fan":31,"Art of War":17,"Bag of Marbles":48,"Membership Card":15,"Unceasing Top":0}],"Unceasing Top":[112]},"card_choices":[],"player_experience":836834,"relics_obtained":[{"floor":1,"key":"Emotion Chip"},{"floor":2,"key":"Prayer Wheel"},{"floor":3,"key":"Bag of Preparation"},{"floor":4,"key":"The Courier"},{"floor":5,"key":"Boot"},{"floor":6,"key":"Orichalcum"},{"floor":9,"key":"White Beast Statue"},{"floor":12,"key":"CeramicFish"},{"floor":14,"key":"DataDisk"},{"floor":18,"key":"Du-Vu Doll"},{"floor":21,"key":"Art of War"},{"floor":22,"key":"Smiling Mask"},{"floor":24,"key":"Omamori"},{"floor":26,"key":"Tiny Chest"},{"floor":28,"key":"Frozen Egg 2"},{"floor":29,"key":"Enchiridion"},{"floor":31,"key":"Bottled Flame"},{"floor":35,"key":"PreservedInsect"},{"floor":36,"key":"Ornamental Fan"},{"floor":37,"key":"Ice Cream"},{"floor":39,"key":"Kunai"},{"floor":41,"key":"Calipers"},{"floor":43,"key":"Nunchaku"},{"floor":45,"key":"Blood Vial"},{"floor":47,"key":"Lantern"},{"floor":48,"key":"Bag of Marbles"}],"event_choices":[{"damage_healed":0,"gold_gain":175,"player_choice":"AGREE","damage_taken":0,"max_hp_gain":0,"max_hp_loss":0,"event_name":"Liars Game","floor":8,"gold_loss":0,"cards_obtained":["Doubt"]},{"damage_healed":0,"gold_gain":0,"player_choice":"Entered Light","damage_taken":15,"max_hp_gain":0,"max_hp_loss":0,"event_name":"Shining Light","floor":11,"gold_loss":0,"cards_upgraded":["Gash","Go for the Eyes"]},{"damage_healed":0,"gold_gain":0,"player_choice":"Ignored","damage_taken":0,"max_hp_gain":0,"max_hp_loss":0,"event_name":"Ghosts","floor":20,"gold_loss":0},{"damage_healed":0,"gold_gain":0,"player_choice":"Obtained Book","damage_taken":16,"max_hp_gain":0,"max_hp_loss":0,"event_name":"Cursed Tome","floor":29,"gold_loss":0},{"damage_healed":0,"gold_gain":0,"player_choice":"Memory 1","damage_taken":0,"max_hp_gain":0,"max_hp_loss":0,"event_name":"SensoryStone","floor":44,"gold_loss":0},{"cards_removed":["Gash"],"damage_healed":0,"gold_gain":0,"player_choice":"Removed Attack","damage_taken":0,"max_hp_gain":0,"max_hp_loss":0,"event_name":"Falling","floor":46,"gold_loss":0}],"is_beta":false,"boss_relics":[{"not_picked":["Coffee Dripper","Inserter"],"picked":"Nuclear Battery"},{"not_picked":["Runic Pyramid","Tiny House"],"picked":"SacredBark"}],"items_purged_floors":[13,38],"is_endless":false,"potions_floor_spawned":[2,3,4,12,14,16,18,21,22,24,28,31,33,35,36,37,39,41,45,47,48],"ascension_level":0}}