{"host":"1dz819zv7fs9tsdy","time":1611507465,"event":{"mods":["AchievementEnabler","BaseMod","Colored Powertips","Curses Come First","Minty Spire (QoL Compilation)","Rare Cards Sparkle","StSLib"],"gold_per_floor":[114,114,79,90,90,122,122,136,136,154,179,199,199,234,234,334,334,346,359,309,326,0,27,27,59,86,86,10,27,44,72,72,72,72],"floor_reached":33,"language":"ENG","playtime":2439,"items_purged":[],"score":385,"play_id":"501461f8-9f79-4e8b-aeef-e65189232db4","local_time":"20210124165745","is_ascension_mode":true,"campfire_choices":[{"data":"Double Energy","floor":7,"key":"SMITH"},{"data":"Hello World","floor":13,"key":"SMITH"},{"data":"Lockon","floor":15,"key":"SMITH"},{"data":"Creative AI","floor":24,"key":"SMITH"},{"floor":27,"key":"REST"},{"data":"Fission","floor":32,"key":"SMITH"}],"circlet_count":0,"master_deck":["Strike_B","Strike_B","Strike_B+1","Strike_B+1","Defend_B","Defend_B","Defend_B","Defend_B","Zap","Dualcast","Double Energy+1","Hello World+1","Seek","Lockon+1","Ball Lightning","Ball Lightning","Sunder","Meteor Strike","Creative AI+1","CurseOfTheBell","Leap","Self Repair+1","Auto Shields+1","Static Discharge","Rainbow","Doom and Gloom","Heatsinks","Self Repair","Fission+1","Conserve Battery+1"],"relics":["Cracked Core","NeowsBlessing","Letter Opener","Bottled Flame","Tiny Chest","Eternal Feather","Calling Bell","Happy Flower","Symbiotic Virus","Ice Cream","PreservedInsect","Bag of Preparation","Bronze Scales","Bottled Lightning"],"acts_visited":["Exordium","TheCity"],"potions_floor_usage":[11,12,14,23,31],"damage_taken":[{"damage":0,"enemies":"Small Slimes","floor":1,"turns":1},{"damage":0,"enemies":"Cultist","floor":4,"turns":1},{"damage":0,"enemies":"Lagavulin","floor":6,"turns":1},{"damage":2,"enemies":"Jaw Worm","floor":8,"turns":2},{"damage":4,"enemies":"2 Fungi Beasts","floor":10,"turns":3},{"damage":16,"enemies":"Gremlin Nob","floor":11,"turns":4},{"damage":1,"enemies":"Gremlin Gang","floor":12,"turns":2},{"damage":20,"enemies":"3 Sentries","floor":14,"turns":5},{"damage":22,"enemies":"Slime Boss","floor":16,"turns":8},{"damage":12,"enemies":"Chosen","floor":18,"turns":3},{"damage":2,"enemies":"Spheric Guardian","floor":19,"turns":3},{"damage":0,"enemies":"Snake Plant","floor":21,"turns":2},{"damage":24,"enemies":"Book of Stabbing","floor":23,"turns":2},{"damage":59,"enemies":"Gremlin Leader","floor":25,"turns":5},{"damage":27,"enemies":"Centurion and Healer","floor":29,"turns":4},{"damage":19,"enemies":"Sentry and Sphere","floor":30,"turns":4},{"damage":24,"enemies":"Slavers","floor":31,"turns":3},{"damage":39,"enemies":"Automaton","floor":33,"turns":6}],"seed_played":"2316915477250333431","potions_obtained":[{"floor":8,"key":"BlessingOfTheForge"},{"floor":10,"key":"LiquidMemories"},{"floor":11,"key":"DistilledChaos"},{"floor":18,"key":"ColorlessPotion"},{"floor":23,"key":"Ancient Potion"},{"floor":30,"key":"DuplicationPotion"}],"is_trial":false,"path_per_floor":["M","?","$","M","?","E","R","M","T","M","E","M","R","E","R","B",null,"M","M","?","M","$","E","R","E","T","R","$","M","M","E","R","B"],"character_chosen":"DEFECT","items_purchased":["Double Energy","PreservedInsect","Static Discharge","Rainbow","Self Repair"],"campfire_rested":1,"item_purchase_floors":[3,22,22,22,28],"current_hp_per_floor":[75,75,75,75,60,60,60,58,58,54,38,37,37,17,26,4,75,63,61,61,61,61,47,62,13,13,50,50,40,38,21,39,0,0],"gold":72,"neow_bonus":"THREE_ENEMY_KILL","is_daily":false,"chose_seed":false,"campfire_upgraded":5,"win_rate":0.0,"timestamp":1611507465,"path_taken":["M","?","?","?","?","E","R","M","T","M","E","M","R","E","R","BOSS","M","M","?","?","$","E","R","E","T","R","$","M","M","E","R","BOSS"],"items_purchased_type":["Card","Relic","Card","Card","Card"],"build_version":"2020-12-22","purchased_purges":0,"victory":false,"max_hp_per_floor":[75,75,75,75,75,75,75,75,75,75,75,75,75,75,75,75,75,75,75,75,75,75,75,75,75,75,75,75,75,75,75,75,75,75],"card_choices":[{"not_picked":["Coolheaded","Gash"],"picked":"Glacier","floor":1},{"not_picked":["Streamline","Hologram"],"picked":"Hello World","floor":4},{"not_picked":["Go for the Eyes","Reinforced Body"],"picked":"Seek","floor":6},{"not_picked":["Turbo","Leap"],"picked":"Lockon","floor":8},{"not_picked":["Rip and Tear","Steam"],"picked":"Ball Lightning","floor":10},{"not_picked":["Rebound","Gash"],"picked":"Ball Lightning","floor":11},{"not_picked":["Ball Lightning","Consume"],"picked":"Sunder","floor":12},{"not_picked":["Self Repair","Barrage"],"picked":"Meteor Strike","floor":14},{"not_picked":["Fission","Machine Learning"],"picked":"Creative AI","floor":16},{"not_picked":["Storm","Barrage"],"picked":"Leap","floor":18},{"not_picked":["Conserve Battery","Cold Snap+1"],"picked":"Self Repair+1","floor":19},{"not_picked":["Aggregate","Hologram"],"picked":"Auto Shields+1","floor":21},{"not_picked":["Fission","Rebound"],"picked":"Doom and Gloom","floor":23},{"not_picked":["Storm","Hologram+1"],"picked":"Heatsinks","floor":25},{"not_picked":["Streamline+1","Force Field","Sweeping Beam"],"picked":"SKIP","floor":29},{"not_picked":["Compile Driver+1","Aggregate"],"picked":"Fission","floor":30},{"not_picked":["Reprogram+1","Cold Snap"],"picked":"Conserve Battery+1","floor":31}],"player_experience":306344,"relics_obtained":[{"floor":6,"key":"Letter Opener"},{"floor":9,"key":"Bottled Flame"},{"floor":11,"key":"Tiny Chest"},{"floor":14,"key":"Eternal Feather"},{"floor":17,"key":"Happy Flower"},{"floor":17,"key":"Symbiotic Virus"},{"floor":17,"key":"Ice Cream"},{"floor":23,"key":"Bag of Preparation"},{"floor":25,"key":"Bronze Scales"},{"floor":31,"key":"Bottled Lightning"}],"event_choices":[{"cards_removed":["Glacier"],"damage_healed":0,"gold_gain":0,"player_choice":"Offered Uncommon","damage_taken":0,"max_hp_gain":0,"max_hp_loss":0,"event_name":"Bonfire Elementals","floor":2,"gold_loss":0},{"damage_healed":0,"gold_gain":0,"player_choice":"Entered Light","damage_taken":15,"max_hp_gain":0,"max_hp_loss":0,"event_name":"Shining Light","floor":5,"gold_loss":0,"cards_upgraded":["Strike_B","Strike_B"]},{"damage_healed":0,"gold_gain":0,"player_choice":"Bet on Murderer","damage_taken":0,"max_hp_gain":0,"max_hp_loss":0,"event_name":"The Joust","floor":20,"gold_loss":50}],"is_beta":false,"boss_relics":[{"not_picked":["SacredBark","Fusion Hammer"],"picked":"Calling Bell"}],"items_purged_floors":[],"is_endless":false,"potions_floor_spawned":[8,10,11,18,23,30],"killed_by":"Automaton","ascension_level":2}}