{"host":"4sjakdxyb9lejcxv","time":1611450258,"event":{"mods":["BaseMod","Downfall","Minty Spire (QoL Compilation)","StSLib"],"gold_per_floor":[165,176,188,29,43,43,43,60,235,245,245,38,50,35,35,140,140,155,155,173,186,200,218,218,233,233,233,233,233,233],"floor_reached":28,"language":"ENG","playtime":1556,"items_purged":["Doubt"],"score":216,"play_id":"9e5f0fae-60a4-447d-9ed1-a886ffb0a427","local_time":"20210123200418","is_ascension_mode":false,"campfire_choices":[{"data":"champ:Shatter","floor":15,"key":"SMITH"},{"data":"champ:CheapShot","floor":27,"key":"SMITH"}],"circlet_count":0,"master_deck":["champ:Strike","champ:Strike","champ:Strike","champ:Strike","champ:Defend","champ:Defend","champ:Defend","champ:Defend","champ:Execute","champ:Taunt+1","champ:EnGarde","champ:Shatter+1","champ:CrownThrow","champ:BringItOn","champ:Parry","champ:SteelEdge","champ:CrookedStrike","champ:Backstep","champ:GladiatorForm","champ:ShieldWall","champ:Haymaker","champ:FanOfKnives","champ:StanceDance","champ:CheapShot+1","champ:EnGarde+1","champ:BringItOn","champ:ShieldWall","champ:ShieldWall+1","champ:LastStand","champ:BerserkersShout+1"],"relics":["Tiny House","champ:LiftRelic","HornCleat","Kunai","Runic Dome","Pantograph"],"acts_visited":["Exordium","TheCity"],"potions_floor_usage":[16],"damage_taken":[{"damage":25,"enemies":"Small Slimes","floor":1,"turns":3},{"damage":3,"enemies":"Jaw Worm","floor":2,"turns":3},{"damage":1,"enemies":"2 Louse","floor":3,"turns":3},{"damage":10,"enemies":"downfall:FleeingMerchant","floor":4,"turns":4},{"damage":21,"enemies":"Large Slime","floor":5,"turns":5},{"damage":3,"enemies":"Exordium Wildlife","floor":8,"turns":3},{"damage":5,"enemies":"Blue Slaver","floor":10,"turns":3},{"damage":10,"enemies":"downfall:FleeingMerchant","floor":12,"turns":4},{"damage":9,"enemies":"2 Fungi Beasts","floor":13,"turns":4},{"damage":10,"enemies":"downfall:FleeingMerchant","floor":14,"turns":4},{"damage":27,"enemies":"IC_STATUS_ARCHETYPE","floor":16,"turns":9},{"damage":22,"enemies":"Shell Parasite","floor":18,"turns":4},{"damage":17,"enemies":"Snake Plant","floor":20,"turns":5},{"damage":18,"enemies":"Centurion and Healer","floor":21,"turns":7},{"damage":21,"enemies":"Snecko","floor":22,"turns":6},{"damage":11,"enemies":"Snake Plant","floor":23,"turns":6},{"damage":18,"enemies":"Cultist and Chosen","floor":25,"turns":7},{"damage":49,"enemies":"Centurion and Healer","floor":28,"turns":4}],"seed_played":"-8095243325332756207","potions_obtained":[{"floor":0,"key":"SkillPotion"},{"floor":3,"key":"SneckoOil"},{"floor":10,"key":"Slimebound:ThreeZeroPotion"},{"floor":16,"key":"Ancient Potion"},{"floor":23,"key":"champ:OpenerPotion"}],"is_trial":false,"path_per_floor":["M","M","M","$","M","?","T","M","?","M","?","$","M","$","R","B",null,"M","?","M","M","M","M","T","M","?","R","M"],"character_chosen":"THE_CHAMP","items_purchased":["champ:SteelEdge","champ:ShieldWall","champ:Haymaker"],"campfire_rested":0,"item_purchase_floors":[4,12,12],"current_hp_per_floor":[90,87,86,86,75,75,75,72,72,67,60,60,51,51,51,24,95,73,73,56,48,47,36,36,28,28,28,0,0,0],"gold":233,"neow_bonus":"BOSS_RELIC","is_daily":false,"chose_seed":false,"campfire_upgraded":2,"win_rate":0.0,"timestamp":1611450258,"path_taken":["M","M","M","$","M","?","T","M","?","M","?","$","M","?","R","BOSS","M","?","M","M","M","M","T","M","?","R","M"],"items_purchased_type":["Card","Card","Card"],"build_version":"2020-12-22","purchased_purges":1,"victory":false,"max_hp_per_floor":[95,95,95,95,95,95,95,95,95,95,95,95,95,95,95,95,95,95,95,95,95,95,95,95,95,95,95,95,95,95],"card_choices":[{"not_picked":["champ:EnragedBash","champ:TornadoPunch"],"picked":"champ:EnGarde","floor":0},{"not_picked":["champ:AdrenalArmor","champ:GutPunch"],"picked":"champ:Shatter","floor":1},{"not_picked":["champ:Endure","champ:SetATrap"],"picked":"champ:CrownThrow","floor":2},{"not_picked":["champ:PerfectedStrike","champ:Shatter"],"picked":"champ:BringItOn","floor":3},{"not_picked":["champ:Circumvent","champ:GladiatorForm"],"picked":"champ:Parry","floor":4},{"not_picked":["champ:PerfectedStrike","champ:HeartStrike"],"picked":"champ:CrookedStrike","floor":5},{"not_picked":["champ:BladeFlurry","champ:RisingSlash","champ:CrownThrow"],"picked":"SKIP","floor":8},{"not_picked":["champ:FalseCounter","champ:BerserkersShout"],"picked":"champ:Backstep","floor":10},{"not_picked":["champ:PerfectedStrike","champ:TornadoPunch"],"picked":"champ:GladiatorForm","floor":12},{"not_picked":["champ:Circumvent","champ:BladeFlurry"],"picked":"champ:FanOfKnives","floor":13},{"not_picked":["champ:CrownThrow","champ:TornadoPunch"],"picked":"champ:StanceDance","floor":14},{"not_picked":["champ:HeavySlash","champ:UltimateStance"],"picked":"champ:CheapShot","floor":16},{"not_picked":["champ:Circumvent","champ:BerserkersShout"],"picked":"champ:EnGarde+1","floor":18},{"not_picked":["champ:FanOfKnives","champ:DefensiveShout+1"],"picked":"champ:BringItOn","floor":20},{"not_picked":["champ:AdrenalArmor","champ:Lariat"],"picked":"champ:ShieldWall","floor":21},{"not_picked":["champ:Duel","champ:Circumvent"],"picked":"champ:ShieldWall+1","floor":22},{"not_picked":["champ:GutPunch","champ:AdrenalArmor"],"picked":"champ:LastStand","floor":23},{"not_picked":["champ:GladiatorStyle","champ:FlashCut"],"picked":"champ:BerserkersShout+1","floor":25}],"player_experience":225006,"relics_obtained":[{"floor":7,"key":"HornCleat"},{"floor":24,"key":"Pantograph"}],"event_choices":[{"damage_healed":0,"gold_gain":0,"player_choice":"Success","damage_taken":7,"relics_obtained":["Kunai"],"max_hp_gain":0,"max_hp_loss":0,"event_name":"Scrap Ooze","floor":11,"gold_loss":0}],"is_beta":false,"boss_relics":[{"not_picked":["SacredBark","Black Star"],"picked":"Runic Dome"}],"items_purged_floors":[12],"is_endless":false,"potions_floor_spawned":[3,10,13,16,20,23],"killed_by":"Centurion and Healer","ascension_level":0}}