{"host":"fevvm7bbzuh4s1jc","time":1611508886,"event":{"mods":["BaseMod","Highlight Path","Minty Spire (QoL Compilation)","Relic Stats"],"gold_per_floor":[11,11,25,42,57,57,82,45,45,57,57,57,96,116,116,197,197,225,140,23,23,47,47,64,99,126,126,46,46,73,73,73,155,155,175,43,61,84,111,151,161,181,226,226,276,299,318,349,349,349,349,349,349,17,43,43,43],"floor_reached":56,"language":"ENG","playtime":3419,"items_purged":["Strike_P","Strike_P"],"score":2003,"play_id":"5bc649a5-69c1-463b-91de-fcbd38546d57","local_time":"20210124122126","is_ascension_mode":true,"campfire_choices":[{"data":"CrushJoints","floor":6.0,"key":"SMITH"},{"floor":11.0,"key":"REST"},{"data":"DeusExMachina","floor":15.0,"key":"SMITH"},{"data":"Scrawl","floor":23.0,"key":"SMITH"},{"floor":27.0,"key":"REST"},{"data":"Fasting2","floor":29.0,"key":"SMITH"},{"floor":32.0,"key":"REST"},{"floor":44.0,"key":"REST"},{"floor":49.0,"key":"RECALL"},{"floor":53.0,"key":"REST"}],"circlet_count":0,"master_deck":["AscendersBane","Strike_P","Strike_P","Defend_P","Defend_P","Defend_P","Eruption","Vigilance","EmptyFist","CrushJoints+1","FlyingSleeves","SashWhip","Omniscience","FollowUp","Fasting2+1","Meditate","DeusExMachina+1","Consecrate+1","Scrawl+1","ThirdEye","CutThroughFate+1","JustLucky+1","JustLucky+1","DevaForm+1","Wallop+1","Scrawl+1","EmptyMind+1","TalkToTheHand+1","Panache+1","Good Instincts+1","ThirdEye+1","TalkToTheHand+1","CutThroughFate+1","Prostrate+1","WheelKick+1"],"relics":["HolyWater","Calipers","Question Card","Molten Egg 2","CeramicFish","Gremlin Horn","Toxic Egg 2","Frozen Egg 2","Fusion Hammer","Damaru","Vajra","PreservedInsect","FossilizedHelix","Lizard Tail","Ginger"],"acts_visited":["Exordium","TheCity","TheBeyond","TheEnding"],"potions_floor_usage":[56],"damage_taken":[{"damage":1.0,"enemies":"Small Slimes","floor":1.0,"turns":4.0},{"damage":1.0,"enemies":"2 Louse","floor":3.0,"turns":2.0},{"damage":0.0,"enemies":"Cultist","floor":4.0,"turns":2.0},{"damage":0.0,"enemies":"Lots of Slimes","floor":5.0,"turns":2.0},{"damage":29.0,"enemies":"3 Sentries","floor":7.0,"turns":9.0},{"damage":10.0,"enemies":"2 Fungi Beasts","floor":10.0,"turns":3.0},{"damage":3.0,"enemies":"Gremlin Nob","floor":13.0,"turns":3.0},{"damage":11.0,"enemies":"Exordium Thugs","floor":14.0,"turns":3.0},{"damage":10.0,"enemies":"The Guardian","floor":16.0,"turns":6.0},{"damage":0.0,"enemies":"Chosen","floor":18.0,"turns":2.0},{"damage":0.0,"enemies":"3 Byrds","floor":22.0,"turns":3.0},{"damage":6.0,"enemies":"Snecko","floor":24.0,"turns":4.0},{"damage":33.0,"enemies":"Slavers","floor":25.0,"turns":6.0},{"damage":29.0,"enemies":"Snake Plant","floor":30.0,"turns":3.0},{"damage":17.0,"enemies":"Collector","floor":33.0,"turns":10.0},{"damage":0.0,"enemies":"3 Shapes","floor":35.0,"turns":3.0},{"damage":0.0,"enemies":"Orb Walker","floor":38.0,"turns":1.0},{"damage":10.0,"enemies":"Maw","floor":39.0,"turns":7.0},{"damage":0.0,"enemies":"Giant Head","floor":40.0,"turns":7.0},{"damage":0.0,"enemies":"3 Darklings","floor":41.0,"turns":2.0},{"damage":4.0,"enemies":"Sphere and 2 Shapes","floor":42.0,"turns":4.0},{"damage":0.0,"enemies":"4 Shapes","floor":46.0,"turns":7.0},{"damage":0.0,"enemies":"Jaw Worm Horde","floor":47.0,"turns":1.0},{"damage":0.0,"enemies":"Nemesis","floor":48.0,"turns":7.0},{"damage":30.0,"enemies":"Donu and Deca","floor":50.0,"turns":6.0},{"damage":25.0,"enemies":"Time Eater","floor":51.0,"turns":12.0},{"damage":88.0,"enemies":"Shield and Spear","floor":55.0,"turns":8.0},{"damage":26,"enemies":"The Heart","floor":56,"turns":6}],"seed_played":"591306322037674784","potions_obtained":[{"floor":1.0,"key":"BlessingOfTheForge"},{"floor":7.0,"key":"AttackPotion"},{"floor":13.0,"key":"LiquidBronze"},{"floor":16.0,"key":"FearPotion"},{"floor":21.0,"key":"EntropicBrew"},{"floor":21.0,"key":"Swift Potion"},{"floor":24.0,"key":"DuplicationPotion"},{"floor":35.0,"key":"Ancient Potion"},{"floor":38.0,"key":"LiquidBronze"},{"floor":39.0,"key":"FairyPotion"}],"is_trial":false,"path_per_floor":["M","?","M","M","M","R","E","$","T","M","R","?","E","M","R","B",null,"M","?","$","?","M","R","M","E","T","R","$","R","M","$","R","B",null,"M","$","?","M","M","E","M","M","T","R","T","M","M","E","R","B","B",null,"R","$","E","B"],"character_chosen":"WATCHER","items_purchased":["Fasting2","CutThroughFate+1","DevaForm+1","TalkToTheHand+1","Lizard Tail"],"campfire_rested":5,"item_purchase_floors":[8,20,28,36,54],"current_hp_per_floor":[60,60,59,59,59,59,30,30,30,20,40,35,32,21,21,11,54,54,54,54,54,54,54,48,15,15,35,35,35,6,6,26,9,53,53,53,43,43,33,33,33,29,29,49,49,49,49,49,49,19,17,55,68,68,14,0,0],"gold":43,"neow_bonus":"ONE_RARE_RELIC","is_daily":false,"chose_seed":false,"campfire_upgraded":4,"win_rate":0.0,"timestamp":1611508886,"path_taken":["M","?","M","M","M","R","E","$","T","M","R","?","E","M","R","BOSS","M","?","$","?","M","R","M","E","T","R","$","R","?","?","R","BOSS","M","$","?","M","M","E","M","M","T","R","?","?","M","E","R","BOSS","BOSS","R","$","E","BOSS"],"items_purchased_type":["Card","Card","Card","Card","Relic"],"build_version":"2020-12-22","purchased_purges":2,"victory":false,"max_hp_per_floor":[68,68,68,68,68,68,68,68,68,68,68,68,68,68,68,68,68,68,68,68,68,68,68,68,68,68,68,68,68,68,68,68,68,68,68,68,68,68,68,68,68,68,68,68,68,68,68,68,68,68,68,68,68,68,68,68,68],"relic_stats":{"Lizard Tail":34,"Gremlin Horn":[23,24],"counters":[28,133],"CeramicFish":171,"PreservedInsect":127,"Ginger":[2],"Question Card":23,"obtain_stats":[{"Calipers":0,"Gremlin Horn":13,"CeramicFish":12,"Damaru":40,"Vajra":43,"PreservedInsect":45,"Ginger":55,"Frozen Egg 2":25,"Question Card":7,"Lizard Tail":54,"HolyWater":17,"Molten Egg 2":9,"Fusion Hammer":34,"PureWater":0,"Toxic Egg 2":19,"FossilizedHelix":48},{"Calipers":0,"Gremlin Horn":7,"CeramicFish":6,"Damaru":19,"Vajra":21,"PreservedInsect":21,"Ginger":27,"Frozen Egg 2":13,"Question Card":5,"Lizard Tail":26,"HolyWater":9,"Molten Egg 2":5,"Fusion Hammer":15,"PureWater":0,"Toxic Egg 2":10,"FossilizedHelix":24},{"Calipers":0,"Gremlin Horn":25,"CeramicFish":22,"Damaru":80,"Vajra":86,"PreservedInsect":86,"Ginger":127,"Frozen Egg 2":49,"Question Card":19,"Lizard Tail":119,"HolyWater":34,"Molten Egg 2":19,"Fusion Hammer":62,"PureWater":0,"Toxic Egg 2":36,"FossilizedHelix":101}]},"card_choices":[{"not_picked":["SashWhip","ForeignInfluence"],"picked":"EmptyFist","floor":1.0},{"not_picked":["PathToVictory","WindmillStrike"],"picked":"FlyingSleeves","floor":3.0},{"not_picked":["Pray","EmptyBody"],"picked":"SashWhip","floor":4.0},{"not_picked":["Prostrate","ClearTheMind"],"picked":"Omniscience","floor":5.0},{"not_picked":["BowlingBash","PathToVictory"],"picked":"FollowUp","floor":7.0},{"not_picked":["ReachHeaven+1","ClearTheMind","CrushJoints+1"],"picked":"Meditate","floor":10.0},{"not_picked":["WaveOfTheHand","EmptyBody","Meditate"],"picked":"DeusExMachina","floor":13.0},{"not_picked":["BowlingBash+1","FollowUp+1","PathToVictory"],"picked":"Consecrate+1","floor":14.0},{"not_picked":["DevaForm","ConjureBlade","Judgement"],"picked":"Scrawl","floor":16.0},{"not_picked":["Fasting2","Protect","FlyingSleeves+1"],"picked":"ThirdEye","floor":18.0},{"not_picked":["BowlingBash+1","EmptyBody+1","CrushJoints+1"],"picked":"JustLucky+1","floor":22.0},{"not_picked":["Indignation+1","FollowUp+1","WreathOfFlame+1","Vengeance+1"],"picked":"SKIP","floor":24.0},{"not_picked":["Indignation+1","FollowUp+1","WreathOfFlame+1","Vengeance+1"],"picked":"SKIP","floor":24.0},{"not_picked":["ClearTheMind+1","ForeignInfluence+1","DeceiveReality+1"],"picked":"JustLucky+1","floor":25.0},{"not_picked":["Prostrate+1","Fasting2+1","JustLucky+1"],"picked":"Wallop+1","floor":30.0},{"not_picked":["Ragnarok+1","Judgement+1","Wish+1"],"picked":"Scrawl+1","floor":33.0},{"not_picked":["FollowUp+1","WheelKick+1","SashWhip+1"],"picked":"EmptyMind+1","floor":35.0},{"not_picked":["Chrysalis+1","Deep Breath+1","Purity+1"],"picked":"Panache+1","floor":37.0},{"not_picked":["Trip+1","Metamorphosis+1","Deep Breath+1"],"picked":"Good Instincts+1","floor":37.0},{"not_picked":["Crescendo+1","Halt+1","FlurryOfBlows+1"],"picked":"ThirdEye+1","floor":38.0},{"not_picked":["BowlingBash+1","PathToVictory+1","WheelKick+1"],"picked":"TalkToTheHand+1","floor":39.0},{"not_picked":["DeceiveReality+1","MentalFortress+1","Perseverance+1"],"picked":"CutThroughFate+1","floor":40.0},{"not_picked":["DeusExMachina+1","ForeignInfluence+1","SashWhip+1","Crescendo+1"],"picked":"SKIP","floor":41.0},{"not_picked":["CrushJoints+1","PathToVictory+1","BowlingBash+1","InnerPeace+1"],"picked":"SKIP","floor":42.0},{"not_picked":["DeceiveReality+1","Evaluate+1","SashWhip+1"],"picked":"Prostrate+1","floor":46.0},{"not_picked":["PathToVictory+1","Meditate+1","ThirdEye+1"],"picked":"WheelKick+1","floor":47.0},{"not_picked":["LikeWater+1","Alpha+1","Protect+1","Study+1"],"picked":"SKIP","floor":48.0},{"not_picked":["Consecrate+1","Evaluate+1","FollowUp+1","SashWhip+1"],"picked":"SKIP","floor":55.0}],"player_experience":2740108,"relics_obtained":[{"floor":7.0,"key":"Question Card"},{"floor":9.0,"key":"Molten Egg 2"},{"floor":13.0,"key":"Gremlin Horn"},{"floor":25.0,"key":"Frozen Egg 2"},{"floor":40.0,"key":"Damaru"},{"floor":43.0,"key":"Vajra"},{"floor":45.0,"key":"PreservedInsect"},{"floor":48.0,"key":"FossilizedHelix"},{"floor":55.0,"key":"Ginger"}],"event_choices":[{"damage_healed":0.0,"max_hp_gain":0.0,"max_hp_loss":0.0,"gold_gain":0.0,"cards_transformed":["Defend_P"],"event_name":"Living Wall","player_choice":"Change","floor":2.0,"gold_loss":0.0,"damage_taken":0.0,"cards_obtained":["CrushJoints"]},{"damage_healed":0.0,"max_hp_gain":0.0,"max_hp_loss":0.0,"gold_gain":0.0,"event_name":"Scrap Ooze","player_choice":"Success","floor":12.0,"gold_loss":0.0,"damage_taken":5.0,"relics_obtained":["CeramicFish"]},{"damage_healed":0.0,"max_hp_gain":0.0,"max_hp_loss":0.0,"gold_gain":0.0,"event_name":"Addict","player_choice":"Obtained Relic","floor":19.0,"gold_loss":85.0,"damage_taken":0.0,"relics_obtained":["Toxic Egg 2"]},{"damage_healed":0.0,"max_hp_gain":0.0,"max_hp_loss":0.0,"gold_gain":0.0,"event_name":"Lab","player_choice":"Got Potions","floor":21.0,"gold_loss":0.0,"damage_taken":0.0},{"damage_healed":0.0,"max_hp_gain":0.0,"max_hp_loss":0.0,"gold_gain":0.0,"event_name":"SensoryStone","player_choice":"Memory 3","floor":37.0,"gold_loss":0.0,"damage_taken":10.0}],"is_beta":false,"boss_relics":[{"not_picked":["SlaversCollar","Philosopher\u0027s Stone"],"picked":"HolyWater"},{"not_picked":["Pandora\u0027s Box","Sozu"],"picked":"Fusion Hammer"}],"items_purged_floors":[20,36],"is_endless":false,"potions_floor_spawned":[1,7,13,16,24,25,35,38,39,46],"killed_by":"The Heart","ascension_level":20}}