{"host":"m4zn6rtsd36lrr22","time":1611490972,"event":{"mods":["2.2 Compatiblity","Act Like it!","BaseMod","Better Synergies","BetterRewards","CapriCore","Colored Map","Custom Start","FoggyMod","Gensokyo","GungeonMod","HololiveMod","Ironclad Rager","Lobotomy","LobotomyExtend","Luminous","Minty Spire (QoL Compilation)","Permanent Neow","Poor People Problems","Prisma Mod","Quick Restart","Reimu（博丽灵梦）","Relic Filter Mod","Relic Stats","Remilia（蕾米莉亚）","Remove Card Discount Mod","Replay The Spire","RumiaBox-露米娅的神秘盒子","Shop Mod","Spicy Shops","StSLib","The Alterego","The Animator","The Immortal","WarShipGirlsR/战舰少女R mod","Yakumo Yukari mod","noobMod","【功能Mod】混沌之环修复补丁","【遗物卡牌】REMEMod"],"gold_per_floor":[81,81,154,189,119,149,149,149,149,149,149,149,21,21,21,123,123,123,123,223,251,6,6,6,38,38,144,144,68,171,196,196,373,373,435,112,22,22,22,22,22,93,93,134,134,56,80,30,30,48,48],"floor_reached":52,"language":"ZHS","playtime":1822,"items_purged":["Dazed","Dazed","Dazed","Hololive_OvertimeWork+1","Hololive_CallTsunomakiWatame+1"],"score":1106,"play_id":"b80eca95-7265-41f8-b7ea-d80078811b0d","local_time":"20210124202252","is_ascension_mode":false,"campfire_choices":[{"data":"Scrawl","floor":7,"key":"SMITH"},{"data":"Hololive_CallAmaneKanata","floor":10,"key":"SMITH"},{"data":"Hololive_CallAZKi","floor":12,"key":"SMITH"},{"floor":15,"key":"DIG"},{"data":"Hololive_CallSakuraMiko","floor":24,"key":"SMITH"},{"data":"Hololive_CallInugamiKorone","floor":32,"key":"SMITH"},{"data":"Hololive_CallOmaruPolka","floor":40,"key":"SMITH"},{"data":"Gensokyo:PrivateSquare","floor":49,"key":"SMITH"}],"circlet_count":0,"master_deck":["Hololive_CallHoushouMarine+1","Hololive_CallDoris+1","Hololive_CallNakiriAyame+1","Hololive_CallHoshimachiSuisei+1","Scrawl+1","Hololive_CallTsunomakiWatame+1","Hololive_CallMinatoAqua+1","Hololive_CallAmaneKanata+1","Hololive_CallAZKi+1","Hololive_DurableLive+1","Hololive_CallSakuraMiko+1","Hololive_DurableLive+1","Hololive_CallAiraniIofifteen+1","Hololive_CallInugamiKorone+1","Hololive_CallOmaruPolka+1","Hololive_CallAkiRosenthal+1","Hololive_Yoholoon","Hololive_Rebirth","Hololive_CallRoboco+1","Hololive_CallTokoyamiTowa+1","Hololive_CallShiroganeNoel+1","Hololive_CallYozoraMel+1","Gensokyo:CustomPotion","Hololive_Trident","Gensokyo:PrivateSquare+1","Pride","Hololive_CallYukihanaLamy+1"],"relics":["Hololive_TheStar","REME_ComplimentaryCards","ice","DemoMod:GlassGuonStoneRelic","LetterFromLob","ReplayTheSpireMod:TigerMarble","MagicDraw1","DemoMod:SerJunkan","GodSword5","REME_ChargedStone","Gensokyo:MosesMiracle","Ice Cream","DemoMod:BigBoy","Torii","DollysMirror","REME_ArchaeologicalTools","PureWhite:ReiMu","CaptainsWheel","Frozen Egg 2","REME_PuzzleBoxRelic","Question Card","Pandora\u0027s Box","GodSword7","Unceasing Top","Gensokyo:EmptyGrave","Hololive_FriedShrimpLion","HornCleat"],"acts_visited":["Gensokyo:Gensokyo","Gensokyo:Gensokyoer","Gensokyo:Gensokyoest"],"potions_floor_usage":[],"damage_taken":[{"damage":0,"enemies":"Gensokyo:3_Fairies","floor":1,"turns":3},{"damage":0,"enemies":"Gensokyo:Python","floor":4,"turns":4},{"damage":0,"enemies":"Gensokyo:Aya","floor":6,"turns":3},{"damage":0,"enemies":"Gensokyo:Yukari","floor":16,"turns":5},{"damage":0,"enemies":"Gensokyo:3_Dogs","floor":20,"turns":5},{"damage":0,"enemies":"Gensokyo:3_Dogs","floor":21,"turns":4},{"damage":0,"enemies":"Gensokyo:Reisen","floor":25,"turns":4},{"damage":0,"enemies":"Gensokyo:CosmicMonolith","floor":27,"turns":2},{"damage":0,"enemies":"Gensokyo:Tenshi","floor":30,"turns":4},{"damage":0,"enemies":"Gensokyo:Wraith","floor":31,"turns":3},{"damage":0,"enemies":"Gensokyo:Eternal_Rivals","floor":33,"turns":8},{"damage":0,"enemies":"Gensokyo:AncientGuardian","floor":35,"turns":5},{"damage":0,"enemies":"Gensokyo:3_Boulders","floor":42,"turns":6},{"damage":0,"enemies":"Gensokyo:Marisa","floor":44,"turns":4},{"damage":0,"enemies":"Gensokyo:AtlasGolem","floor":47,"turns":4},{"damage":0,"enemies":"Gensokyo:Shinki","floor":50,"turns":11}],"seed_played":"751620353770453825","potions_obtained":[{"floor":1,"key":"Languid Potion"},{"floor":3,"key":"CultistPotion"},{"floor":21,"key":"GrandPatriotsElixir:ReiMu"}],"is_trial":false,"path_per_floor":["M","?","?","M","?","E","R","$","T","R","T","R","COS","$","R_BF","B",null,"M","?","?","M","COS","?","R","E","T","M","?","$","E","M","R","B",null,"M","$","?","?","?","R","?","M","T","E","?","$","M","?","R","B",null,null],"character_chosen":"Hololive_HololiveCharacter","items_purchased":["Hololive_CallOmaruPolka","Hololive_CallYozoraMel+1","GodSword7","Hololive_CallYukihanaLamy+1"],"campfire_rested":0,"item_purchase_floors":[29,36,36,46],"current_hp_per_floor":[35,35,21,21,21,25,25,25,25,25,25,25,25,25,25,25,35,35,35,35,35,35,35,35,35,35,35,35,35,35,35,35,35,35,35,35,35,35,21,21,21,27,27,33,33,33,33,33,33,33,33],"gold":48,"neow_bonus":"RANDOM_COLORLESS","is_daily":false,"chose_seed":false,"campfire_upgraded":7,"win_rate":0.0,"timestamp":1611490972,"path_taken":["M","?","?","?","?","E","R","?","T","R","?","R","COS","?","R_BF","BOSS","M","?","?","?","COS","?","R","E","T","?","?","$","E","?","R","BOSS","M","$","?","?","?","R","?","?","T","E","?","?","?","?","R","BOSS"],"items_purchased_type":["Card","Card","Relic","Card"],"build_version":"2020-12-22","purchased_purges":5,"victory":true,"max_hp_per_floor":[35,35,35,35,35,35,35,35,35,35,35,35,35,35,35,35,35,35,35,35,35,35,35,35,35,35,35,35,35,35,35,35,35,35,35,35,35,35,35,35,33,33,33,33,33,33,33,33,33,33,33],"relic_stats":{"Torii":0,"counters":[16,75],"Pandora\u0027s Box":["Hololive_CallRoboco","Hololive_CallTokoyamiTowa","Hololive_CallTsunomakiWatame"],"Question Card":7,"obtain_stats":[{"Ice Cream":20,"Torii":21,"DemoMod:BigBoy":20,"REME_ChargedStone":17,"DemoMod:GlassGuonStoneRelic":1,"ice":0,"MagicDraw1":6,"HornCleat":44,"DollysMirror":22,"REME_ArchaeologicalTools":25,"Gensokyo:MosesMiracle":25,"Frozen Egg 2":30,"Question Card":30,"Gensokyo:EmptyGrave":41,"PureWhite:ReiMu":26,"CaptainsWheel":27,"Gensokyo:DayTheSeaSplit":19,"Hololive_TheStar":0,"Pandora\u0027s Box":34,"DemoMod:SerJunkan":11,"GodSword7":36,"Hololive_FriedShrimpLion":43,"LetterFromLob":1,"ReplayTheSpireMod:TigerMarble":3,"GodSword5":15,"REME_PuzzleBoxRelic":30,"Unceasing Top":39,"REME_ComplimentaryCards":0},{"Ice Cream":5,"Torii":6,"DemoMod:BigBoy":5,"REME_ChargedStone":4,"DemoMod:GlassGuonStoneRelic":1,"ice":0,"MagicDraw1":3,"HornCleat":14,"DollysMirror":6,"REME_ArchaeologicalTools":7,"Gensokyo:MosesMiracle":7,"Frozen Egg 2":9,"Question Card":9,"Gensokyo:EmptyGrave":12,"PureWhite:ReiMu":7,"CaptainsWheel":8,"Gensokyo:DayTheSeaSplit":4,"Hololive_TheStar":0,"Pandora\u0027s Box":11,"DemoMod:SerJunkan":3,"GodSword7":12,"Hololive_FriedShrimpLion":13,"LetterFromLob":1,"ReplayTheSpireMod:TigerMarble":1,"GodSword5":3,"REME_PuzzleBoxRelic":9,"Unceasing Top":12,"REME_ComplimentaryCards":0},{"Ice Cream":20,"Torii":23,"DemoMod:BigBoy":20,"REME_ChargedStone":15,"DemoMod:GlassGuonStoneRelic":3,"ice":0,"MagicDraw1":10,"HornCleat":60,"DollysMirror":24,"REME_ArchaeologicalTools":28,"Gensokyo:MosesMiracle":28,"Frozen Egg 2":31,"Question Card":34,"Gensokyo:EmptyGrave":50,"PureWhite:ReiMu":28,"CaptainsWheel":30,"Gensokyo:DayTheSeaSplit":15,"Hololive_TheStar":0,"Pandora\u0027s Box":45,"DemoMod:SerJunkan":10,"GodSword7":50,"Hololive_FriedShrimpLion":56,"LetterFromLob":3,"ReplayTheSpireMod:TigerMarble":3,"GodSword5":10,"REME_PuzzleBoxRelic":33,"Unceasing Top":50,"REME_ComplimentaryCards":0}],"Unceasing Top":[0]},"card_choices":[{"not_picked":["Hololive_CocoNews","Hololive_Trident","Hololive_HuntDinosaur"],"picked":"Hololive_CallTsunomakiWatame","floor":1},{"not_picked":["Hololive_OvertimeWork","Hololive_CocoNews","Hololive_Breathe"],"picked":"Hololive_CallMinatoAqua","floor":3},{"not_picked":["Hololive_Sequa","Hololive_StrengthChampion","Hololive_Rebound"],"picked":"Hololive_CallAmaneKanata","floor":3},{"not_picked":["Hololive_Sequa","Hololive_CallUsadaPekora","Hololive_Breathe"],"picked":"Hololive_CallAZKi","floor":4},{"not_picked":["Hololive_StrengthChampion","Hololive_Nanodesu","Hololive_RevenueBasedLive"],"picked":"Hololive_CallShiranuiFlare","floor":6},{"not_picked":["Hololive_BeCareful","Hololive_MaximGun","Hololive_WolfAndLamb"],"picked":"Hololive_DurableLive","floor":16},{"not_picked":["Hololive_Sequa","Hololive_Psychosis","Hololive_Breathe"],"picked":"Hololive_CallSakuraMiko","floor":20},{"not_picked":["Hololive_Breathe","Hololive_RevenueBasedLive","Hololive_CocoNews","Hololive_StrengthChampion"],"picked":"SKIP","floor":21},{"not_picked":["Hololive_Psychosis","Hololive_Spy","Hololive_FlyingPonyTail"],"picked":"Hololive_CallAiraniIofifteen+1","floor":25},{"not_picked":["Hololive_ASMR","Hololive_Breathe","Hololive_CocoNews"],"picked":"Hololive_CallInugamiKorone","floor":27},{"not_picked":["Hololive_Sequa+1","Hololive_Psychosis","Hololive_CallNekomataOkayu+1"],"picked":"Hololive_CallAkiRosenthal+1","floor":30},{"not_picked":["Hololive_Watashimo","Hololive_HuntDinosaur+1","Hololive_OvertimeWork+1","Hololive_Psychosis+1"],"picked":"Hololive_Yoholoon","floor":31},{"not_picked":["Hololive_DurableLive","Hololive_AWSL","Hololive_BeCareful","Hololive_DiamondStrike"],"picked":"Hololive_Rebirth","floor":33},{"not_picked":["Hololive_Sequa","Hololive_CallSakuraMiko+1","Hololive_Drill+1","Hololive_FlyingPonyTail"],"picked":"Hololive_CallShiroganeNoel+1","floor":35},{"not_picked":["Hololive_Breathe+1","Hololive_LuckPotion","Hololive_Drill","Hololive_CocoNews"],"picked":"Hololive_Trident","floor":42},{"not_picked":["Hololive_FlyingPonyTail","Hololive_Breathe+1","Hololive_Spy+1","Hololive_Psychosis+1","Hololive_Nanodesu"],"picked":"SKIP","floor":44},{"not_picked":["Hololive_Rebound+1","Hololive_Drill+1","Hololive_OvertimeWork","Hololive_Trident+1","Hololive_BringToTrial+1"],"picked":"SKIP","floor":47}],"player_experience":346690,"relics_obtained":[{"floor":1,"key":"LetterFromLob"},{"floor":3,"key":"ReplayTheSpireMod:TigerMarble"},{"floor":6,"key":"MagicDraw1"},{"floor":11,"key":"DemoMod:SerJunkan"},{"floor":15,"key":"GodSword5"},{"floor":20,"key":"Ice Cream"},{"floor":20,"key":"DemoMod:BigBoy"},{"floor":25,"key":"Gensokyo:MosesMiracle"},{"floor":25,"key":"REME_ArchaeologicalTools"},{"floor":26,"key":"PureWhite:ReiMu"},{"floor":30,"key":"Question Card"},{"floor":43,"key":"Hololive_FriedShrimpLion"},{"floor":44,"key":"HornCleat"}],"event_choices":[],"is_beta":false,"boss_relics":[{"not_picked":["AddBug","Busted Crown"],"picked":"REME_ChargedStone"},{"not_picked":["ReplayTheSpireMod:DimensionalGlitch","Kintsugi"],"picked":"Pandora\u0027s Box"}],"items_purged_floors":[29,29,29,29,36],"is_endless":false,"potions_floor_spawned":[1,21,27,35,42],"ascension_level":0}}