{"host":"bq4pt811tk9yrmjl","time":1611447854,"event":{"mods":["AchievementEnabler","BaseMod","Colored Map","Colored Powertips","Defuse TimeMaze Blight","Hermit","Minty Spire (QoL Compilation)","StSLib","SuperFastMode"],"gold_per_floor":[111,111,111,131,131,131,166,166,166,178,178,194,194,210,210,210,210],"floor_reached":16,"language":"ENG","playtime":310,"items_purged":[],"score":131,"play_id":"20062130-6441-493b-acbf-600c407d97be","local_time":"20210123222414","is_ascension_mode":true,"campfire_choices":[{"data":"Neutralize","floor":6.0,"key":"SMITH"},{"data":"Infinite Blades","floor":13.0,"key":"SMITH"},{"floor":15.0,"key":"RECALL"}],"circlet_count":0,"master_deck":["Strike_G","Strike_G","Strike_G","Strike_G","Strike_G","Defend_G","Defend_G","Defend_G","Defend_G","Defend_G","Survivor","Neutralize+1","PiercingWail","Deflect+1","Infinite Blades+1","Deflect+1"],"relics":["Ring of the Snake","NeowsBlessing","Toxic Egg 2","Ancient Tea Set","Ninja Scroll","Eternal Feather"],"acts_visited":["Exordium"],"potions_floor_usage":[16,16],"damage_taken":[{"damage":0.0,"enemies":"2 Louse","floor":1.0,"turns":1.0},{"damage":0.0,"enemies":"Cultist","floor":4.0,"turns":1.0},{"damage":0.0,"enemies":"Gremlin Nob","floor":7.0,"turns":1.0},{"damage":0.0,"enemies":"Jaw Worm","floor":10.0,"turns":5.0},{"damage":4.0,"enemies":"3 Louse","floor":12.0,"turns":5.0},{"damage":0.0,"enemies":"Blue Slaver","floor":14.0,"turns":4.0},{"damage":90,"enemies":"Hexaghost","floor":16,"turns":19}],"seed_played":"1645272166344702141","potions_obtained":[{"floor":4.0,"key":"Block Potion"},{"floor":12.0,"key":"Regen Potion"},{"floor":14.0,"key":"FearPotion"}],"is_trial":false,"path_per_floor":["M","$","?","M","$","R","E","?","T","M","?","M","R","M","R","B"],"character_chosen":"THE_SILENT","items_purchased":[],"campfire_rested":0,"item_purchase_floors":[],"current_hp_per_floor":[70,70,67,67,67,67,67,67,67,67,72,68,75,75,75,0,0],"gold":210,"neow_bonus":"THREE_ENEMY_KILL","is_daily":false,"chose_seed":false,"campfire_upgraded":2,"win_rate":0.0,"timestamp":1611447854,"path_taken":["M","$","?","M","$","R","E","?","T","?","?","M","R","M","R","BOSS"],"items_purchased_type":[],"build_version":"2020-12-22","purchased_purges":0,"victory":false,"max_hp_per_floor":[70,70,70,70,70,70,70,70,70,70,75,75,75,75,75,75,75],"card_choices":[{"not_picked":["Bane","Poisoned Stab"],"picked":"PiercingWail","floor":1.0},{"not_picked":["Backflip+1","Dagger Throw","Sucker Punch"],"picked":"SKIP","floor":4.0},{"not_picked":["Outmaneuver+1","Prepared+1"],"picked":"Deflect+1","floor":7.0},{"not_picked":["PiercingWail+1","Crippling Poison+1"],"picked":"Infinite Blades","floor":10.0},{"not_picked":["Slice","Venomology+1"],"picked":"Deflect+1","floor":12.0},{"not_picked":["All Out Attack","Outmaneuver+1","Backstab"],"picked":"SKIP","floor":14.0}],"player_experience":221683,"relics_obtained":[{"floor":7.0,"key":"Ancient Tea Set"},{"floor":9.0,"key":"Eternal Feather"}],"event_choices":[{"damage_healed":0.0,"max_hp_gain":0.0,"max_hp_loss":0.0,"gold_gain":0.0,"event_name":"Scrap Ooze","player_choice":"Success","floor":3.0,"gold_loss":0.0,"damage_taken":3.0,"relics_obtained":["Toxic Egg 2"]},{"damage_healed":0.0,"max_hp_gain":0.0,"max_hp_loss":0.0,"gold_gain":0.0,"event_name":"WeMeetAgain","player_choice":"Gave Potion","floor":8.0,"gold_loss":0.0,"damage_taken":0.0,"relics_obtained":["Ninja Scroll"]},{"damage_healed":0.0,"max_hp_gain":5.0,"max_hp_loss":0.0,"gold_gain":0.0,"event_name":"Big Fish","player_choice":"Donut","floor":11.0,"gold_loss":0.0,"damage_taken":0.0}],"is_beta":false,"boss_relics":[],"items_purged_floors":[],"is_endless":false,"potions_floor_spawned":[4,12,14],"killed_by":"Hexaghost","ascension_level":1}}