{"host":"q0qnzbgdx8oqogg9","time":1611447979,"event":{"mods":["BaseMod","Minty Spire (QoL Compilation)","StSLib"],"gold_per_floor":[369,544,27,42,53,88,88,88,88,88,99,110,140,156,156,259,259,259,16,16,16,16,16,16,16,16,16,16,16,16,16,16,16,16,16,16,16,16,16,16,16,16,16,16,16,16,16,16,16,16,16,16,16,16,16,16],"floor_reached":55,"language":"ENG","playtime":8276,"items_purged":["Doubt","Strike_B"],"score":1102,"play_id":"555f45a5-f6c3-4063-b804-67c01a1869e5","local_time":"20210123192619","is_ascension_mode":true,"campfire_choices":[{"data":"Defragment","floor":7.0,"key":"SMITH"},{"data":"Doom and Gloom","floor":10.0,"key":"SMITH"},{"floor":15.0,"key":"REST"},{"data":"Steam Power","floor":30.0,"key":"SMITH"},{"data":"Glacier","floor":32.0,"key":"SMITH"},{"data":"Dramatic Entrance","floor":40.0,"key":"SMITH"},{"floor":42.0,"key":"REST"},{"floor":49.0,"key":"RECALL"},{"data":"Coolheaded","floor":52.0,"key":"SMITH"}],"circlet_count":0,"master_deck":["Strike_B","Strike_B","Strike_B","Defend_B","Defend_B","Defend_B","Defend_B","Zap","Dualcast","Go for the Eyes","Defragment+1","Conserve Battery","Gash","Melter","Steam Power+1","Self Repair","Machine Learning","Sweeping Beam","Dramatic Entrance+1","Glacier+1","Glacier+1","Defragment+1","FTL","Amplify","Coolheaded+1","Gash+1","Undo","Reinforced Body+1","Scrape+1","Coolheaded+1","FTL","Core Surge"],"relics":["Cracked Core","Bag of Marbles","Bronze Scales","InkBottle","Letter Opener","Pear","Potion Belt","Ectoplasm","Symbiotic Virus","DataDisk","Akabeko","Inserter","Art of War","Centennial Puzzle","StoneCalendar"],"acts_visited":["Exordium","TheCity","TheBeyond","TheEnding"],"potions_floor_usage":[54,55,55],"damage_taken":[{"damage":2.0,"enemies":"Jaw Worm","floor":1.0,"turns":4.0},{"damage":0.0,"enemies":"Cultist","floor":4.0,"turns":2.0},{"damage":0.0,"enemies":"2 Louse","floor":5.0,"turns":2.0},{"damage":20.0,"enemies":"Gremlin Nob","floor":6.0,"turns":4.0},{"damage":0.0,"enemies":"Looter","floor":11.0,"turns":3.0},{"damage":8.0,"enemies":"Blue Slaver","floor":12.0,"turns":3.0},{"damage":13.0,"enemies":"3 Sentries","floor":13.0,"turns":4.0},{"damage":2.0,"enemies":"Red Slaver","floor":14.0,"turns":2.0},{"damage":46.0,"enemies":"The Guardian","floor":16.0,"turns":12.0},{"damage":7.0,"enemies":"3 Byrds","floor":18.0,"turns":2.0},{"damage":11.0,"enemies":"Shell Parasite","floor":20.0,"turns":4.0},{"damage":21.0,"enemies":"Snake Plant","floor":21.0,"turns":4.0},{"damage":4.0,"enemies":"Centurion and Healer","floor":22.0,"turns":6.0},{"damage":1.0,"enemies":"Gremlin Leader","floor":23.0,"turns":7.0},{"damage":8.0,"enemies":"Chosen and Byrds","floor":24.0,"turns":6.0},{"damage":0.0,"enemies":"Sentry and Sphere","floor":25.0,"turns":2.0},{"damage":10.0,"enemies":"Slavers","floor":27.0,"turns":2.0},{"damage":14.0,"enemies":"Snake Plant","floor":28.0,"turns":3.0},{"damage":18.0,"enemies":"Snecko","floor":29.0,"turns":3.0},{"damage":28.0,"enemies":"Collector","floor":33.0,"turns":14.0},{"damage":9.0,"enemies":"3 Darklings","floor":35.0,"turns":4.0},{"damage":0.0,"enemies":"Orb Walker","floor":37.0,"turns":3.0},{"damage":24.0,"enemies":"Jaw Worm Horde","floor":39.0,"turns":4.0},{"damage":31.0,"enemies":"Nemesis","floor":41.0,"turns":7.0},{"damage":12.0,"enemies":"Maw","floor":44.0,"turns":9.0},{"damage":0.0,"enemies":"4 Shapes","floor":46.0,"turns":2.0},{"damage":1.0,"enemies":"Giant Head","floor":47.0,"turns":15.0},{"damage":12.0,"enemies":"Jaw Worm Horde","floor":48.0,"turns":7.0},{"damage":8.0,"enemies":"Awakened One","floor":50.0,"turns":22.0},{"damage":25,"enemies":"Shield and Spear","floor":54,"turns":11},{"damage":67,"enemies":"The Heart","floor":55,"turns":3}],"seed_played":"4306477990128207734","potions_obtained":[{"floor":4.0,"key":"Energy Potion"},{"floor":11.0,"key":"SkillPotion"},{"floor":16.0,"key":"Regen Potion"},{"floor":18.0,"key":"SteroidPotion"},{"floor":25.0,"key":"SkillPotion"},{"floor":27.0,"key":"PotionOfCapacity"},{"floor":29.0,"key":"BlessingOfTheForge"},{"floor":35.0,"key":"FocusPotion"},{"floor":37.0,"key":"Weak Potion"}],"is_trial":false,"path_per_floor":["M","?","$","M","M","E","R","T","T","R","M","M","E","M","R","B",null,"M","$","M","M","M","E","M","M","T","E","M","M","R","?","R","B",null,"M","?","M","?","M","R","E","R","T","M","$","M","E","M","R","B",null,"R","$","E","B"],"character_chosen":"DEFECT","items_purchased":["Bag of Marbles","Doom and Gloom","Defragment","Bronze Scales","Sweeping Beam","Dramatic Entrance"],"campfire_rested":2,"item_purchase_floors":[3,3,3,3,19,19],"current_hp_per_floor":[66,66,66,66,66,46,46,46,56,56,56,48,35,33,56,17,63,56,56,52,31,34,40,39,39,39,29,22,9,9,35,35,14,62,60,60,60,60,43,43,19,42,42,44,44,51,57,45,45,44,70,70,70,52,0,0],"gold":16,"neow_bonus":"TWO_FIFTY_GOLD","is_daily":false,"chose_seed":false,"campfire_upgraded":6,"win_rate":0.0,"timestamp":1611447979,"path_taken":["M","?","$","M","M","E","R","?","T","R","M","M","E","?","R","BOSS","M","$","M","M","M","E","M","M","T","E","?","M","R","?","R","BOSS","M","?","M","?","?","R","E","R","T","M","$","M","E","M","R","BOSS","R","$","E","BOSS"],"items_purchased_type":["Relic","Card","Card","Relic","Card","Card"],"build_version":"2020-12-22","purchased_purges":2,"victory":false,"max_hp_per_floor":[68,68,68,68,68,68,68,68,78,78,78,78,78,78,78,78,78,78,78,78,78,78,78,78,78,78,78,78,78,78,78,78,78,78,78,78,78,78,78,78,78,78,78,78,78,78,78,78,78,78,78,78,78,78,78,78],"card_choices":[{"not_picked":["Leap","Chaos"],"picked":"Go for the Eyes","floor":1.0},{"not_picked":["Beam Cell","Reinforced Body"],"picked":"Conserve Battery","floor":4.0},{"not_picked":["Reprogram","Tempest"],"picked":"Gash","floor":5.0},{"not_picked":["Darkness","Sunder","Barrage"],"picked":"SKIP","floor":6.0},{"not_picked":["Go for the Eyes","Streamline","Stack"],"picked":"SKIP","floor":11.0},{"not_picked":["Turbo","Compile Driver"],"picked":"Melter","floor":12.0},{"not_picked":["Steam","Hello World"],"picked":"Steam Power","floor":13.0},{"not_picked":["Chaos","Go for the Eyes"],"picked":"Self Repair","floor":14.0},{"not_picked":["Meteor Strike","Hyperbeam"],"picked":"Machine Learning","floor":16.0},{"not_picked":["Stack","Steam+1","Rebound"],"picked":"SKIP","floor":18.0},{"not_picked":["Barrage","Consume"],"picked":"Glacier","floor":20.0},{"not_picked":["Self Repair","Cold Snap+1"],"picked":"Glacier+1","floor":21.0},{"not_picked":["Chill+1","Hologram","Reinforced Body"],"picked":"SKIP","floor":22.0},{"not_picked":["Blizzard","Ball Lightning","Sweeping Beam+1"],"picked":"SKIP","floor":23.0},{"not_picked":["Auto Shields","Rebound"],"picked":"Defragment+1","floor":24.0},{"not_picked":["Sweeping Beam+1","Heatsinks+1","Force Field+1"],"picked":"SKIP","floor":25.0},{"not_picked":["Redo","Hyperbeam","Barrage"],"picked":"SKIP","floor":27.0},{"not_picked":["Force Field","Gash"],"picked":"FTL","floor":28.0},{"not_picked":["Stack","Glacier","Heatsinks+1"],"picked":"SKIP","floor":29.0},{"not_picked":["Creative AI","Multi-Cast"],"picked":"Amplify","floor":33.0},{"not_picked":["Cold Snap","Go for the Eyes"],"picked":"Coolheaded","floor":35.0},{"not_picked":["Sunder","Barrage"],"picked":"Gash+1","floor":37.0},{"not_picked":["Beam Cell+1","Compile Driver","Gash"],"picked":"SKIP","floor":39.0},{"not_picked":["Amplify","Chaos+1"],"picked":"Undo","floor":41.0},{"not_picked":["Sweeping Beam+1","Sunder+1"],"picked":"Reinforced Body+1","floor":44.0},{"not_picked":["Reprogram","Stack+1"],"picked":"Scrape+1","floor":46.0},{"not_picked":["Rebound","Lockon"],"picked":"Coolheaded+1","floor":47.0},{"not_picked":["Static Discharge+1","Genetic Algorithm"],"picked":"FTL","floor":48.0},{"not_picked":["Aggregate","Genetic Algorithm+1"],"picked":"Core Surge","floor":54}],"player_experience":279467,"relics_obtained":[{"floor":6.0,"key":"InkBottle"},{"floor":8.0,"key":"Letter Opener"},{"floor":9.0,"key":"Pear"},{"floor":13.0,"key":"Potion Belt"},{"floor":23.0,"key":"Symbiotic Virus"},{"floor":26.0,"key":"DataDisk"},{"floor":27.0,"key":"Akabeko"},{"floor":41.0,"key":"Art of War"},{"floor":47.0,"key":"Centennial Puzzle"},{"floor":54,"key":"StoneCalendar"}],"event_choices":[{"damage_healed":0.0,"max_hp_gain":0.0,"max_hp_loss":0.0,"gold_gain":175.0,"event_name":"Liars Game","player_choice":"AGREE","floor":2.0,"gold_loss":0.0,"damage_taken":0.0,"cards_obtained":["Doubt"]},{"damage_healed":26.0,"max_hp_gain":0.0,"max_hp_loss":0.0,"gold_gain":0.0,"event_name":"The Library","player_choice":"Heal","floor":31.0,"gold_loss":0.0,"damage_taken":0.0},{"cards_removed":["Doom and Gloom"],"damage_healed":0.0,"max_hp_gain":0.0,"max_hp_loss":0.0,"gold_gain":0.0,"event_name":"Falling","player_choice":"Removed Attack","floor":36.0,"gold_loss":0.0,"damage_taken":0.0},{"damage_healed":0.0,"max_hp_gain":0.0,"max_hp_loss":0.0,"gold_gain":0.0,"event_name":"Match and Keep!","player_choice":"0 cards matched","floor":38.0,"gold_loss":0.0,"damage_taken":0.0,"cards_obtained":[]}],"is_beta":false,"boss_relics":[{"not_picked":["Tiny House","Velvet Choker"],"picked":"Ectoplasm"},{"not_picked":["Astrolabe","Busted Crown"],"picked":"Inserter"}],"items_purged_floors":[3,19],"is_endless":false,"potions_floor_spawned":[4,11,16,18,25,27,29,35,37],"killed_by":"The Heart","ascension_level":9}}