{"host":"nwd160me4iqdtr8u","time":1611459467,"event":{"mods":["AchievementEnabler","Act Like it!","BaseMod","Colored Map","DeckTracker","Minty Spire (QoL Compilation)","Quick Restart","Rare Cards Sparkle","StSLib","SuperFastMode","everything is the same but u backflip on backflip"],"gold_per_floor":[109,109,34,50,67,67,242,268,268,330,330,330,347,366,366,463,463,478,478,492,511,11,46,46,62,62,62,72,172,172,183,183,283,283,302,302,43,61,73,73,93,93,93,141,141,153,165,176,176,176,176,176,6,36,36,36],"floor_reached":55,"language":"KOR","playtime":3291,"items_purged":["Strike_G","Strike_G+1"],"score":883,"play_id":"f7bce480-e9b8-4e3d-a26c-6db55588f3cf","local_time":"20210124123747","is_ascension_mode":true,"campfire_choices":[{"floor":6.0,"key":"REST"},{"floor":11.0,"key":"REST"},{"data":"Venomology","floor":15.0,"key":"SMITH"},{"data":"Calculated Gamble","floor":24.0,"key":"SMITH"},{"floor":27.0,"key":"REST"},{"data":"Burst","floor":30.0,"key":"SMITH"},{"floor":32.0,"key":"REST"},{"floor":40.0,"key":"REST"},{"floor":42.0,"key":"REST"},{"floor":49.0,"key":"RECALL"},{"floor":52.0,"key":"REST"}],"circlet_count":0,"master_deck":["Strike_G+1","Defend_G+1","Defend_G+1","Defend_G+1","Defend_G+1","Defend_G+1","Survivor","Neutralize","Poisoned Stab","Dagger Spray","Deadly Poison","Noxious Fumes","Blade Dance","Venomology+1","Burst+1","Calculated Gamble+1","Cloak And Dagger+1","Blur","Deep Breath","Infinite Blades","Footwork+1","Crippling Poison","Flying Knee","Dodge and Roll","Acrobatics","Corpse Explosion","Blade Dance","After Image","Prepared+1","Slice","Footwork+1","Phantasmal Killer","Escape Plan","Backflip","Acrobatics","Well Laid Plans","Trip"],"relics":["Ring of the Snake","Pocketwatch","Happy Flower","Shuriken","Dream Catcher","Tiny Chest","Empty Cage","Lee\u0027s Waffle","InkBottle","Calipers","Mercury Hourglass","WristBlade","Kunai","Anchor","Bag of Marbles"],"acts_visited":["Exordium","TheCity","TheBeyond","TheEnding"],"potions_floor_usage":[],"damage_taken":[{"damage":3.0,"enemies":"Jaw Worm","floor":1.0,"turns":4.0},{"damage":7.0,"enemies":"Small Slimes","floor":4.0,"turns":3.0},{"damage":0.0,"enemies":"2 Louse","floor":5.0,"turns":2.0},{"damage":13.0,"enemies":"3 Sentries","floor":8.0,"turns":4.0},{"damage":22.0,"enemies":"3 Sentries","floor":10.0,"turns":5.0},{"damage":3.0,"enemies":"Looter","floor":13.0,"turns":2.0},{"damage":0.0,"enemies":"Exordium Thugs","floor":14.0,"turns":3.0},{"damage":25.0,"enemies":"Hexaghost","floor":16.0,"turns":8.0},{"damage":12.0,"enemies":"3 Byrds","floor":18.0,"turns":4.0},{"damage":6.0,"enemies":"2 Thieves","floor":20.0,"turns":3.0},{"damage":2.0,"enemies":"Snecko","floor":21.0,"turns":5.0},{"damage":13.0,"enemies":"Slavers","floor":23.0,"turns":6.0},{"damage":22.0,"enemies":"Shelled Parasite and Fungi","floor":25.0,"turns":6.0},{"damage":8.0,"enemies":"Centurion and Healer","floor":28.0,"turns":7.0},{"damage":10.0,"enemies":"Colosseum Slavers","floor":29.0,"turns":3.0},{"damage":13.0,"enemies":"Colosseum Nobs","floor":29.0,"turns":3.0},{"damage":4.0,"enemies":"Cultist and Chosen","floor":31.0,"turns":6.0},{"damage":38.0,"enemies":"Champ","floor":33.0,"turns":9.0},{"damage":28.0,"enemies":"3 Darklings","floor":35.0,"turns":3.0},{"damage":0.0,"enemies":"Orb Walker","floor":38.0,"turns":2.0},{"damage":14.0,"enemies":"3 Darklings","floor":39.0,"turns":3.0},{"damage":7.0,"enemies":"Maw","floor":41.0,"turns":6.0},{"damage":0.0,"enemies":"Jaw Worm Horde","floor":46.0,"turns":3.0},{"damage":5.0,"enemies":"Transient","floor":47.0,"turns":5.0},{"damage":0.0,"enemies":"Writhing Mass","floor":48.0,"turns":5.0},{"damage":25.0,"enemies":"Donu and Deca","floor":50.0,"turns":8.0},{"damage":97.0,"enemies":"Shield and Spear","floor":54.0,"turns":4.0},{"damage":13,"enemies":"The Heart","floor":55,"turns":2}],"seed_played":"1697384225583177701","potions_obtained":[{"floor":1.0,"key":"SkillPotion"},{"floor":8.0,"key":"SkillPotion"},{"floor":10.0,"key":"Energy Potion"},{"floor":16.0,"key":"SkillPotion"},{"floor":21.0,"key":"BlessingOfTheForge"},{"floor":25.0,"key":"LiquidMemories"},{"floor":28.0,"key":"Fire Potion"},{"floor":29.0,"key":"AttackPotion"},{"floor":31.0,"key":"DistilledChaos"},{"floor":35.0,"key":"SkillPotion"},{"floor":39.0,"key":"DistilledChaos"},{"floor":41.0,"key":"Swift Potion"}],"is_trial":false,"path_per_floor":["M","?","$","M","M","R","?","E","T","?","R","T","M","M","R","B",null,"M","?","M","M","$","E","R","M","T","R","M","?","R","M","R","B",null,"M","?","$","M","M","R","M","R","T","T","?","M","M","M","R","B",null,"R","$","E","B"],"character_chosen":"THE_SILENT","items_purchased":["Lee\u0027s Waffle","Blur","Deep Breath","FairyPotion","After Image","GhostInAJar","Well Laid Plans","Trip"],"campfire_rested":7,"item_purchase_floors":[22,22,22,22,37,37,53,53],"current_hp_per_floor":[60,47,47,40,40,58,58,45,45,23,41,41,38,38,38,13,51,39,39,33,31,70,57,57,35,35,56,63,40,40,36,57,19,57,29,29,29,29,15,36,29,50,50,50,50,50,45,45,45,20,58,70,70,13,0,0],"gold":36,"neow_bonus":"ONE_RARE_RELIC","is_daily":false,"chose_seed":false,"campfire_upgraded":3,"win_rate":0.0,"timestamp":1611459467,"path_taken":["M","?","$","M","M","R","?","E","T","?","R","?","M","M","R","BOSS","M","?","M","M","$","E","R","M","T","R","M","?","R","M","R","BOSS","M","?","$","M","M","R","M","R","T","?","?","M","M","?","R","BOSS","R","$","E","BOSS"],"items_purchased_type":["Relic","Card","Card","Potion","Card","Potion","Card","Card"],"build_version":"2020-12-22","purchased_purges":2,"victory":false,"max_hp_per_floor":[63,63,63,63,63,63,63,63,63,63,63,63,63,63,63,63,63,63,63,63,63,70,70,70,70,70,70,70,70,70,70,70,70,70,70,70,70,70,70,70,70,70,70,70,70,70,70,70,70,70,70,70,70,70,70,70],"card_choices":[{"not_picked":["Caltrops","Sucker Punch"],"picked":"Poisoned Stab","floor":1.0},{"not_picked":["Grand Finale","Outmaneuver"],"picked":"Dagger Spray","floor":4.0},{"not_picked":["Backstab","Well Laid Plans"],"picked":"Deadly Poison","floor":5.0},{"not_picked":["Blur","Bouncing Flask"],"picked":"Noxious Fumes","floor":8.0},{"not_picked":["Dodge and Roll","Dagger Throw"],"picked":"Blade Dance","floor":11.0},{"not_picked":["Eviscerate","Dodge and Roll","Noxious Fumes"],"picked":"SKIP","floor":13.0},{"not_picked":["Flechettes","Expertise"],"picked":"Venomology","floor":14.0},{"not_picked":["Doppelganger","Malaise"],"picked":"Burst","floor":16.0},{"not_picked":["Skewer","Underhanded Strike"],"picked":"Calculated Gamble","floor":18.0},{"not_picked":["Flechettes+1","Caltrops","Blade Dance"],"picked":"SKIP","floor":20.0},{"not_picked":["Setup","Sucker Punch"],"picked":"Cloak And Dagger+1","floor":21.0},{"not_picked":["Dagger Spray+1","Deadly Poison","Distraction"],"picked":"SKIP","floor":23.0},{"not_picked":["Deflect","Blade Dance"],"picked":"Infinite Blades","floor":25.0},{"not_picked":["Cloak And Dagger","Bouncing Flask"],"picked":"Footwork+1","floor":27.0},{"not_picked":["Acrobatics","PiercingWail"],"picked":"Crippling Poison","floor":28.0},{"not_picked":["Cloak And Dagger","Crippling Poison"],"picked":"Flying Knee","floor":29.0},{"not_picked":["Dagger Spray","Poisoned Stab"],"picked":"Dodge and Roll","floor":31.0},{"not_picked":["Cloak And Dagger","Poisoned Stab"],"picked":"Acrobatics","floor":32.0},{"not_picked":["Wraith Form v2","Unload"],"picked":"Corpse Explosion","floor":33.0},{"not_picked":["Deflect+1","Infinite Blades"],"picked":"Blade Dance","floor":35.0},{"not_picked":["Quick Slash","Backflip"],"picked":"Prepared+1","floor":38.0},{"not_picked":["Distraction+1","Dagger Spray+1","Eviscerate"],"picked":"SKIP","floor":39.0},{"not_picked":["Underhanded Strike","Masterful Stab","Poisoned Stab"],"picked":"SKIP","floor":41.0},{"not_picked":["Blade Dance","Prepared"],"picked":"Slice","floor":42.0},{"not_picked":["Deflect+1","Bane+1"],"picked":"Phantasmal Killer","floor":46.0},{"not_picked":["Slice","Acrobatics"],"picked":"Escape Plan","floor":47.0},{"not_picked":["Slice","Bane"],"picked":"Backflip","floor":48.0},{"not_picked":["Masterful Stab","Concentrate"],"picked":"Acrobatics","floor":52.0},{"not_picked":["Crippling Poison+1","Tools of the Trade","Well Laid Plans"],"picked":"SKIP","floor":54.0}],"player_experience":230887,"relics_obtained":[{"floor":8.0,"key":"Happy Flower"},{"floor":9.0,"key":"Shuriken"},{"floor":10.0,"key":"Dream Catcher"},{"floor":12.0,"key":"Tiny Chest"},{"floor":23.0,"key":"InkBottle"},{"floor":29.0,"key":"Calipers"},{"floor":29.0,"key":"Mercury Hourglass"},{"floor":43.0,"key":"Kunai"},{"floor":44.0,"key":"Anchor"},{"floor":54.0,"key":"Bag of Marbles"}],"event_choices":[{"damage_healed":0.0,"max_hp_gain":0.0,"max_hp_loss":0.0,"gold_gain":0.0,"event_name":"Shining Light","player_choice":"Entered Light","floor":2.0,"gold_loss":0.0,"damage_taken":13.0,"cards_upgraded":["Defend_G","Strike_G"]},{"damage_healed":0.0,"max_hp_gain":0.0,"max_hp_loss":0.0,"gold_gain":175.0,"event_name":"Liars Game","player_choice":"AGREE","floor":7.0,"gold_loss":0.0,"damage_taken":0.0,"cards_obtained":["Doubt"]},{"damage_healed":0.0,"max_hp_gain":0.0,"max_hp_loss":0.0,"gold_gain":0.0,"event_name":"Dead Adventurer","player_choice":"Searched \u00271\u0027 times","floor":10.0,"gold_loss":0.0,"damage_taken":0.0},{"damage_healed":0.0,"max_hp_gain":0.0,"max_hp_loss":0.0,"gold_gain":0.0,"event_name":"Back to Basics","player_choice":"Simplicity","floor":19.0,"gold_loss":0.0,"damage_taken":0.0,"cards_upgraded":["Strike_G","Strike_G","Defend_G","Defend_G","Defend_G","Defend_G"]},{"damage_healed":0.0,"max_hp_gain":0.0,"max_hp_loss":0.0,"gold_gain":0.0,"event_name":"Colosseum","player_choice":"Fight","floor":29.0,"gold_loss":0.0,"damage_taken":0.0},{"damage_healed":0.0,"max_hp_gain":0.0,"max_hp_loss":0.0,"gold_gain":0.0,"event_name":"Colosseum","player_choice":"Fought Nobs","floor":29.0,"gold_loss":0.0,"damage_taken":0.0},{"cards_removed":["Strike_G"],"damage_healed":0.0,"max_hp_gain":0.0,"max_hp_loss":0.0,"gold_gain":0.0,"event_name":"Falling","player_choice":"Removed Attack","floor":36.0,"gold_loss":0.0,"damage_taken":0.0},{"damage_healed":0.0,"max_hp_gain":0.0,"max_hp_loss":0.0,"gold_gain":0.0,"event_name":"Duplicator","player_choice":"Copied","floor":45.0,"gold_loss":0.0,"damage_taken":0.0,"cards_obtained":["Footwork"]}],"is_beta":false,"boss_relics":[{"not_picked":["Fusion Hammer","Runic Pyramid"],"picked":"Empty Cage"},{"not_picked":["Runic Dome","Cursed Key"],"picked":"WristBlade"}],"items_purged_floors":[3,22],"is_endless":false,"potions_floor_spawned":[1,8,10,16,21,25,28,29,31,35,39,41],"killed_by":"The Heart","ascension_level":5}}