{"host":"ysj15tgd1sneq0s0","time":1611462699,"event":{"mods":["AchievementEnabler","BaseMod","DeckTracker","Highlight Path","Minty Spire (QoL Compilation)","Permanent Neow","Quick Restart","StSLib","SuperFastMode","everything is the same but u backflip on backflip"],"gold_per_floor":[110,35,35,110,130,130,130,154,154,187,187,206,206,227,227,355,355,374,374,387,83,83,83,410,47,47,47,22,38,38,53,53,152,152,172,182,229,229,243,243,243],"floor_reached":40,"language":"KOR","playtime":1740,"items_purged":["Strike_G","Strike_G","Strike_G"],"score":429,"play_id":"9899e90f-93fa-4934-bd64-67ff0f5e9b2e","local_time":"20210124133139","is_ascension_mode":false,"campfire_choices":[{"floor":11,"key":"REST"},{"floor":13,"key":"REST"},{"data":"Poisoned Stab","floor":15,"key":"SMITH"},{"floor":23,"key":"REST"},{"floor":27,"key":"REST"},{"floor":30,"key":"REST"},{"floor":32,"key":"REST"}],"circlet_count":0,"master_deck":["Strike_G+1","Defend_G","Defend_G","Defend_G","Defend_G","Defend_G","Survivor","Neutralize","Venomology","Finisher+1","Poisoned Stab+1","Noxious Fumes","Slice","Prepared","Deflect","Envenom","Bane","Prepared+1","Poisoned Stab","Catalyst","Dagger Spray","Bane","Deadly Poison","Blade Dance","Corpse Explosion","Deflect+1","Quick Slash+1","Catalyst"],"relics":["Ring of the Snake","Bloody Idol","Bottled Tornado","Whetstone","WristBlade","Strawberry","Old Coin","TwistedFunnel","Darkstone Periapt","SacredBark","Shovel"],"acts_visited":["Exordium","TheCity","TheBeyond"],"potions_floor_usage":[1,5,10,12,14,24,29,33,33,33,36,37,40,40,40],"damage_taken":[{"damage":0,"enemies":"Cultist","floor":1,"turns":6},{"damage":11,"enemies":"Jaw Worm","floor":5,"turns":4},{"damage":0,"enemies":"2 Louse","floor":8,"turns":2},{"damage":9,"enemies":"Gremlin Nob","floor":10,"turns":4},{"damage":9,"enemies":"Looter","floor":12,"turns":4},{"damage":17,"enemies":"Exordium Thugs","floor":14,"turns":5},{"damage":26,"enemies":"Slime Boss","floor":16,"turns":11},{"damage":15,"enemies":"Chosen","floor":18,"turns":4},{"damage":35,"enemies":"3 Byrds","floor":20,"turns":4},{"damage":47,"enemies":"Gremlin Leader","floor":24,"turns":7},{"damage":21,"enemies":"Sentry and Sphere","floor":29,"turns":5},{"damage":16,"enemies":"Centurion and Healer","floor":31,"turns":4},{"damage":37,"enemies":"Collector","floor":33,"turns":6},{"damage":19,"enemies":"Orb Walker","floor":35,"turns":3},{"damage":20,"enemies":"3 Shapes","floor":36,"turns":3},{"damage":55,"enemies":"2 Orb Walkers","floor":37,"turns":4},{"damage":10,"enemies":"Maw","floor":39,"turns":6},{"damage":62,"enemies":"Giant Head","floor":40,"turns":6}],"seed_played":"5310050850266593298","potions_obtained":[{"floor":5,"key":"DuplicationPotion"},{"floor":8,"key":"SneckoOil"},{"floor":10,"key":"Regen Potion"},{"floor":20,"key":"Block Potion"},{"floor":31,"key":"DistilledChaos"},{"floor":33,"key":"Explosive Potion"},{"floor":37,"key":"Weak Potion"}],"is_trial":false,"path_per_floor":["M","$","?","?","M","?","?","M","T","E","R","M","R","M","R","B",null,"M","?","M","$","?","R","E","$","T","R","$","M","R","M","R","B",null,"M","M","?","?","M","E"],"character_chosen":"THE_SILENT","items_purchased":["Poisoned Stab","Strawberry","Catalyst","Dagger Spray","TwistedFunnel","Bane"],"campfire_rested":6,"item_purchase_floors":[21,21,25,25,25,28],"current_hp_per_floor":[70,70,70,59,48,31,31,31,31,22,43,46,67,62,62,36,70,55,55,20,27,27,50,13,13,13,36,36,20,43,32,55,23,77,63,48,49,49,44,0,0],"gold":243,"neow_bonus":"ONE_RANDOM_RARE_CARD","is_daily":false,"chose_seed":false,"campfire_upgraded":1,"win_rate":0.0,"timestamp":1611462699,"path_taken":["M","$","?","?","M","?","?","M","T","E","R","?","R","M","R","BOSS","M","?","M","$","?","R","E","$","T","R","?","M","R","M","R","BOSS","M","M","?","?","M","E"],"items_purchased_type":["Card","Relic","Card","Card","Relic","Card"],"build_version":"2020-12-22","purchased_purges":3,"victory":false,"max_hp_per_floor":[70,70,70,70,70,70,70,70,70,70,70,70,70,70,70,70,70,70,70,70,77,77,77,77,77,77,77,77,77,77,77,77,77,77,77,77,77,77,77,77,77],"card_choices":[{"not_picked":["Caltrops","Acrobatics"],"picked":"Finisher","floor":1},{"not_picked":["Backflip","Finisher"],"picked":"Poisoned Stab","floor":5},{"not_picked":["Blade Dance","Slice"],"picked":"Noxious Fumes","floor":8},{"not_picked":["Distraction","Terror"],"picked":"Slice","floor":10},{"not_picked":["Distraction","Calculated Gamble"],"picked":"Prepared","floor":12},{"not_picked":["Choke","Backflip"],"picked":"Deflect","floor":14},{"not_picked":["Adrenaline","Bullet Time"],"picked":"Envenom","floor":16},{"not_picked":["Underhanded Strike","Deflect"],"picked":"Bane","floor":18},{"not_picked":["Deflect","Flying Knee"],"picked":"Prepared+1","floor":20},{"not_picked":["Burst","Endless Agony","Distraction+1"],"picked":"SKIP","floor":24},{"not_picked":["Deflect","Expertise"],"picked":"Deadly Poison","floor":29},{"not_picked":["Slice","Deflect"],"picked":"Blade Dance","floor":31},{"not_picked":["Doppelganger","Wraith Form v2"],"picked":"Corpse Explosion","floor":33},{"not_picked":["Eviscerate+1","Skewer"],"picked":"Deflect+1","floor":35},{"not_picked":["Dodge and Roll","Bane"],"picked":"Quick Slash+1","floor":36},{"not_picked":["Quick Slash","Flying Knee"],"picked":"Sucker Punch+1","floor":37},{"not_picked":["Footwork+1","Prepared+1"],"picked":"Catalyst","floor":39}],"player_experience":23244,"relics_obtained":[{"floor":9,"key":"Bottled Tornado"},{"floor":10,"key":"Whetstone"},{"floor":24,"key":"Old Coin"},{"floor":26,"key":"Darkstone Periapt"},{"floor":37,"key":"Shovel"}],"event_choices":[{"cards_removed":["Strike_G"],"damage_healed":0,"gold_gain":0,"player_choice":"Forget","damage_taken":0,"max_hp_gain":0,"max_hp_loss":0,"event_name":"Living Wall","floor":3,"gold_loss":0},{"damage_healed":0,"gold_gain":75,"player_choice":"Gather Gold","damage_taken":11,"max_hp_gain":0,"max_hp_loss":0,"event_name":"World of Goop","floor":4,"gold_loss":0},{"damage_healed":0,"gold_gain":0,"player_choice":"Take Damage","damage_taken":17,"relics_obtained":["Golden Idol"],"max_hp_gain":0,"max_hp_loss":0,"event_name":"Golden Idol","floor":6,"gold_loss":0},{"cards_removed":["Cleave"],"damage_healed":0,"gold_gain":0,"player_choice":"Took Card","damage_taken":0,"max_hp_gain":0,"max_hp_loss":0,"event_name":"NoteForYourself","floor":7,"gold_loss":0,"cards_obtained":["Cleave"]},{"damage_healed":0,"gold_gain":0,"player_choice":"Ignored","damage_taken":0,"max_hp_gain":0,"max_hp_loss":0,"event_name":"Ghosts","floor":19,"gold_loss":0},{"damage_healed":0,"gold_gain":0,"player_choice":"Gave Idol","damage_taken":0,"relics_obtained":["Bloody Idol"],"max_hp_gain":0,"max_hp_loss":0,"event_name":"Forgotten Altar","floor":22,"relics_lost":["Golden Idol"],"gold_loss":0},{"damage_healed":0,"gold_gain":0,"player_choice":"Fight","damage_taken":0,"max_hp_gain":0,"max_hp_loss":0,"event_name":"Mysterious Sphere","floor":37,"gold_loss":0},{"cards_removed":["Sucker Punch"],"damage_healed":0,"gold_gain":0,"player_choice":"Removed Attack","damage_taken":0,"max_hp_gain":0,"max_hp_loss":0,"event_name":"Falling","floor":38,"gold_loss":0}],"is_beta":false,"boss_relics":[{"not_picked":["Cursed Key","Runic Dome"],"picked":"WristBlade"},{"not_picked":["Philosopher\u0027s Stone","Astrolabe"],"picked":"SacredBark"}],"items_purged_floors":[2,21,25],"is_endless":false,"potions_floor_spawned":[5,8,10,20,31,33,37],"killed_by":"Giant Head","ascension_level":0}}