{"host":"uzp1tn8qxn9571p9","time":1611449734,"event":{"mods":["BaseMod","Colored Map","Colored Powertips","Hermit","Minty Spire (QoL Compilation)","StSLib","óô»ðÖ¸ÄÏ"],"gold_per_floor":[112,112,122,122,47,47,47,47,127,141,166,180,190,221,221,322,322,334,334,344,358,373,400,400,416,463,480,480,480,480],"floor_reached":29,"language":"ZHS","playtime":1294,"items_purged":["hermit:Strike_Hermit"],"score":310,"play_id":"2da54c90-77fb-4ed0-96d1-fa07bb8fb88f","local_time":"20210124085534","is_ascension_mode":true,"campfire_choices":[{"data":"hermit:HighCaliber","floor":6.0,"key":"SMITH"},{"data":"hermit:Covet","floor":8.0,"key":"SMITH"},{"data":"hermit:CursedWeapon","floor":15.0,"key":"SMITH"},{"data":"hermit:LoneWolf","floor":24,"key":"SMITH"}],"circlet_count":0,"master_deck":["hermit:Strike_Hermit","hermit:Strike_Hermit","hermit:Strike_Hermit","hermit:Defend_Hermit","hermit:Defend_Hermit","hermit:Defend_Hermit","hermit:Defend_Hermit","hermit:Snapshot","hermit:Covet+1","hermit:HighCaliber+1","hermit:Quickdraw","hermit:Roughhouse","hermit:LoneWolf+1","hermit:CursedWeapon+1","hermit:HeroicBravado","hermit:WideOpen","hermit:GoldenBullet","hermit:WideOpen+1","hermit:Deadeye","hermit:Glare"],"relics":["hermit:Momento","Pear","Pantograph","Potion Belt","Art of War","Runic Pyramid","FossilizedHelix","Nunchaku"],"acts_visited":["Exordium","TheCity"],"potions_floor_usage":[23,27,28],"damage_taken":[{"damage":0.0,"enemies":"Small Slimes","floor":1.0,"turns":3.0},{"damage":2.0,"enemies":"Jaw Worm","floor":3.0,"turns":3.0},{"damage":6.0,"enemies":"Cultist","floor":10.0,"turns":3.0},{"damage":18.0,"enemies":"Gremlin Nob","floor":11.0,"turns":4.0},{"damage":0.0,"enemies":"3 Louse","floor":12.0,"turns":2.0},{"damage":0.0,"enemies":"Red Slaver","floor":13.0,"turns":2.0},{"damage":13.0,"enemies":"3 Sentries","floor":14.0,"turns":8.0},{"damage":50.0,"enemies":"The Guardian","floor":16.0,"turns":9.0},{"damage":20.0,"enemies":"3 Byrds","floor":18.0,"turns":6.0},{"damage":12.0,"enemies":"Shell Parasite","floor":20.0,"turns":3.0},{"damage":15.0,"enemies":"Snecko","floor":21.0,"turns":3.0},{"damage":22,"enemies":"Centurion and Healer","floor":22,"turns":4},{"damage":5,"enemies":"Book of Stabbing","floor":23,"turns":4},{"damage":29,"enemies":"Shelled Parasite and Fungi","floor":25,"turns":3},{"damage":0,"enemies":"Snecko","floor":27,"turns":2},{"damage":0,"enemies":"Cultist and Chosen","floor":28,"turns":1},{"damage":2,"enemies":"Centurion and Healer","floor":29,"turns":2}],"seed_played":"-5634989802509070034","potions_obtained":[{"floor":3.0,"key":"SmokeBomb"},{"floor":12.0,"key":"AttackPotion"},{"floor":13.0,"key":"Fire Potion"},{"floor":22,"key":"DistilledChaos"},{"floor":25,"key":"Fire Potion"},{"floor":27,"key":"hermit:Tonic"}],"is_trial":false,"path_per_floor":["M","?","M","?","$","R","$","R","T","M","E","M","M","E","R","B",null,"M","?","M","M","M","E","R","M","T","M","M","M"],"character_chosen":"HERMIT","items_purchased":[],"campfire_rested":0,"item_purchase_floors":[],"current_hp_per_floor":[68,73,71,81,81,81,81,81,81,75,57,57,57,44,44,19,104,84,84,72,57,35,30,30,1,1,1,1,0,0],"gold":480,"neow_bonus":"TWENTY_PERCENT_HP_BONUS","is_daily":false,"chose_seed":false,"campfire_upgraded":4,"win_rate":0.0,"timestamp":1611449734,"path_taken":["M","?","M","?","$","R","$","R","T","?","E","M","M","E","R","BOSS","M","?","M","M","M","E","R","M","T","M","M","M"],"items_purchased_type":[],"build_version":"2020-12-22","purchased_purges":1,"victory":false,"max_hp_per_floor":[89,94,94,104,104,104,104,104,104,104,104,104,104,104,104,104,104,104,104,104,104,104,104,104,104,104,104,104,104,104],"card_choices":[{"not_picked":["hermit:Manifest","hermit:LoneWolf"],"picked":"hermit:HighCaliber","floor":1.0},{"not_picked":["hermit:Misfire","hermit:EyeOfTheStorm"],"picked":"hermit:HighCaliber","floor":3.0},{"not_picked":["hermit:LowProfile","hermit:TrackingShot"],"picked":"hermit:Quickdraw","floor":10.0},{"not_picked":["hermit:Brawl","hermit:LowProfile","hermit:Combo"],"picked":"SKIP","floor":11.0},{"not_picked":["hermit:NoHoldsBarred","hermit:Determination"],"picked":"hermit:Roughhouse","floor":12.0},{"not_picked":["hermit:Midnight","hermit:SprayPray"],"picked":"hermit:LoneWolf","floor":13.0},{"not_picked":["hermit:Glare","hermit:Spite"],"picked":"hermit:CursedWeapon","floor":14.0},{"not_picked":["hermit:Dissolve","hermit:Gambit"],"picked":"hermit:HeroicBravado","floor":16.0},{"not_picked":["hermit:CalledShot","hermit:TakeAim"],"picked":"hermit:WideOpen","floor":18.0},{"not_picked":["hermit:Misfire+1","hermit:Desperado+1"],"picked":"hermit:GoldenBullet","floor":20.0},{"not_picked":["hermit:TrackingShot","hermit:BodyArmor","hermit:Coalescence"],"picked":"SKIP","floor":21.0},{"not_picked":["hermit:LowProfile","hermit:Reprieve"],"picked":"hermit:WideOpen+1","floor":22},{"not_picked":["hermit:Quickdraw+1","hermit:CalledShot+1"],"picked":"hermit:Deadeye","floor":23},{"not_picked":["hermit:LowProfile+1","hermit:Determination"],"picked":"hermit:Glare","floor":25},{"not_picked":["hermit:Dive+1","hermit:Maintenance","hermit:HoleUp+1"],"picked":"SKIP","floor":27}],"player_experience":371081,"relics_obtained":[{"floor":9.0,"key":"Pantograph"},{"floor":11.0,"key":"Potion Belt"},{"floor":14.0,"key":"Art of War"},{"floor":23,"key":"FossilizedHelix"},{"floor":26,"key":"Nunchaku"}],"event_choices":[{"damage_healed":0.0,"max_hp_gain":5.0,"max_hp_loss":0.0,"gold_gain":0.0,"event_name":"Big Fish","player_choice":"Donut","floor":2.0,"gold_loss":0.0,"damage_taken":0.0},{"cards_removed":["hermit:HighCaliber"],"damage_healed":0.0,"max_hp_gain":0.0,"max_hp_loss":0.0,"gold_gain":0.0,"event_name":"WeMeetAgain","player_choice":"Gave Card","floor":4.0,"gold_loss":0.0,"damage_taken":0.0,"relics_obtained":["Pear"]},{"damage_healed":0.0,"max_hp_gain":0.0,"max_hp_loss":0.0,"gold_gain":0.0,"event_name":"Ghosts","player_choice":"Ignored","floor":19.0,"gold_loss":0.0,"damage_taken":0.0}],"is_beta":false,"boss_relics":[{"not_picked":["Fusion Hammer","Tiny House"],"picked":"Runic Pyramid"}],"items_purged_floors":[5],"is_endless":false,"potions_floor_spawned":[3,12,13,22,25,27],"killed_by":"Centurion and Healer","ascension_level":2}}