{"host":"rb2p2z6v6vieend5","time":1611524220,"event":{"mods":["BaseMod","Block Reminder","Colored Map","DeckTracker","Highlight Path","Minty Spire (QoL Compilation)","Random Character Button","Relic Stats"],"gold_per_floor":[110,124,141,66,66,66,97,97,97,116,135,147,147,167,167,262,262,273,273,285,116,31,62,62,79,106,106,120,139,149,149,149,149,149],"floor_reached":33,"language":"ENG","playtime":1723,"items_purged":["Strike_G","Predator"],"score":414,"play_id":"34b66c32-7dd1-41b4-a2b4-97ac9ee5490b","local_time":"20210124223700","is_ascension_mode":true,"campfire_choices":[{"data":"Crippling Poison","floor":6,"key":"SMITH"},{"data":"Dagger Spray","floor":8,"key":"SMITH"},{"floor":13,"key":"REST"},{"data":"Bouncing Flask","floor":15,"key":"SMITH"},{"floor":24,"key":"REST"},{"floor":27,"key":"REST"},{"data":"Noxious Fumes","floor":32,"key":"SMITH"}],"circlet_count":0,"master_deck":["Defend_G","Defend_G","Defend_G","Defend_G","Survivor","Neutralize","Dagger Spray+1","Crippling Poison+1","Bouncing Flask+1","Terror","Leg Sweep","Corpse Explosion","Venomology","Noxious Fumes+1","Calculated Gamble"],"relics":["Ring of the Snake","Art of War","Sundial","Empty Cage","Orichalcum","PreservedInsect","Toy Ornithopter","Pear"],"acts_visited":["Exordium","TheCity"],"potions_floor_usage":[16,20,23,23,23,28,29,29,29,33,33],"damage_taken":[{"damage":1,"enemies":"Cultist","floor":1,"turns":5},{"damage":0,"enemies":"Jaw Worm","floor":2,"turns":5},{"damage":0,"enemies":"Small Slimes","floor":3,"turns":3},{"damage":44,"enemies":"Gremlin Nob","floor":7,"turns":6},{"damage":0,"enemies":"2 Fungi Beasts","floor":10,"turns":3},{"damage":7,"enemies":"Exordium Wildlife","floor":11,"turns":3},{"damage":0,"enemies":"3 Louse","floor":12,"turns":2},{"damage":0,"enemies":"Lots of Slimes","floor":14,"turns":1},{"damage":26,"enemies":"The Guardian","floor":16,"turns":11},{"damage":2,"enemies":"Chosen","floor":18,"turns":7},{"damage":9,"enemies":"Shell Parasite","floor":20,"turns":6},{"damage":33,"enemies":"Book of Stabbing","floor":23,"turns":6},{"damage":15,"enemies":"Shelled Parasite and Fungi","floor":25,"turns":6},{"damage":8,"enemies":"Centurion and Healer","floor":28,"turns":6},{"damage":5,"enemies":"Cultist and Chosen","floor":29,"turns":6},{"damage":7,"enemies":"Chosen and Byrds","floor":30,"turns":5},{"damage":73,"enemies":"Champ","floor":33,"turns":11}],"seed_played":"7584787730230124884","potions_obtained":[{"floor":3,"key":"Weak Potion"},{"floor":7,"key":"Explosive Potion"},{"floor":10,"key":"SkillPotion"},{"floor":16,"key":"SteroidPotion"},{"floor":25,"key":"SkillPotion"}],"is_trial":false,"path_per_floor":["M","M","M","$","?","R","E","R","T","M","M","M","R","M","R","B",null,"M","?","M","$","?","E","R","M","T","R","M","M","M","?","R","B"],"character_chosen":"THE_SILENT","items_purchased":["Noxious Fumes"],"campfire_rested":3,"item_purchase_floors":[21],"current_hp_per_floor":[62,62,62,62,62,62,18,18,18,18,11,11,32,32,32,6,54,52,52,43,43,43,10,31,16,16,37,34,44,37,47,47,0,0],"gold":149,"neow_bonus":"REMOVE_CARD","is_daily":false,"chose_seed":false,"campfire_upgraded":4,"win_rate":0.0,"timestamp":1611524220,"path_taken":["M","M","?","$","?","R","E","R","T","M","M","M","R","M","R","BOSS","M","?","M","$","?","E","R","M","T","R","M","M","M","?","R","BOSS"],"items_purchased_type":["Card"],"build_version":"2020-12-22","purchased_purges":2,"victory":false,"max_hp_per_floor":[70,70,70,70,70,70,70,70,70,70,70,70,70,70,70,70,70,70,70,70,70,70,70,70,70,70,70,70,70,70,80,80,80,80],"relic_stats":{"counters":[17,92],"Sundial":[14],"PreservedInsect":0,"Art of War":[54],"Orichalcum":[90],"obtain_stats":[{"Pear":31,"Sundial":9,"PreservedInsect":23,"Art of War":7,"Orichalcum":22,"Empty Cage":17,"Toy Ornithopter":26,"Ring of the Snake":0},{"Pear":16,"Sundial":4,"PreservedInsect":12,"Art of War":4,"Orichalcum":11,"Empty Cage":9,"Toy Ornithopter":13,"Ring of the Snake":0},{"Pear":81,"Sundial":19,"PreservedInsect":58,"Art of War":19,"Orichalcum":52,"Empty Cage":39,"Toy Ornithopter":64,"Ring of the Snake":0}],"Toy Ornithopter":30,"Ring of the Snake":[34]},"card_choices":[{"not_picked":["Slice","Acrobatics"],"picked":"Dagger Spray","floor":1},{"not_picked":["Dodge and Roll","Accuracy","PiercingWail"],"picked":"SKIP","floor":2},{"not_picked":["Caltrops","After Image"],"picked":"Crippling Poison","floor":3},{"not_picked":["Terror","Flying Knee"],"picked":"Bouncing Flask","floor":7},{"not_picked":["Finisher","Quick Slash"],"picked":"Terror","floor":10},{"not_picked":["Cloak And Dagger","Underhanded Strike"],"picked":"Leg Sweep","floor":11},{"not_picked":["Deflect","Acrobatics","Cloak And Dagger"],"picked":"SKIP","floor":12},{"not_picked":["Deflect","Dagger Throw","Blur"],"picked":"SKIP","floor":14},{"not_picked":["Venomology","Die Die Die"],"picked":"Corpse Explosion","floor":16},{"not_picked":["Dagger Throw","Blade Dance","Quick Slash"],"picked":"SKIP","floor":18},{"not_picked":["Outmaneuver+1","Heel Hook","Deflect"],"picked":"SKIP","floor":20},{"not_picked":["Choke","PiercingWail","Masterful Stab+1"],"picked":"SKIP","floor":23},{"not_picked":["After Image","Flying Knee","Blur"],"picked":"SKIP","floor":25},{"not_picked":["Acrobatics+1","Quick Slash"],"picked":"Calculated Gamble","floor":28},{"not_picked":["Deadly Poison","Distraction","Outmaneuver+1"],"picked":"SKIP","floor":29},{"not_picked":["Setup","Finisher","Blade Dance"],"picked":"SKIP","floor":30}],"player_experience":606438,"relics_obtained":[{"floor":7,"key":"Art of War"},{"floor":9,"key":"Sundial"},{"floor":23,"key":"PreservedInsect"},{"floor":26,"key":"Toy Ornithopter"}],"event_choices":[{"damage_healed":0,"gold_gain":0,"player_choice":"Ignored","damage_taken":0,"max_hp_gain":0,"max_hp_loss":0,"event_name":"Liars Game","floor":5,"gold_loss":0},{"damage_healed":0,"gold_gain":0,"cards_transformed":["Strike_G","Defend_G"],"player_choice":"Became Test Subject","damage_taken":0,"max_hp_gain":0,"max_hp_loss":0,"event_name":"Drug Dealer","floor":19,"gold_loss":0,"cards_obtained":["Predator","Venomology"]},{"damage_healed":0,"gold_gain":0,"player_choice":"Obtained Relic","damage_taken":0,"relics_obtained":["Orichalcum"],"max_hp_gain":0,"max_hp_loss":0,"event_name":"Addict","floor":22,"gold_loss":85},{"damage_healed":0,"gold_gain":0,"player_choice":"Opened","damage_taken":0,"relics_obtained":["Pear"],"max_hp_gain":0,"max_hp_loss":0,"event_name":"The Mausoleum","floor":31,"gold_loss":0}],"is_beta":false,"boss_relics":[{"not_picked":["Calling Bell","Black Star"],"picked":"Empty Cage"}],"items_purged_floors":[4,21],"is_endless":false,"potions_floor_spawned":[3,7,10,12,16,25],"killed_by":"Champ","ascension_level":8}}