{"host":"mydft8i2zzydgggw","time":1611514634,"event":{"mods":["AchievementEnabler","BaseMod","BetterRewards","Colored Map","Colored Powertips","DeckTracker","Keyboard Shortcuts","Minty Spire (QoL Compilation)","Rare Cards Sparkle","StSLib","SuperFastMode","everything is the same but u backflip on backflip"],"gold_per_floor":[16,16,16,32,32,71,71,87,87,12,12,35,75,89,89,212,212,226,245,260,17,36,36,36],"floor_reached":23,"language":"KOR","playtime":854,"items_purged":["Defend_G","Strike_G"],"score":296,"play_id":"b742c311-a7ae-4b4b-a71f-ab068d0ec4d2","local_time":"20210125035714","is_ascension_mode":true,"campfire_choices":[{"data":"Adrenaline","floor":7,"key":"SMITH"},{"data":"Neutralize","floor":11,"key":"SMITH"},{"data":"Tools of the Trade","floor":15,"key":"SMITH"}],"circlet_count":0,"master_deck":["Strike_G","Strike_G","Defend_G","Defend_G","Defend_G","Defend_G","Survivor","Neutralize+1","Adrenaline+1","Blade Dance","Choke","Accuracy","Acrobatics","Prepared","Tools of the Trade+1","Wraith Form v2","Well Laid Plans+1","Quick Slash+1"],"relics":["Ring of the Snake","Golden Idol","Meat on the Bone","White Beast Statue","Pen Nib","Cursed Key","ClockworkSouvenir"],"acts_visited":["Exordium","TheCity"],"potions_floor_usage":[13,13,16,18,22,22,23],"damage_taken":[{"damage":0,"enemies":"Cultist","floor":1,"turns":3},{"damage":3,"enemies":"2 Louse","floor":4,"turns":3},{"damage":32,"enemies":"3 Sentries","floor":6,"turns":9},{"damage":0,"enemies":"Jaw Worm","floor":8,"turns":2},{"damage":3,"enemies":"Exordium Thugs","floor":12,"turns":4},{"damage":0,"enemies":"Lagavulin","floor":13,"turns":4},{"damage":0,"enemies":"3 Louse","floor":14,"turns":3},{"damage":27,"enemies":"The Guardian","floor":16,"turns":12},{"damage":2,"enemies":"3 Byrds","floor":18,"turns":6},{"damage":5,"enemies":"Spheric Guardian","floor":19,"turns":4},{"damage":14,"enemies":"Shelled Parasite and Fungi","floor":20,"turns":4},{"damage":22,"enemies":"Sentry and Sphere","floor":22,"turns":5},{"damage":49,"enemies":"Gremlin Leader","floor":23,"turns":6}],"seed_played":"21712650332003789","potions_obtained":[{"floor":4,"key":"FairyPotion"},{"floor":6,"key":"Energy Potion"},{"floor":12,"key":"BlessingOfTheForge"},{"floor":13,"key":"CunningPotion"},{"floor":14,"key":"Explosive Potion"},{"floor":16,"key":"Fruit Juice"},{"floor":18,"key":"Fire Potion"},{"floor":22,"key":"FearPotion"}],"is_trial":false,"path_per_floor":["M","?","?","M","?","E","R","M","T","$","R","M","E","M","R","B",null,"M","M","M","$","M","E"],"character_chosen":"THE_SILENT","items_purchased":["ClockworkSouvenir"],"campfire_rested":0,"item_purchase_floors":[21],"current_hp_per_floor":[63,63,63,60,60,28,28,40,40,40,40,37,37,37,37,22,54,57,52,38,38,28,0,0],"gold":36,"neow_bonus":"THREE_RARE_CARDS","is_daily":false,"chose_seed":false,"campfire_upgraded":3,"win_rate":0.0,"timestamp":1611514634,"path_taken":["M","?","?","M","?","E","R","?","T","?","R","M","E","M","R","BOSS","M","M","M","$","M","E"],"items_purchased_type":["Relic"],"build_version":"2020-12-22","purchased_purges":2,"victory":false,"max_hp_per_floor":[70,70,65,65,65,65,65,65,65,65,65,65,65,65,65,65,65,70,70,70,70,70,70,70],"card_choices":[{"not_picked":["Envenom","Burst"],"picked":"Adrenaline","floor":0},{"not_picked":["Prepared","Flying Knee"],"picked":"Blade Dance","floor":1},{"not_picked":["Quick Slash","Sucker Punch"],"picked":"Choke","floor":4},{"not_picked":["Caltrops","Predator"],"picked":"Accuracy","floor":6},{"not_picked":["Leg Sweep","Slice","Predator"],"picked":"SKIP","floor":8},{"not_picked":["Backstab","Heel Hook"],"picked":"Acrobatics","floor":12},{"not_picked":["Skewer","Leg Sweep"],"picked":"Prepared","floor":13},{"not_picked":["Noxious Fumes","Quick Slash"],"picked":"Tools of the Trade","floor":14},{"not_picked":["Malaise","Envenom"],"picked":"Wraith Form v2","floor":16},{"not_picked":["Endless Agony+1","Sucker Punch"],"picked":"Well Laid Plans+1","floor":18},{"not_picked":["Well Laid Plans","Dagger Throw","Deadly Poison+1"],"picked":"SKIP","floor":19},{"not_picked":["Masterful Stab","Distraction","Dodge and Roll"],"picked":"SKIP","floor":20},{"not_picked":["Acrobatics","Deflect"],"picked":"Quick Slash+1","floor":22}],"player_experience":211005,"relics_obtained":[{"floor":6,"key":"Meat on the Bone"},{"floor":9,"key":"White Beast Statue"},{"floor":13,"key":"Pen Nib"}],"event_choices":[{"cards_removed":["Strike_G"],"damage_healed":0,"gold_gain":0,"player_choice":"Forget","damage_taken":0,"max_hp_gain":0,"max_hp_loss":0,"event_name":"Living Wall","floor":2,"gold_loss":0},{"damage_healed":0,"gold_gain":0,"player_choice":"Lose Max HP","damage_taken":0,"relics_obtained":["Golden Idol"],"max_hp_gain":0,"max_hp_loss":5,"event_name":"Golden Idol","floor":3,"gold_loss":0},{"cards_removed":["Strike_G"],"damage_healed":0,"gold_gain":0,"player_choice":"Purged","damage_taken":0,"max_hp_gain":0,"max_hp_loss":0,"event_name":"Purifier","floor":5,"gold_loss":0}],"is_beta":false,"boss_relics":[{"not_picked":["SlaversCollar","Philosopher\u0027s Stone"],"picked":"Cursed Key"}],"items_purged_floors":[10,21],"is_endless":false,"potions_floor_spawned":[4,6,12,13,14,16,18,19,20,22],"killed_by":"Gremlin Leader","ascension_level":6}}