{"host":"746m694if73h3gai","time":1611486305,"event":{"mods":["2.2 Compatiblity","AchievementEnabler","Act Like it!","BaseMod","Colored Map","Colored Powertips","Downfall","Minty Spire (QoL Compilation)","Quick Restart","Rare Cards Sparkle","Relic Stats","StSLib","everything is the same but u backflip on backflip","slay the spire mod where everything is the same but ironclad has a cowboy hat"],"gold_per_floor":[99,109,128,128,64,15,15,15,15,28,55,65,99,5,15,114,114,114,20,20,120,120,105,105,5,5,48,59,72,102,122,141,241,241,141,161,171,182,199,199,222,239,266,43,59,59,59,59,76,76],"floor_reached":51,"language":"ENG","playtime":4979,"items_purged":[],"score":740,"play_id":"2c72d2e4-b007-47db-840b-48bea68b51bf","local_time":"20210124120505","is_ascension_mode":true,"campfire_choices":[{"floor":1,"key":"RECALL"},{"data":"bronze:Separator","floor":9,"key":"SMITH"},{"data":"bronze:FindAndReplace","floor":18,"key":"SMITH"},{"data":"bronze:Fortify","floor":25,"key":"SMITH"},{"data":"bronze:Optimize","floor":35,"key":"SMITH"}],"circlet_count":0,"master_deck":["bronze:Strike","bronze:Strike","bronze:Strike","bronze:Defend","bronze:Defend","bronze:Defend","bronze:Defend+1","bronze:Replicate","bronze:Goto","bronze:Branch","bronze:Separator+1","bronze:CutThrough","bronze:FineTuning+1","bronze:Fortify+1","bronze:Optimize+1","bronze:Frontload","bronze:ItsAFeature+1","bronze:CleanCode+1","bronze:Safeguard","bronze:Repulsor+1","bronze:FindAndReplace+1","CurseOfTheBell","bronze:InfiniteBeams+1","bronze:Iterate","bronze:Terminator+1","bronze:AlphaBuild","bronze:FollowUp","bronze:DelayedGuard+1","bronze:ForceShield","bronze:Verify+1","bronze:Branch","bronze:DelayedGuard+1","bronze:Turbo+1","bronze:FineTuning+1","bronze:FollowUp+1","bronze:Repulsor+1","bronze:ThunderWave","expansioncontent:AwakenDeath+1"],"relics":["bronze:BronzeCore","Happy Flower","Dream Catcher","Frozen Egg 2","Calling Bell","Omamori","Shuriken","Turnip","bronze:BottledCode","Peace Pipe","White Beast Statue","War Paint","downfall:HeartBlessingRed","Guardian:GemstoneGun","Bottled Tornado","bronze:MakeshiftBattery","downfall:HeartBlessingGreen","Darkstone Periapt"],"acts_visited":["Exordium","TheCity","TheBeyond"],"potions_floor_usage":[16,21,33,33,43,50],"damage_taken":[{"damage":7,"enemies":"Small Slimes","floor":2,"turns":4},{"damage":0,"enemies":"Cultist","floor":3,"turns":3},{"damage":0,"enemies":"downfall:FleeingMerchant","floor":5,"turns":4},{"damage":2,"enemies":"downfall:FleeingMerchant","floor":6,"turns":4},{"damage":3,"enemies":"Jaw Worm","floor":10,"turns":2},{"damage":11,"enemies":"3 Sentries","floor":11,"turns":8},{"damage":10,"enemies":"Exordium Thugs","floor":12,"turns":3},{"damage":14,"enemies":"Lagavulin","floor":13,"turns":5},{"damage":8,"enemies":"downfall:FleeingMerchant","floor":14,"turns":4},{"damage":0,"enemies":"2 Fungi Beasts","floor":15,"turns":4},{"damage":21,"enemies":"DF_ARCHETYPE_STREAMLINE","floor":16,"turns":12},{"damage":3,"enemies":"downfall:FleeingMerchant","floor":19,"turns":4},{"damage":3,"enemies":"WA_ARCHETYPE_RETAIN","floor":21,"turns":8},{"damage":14,"enemies":"downfall:FleeingMerchant","floor":23,"turns":4},{"damage":0,"enemies":"downfall:FleeingMerchant","floor":27,"turns":4},{"damage":3,"enemies":"Spheric Guardian","floor":28,"turns":4},{"damage":10,"enemies":"Chosen","floor":29,"turns":4},{"damage":4,"enemies":"Gremlin Leader","floor":30,"turns":6},{"damage":0,"enemies":"Sentry and Sphere","floor":31,"turns":6},{"damage":0,"enemies":"Snake Plant","floor":32,"turns":4},{"damage":10,"enemies":"SI_MIRROR_ARCHETYPE","floor":33,"turns":9},{"damage":8,"enemies":"3 Darklings","floor":36,"turns":6},{"damage":16,"enemies":"3 Shapes","floor":37,"turns":5},{"damage":3,"enemies":"Writhing Mass","floor":38,"turns":5},{"damage":0,"enemies":"Transient","floor":39,"turns":5},{"damage":0,"enemies":"Spire Growth","floor":42,"turns":4},{"damage":25,"enemies":"Reptomancer","floor":43,"turns":6},{"damage":0,"enemies":"Sphere and 2 Shapes","floor":45,"turns":4},{"damage":30,"enemies":"Transient","floor":49,"turns":5},{"damage":44,"enemies":"WA_ARCHETYPE_DIVINITY","floor":50,"turns":18}],"seed_played":"521370096752681277","potions_obtained":[{"floor":12,"key":"Explosive Potion"},{"floor":13,"key":"CultistPotion"},{"floor":15,"key":"Explosive Potion"},{"floor":16,"key":"bronze:CleanCodePotion"},{"floor":21,"key":"champ:CounterPotion"},{"floor":29,"key":"Fire Potion"},{"floor":30,"key":"Regen Potion"},{"floor":33,"key":"champ:CounterPotion"},{"floor":36,"key":"ColorlessPotion"},{"floor":37,"key":"Block Potion"},{"floor":38,"key":"Swift Potion"},{"floor":40,"key":"DuplicationPotion"},{"floor":43,"key":"CultistPotion"}],"is_trial":false,"path_per_floor":["R","M","M","?","$","$","T","?","R","M","E","M","E","$","M","B",null,"R","$","?","?","?","$","T","R","?","$","M","M","E","M","M","B",null,"R","M","M","M","M","?","T","M","E","$","M","?","$","?","M","B",null],"character_chosen":"THE_AUTOMATON","items_purchased":["bronze:FineTuning","bronze:Optimize","bronze:Safeguard","bronze:InfiniteBeams+1","bronze:FollowUp","Guardian:GemstoneGun","bronze:Repulsor+1","bronze:ThunderWave"],"campfire_rested":0,"item_purchase_floors":[5,6,14,19,27,27,44,44],"current_hp_per_floor":[77,70,70,70,70,68,68,68,68,65,54,44,30,22,22,1,77,77,74,67,64,64,50,50,50,50,50,47,37,33,33,33,38,67,67,59,43,40,40,40,40,40,15,15,15,15,15,15,30,30],"gold":76,"neow_bonus":"TEN_PERCENT_HP_BONUS","is_daily":false,"chose_seed":false,"campfire_upgraded":4,"win_rate":0.0,"timestamp":1611486305,"path_taken":["R","M","M","?","?","$","T","?","R","M","E","M","E","$","M","BOSS","R","$","?","?","?","?","T","R","?","$","M","M","E","M","M","BOSS","R","M","M","M","?","?","T","M","E","$","?","?","$","?","M","BOSS"],"items_purchased_type":["Card","Card","Card","Card","Card","Relic","Card","Card"],"build_version":"2020-12-22","purchased_purges":0,"victory":true,"max_hp_per_floor":[77,77,77,77,77,77,77,77,77,77,77,77,77,77,77,77,77,77,77,67,67,67,67,67,67,67,67,67,67,67,67,67,67,67,67,67,67,67,67,67,67,67,67,67,67,67,67,67,67,67],"relic_stats":{"Peace Pipe":0,"Darkstone Periapt":0,"Dream Catcher":0,"Happy Flower":[49],"counters":[30,164],"Shuriken":[66],"Turnip":[37],"War Paint":["bronze:Defend","bronze:FineTuning"],"obtain_stats":[{"Darkstone Periapt":43,"bronze:BronzeCore":0,"Happy Flower":7,"downfall:HeartBlessingRed":25,"Guardian:GemstoneGun":27,"downfall:HeartBlessingGreen":35,"Omamori":17,"Frozen Egg 2":13,"War Paint":24,"Bottled Tornado":30,"White Beast Statue":21,"Calling Bell":17,"bronze:BottledCode":20,"Peace Pipe":21,"Dream Catcher":11,"Shuriken":17,"Turnip":17,"bronze:MakeshiftBattery":34},{"Darkstone Periapt":27,"bronze:BronzeCore":0,"Happy Flower":4,"downfall:HeartBlessingRed":14,"Guardian:GemstoneGun":15,"downfall:HeartBlessingGreen":21,"Omamori":11,"Frozen Egg 2":8,"War Paint":14,"Bottled Tornado":18,"White Beast Statue":13,"Calling Bell":11,"bronze:BottledCode":12,"Peace Pipe":13,"Dream Catcher":6,"Shuriken":11,"Turnip":11,"bronze:MakeshiftBattery":21},{"Darkstone Periapt":137,"bronze:BronzeCore":0,"Happy Flower":15,"downfall:HeartBlessingRed":69,"Guardian:GemstoneGun":73,"downfall:HeartBlessingGreen":106,"Omamori":53,"Frozen Egg 2":33,"War Paint":69,"Bottled Tornado":87,"White Beast Statue":65,"Calling Bell":53,"bronze:BottledCode":57,"Peace Pipe":65,"Dream Catcher":25,"Shuriken":53,"Turnip":53,"bronze:MakeshiftBattery":106}]},"card_choices":[{"not_picked":["bronze:Shell","bronze:Overload"],"picked":"bronze:Branch","floor":2},{"not_picked":["bronze:ClassDefault","bronze:Repulsor"],"picked":"bronze:Separator","floor":3},{"not_picked":["bronze:Overheat","bronze:DelayedSlice"],"picked":"bronze:CutThrough","floor":5},{"not_picked":["bronze:GetLatest","bronze:Overheat"],"picked":"bronze:Fortify","floor":6},{"not_picked":["bronze:Deprecate","bronze:BuggyMess","bronze:WhirlingStrike"],"picked":"SKIP","floor":10},{"not_picked":["bronze:Optimize","bronze:Deprecate"],"picked":"bronze:Shield","floor":11},{"not_picked":["bronze:Refactor","bronze:Invalidate"],"picked":"bronze:Frontload","floor":12},{"not_picked":["bronze:GetLatest","bronze:Shell"],"picked":"bronze:ItsAFeature+1","floor":13},{"not_picked":["bronze:Overload","bronze:Allocate"],"picked":"bronze:CleanCode+1","floor":14},{"not_picked":["bronze:DelayedGuard","bronze:Shield"],"picked":"bronze:Repulsor+1","floor":15},{"not_picked":["bronze:HyperBeam","bronze:Mutator+1"],"picked":"bronze:FindAndReplace","floor":16},{"not_picked":["bronze:ClassDefault+1","bronze:Return","bronze:BronzeArmor"],"picked":"SKIP","floor":19},{"not_picked":["bronze:OilSpill+1","bronze:BronzeArmor"],"picked":"bronze:Iterate","floor":21},{"not_picked":["bronze:OilSpill","bronze:Fortify"],"picked":"bronze:Terminator+1","floor":23},{"not_picked":["bronze:Allocate","bronze:Overheat"],"picked":"bronze:AlphaBuild","floor":27},{"not_picked":["bronze:CutThrough+1","bronze:FineTuning"],"picked":"bronze:DelayedGuard+1","floor":28},{"not_picked":["bronze:WildBeam+1","bronze:ClassDefault+1","bronze:Branch"],"picked":"SKIP","floor":29},{"not_picked":["bronze:BuggyMess","bronze:WhirlingStrike","bronze:OilSpill+1"],"picked":"SKIP","floor":30},{"not_picked":["bronze:BuggyMess","bronze:Fortify","bronze:ClassDefault+1"],"picked":"SKIP","floor":31},{"not_picked":["bronze:BuggyMess","bronze:Fortify","bronze:ClassDefault+1"],"picked":"SKIP","floor":31},{"not_picked":["bronze:Refactor+1","bronze:Constructor"],"picked":"bronze:ForceShield","floor":32},{"not_picked":["bronze:BurnOut","bronze:TinkerersToolbox"],"picked":"bronze:Verify+1","floor":33},{"not_picked":["bronze:Iterate+1","bronze:BronzeArmor+1","bronze:Shield+1"],"picked":"SKIP","floor":36},{"not_picked":["bronze:WhirlingStrike","bronze:WildBeam+1"],"picked":"bronze:Branch","floor":37},{"not_picked":["bronze:BugBarrage","bronze:Shield+1"],"picked":"bronze:DelayedGuard+1","floor":38},{"not_picked":["bronze:Backtrace+1","bronze:Deprecate+1"],"picked":"bronze:Turbo+1","floor":39},{"not_picked":["bronze:Separator+1","bronze:WhirlingStrike"],"picked":"bronze:FineTuning+1","floor":42},{"not_picked":["bronze:Iterate","bronze:OilSpill"],"picked":"bronze:FollowUp+1","floor":43},{"not_picked":["bronze:Deprecate+1","bronze:Overheat+1","bronze:Optimize+1"],"picked":"SKIP","floor":45},{"not_picked":["expansioncontent:YouAreMine","expansioncontent:Chronoboost+1"],"picked":"expansioncontent:AwakenDeath+1","floor":46},{"not_picked":["bronze:Frontload","bronze:Return+1","bronze:CutThrough+1"],"picked":"SKIP","floor":49}],"player_experience":142461,"relics_obtained":[{"floor":7,"key":"Happy Flower"},{"floor":11,"key":"Dream Catcher"},{"floor":13,"key":"Frozen Egg 2"},{"floor":17,"key":"Omamori"},{"floor":17,"key":"Shuriken"},{"floor":17,"key":"Turnip"},{"floor":21,"key":"Peace Pipe"},{"floor":21,"key":"White Beast Statue"},{"floor":24,"key":"War Paint"},{"floor":30,"key":"Bottled Tornado"},{"floor":43,"key":"Darkstone Periapt"}],"event_choices":[{"damage_healed":0,"gold_gain":0,"player_choice":"Got Potions","damage_taken":0,"max_hp_gain":0,"max_hp_loss":0,"event_name":"Lab","floor":40,"gold_loss":0},{"cards_removed":["bronze:Shield"],"damage_healed":0,"gold_gain":0,"player_choice":"Removed Skill","damage_taken":0,"max_hp_gain":0,"max_hp_loss":0,"event_name":"Falling","floor":48,"gold_loss":0}],"is_beta":false,"boss_relics":[{"not_picked":["SacredBark","Pandora\u0027s Box"],"picked":"Calling Bell"},{"not_picked":["SlaversCollar","Runic Dome"],"picked":"bronze:MakeshiftBattery"}],"items_purged_floors":[],"is_endless":false,"potions_floor_spawned":[12,13,15,16,21,23,27,28,29,30,31,32,33,36,37,38,39,42,43,45,49],"ascension_level":1}}