{"host":"Penguin","time":1611491315,"event":{"mods":["BaseMod","Colored Map","Colored Powertips","Downfall","Minty Spire (QoL Compilation)","Relic Stats","StSLib","Synergy Search","Unceasing Turn Reminder"],"gold_per_floor":[99,110,127,127,302,319,319,319,141,176,191,210,210,210,210],"floor_reached":13,"language":"ENG","playtime":660,"items_purged":["Doubt"],"score":85,"play_id":"c2a8e472-3c6b-435e-8e0f-ee8ee08ab518","local_time":"20210124132835","is_ascension_mode":false,"campfire_choices":[{"data":"bronze:Replicate","floor":1,"key":"SMITH"},{"data":"bronze:Terminator","floor":8,"key":"SMITH"}],"circlet_count":0,"master_deck":["bronze:Strike","bronze:Strike","bronze:Strike","bronze:Strike","bronze:Defend","bronze:Defend","bronze:Defend","bronze:Defend","bronze:Replicate+1","bronze:Goto","bronze:Terminator+1","bronze:Iterate","bronze:Optimize","bronze:FineTuning","bronze:Philosophize","bronze:FineTuning","bronze:FineTuning","bronze:Constructor"],"relics":["bronze:BronzeCore","Tiny Chest","Matryoshka","Pen Nib"],"acts_visited":["Exordium"],"potions_floor_usage":[13],"damage_taken":[{"damage":2,"enemies":"Small Slimes","floor":2,"turns":3},{"damage":9,"enemies":"Jaw Worm","floor":3,"turns":4},{"damage":3,"enemies":"2 Louse","floor":6,"turns":3},{"damage":5,"enemies":"downfall:FleeingMerchant","floor":9,"turns":4},{"damage":27,"enemies":"Lagavulin","floor":10,"turns":8},{"damage":13,"enemies":"Large Slime","floor":11,"turns":3},{"damage":2,"enemies":"Blue Slaver","floor":12,"turns":3},{"damage":32,"enemies":"3 Sentries","floor":13,"turns":3}],"seed_played":"-8347409192563546173","potions_obtained":[{"floor":2,"key":"Swift Potion"},{"floor":10,"key":"FairyPotion"},{"floor":11,"key":"champ:CounterPotion"}],"is_trial":false,"path_per_floor":["R","M","M","?","?","M","T","R","$","E","M","M","E"],"character_chosen":"THE_AUTOMATON","items_purchased":["bronze:Philosophize","bronze:FineTuning"],"campfire_rested":0,"item_purchase_floors":[9,9],"current_hp_per_floor":[77,75,66,54,54,51,51,51,46,19,6,4,0,0,0],"gold":210,"neow_bonus":"TEN_PERCENT_HP_BONUS","is_daily":false,"chose_seed":false,"campfire_upgraded":2,"win_rate":0.0,"timestamp":1611491315,"path_taken":["R","M","M","?","?","M","T","R","$","E","M","M","E"],"items_purchased_type":["Card","Card"],"build_version":"2020-12-18","purchased_purges":1,"victory":false,"max_hp_per_floor":[77,77,77,77,77,77,77,77,77,77,77,77,77,77,77],"relic_stats":{"counters":[8,31],"Tiny Chest":0,"Pen Nib":[1],"obtain_stats":[{"bronze:BronzeCore":0,"Matryoshka":7,"Tiny Chest":4,"Pen Nib":10},{"bronze:BronzeCore":0,"Matryoshka":3,"Tiny Chest":2,"Pen Nib":5},{"bronze:BronzeCore":0,"Matryoshka":10,"Tiny Chest":7,"Pen Nib":22}]},"card_choices":[{"not_picked":["bronze:Shell","bronze:Frontload"],"picked":"bronze:Terminator","floor":2},{"not_picked":["bronze:Terminator","bronze:Frontload"],"picked":"bronze:Iterate","floor":3},{"not_picked":["bronze:ForceShield","bronze:Overload"],"picked":"bronze:Optimize","floor":6},{"not_picked":["bronze:ShipIt","bronze:BugBarrage"],"picked":"bronze:FineTuning","floor":9},{"not_picked":["bronze:Invalidate","bronze:DarkDash"],"picked":"bronze:FineTuning","floor":10},{"not_picked":["bronze:ChildClass","bronze:FineTuning"],"picked":"bronze:Constructor","floor":11},{"not_picked":["bronze:Flail","bronze:WildBeam","bronze:WhirlingStrike"],"picked":"SKIP","floor":12}],"player_experience":353222,"relics_obtained":[{"floor":7,"key":"Matryoshka"},{"floor":10,"key":"Pen Nib"}],"event_choices":[{"damage_healed":0,"gold_gain":0,"player_choice":"Success","damage_taken":12,"relics_obtained":["Tiny Chest"],"max_hp_gain":0,"max_hp_loss":0,"event_name":"Scrap Ooze","floor":4,"gold_loss":0}],"is_beta":true,"boss_relics":[],"items_purged_floors":[9],"is_endless":false,"potions_floor_spawned":[2,10,11,12],"killed_by":"3 Sentries","ascension_level":0}}