{"host":"KYO","time":1611492081,"event":{"mods":["ATMod(阿瑾Mod)","BaseMod","Minty Spire (QoL Compilation)","Permanent Neow","Replay The Spire","Shop Mod","StSLib","SuperFastMode","TestMod","[IsaacMod]以撒尖塔","【遗物卡牌】REMEMod"],"gold_per_floor":[113,128,128,53,53,78,96,108,108,138,151,168,243,276,276,353,353,353,353],"floor_reached":18,"language":"ZHS","playtime":1066,"items_purged":["Defend_P"],"score":414,"play_id":"04ec330f-5e21-4352-a8e0-8f9687077f40","local_time":"20210124204121","is_ascension_mode":true,"campfire_choices":[{"data":"Mayhem","floor":15,"key":"SMITH"}],"circlet_count":0,"master_deck":["AscendersBane","Strike_P","Strike_P","Strike_P","Strike_P","Defend_P","Defend_P","Defend_P","Eruption+1","Vigilance","AT_FamilyPortrait","REME_ShortnessOfBreath","Consecrate","Mayhem+1","FollowUp","JustLucky","Scrawl+1"],"relics":["HushsDoor","AT_ATBox","testmod-TestBox","NineVolt","testmod-GiftOfSatan","testmod-HarvestTotem","REME_ComplimentaryCards","Golden Egg","testmod-Justice","Omamori","Matryoshka","Replay:Grab Bag","GuppysHead","GuppysTail"],"acts_visited":["Exordium","TheCity"],"potions_floor_usage":[10,14],"damage_taken":[{"damage":11,"enemies":"Jaw Worm","floor":1,"turns":4},{"damage":0,"enemies":"2 Louse","floor":2,"turns":1},{"damage":36,"enemies":"Lagavulin","floor":6,"turns":6},{"damage":6,"enemies":"Cultist","floor":7,"turns":4},{"damage":0,"enemies":"2 Fungi Beasts","floor":8,"turns":2},{"damage":8,"enemies":"Gremlin Nob","floor":10,"turns":3},{"damage":0,"enemies":"Blue Slaver","floor":11,"turns":1},{"damage":0,"enemies":"3 Louse","floor":12,"turns":2},{"damage":28,"enemies":"Lagavulin","floor":14,"turns":4},{"damage":71,"enemies":"Slime Boss","floor":16,"turns":5},{"damage":0,"enemies":"Shell Parasite","floor":18,"turns":1}],"seed_played":"1189701704414964576","potions_obtained":[{"floor":7,"key":"PowerPotion"},{"floor":8,"key":"LiquidBronze"},{"floor":10,"key":"Weak Potion"}],"is_trial":false,"path_per_floor":["M","M","?","$","?","E","M","M","T","E","M","M","?","E","R","B",null,"M"],"character_chosen":"WATCHER","items_purchased":["GuppysHead","GuppysTail"],"campfire_rested":0,"item_purchase_floors":[17,17],"current_hp_per_floor":[118,118,118,118,118,92,114,166,166,176,176,186,175,147,147,142,176,176,176],"gold":353,"neow_bonus":"BOSS_RELIC","is_daily":false,"chose_seed":false,"campfire_upgraded":1,"win_rate":0.0,"timestamp":1611492081,"path_taken":["M","M","?","?","?","E","M","M","T","E","M","M","?","E","R","BOSS","M"],"items_purchased_type":["Relic","Relic"],"build_version":"2020-12-18","purchased_purges":1,"victory":false,"max_hp_per_floor":[136,136,136,136,136,136,146,166,166,176,176,186,186,186,186,196,176,176,176],"card_choices":[{"not_picked":["Replay:BluntJabs","Replay:AtTheReady"],"picked":"Consecrate","floor":1},{"not_picked":["SashWhip","Wireheading","FlyingSleeves"],"picked":"SKIP","floor":2},{"not_picked":["REME_MusicOfDeath","SandsOfTime","FlyingSleeves"],"picked":"SKIP","floor":6},{"not_picked":["Fasting2","Omniscience"],"picked":"FollowUp","floor":7},{"not_picked":["Prostrate","ClearTheMind"],"picked":"JustLucky","floor":8},{"not_picked":["Alpha","Evaluate","Fasting2"],"picked":"SKIP","floor":10},{"not_picked":["Fasting2","SashWhip","JustLucky"],"picked":"SKIP","floor":11},{"not_picked":["CarveReality","Halt","Perseverance"],"picked":"SKIP","floor":12},{"not_picked":["ThirdEye","DeusExMachina","SignatureMove"],"picked":"SKIP","floor":14},{"not_picked":["Judgement","SpiritShield"],"picked":"Scrawl","floor":16}],"player_experience":669155,"relics_obtained":[{"floor":6,"key":"Golden Egg"},{"floor":9,"key":"testmod-Justice"},{"floor":10,"key":"Omamori"},{"floor":14,"key":"Matryoshka"}],"event_choices":[{"damage_healed":0,"gold_gain":0,"player_choice":"Swap Relic","damage_taken":0,"relics_obtained":["REME_ComplimentaryCards"],"max_hp_gain":0,"max_hp_loss":0,"event_name":"给自己的盒子","floor":3,"relics_lost":["REME_ComplimentaryCards"],"gold_loss":0},{"damage_healed":0,"gold_gain":0,"player_choice":"Grow","damage_taken":0,"max_hp_gain":0,"max_hp_loss":0,"event_name":"Living Wall","floor":5,"gold_loss":0,"cards_upgraded":["Eruption"]},{"damage_healed":0,"gold_gain":75,"player_choice":"Gather Gold","damage_taken":11,"max_hp_gain":0,"max_hp_loss":0,"event_name":"World of Goop","floor":13,"gold_loss":0}],"is_beta":true,"boss_relics":[{"not_picked":["REME_LowDesire","REME_ChargedStone"],"picked":"Replay:Grab Bag"},{"not_picked":[]}],"items_purged_floors":[4],"is_endless":false,"potions_floor_spawned":[7,8,10],"killed_by":"Shell Parasite","ascension_level":20}}