{"host":"whozxugkqnh4mr74","time":1611523098,"event":{"mods":["Act Like it!","BaseMod","Hallownest","Minty Spire (QoL Compilation)","Permanent Neow","Quick Restart","Relic Stats","StSLib","The Bug Knight","everything is the same but u backflip on backflip"],"gold_per_floor":[17,17,45,59,7,7,24,24,50,50,65,84,84,84,84,181,181,201,201,49,59,77,77,97,97,397,433,433,443,443,443,443,541,541,555,555,571,587,606,631,649,676,676,98,115,134,151,170,170,170,170,170,2,29,29,29],"floor_reached":55,"language":"ENG","playtime":6448,"items_purged":["HollowMod:NailStrikeStart"],"score":767,"play_id":"73c8ec41-662e-49f4-b06c-fbc5faff7922","local_time":"20210124131818","is_ascension_mode":true,"campfire_choices":[{"floor":6.0,"key":"REST"},{"data":"HollowMod:FocusHealStart","floor":10.0,"key":"SMITH"},{"data":"HollowMod:DashSlash","floor":15.0,"key":"SMITH"},{"data":"HollowMod:SharpenedShadows","floor":23.0,"key":"SMITH"},{"data":"HollowMod:VoidDash","floor":25.0,"key":"SMITH"},{"data":"HollowMod:WraithStrike","floor":30.0,"key":"SMITH"},{"floor":32.0,"key":"REST"},{"floor":49.0,"key":"RECALL"},{"data":"HollowMod:LifebloodCore","floor":52.0,"key":"SMITH"}],"circlet_count":0,"master_deck":["HollowMod:NailStrikeStart","HollowMod:NailStrikeStart","HollowMod:QuickDashStart","HollowMod:QuickDashStart","HollowMod:FocusHealStart+1","HollowMod:PogoStrike","HollowMod:VoidDash+1","HollowMod:CornifersMapStart","HollowMod:theNailsmith","HollowMod:AbyssShriek","HollowMod:DescendingDark","HollowMod:NewLittleFool","HollowMod:DashSlash+1","HollowMod:SharpenedShadows+1","HollowMod:Weaversong+1","HollowMod:LordofShades","HollowMod:GrimmsGift+1","HollowMod:BlackTendrils+1","HollowMod:HuntersJournal+1","HollowMod:WraithStrike+1","HollowMod:LifebloodCore+1","HollowMod:MothsMistake+1","HollowMod:LordofShades","HollowMod:DescendingDark","HollowMod:LifebloodCocoon+1","HollowMod:WraithStrike","HollowMod:CrystalDash+1","HollowMod:AbyssShriek+1","HollowMod:ZotesMagnificence","HollowMod:GoodIntentions","HollowMod:HeavyBlow","HollowMod:BlackTendrils+1","HollowMod:BlackTendrils+1","HollowMod:WraithStrike+1","HollowMod:SharpenedShadows"],"relics":["HollowMod:VesselMask","Hallownest:TeacherSealRelic","HornCleat","Happy Flower","Bronze Scales","Snecko Eye","Old Coin","SlaversCollar","Art of War","Anchor","Sling","Boot","Pen Nib"],"acts_visited":["Hallownest:Greenpath","Hallownest:CityofTears","Hallownest:KingdomsEdge","TheEnding"],"potions_floor_usage":[55,55,55,55,55],"damage_taken":[{"damage":0.0,"enemies":"Hallownest:2_Baldur","floor":1.0,"turns":5.0},{"damage":31.0,"enemies":"Hallownest:eliteCrystalGuardian","floor":3.0,"turns":8.0},{"damage":14.0,"enemies":"Hallownest:monsterHuskGuard","floor":4.0,"turns":8.0},{"damage":1.0,"enemies":"Hallownest:monsterHuskWarrior","floor":7.0,"turns":3.0},{"damage":13.0,"enemies":"Hallownest:monsterFoolEater","floor":11.0,"turns":9.0},{"damage":1.0,"enemies":"Hallownest:Guard_and_Warrior","floor":12.0,"turns":4.0},{"damage":45.0,"enemies":"Hallownest:BossHornet","floor":16.0,"turns":13.0},{"damage":0.0,"enemies":"Hallownest:3_Youths","floor":18.0,"turns":3.0},{"damage":0.0,"enemies":"Hallownest:2_Mistakes","floor":21.0,"turns":3.0},{"damage":14.0,"enemies":"Hallownest:monsterMisterMushroom","floor":22.0,"turns":6.0},{"damage":26.0,"enemies":"Hallownest:3_Mistakes","floor":24.0,"turns":6.0},{"damage":24.0,"enemies":"Hallownest:Glutton_and_Coward","floor":27.0,"turns":3.0},{"damage":11.0,"enemies":"Hallownest:Master_and_Novice","floor":29.0,"turns":4.0},{"damage":6.0,"enemies":"Hallownest:BossSoulMaster","floor":33.0,"turns":7.0},{"damage":0.0,"enemies":"Hallownest:3_Siblings","floor":35.0,"turns":2.0},{"damage":55.0,"enemies":"Hallownest:2_Littles","floor":37.0,"turns":4.0},{"damage":13.0,"enemies":"Hallownest:monsterPrimalAspid","floor":38.0,"turns":3.0},{"damage":0.0,"enemies":"Hallownest:2_Wandering_and_1_Horned","floor":39.0,"turns":4.0},{"damage":0.0,"enemies":"Hallownest:eliteHiveKnight","floor":40.0,"turns":7.0},{"damage":0.0,"enemies":"Hallownest:2_Soldiers_and_1_Guardian","floor":41.0,"turns":6.0},{"damage":58.0,"enemies":"Hallownest:StalkingDevout","floor":42.0,"turns":6.0},{"damage":13.0,"enemies":"Hallownest:2_Wing_and_1_Kings","floor":45.0,"turns":5.0},{"damage":5.0,"enemies":"Hallownest:monsterPrimalAspid","floor":46.0,"turns":3.0},{"damage":9.0,"enemies":"Hallownest:Xero_Hu_Marmu","floor":47.0,"turns":4.0},{"damage":0.0,"enemies":"Hallownest:2_Soldiers_and_1_Guardian","floor":48.0,"turns":7.0},{"damage":41.0,"enemies":"Hallownest:BossGreyPrinceZote","floor":50.0,"turns":8.0},{"damage":37.0,"enemies":"Shield and Spear","floor":54.0,"turns":6.0},{"damage":63,"enemies":"The Heart","floor":55,"turns":8}],"seed_played":"-115229733249734865","potions_obtained":[{"floor":4.0,"key":"EssenceOfSteel"},{"floor":12.0,"key":"Dexterity Potion"},{"floor":16.0,"key":"CultistPotion"},{"floor":27.0,"key":"PowerPotion"},{"floor":37.0,"key":"EntropicBrew"},{"floor":41.0,"key":"DuplicationPotion"},{"floor":42.0,"key":"Explosive Potion"},{"floor":47.0,"key":"SmokeBomb"},{"floor":54.0,"key":"PowerPotion"}],"is_trial":false,"path_per_floor":["M","?","?","M","$","R","M","T","T","R","M","M","?","?","R","B",null,"M","?","$","M","M","R","M","R","T","M","?","M","R","?","R","B",null,"M","?","M","M","M","E","M","E","T","$","M","M","M","M","R","B",null,"R","$","E","B"],"character_chosen":"THE_BUGKNIGHT","items_purchased":["HollowMod:DescendingDark","HollowMod:LordofShades","Sling","Boot","HollowMod:ZotesMagnificence","HollowMod:GoodIntentions","EntropicBrew","HollowMod:SharpenedShadows"],"campfire_rested":2,"item_purchase_floors":[5,20,44,44,44,44,53,53],"current_hp_per_floor":[75,75,44,36,36,58,57,57,57,57,58,57,57,57,57,26,68,68,68,68,68,54,54,38,38,38,24,24,31,31,31,51,59,68,68,63,27,28,47,61,63,16,16,16,14,26,40,63,63,42,63,63,63,41,0,0],"gold":29,"neow_bonus":"THREE_RARE_CARDS","is_daily":false,"chose_seed":false,"campfire_upgraded":6,"win_rate":0.0,"timestamp":1611523098,"path_taken":["M","?","?","M","?","R","M","?","T","R","?","M","?","?","R","BOSS","M","?","$","M","M","R","M","R","T","M","?","?","R","?","R","BOSS","M","?","M","M","M","E","M","E","T","$","M","M","M","M","R","BOSS","R","$","E","BOSS"],"items_purchased_type":["Card","Card","Relic","Relic","Card","Card","Potion","Card"],"build_version":"2020-12-22","purchased_purges":1,"victory":false,"max_hp_per_floor":[75,75,75,75,75,75,75,75,75,75,75,75,75,68,68,68,68,68,68,68,68,68,68,68,68,68,68,68,68,68,68,68,68,68,68,63,63,63,63,63,63,63,63,63,63,63,63,63,63,63,63,63,63,63,63,63],"relic_stats":{"Happy Flower":[43],"counters":[28,155],"Bronze Scales":[397],"Snecko Eye":[218,223,238,203],"Pen Nib":[1],"Art of War":[4],"Boot":[23],"obtain_stats":[{"Happy Flower":8,"HollowMod:VesselMask":0,"Pen Nib":54,"Sling":44,"Boot":44,"Old Coin":26,"SlaversCollar":34,"Anchor":42,"HornCleat":3,"Bronze Scales":9,"Snecko Eye":17,"Art of War":40,"Hallownest:TeacherSealRelic":2},{"Happy Flower":4,"HollowMod:VesselMask":0,"Pen Nib":27,"Sling":21,"Boot":21,"Old Coin":11,"SlaversCollar":14,"Anchor":21,"HornCleat":2,"Bronze Scales":4,"Snecko Eye":7,"Art of War":19,"Hallownest:TeacherSealRelic":1},{"Happy Flower":24,"HollowMod:VesselMask":0,"Pen Nib":147,"Sling":114,"Boot":114,"Old Coin":68,"SlaversCollar":82,"Anchor":114,"HornCleat":13,"Bronze Scales":24,"Snecko Eye":50,"Art of War":102,"Hallownest:TeacherSealRelic":5}]},"card_choices":[{"not_picked":["HollowMod:AwokenDreamNail","HollowMod:NewInfectedGuardian"],"picked":"HollowMod:VoidDash","floor":0.0},{"not_picked":["HollowMod:SoulVessel","HollowMod:InfectedAttack"],"picked":"HollowMod:CornifersMapStart","floor":1.0},{"not_picked":["HollowMod:HuntersJournal","HollowMod:FallenFury"],"picked":"HollowMod:theNailsmith","floor":3.0},{"not_picked":["HollowMod:HeavyBlow","HollowMod:CycloneSlash"],"picked":"HollowMod:AbyssShriek","floor":4.0},{"not_picked":["HollowMod:DreamGate","HollowMod:MawleksShell"],"picked":"HollowMod:NewLittleFool","floor":7.0},{"not_picked":["HollowMod:ShapeofUnn","HollowMod:TaintedHusks"],"picked":"HollowMod:DashSlash","floor":11.0},{"not_picked":["HollowMod:CornifersMapStart","HollowMod:BrokenVessel"],"picked":"HollowMod:SharpenedShadows","floor":12.0},{"not_picked":["HollowMod:VoidDash","HollowMod:AwokenDreamNail"],"picked":"HollowMod:Weaversong","floor":16.0},{"not_picked":["HollowMod:ChannelNail","HollowMod:InfectionAssault","HollowMod:CornifersMapStart"],"picked":"SKIP","floor":18.0},{"not_picked":["HollowMod:LifebloodCocoon","HollowMod:DescendingDark"],"picked":"HollowMod:GrimmsGift+1","floor":21.0},{"not_picked":["HollowMod:FastStrike","HollowMod:HowlingWraiths"],"picked":"HollowMod:BlackTendrils+1","floor":22.0},{"not_picked":["HollowMod:SoulVessel+1","HollowMod:SiblingsSouls"],"picked":"HollowMod:HuntersJournal+1","floor":24.0},{"not_picked":["HollowMod:RecoilStrike","HollowMod:BrokenVessel","HollowMod:SoulShaman+1"],"picked":"SKIP","floor":27.0},{"not_picked":["HollowMod:ShadowDash","HollowMod:SharpenedNail"],"picked":"HollowMod:WraithStrike","floor":28.0},{"not_picked":["HollowMod:FastStrike","HollowMod:SiblingsSouls"],"picked":"HollowMod:LifebloodCore","floor":28.0},{"not_picked":["HollowMod:DreamGate","HollowMod:VengefulSpirit"],"picked":"HollowMod:MothsMistake+1","floor":29.0},{"not_picked":["HollowMod:LifebloodCore","HollowMod:NewInfectedGuardian"],"picked":"HollowMod:LordofShades","floor":33.0},{"not_picked":["HollowMod:SiblingsSouls","HollowMod:InfectedCysts+1"],"picked":"HollowMod:DescendingDark","floor":35.0},{"not_picked":["HollowMod:SharpenedNail+1","HollowMod:DesolateDive","HollowMod:MantisMark+1"],"picked":"SKIP","floor":37.0},{"not_picked":["HollowMod:SiblingsSouls","HollowMod:WraithStrike"],"picked":"HollowMod:LifebloodCocoon+1","floor":38.0},{"not_picked":["HollowMod:SoulSplash+1","HollowMod:InfectedCysts"],"picked":"HollowMod:WraithStrike","floor":39.0},{"not_picked":["HollowMod:NewGlowingWomb","HollowMod:ZotesMagnificence"],"picked":"HollowMod:CrystalDash+1","floor":40.0},{"not_picked":["HollowMod:DoubleDash+1","HollowMod:GrimmsGift+1"],"picked":"HollowMod:AbyssShriek+1","floor":41.0},{"not_picked":["HollowMod:BaldurShell","HollowMod:ElderbugsWisdom","HollowMod:FastStrike+1"],"picked":"SKIP","floor":42.0},{"not_picked":["HollowMod:DoubleDash+1","HollowMod:ChannelNail+1"],"picked":"HollowMod:HeavyBlow","floor":45.0},{"not_picked":["HollowMod:DoubleDash+1","HollowMod:DesolateDive"],"picked":"HollowMod:BlackTendrils+1","floor":46.0},{"not_picked":["HollowMod:DashSlash+1","HollowMod:SiblingsSouls"],"picked":"HollowMod:BlackTendrils+1","floor":47.0},{"not_picked":["HollowMod:ElderbugsWisdom","HollowMod:BrokenVessel+1"],"picked":"HollowMod:WraithStrike+1","floor":48.0},{"not_picked":["HollowMod:SiblingsShadow","HollowMod:CycloneSlash","HollowMod:GoodIntentions"],"picked":"SKIP","floor":54.0},{"not_picked":["HollowMod:SiblingsShadow","HollowMod:CycloneSlash","HollowMod:GoodIntentions"],"picked":"SKIP","floor":54.0}],"player_experience":1184425,"relics_obtained":[{"floor":3.0,"key":"HornCleat"},{"floor":8.0,"key":"Happy Flower"},{"floor":9.0,"key":"Bronze Scales"},{"floor":26.0,"key":"Old Coin"},{"floor":40.0,"key":"Art of War"},{"floor":42.0,"key":"Anchor"},{"floor":54.0,"key":"Pen Nib"}],"event_choices":[],"is_beta":false,"boss_relics":[{"not_picked":["Philosopher\u0027s Stone","Tiny House"],"picked":"Snecko Eye"},{"not_picked":["Fusion Hammer","Coffee Dripper"],"picked":"SlaversCollar"}],"items_purged_floors":[44],"is_endless":false,"potions_floor_spawned":[4,12,16,27,29,37,41,42,46,47,54],"killed_by":"The Heart","ascension_level":1}}