{"host":"he07elbwfbprxmdo","time":1611512724,"event":{"mods":["BaseMod","Better Skull","Better Third Choice","Better Vampires","Block Reminder","Clockwork Mod","Colored Map","Downfall","Energized Spire","Fox Events","Halation","Hermit","Highlight Path","Marisa????????","Minty Spire (QoL Compilation)","Relic Stats","StSLib","The Animator","The Servant 0.9.4","Unceasing Turn Reminder"],"gold_per_floor":[113,113,37,37,37,37,37,37],"floor_reached":7,"language":"ENG","playtime":391,"items_purged":[],"score":37,"play_id":"29af2e46-42d5-4144-a8c3-debc99e83043","local_time":"20210124202524","is_ascension_mode":false,"campfire_choices":[{"floor":6,"key":"REST"}],"circlet_count":0,"master_deck":["Strike_S","Strike_S","Strike_S","Strike_S","Defend_S","Defend_S","Defend_S","Defend_S","KidneyShot+1","Exchange","Burn"],"relics":["Uniform","halation:LostSnail"],"acts_visited":["Exordium"],"potions_floor_usage":[],"damage_taken":[{"damage":8,"enemies":"Jaw Worm","floor":1,"turns":4},{"damage":73,"enemies":"Gremlin Nob","floor":7,"turns":6}],"seed_played":"-2406400935360058739","potions_obtained":[],"is_trial":false,"path_per_floor":["M","?","$","?","?","R","E"],"character_chosen":"THE_SERVANT","items_purchased":["halation:LostSnail"],"campfire_rested":1,"item_purchase_floors":[3],"current_hp_per_floor":[63,63,63,63,63,71,0,0],"gold":37,"neow_bonus":"TEN_PERCENT_HP_BONUS","is_daily":false,"chose_seed":false,"campfire_upgraded":0,"win_rate":0.0,"timestamp":1611512724,"path_taken":["M","?","?","?","?","R","E"],"items_purchased_type":["Relic"],"build_version":"2020-12-22","purchased_purges":0,"victory":false,"max_hp_per_floor":[71,71,71,71,71,71,71,71],"relic_stats":{"counters":[2,10],"obtain_stats":[{"Uniform":0,"halation:LostSnail":3},{"Uniform":0,"halation:LostSnail":1},{"Uniform":0,"halation:LostSnail":4}]},"card_choices":[{"not_picked":["Defy","Hightail","Replace"],"picked":"SKIP","floor":1}],"player_experience":164400,"relics_obtained":[],"event_choices":[{"damage_healed":0,"gold_gain":0,"player_choice":"Forge","damage_taken":0,"max_hp_gain":0,"max_hp_loss":0,"event_name":"Accursed Blacksmith","floor":2,"gold_loss":0,"cards_upgraded":["KidneyShot"]},{"damage_healed":63,"gold_gain":0,"player_choice":"Embrace Burn","damage_taken":0,"max_hp_gain":0,"max_hp_loss":71,"event_name":"betterThird:BetterShining","floor":5,"gold_loss":0}],"is_beta":false,"boss_relics":[],"items_purged_floors":[],"is_endless":false,"potions_floor_spawned":[],"killed_by":"Gremlin Nob","ascension_level":0}}