{"host":"vyjryxuuuxkt43k4","time":1611484331,"event":{"mods":["AchievementEnabler","BaseMod","Colored Map","DeckTracker","Keyboard Shortcuts","Minty Spire (QoL Compilation)","Permanent Neow","Quick Restart","Rare Cards Sparkle","StSLib","SuperFastMode","everything is the same but u backflip on backflip"],"gold_per_floor":[112,112,262,278,296,296,221,254,254,254,288,304,320,77,77,156,156,173,193,54,54,54,83,83,113,113,128,144,19,19,35,35,35,35],"floor_reached":33,"language":"KOR","playtime":1270,"items_purged":["Strike_R","Strike_R","Strike_R"],"score":590,"play_id":"fc6f681c-fd8c-43af-9c04-01f6468c0ede","local_time":"20210124193211","is_ascension_mode":true,"campfire_choices":[{"data":"Wild Strike","floor":6.0,"key":"SMITH"},{"data":"Shrug It Off","floor":10.0,"key":"SMITH"},{"data":"Uppercut","floor":15.0,"key":"SMITH"},{"data":"Fire Breathing","floor":24.0,"key":"SMITH"},{"floor":32.0,"key":"REST"}],"circlet_count":0,"master_deck":["AscendersBane","Strike_R","Strike_R","Defend_R","Defend_R+1","Defend_R+1","Defend_R","Bash","Cleave","Wild Strike+1","Shrug It Off+1","Dropkick","Immolate","Uppercut+1","Fire Breathing+1","Limit Break","Metallicize","Warcry+1","Battle Trance","Power Through","Ghostly Armor","Dual Wield","Offering","Fire Breathing+1","Power Through"],"relics":["Burning Blood","Orichalcum","Question Card","Vajra","Medical Kit","Mark of Pain","Calipers","Darkstone Periapt","Letter Opener","Bronze Scales"],"acts_visited":["Exordium","TheCity"],"potions_floor_usage":[33],"damage_taken":[{"damage":3.0,"enemies":"Jaw Worm","floor":1.0,"turns":3.0},{"damage":0.0,"enemies":"Small Slimes","floor":4.0,"turns":4.0},{"damage":0.0,"enemies":"2 Louse","floor":5.0,"turns":2.0},{"damage":20.0,"enemies":"Gremlin Nob","floor":8.0,"turns":4.0},{"damage":4.0,"enemies":"3 Sentries","floor":11.0,"turns":6.0},{"damage":13.0,"enemies":"Exordium Wildlife","floor":12.0,"turns":3.0},{"damage":0.0,"enemies":"3 Louse","floor":13.0,"turns":1.0},{"damage":13.0,"enemies":"Hexaghost","floor":16.0,"turns":7.0},{"damage":5.0,"enemies":"Spheric Guardian","floor":18.0,"turns":3.0},{"damage":5.0,"enemies":"2 Thieves","floor":19.0,"turns":3.0},{"damage":38.0,"enemies":"Book of Stabbing","floor":23.0,"turns":5.0},{"damage":30.0,"enemies":"Slavers","floor":25.0,"turns":3.0},{"damage":0.0,"enemies":"Cultist and Chosen","floor":27.0,"turns":3.0},{"damage":0.0,"enemies":"Chosen and Byrds","floor":28.0,"turns":5.0},{"damage":6.0,"enemies":"Centurion and Healer","floor":31.0,"turns":5.0},{"damage":48,"enemies":"Collector","floor":33,"turns":6}],"seed_played":"-7552872214319384182","potions_obtained":[{"floor":1.0,"key":"LiquidBronze"},{"floor":8.0,"key":"AttackPotion"},{"floor":11.0,"key":"Explosive Potion"},{"floor":16.0,"key":"LiquidMemories"},{"floor":25.0,"key":"Fire Potion"},{"floor":27.0,"key":"BlessingOfTheForge"},{"floor":31.0,"key":"SkillPotion"}],"is_trial":false,"path_per_floor":["M","?","?","M","M","R","?","E","T","R","E","M","M","$","R","B",null,"M","M","$","?","T","E","R","E","T","M","M","$","?","M","R","B"],"character_chosen":"IRONCLAD","items_purchased":["Medical Kit","Battle Trance"],"campfire_rested":1,"item_purchase_floors":[14,20],"current_hp_per_floor":[71,48,48,54,60,60,60,46,46,46,48,41,47,47,47,40,66,67,68,68,68,68,36,36,12,12,18,24,24,24,24,46,0,0],"gold":35,"neow_bonus":"RANDOM_COMMON_RELIC","is_daily":false,"chose_seed":false,"campfire_upgraded":4,"win_rate":0.0,"timestamp":1611484331,"path_taken":["M","?","?","M","M","R","?","E","T","R","E","M","?","$","R","BOSS","M","M","$","?","?","E","R","E","T","?","M","?","?","?","R","BOSS"],"items_purchased_type":["Relic","Card"],"build_version":"2020-12-22","purchased_purges":3,"victory":false,"max_hp_per_floor":[75,75,75,75,75,75,75,75,75,75,75,75,75,75,75,75,75,75,75,75,75,75,75,75,75,75,75,75,75,75,75,75,75,75],"card_choices":[{"not_picked":["Havoc","Clothesline"],"picked":"Cleave","floor":1.0},{"not_picked":["Ghostly Armor","Warcry"],"picked":"Wild Strike","floor":4.0},{"not_picked":["Heavy Blade","Impervious"],"picked":"Shrug It Off","floor":5.0},{"not_picked":["Searing Blow","Shrug It Off"],"picked":"Dropkick","floor":8.0},{"not_picked":["Anger","Hemokinesis","Inflame"],"picked":"Immolate","floor":11.0},{"not_picked":["Warcry","Iron Wave","Body Slam"],"picked":"Uppercut","floor":12.0},{"not_picked":["Ghostly Armor","Thunderclap","Clash"],"picked":"Fire Breathing","floor":13.0},{"not_picked":["Fiend Fire","Brutality","Juggernaut"],"picked":"Limit Break","floor":16.0},{"not_picked":["Twin Strike","Perfected Strike","Thunderclap"],"picked":"Metallicize","floor":18.0},{"not_picked":["Iron Wave","Seeing Red","Clothesline"],"picked":"Warcry+1","floor":19.0},{"not_picked":["Cleave","Wild Strike","Shrug It Off"],"picked":"Power Through","floor":23.0},{"not_picked":["Flex","Uppercut","Wild Strike"],"picked":"Ghostly Armor","floor":25.0},{"not_picked":["Armaments","Searing Blow","Body Slam"],"picked":"Dual Wield","floor":27.0},{"not_picked":["Anger","Armaments","Cleave"],"picked":"Offering","floor":28.0},{"not_picked":["Flex+1","Heavy Blade","Entrench"],"picked":"Power Through","floor":31.0}],"player_experience":284882,"relics_obtained":[{"floor":8.0,"key":"Question Card"},{"floor":11.0,"key":"Vajra"},{"floor":22.0,"key":"Calipers"},{"floor":23.0,"key":"Darkstone Periapt"},{"floor":25.0,"key":"Letter Opener"},{"floor":26.0,"key":"Bronze Scales"}],"event_choices":[{"damage_healed":0.0,"max_hp_gain":0.0,"max_hp_loss":0.0,"gold_gain":0.0,"event_name":"Shining Light","player_choice":"Entered Light","floor":2.0,"gold_loss":0.0,"damage_taken":23.0,"cards_upgraded":["Defend_R","Defend_R"]},{"damage_healed":0.0,"max_hp_gain":0.0,"max_hp_loss":0.0,"gold_gain":150.0,"event_name":"Liars Game","player_choice":"AGREE","floor":3.0,"gold_loss":0.0,"damage_taken":0.0,"cards_obtained":["Doubt"]},{"cards_removed":["Doubt"],"damage_healed":0.0,"max_hp_gain":0.0,"max_hp_loss":0.0,"gold_gain":0.0,"event_name":"The Cleric","player_choice":"Card Removal","floor":7.0,"gold_loss":75.0,"damage_taken":0.0},{"damage_healed":0.0,"max_hp_gain":0.0,"max_hp_loss":0.0,"gold_gain":0.0,"event_name":"The Mausoleum","player_choice":"Ignored","floor":21.0,"gold_loss":0.0,"damage_taken":0.0},{"damage_healed":0.0,"max_hp_gain":0.0,"max_hp_loss":0.0,"gold_gain":0.0,"event_name":"Duplicator","player_choice":"Copied","floor":30.0,"gold_loss":0.0,"damage_taken":0.0,"cards_obtained":["Fire Breathing"]}],"is_beta":false,"boss_relics":[{"not_picked":["Black Blood","SacredBark"],"picked":"Mark of Pain"}],"items_purged_floors":[14,20,29],"is_endless":false,"potions_floor_spawned":[1,8,11,16,25,27,31],"killed_by":"Collector","ascension_level":20}}