{"host":"q57ekfojy3i00x9o","time":1611488728,"event":{"mods":["Arknights The Spire","Aspiration","BaseMod","Colored Map","Energized Spire","Hermit","Minty Spire (QoL Compilation)","Quick Restart","Spicy Shops","Spikes Relics","StSLib","slay the spire mod where everything is the same but ironclad has a cowboy hat"],"gold_per_floor":[15,27,27,27,27,27,39,69,69,69,80,108,108,34,34,129,129,143,159,159,172,198,230,54,54,54,54,72,83,83,95,95,197,197,214,231,246,264,617,617,634,634,634,166,166,180,26,44,44,44,44],"floor_reached":50,"language":"RUS","playtime":2879,"items_purged":["ats:Strike V"],"score":523,"play_id":"930d3277-353d-4420-91b1-ed2f4d4dc5f8","local_time":"20210124164528","is_ascension_mode":true,"campfire_choices":[{"data":"ats:Wolf Pack","floor":6,"key":"SMITH"},{"data":"ats:Overload","floor":13,"key":"SMITH"},{"data":"ats:Closed Bolt Burst Fire","floor":15,"key":"SMITH"},{"data":"ats:Roar Of Ursus","floor":27,"key":"SMITH"},{"floor":30,"key":"REST"},{"data":"ats:Emotion Absorption","floor":32,"key":"SMITH"},{"floor":40,"key":"REST"},{"data":"Brutality","floor":49,"key":"SMITH"}],"circlet_count":0,"master_deck":["ats:Strike C","ats:Strike G","ats:Strike S","ats:Armor Crushing Shot","ats:Defend","ats:Defend","ats:Defend","ats:Defend","ats:Emotion Absorption+1","ats:Wolf Pack+1","ats:Sashimi Platter+1","ats:Closed Bolt Burst Fire+1","ats:Consecutive Shot Auto+1","ats:Disruption Kick","ats:Overload+1","ats:Rapid Magazine","ats:Part Time Job","ats:Roar Of Ursus+1","ats:Overload","ats:Assault Order+1","ats:Hammer On","ats:Burning Ground+1","ats:Flexible Camouflage","ats:Burning Ground","ats:Magnetic Hammer","ats:Apocalypse","ats:Guardian Obelisk","ats:Volcano","ats:Demon Strength","ats:Poison Spread+1","ats:Apocalypse+1","ats:Guard Mode","ats:Leaping Hammer+1","ats:Shell Defense+1","Panache","Brutality+1","ats:Explosion Area Strengthen+1","ats:Explosion Area Strengthen+1"],"relics":["ats:Sanity","Rawhide","ats:Originium","Whetstone","Bag of Marbles","Mummified Hand","Philosopher\u0027s Stone","Red Mask","CrustySpines","ats:Lavender","aspiration:IroncladSkillbook","Old Coin","RoseTintedShades","ClockworkSouvenir","ats:Special"],"acts_visited":["Exordium","TheCity","TheBeyond"],"potions_floor_usage":[33,33,33,33,39,50,50],"damage_taken":[{"damage":10,"enemies":"Cultist","floor":1,"turns":5},{"damage":1,"enemies":"2 Louse","floor":2,"turns":4},{"damage":0,"enemies":"Jaw Worm","floor":7,"turns":2},{"damage":4,"enemies":"Gremlin Nob","floor":8,"turns":4},{"damage":4,"enemies":"Large Slime","floor":11,"turns":5},{"damage":7,"enemies":"3 Sentries","floor":12,"turns":6},{"damage":44,"enemies":"The Guardian","floor":16,"turns":10},{"damage":7,"enemies":"3 Byrds","floor":18,"turns":5},{"damage":0,"enemies":"Spheric Guardian","floor":19,"turns":3},{"damage":30,"enemies":"Snake Plant","floor":21,"turns":5},{"damage":0,"enemies":"Masked Bandits","floor":22,"turns":3},{"damage":32,"enemies":"Gremlin Leader","floor":23,"turns":7},{"damage":29,"enemies":"Snecko","floor":28,"turns":5},{"damage":10,"enemies":"Cultist and Chosen","floor":29,"turns":5},{"damage":4,"enemies":"Chosen and Byrds","floor":31,"turns":4},{"damage":62,"enemies":"Automaton","floor":33,"turns":11},{"damage":37,"enemies":"3 Darklings","floor":35,"turns":4},{"damage":17,"enemies":"Orb Walker","floor":36,"turns":3},{"damage":38,"enemies":"Maw","floor":37,"turns":7},{"damage":27,"enemies":"Sphere and 2 Shapes","floor":38,"turns":4},{"damage":50,"enemies":"2 Orb Walkers","floor":39,"turns":5},{"damage":43,"enemies":"Spire Growth","floor":41,"turns":5},{"damage":18,"enemies":"Transient","floor":46,"turns":5},{"damage":12,"enemies":"3 Darklings","floor":48,"turns":4},{"damage":144,"enemies":"Awakened One","floor":50,"turns":9}],"seed_played":"904902428496718241","potions_obtained":[{"floor":1,"key":"SteroidPotion"},{"floor":7,"key":"ats:Top Emergency Sanity Potion"},{"floor":12,"key":"FairyPotion"},{"floor":28,"key":"EntropicBrew"},{"floor":37,"key":"ats:Emergency Sanity Potion"},{"floor":41,"key":"Energy Potion"},{"floor":46,"key":"SteroidPotion"}],"is_trial":false,"path_per_floor":["M","M","?","?","$","R","M","E","T","?","M","E","R","$","R","B",null,"M","M","?","M","?","E","$","?","T","R","M","M","R","M","R","B",null,"M","M","M","M","?","R","M","?","T","$","?","M","$","M","R","B"],"character_chosen":"DOCTOR_CLASS","items_purchased":["ats:Part Time Job","ats:Burning Ground","ClockworkSouvenir","Panache","Brutality","ats:Special"],"campfire_rested":2,"item_purchase_floors":[14,24,44,44,44,47],"current_hp_per_floor":[62,71,76,58,58,58,58,60,60,60,74,77,77,77,77,52,77,77,77,77,47,56,48,48,48,48,48,38,33,56,75,75,27,77,51,40,29,30,20,43,23,67,67,67,64,64,64,64,64,0,0],"gold":44,"neow_bonus":"THREE_RARE_CARDS","is_daily":false,"chose_seed":false,"campfire_upgraded":6,"win_rate":0.0,"timestamp":1611488728,"path_taken":["M","?","?","?","?","R","M","E","T","?","?","E","R","$","R","BOSS","M","M","?","M","?","E","$","?","T","R","M","M","R","M","R","BOSS","M","M","M","?","?","R","M","?","T","$","?","?","$","M","R","BOSS"],"items_purchased_type":["Card","Card","Relic","Card","Card","Relic"],"build_version":"2020-12-22","purchased_purges":1,"victory":false,"max_hp_per_floor":[72,72,77,77,77,77,77,77,77,77,77,77,77,77,77,77,77,77,77,77,77,77,77,77,77,77,77,77,77,77,77,77,77,77,77,77,77,77,77,77,77,67,67,67,64,64,64,64,64,64,64],"card_choices":[{"not_picked":["ats:Ambush","ats:Soul Rend"],"picked":"ats:Wolf Pack","floor":0},{"not_picked":["ats:Ignite","ats:Support Order"],"picked":"ats:Sashimi Platter","floor":1},{"not_picked":["ats:Neurotoxin","ats:Consecutive Shot Auto"],"picked":"ats:Closed Bolt Burst Fire","floor":2},{"not_picked":["ats:Powerful Strike","ats:Guard Mode"],"picked":"ats:Consecutive Shot Auto","floor":7},{"not_picked":["ats:Charging Defense","ats:Counter Healing Mode"],"picked":"ats:Disruption Kick","floor":8},{"not_picked":["ats:Consecutive Shot Auto","ats:Cat Scratch"],"picked":"ats:Overload","floor":11},{"not_picked":["ats:Charging Defense","ats:Shadow Raid"],"picked":"ats:Rapid Magazine","floor":12},{"not_picked":["ats:True Silver Slash","ats:Wolf Pack"],"picked":"ats:Roar Of Ursus","floor":16},{"not_picked":["ats:Directed Diagnosis","ats:Mental Burst+1"],"picked":"ats:Overload","floor":18},{"not_picked":["ats:Cat Scratch","ats:Absolute Focus+1"],"picked":"ats:Assault Order+1","floor":19},{"not_picked":["ats:Absolute Focus","ats:Curse Doll"],"picked":"ats:Hammer On","floor":21},{"not_picked":["ats:Wolf Pack","ats:Curse Doll"],"picked":"ats:Burning Ground","floor":22},{"not_picked":["ats:Absolute Focus+1","ats:Mental Burst+1"],"picked":"ats:Flexible Camouflage","floor":23},{"not_picked":["ats:Collapsing Strike","ats:Literary Storm"],"picked":"ats:Magnetic Hammer","floor":28},{"not_picked":["ats:Counter Healing Mode","ats:Revitalization"],"picked":"ats:Apocalypse","floor":29},{"not_picked":["ats:Burning Ground+1","ats:Poison Spread"],"picked":"ats:Guardian Obelisk","floor":31},{"not_picked":["ats:Calcification","ats:Rat Pack"],"picked":"ats:Volcano","floor":33},{"not_picked":["ats:Shell Defense","ats:Directed Diagnosis+1","Havoc"],"picked":"ats:Demon Strength","floor":35},{"not_picked":["Rupture","Entrench+1","ats:Flexible Camouflage"],"picked":"ats:Poison Spread+1","floor":36},{"not_picked":["ats:Revitalization","Twin Strike+1","ats:Closed Bolt Burst Fire+1"],"picked":"ats:Apocalypse+1","floor":37},{"not_picked":["Clash","ats:Shadow Raid+1","ats:True Silver Slash"],"picked":"ats:Guard Mode","floor":38},{"not_picked":["ats:Counter Healing Mode+1","Iron Wave","ats:Revitalization"],"picked":"ats:Leaping Hammer+1","floor":39},{"not_picked":["Rupture+1","Infernal Blade","ats:Leaping Hammer+1"],"picked":"ats:Shell Defense+1","floor":41},{"not_picked":["ats:Flexible Camouflage","ats:Volcano","Heavy Blade"],"picked":"ats:Explosion Area Strengthen+1","floor":46},{"not_picked":["Whirlwind+1","Sword Boomerang","ats:Shell Defense"],"picked":"ats:Explosion Area Strengthen+1","floor":48}],"player_experience":722585,"relics_obtained":[{"floor":8,"key":"ats:Originium"},{"floor":8,"key":"Whetstone"},{"floor":9,"key":"Bag of Marbles"},{"floor":12,"key":"ats:Originium"},{"floor":12,"key":"Mummified Hand"},{"floor":22,"key":"Red Mask"},{"floor":23,"key":"ats:Originium"},{"floor":23,"key":"CrustySpines"},{"floor":26,"key":"ats:Lavender"},{"floor":39,"key":"Old Coin"},{"floor":43,"key":"RoseTintedShades"}],"event_choices":[{"damage_healed":0,"gold_gain":0,"player_choice":"Donut","damage_taken":0,"max_hp_gain":5,"max_hp_loss":0,"event_name":"Big Fish","floor":3,"gold_loss":0},{"damage_healed":0,"gold_gain":0,"player_choice":"Success","damage_taken":18,"relics_obtained":["Rawhide"],"max_hp_gain":0,"max_hp_loss":0,"event_name":"Scrap Ooze","floor":4,"gold_loss":0},{"damage_healed":0,"gold_gain":0,"player_choice":"Leave","damage_taken":0,"max_hp_gain":0,"max_hp_loss":0,"event_name":"The Cleric","floor":10,"gold_loss":0},{"damage_healed":0,"gold_gain":0,"player_choice":"Fought Bandits","damage_taken":0,"max_hp_gain":0,"max_hp_loss":0,"event_name":"Masked Bandits","floor":22,"gold_loss":0},{"damage_healed":0,"gold_gain":0,"player_choice":"Forge","damage_taken":0,"max_hp_gain":0,"max_hp_loss":0,"event_name":"Accursed Blacksmith","floor":25,"gold_loss":0,"cards_upgraded":["ats:Burning Ground"]},{"damage_healed":0,"gold_gain":0,"player_choice":"Fight","damage_taken":0,"max_hp_gain":0,"max_hp_loss":0,"event_name":"Mysterious Sphere","floor":39,"gold_loss":0},{"damage_healed":67,"gold_gain":0,"player_choice":"Heal","damage_taken":0,"max_hp_gain":0,"max_hp_loss":10,"event_name":"The Moai Head","floor":42,"gold_loss":0},{"damage_healed":0,"gold_gain":0,"player_choice":"Max HP","damage_taken":0,"max_hp_gain":0,"max_hp_loss":3,"event_name":"Winding Halls","floor":45,"gold_loss":0}],"is_beta":false,"boss_relics":[{"not_picked":["ats:Tactical Delivery","Cursed Key"],"picked":"Philosopher\u0027s Stone"},{"not_picked":["Runic Pyramid","SlaversCollar"],"picked":"aspiration:IroncladSkillbook"}],"items_purged_floors":[24],"is_endless":false,"potions_floor_spawned":[1,7,12,16,21,22,23,28,37,41,46],"killed_by":"Awakened One","ascension_level":1}}