{"host":"9xv6exvwmlpefxuw","time":1611462834,"event":{"mods":["ATMod(阿瑾Mod)","AchievementEnabler","Act Like it!","Aspiration","BaseMod","Chen","Colored Powertips","Conspire","Downfall","Friendly Minions","Gensokyo","GifTheSpireLib","KinomotoSakuraMod(木之本樱)","Koishi","KomeijiMod","Lobotomy","LobotomyExtend","Marisa（F雨　魔理沙）","Minty Spire (QoL Compilation)","Pale of the Ancients","Rare Cards Sparkle","Reimu（博丽灵梦）","Remilia_Scarlet Moed（蕾米莉亚・斯卡雷特）3.3.5","Remilia（蕾米莉亚）","RumiaBox-露米娅的神秘盒子","StSLib","The Administrix","The Mystic","The Servant 0.9.4","WarShipGirlsR/战舰少女R mod","Yakumo Yukari mod","Youmu（魂魄妖梦）","Yuyuko","[IsaacMod]以撒尖塔","[功能]功能增强和修复MOD","【功能Mod】混沌之环修复补丁","【功能Mod】聪明的最终Boss","【遗物卡牌】REMEMod"],"gold_per_floor":[118,130,141,157,110,110,110],"floor_reached":6,"language":"ZHS","playtime":449,"items_purged":[],"score":38,"play_id":"53978626-ba9e-4de1-acad-ba5161cba3fd","local_time":"20210124123354","is_ascension_mode":false,"campfire_choices":[],"circlet_count":0,"master_deck":["Strike_R","Strike_R","Strike_R","Strike_R","Strike_R","Defend_R","Defend_R","Defend_R","Defend_R","Bash","Bomb","AT_ChampionStep","Funeral","Sword Boomerang","OSAHOGD","RedShoes","Cleave","Scorched","conspire:Charge","Heavy Blade"],"relics":["Burning Blood","AT_ATBox","HushsDoor","REME_ComplimentaryCards","PunchingBag","CogitoBucket","LetterFromLob"],"acts_visited":["Exordium"],"potions_floor_usage":[],"damage_taken":[{"damage":11,"enemies":"Cultist","floor":1,"turns":5},{"damage":5,"enemies":"Jaw Worm","floor":2,"turns":3},{"damage":1,"enemies":"2 Louse","floor":3,"turns":3},{"damage":28,"enemies":"Exordium Thugs","floor":4,"turns":5},{"damage":66,"enemies":"Lagavulin","floor":6,"turns":4}],"seed_played":"-5614039699467801783","potions_obtained":[{"floor":1,"key":"Block Potion"},{"floor":1,"key":"SkillPotion"}],"is_trial":false,"path_per_floor":["M","M","M","M","$","E"],"character_chosen":"IRONCLAD","items_purchased":["Heavy Blade"],"campfire_rested":0,"item_purchase_floors":[5],"current_hp_per_floor":[75,77,80,59,59,0,0],"gold":110,"neow_bonus":"","is_daily":false,"chose_seed":false,"campfire_upgraded":0,"win_rate":0.0,"timestamp":1611462834,"path_taken":["M","M","M","M","$","E"],"items_purchased_type":["Card"],"build_version":"2020-12-22","purchased_purges":0,"victory":false,"max_hp_per_floor":[80,80,80,80,80,80,80],"card_choices":[{"not_picked":[],"picked":"Bomb","floor":0},{"not_picked":["BeautyBeast","FairyFestival"],"picked":"Funeral","floor":1},{"not_picked":["Burning Pact","Clothesline"],"picked":"Sword Boomerang","floor":1},{"not_picked":["SpiderBud","MeatLantern"],"picked":"OSAHOGD","floor":2},{"not_picked":["Body Slam","Shrug It Off","REME_Cut"],"picked":"SKIP","floor":2},{"not_picked":["CherryBlossoms","NakedNest"],"picked":"RedShoes","floor":3},{"not_picked":["Feel No Pain","Twin Strike"],"picked":"Cleave","floor":3},{"not_picked":["SingingMachine","NakedNest"],"picked":"Scorched","floor":4},{"not_picked":["Rampage","Blood for Blood"],"picked":"conspire:Charge","floor":4}],"player_experience":28149,"relics_obtained":[{"floor":1,"key":"LetterFromLob"}],"event_choices":[],"is_beta":false,"boss_relics":[],"items_purged_floors":[],"is_endless":false,"potions_floor_spawned":[1,1,4,4],"killed_by":"Lagavulin","ascension_level":0}}