{"host":"yv7ijgyl7mqt7c0r","time":1611522061,"event":{"mods":["100% Spire Juice","2.2 Compatiblity","Act Like it!","Aspiration","BaseMod","Bestiary","Better Note","Better Skull","CapriCore","Conspire","DeckTracker","Elementarium","Energized Spire","Friendly Minions","Gensokyo","GifTheSpireLib","Hallownest","KinomotoSakuraMod(????)","Mari Mod (Legacy)","Mari\u0027s V1 Patch","Marisa????????","Menagerie","Minty Spire (QoL Compilation)","Prisma Mod","Random Character Button","Reimu??????","Remilia_Scarlet Moed?????·?????3.3.5","StSLib","Stuff the Spire","The Alterego","The Bug Knight","The Jungle","The Senshi","The Servant 0.9.4","TheVelvet","Wandering Minibosses","Yakumo Yukari mod","Yuyuko"],"gold_per_floor":[114,114,114,114,132,142,167,184,184,200,200,229,1,34,34,137,137,154,173,190,190,206,236,236,236],"floor_reached":24,"language":"ENG","playtime":3979,"items_purged":[],"score":263,"play_id":"14595655-66ad-4817-b55f-e990cc5be0d3","local_time":"20210124150101","is_ascension_mode":false,"campfire_choices":[{"floor":15,"key":"REST"}],"circlet_count":0,"master_deck":["Strike_S","Strike_S","Strike_S","Strike_S","Defend_S+1","Defend_S","Defend_S","KidneyShot","Exchange","FastForward","Menagerie:Dismember","TimeWarp","Unruled","Potential","Dilation","Alleviate","Rewind","Foresight+1","Potential","Foresight+1","FlawlessForm+1","MoonPhase+1","Ricochet","SilverBlades+1","Revamp","Moondial"],"relics":["Uniform","aspiration:Nostalgia","Cracked Core","aspiration:Lifesprig","Darkstone Periapt","Frozen Egg 2","PreservedInsect","Regal Pillow","energizedSpire:RedRose","Shovel"],"acts_visited":["Menagerie:Menagerie","Elementarium:Elementarium"],"potions_floor_usage":[16,16,22],"damage_taken":[{"damage":2,"enemies":"Menagerie:2_RABBITS","floor":1,"turns":4},{"damage":0,"enemies":"Menagerie:MonstrousExperiment","floor":5,"turns":4},{"damage":3,"enemies":"Menagerie:WhisperingWraith","floor":6,"turns":5},{"damage":22,"enemies":"Menagerie:Hydra","floor":7,"turns":6},{"damage":7,"enemies":"Menagerie:BEAST_MAGE_AND_PROWLING_AMALGAM","floor":8,"turns":4},{"damage":0,"enemies":"Menagerie:MENAGERIE_WILDLIFE","floor":10,"turns":3},{"damage":12,"enemies":"Menagerie:VoidReaper","floor":12,"turns":6},{"damage":0,"enemies":"Menagerie:Hydra","floor":14,"turns":4},{"damage":14,"enemies":"Menagerie:Suneater","floor":16,"turns":7},{"damage":12,"enemies":"Elementarium:Cyclone","floor":18,"turns":9},{"damage":13,"enemies":"Elementarium:2_ELEMENTALS","floor":19,"turns":4},{"damage":12,"enemies":"Elementarium:Hydrostalker","floor":20,"turns":6},{"damage":8,"enemies":"Elementarium:RubyGolem","floor":22,"turns":5},{"damage":12,"enemies":"Elementarium:ElementalPortal","floor":23,"turns":7},{"damage":21,"enemies":"Elementarium:3_ELEMENTALS","floor":24,"turns":2}],"seed_played":"-8741992886570433765","potions_obtained":[{"floor":7,"key":"Block Potion"},{"floor":10,"key":"GrandPatriotsElixir:ReiMu"},{"floor":12,"key":"ZuzhouPotion:ReiMu"},{"floor":16,"key":"Swift Potion"},{"floor":20,"key":"ZuzhouPotion:ReiMu"},{"floor":22,"key":"FearPotion"}],"is_trial":false,"path_per_floor":["M","?","?","?","M","M","E","M","T","M","?","E","$","E","R","B",null,"M","M","M","?","M","E","M"],"character_chosen":"THE_SERVANT","items_purchased":["PreservedInsect","Foresight+1","Potential"],"campfire_rested":1,"item_purchase_floors":[13,13,13],"current_hp_per_floor":[63,58,58,58,58,55,33,26,26,26,33,21,21,21,55,41,65,53,40,28,35,27,15,0,0],"gold":236,"neow_bonus":"NOSTALGIA","is_daily":false,"chose_seed":false,"campfire_upgraded":0,"win_rate":0.0,"timestamp":1611522061,"path_taken":["M","?","?","?","M","M","E","M","T","?","?","E","$","E","R","BOSS","M","M","?","?","M","E","?"],"items_purchased_type":["Relic","Card","Card"],"build_version":"2020-12-22","purchased_purges":0,"victory":false,"max_hp_per_floor":[65,65,65,65,65,65,65,65,65,65,65,65,65,65,65,65,65,65,65,65,65,65,65,65,65],"card_choices":[{"not_picked":["Ricochet","Rewind"],"picked":"FastForward","floor":1},{"not_picked":["ReturningBlade","FanOfKnives"],"picked":"TimeWarp","floor":5},{"not_picked":["DancingSilver","BottledTime"],"picked":"Unruled","floor":6},{"not_picked":["Rewind","Spin"],"picked":"Potential","floor":7},{"not_picked":["BottledTime","Starlight"],"picked":"Dilation","floor":8},{"not_picked":["FastForward","Potential"],"picked":"Alleviate","floor":10},{"not_picked":["SoulSculpture","DualDimension"],"picked":"Rewind","floor":12},{"not_picked":["InstantArmor","Potential"],"picked":"Foresight+1","floor":14},{"not_picked":["Solidify","TheWorld"],"picked":"FlawlessForm+1","floor":16},{"not_picked":["Shuttle","Ricochet"],"picked":"MoonPhase+1","floor":18},{"not_picked":["WasteNot+1","Gouge"],"picked":"Ricochet","floor":19},{"not_picked":["Rearm","SpecialFormula"],"picked":"SilverBlades+1","floor":20},{"not_picked":["ForgedInTime","Rearm+1"],"picked":"Revamp","floor":22},{"not_picked":["TimeWarp+1","Foresight+1"],"picked":"Moondial","floor":23}],"player_experience":566526,"relics_obtained":[{"floor":7,"key":"aspiration:Lifesprig"},{"floor":9,"key":"Darkstone Periapt"},{"floor":12,"key":"Frozen Egg 2"},{"floor":14,"key":"Regal Pillow"},{"floor":23,"key":"Shovel"}],"event_choices":[{"damage_healed":0,"gold_gain":0,"player_choice":"Accept","damage_taken":0,"max_hp_gain":0,"max_hp_loss":5,"event_name":"Menagerie:HarrowingRitual","floor":2,"gold_loss":0,"cards_upgraded":["Defend_S"]},{"damage_healed":0,"gold_gain":0,"cards_transformed":["Defend_S"],"player_choice":"Grasp","damage_taken":0,"max_hp_gain":0,"max_hp_loss":0,"event_name":"Menagerie:MagesHand","floor":4,"gold_loss":0,"cards_obtained":["Menagerie:Dismember"]}],"is_beta":false,"boss_relics":[{"not_picked":["StuffTheSpire:RunicHypercube","energizedSpire:EnergizedDie"],"picked":"energizedSpire:RedRose"}],"items_purged_floors":[],"is_endless":false,"potions_floor_spawned":[7,10,12,14,16,20,22],"killed_by":"Elementarium:3_ELEMENTALS","ascension_level":0}}