{"host":"aqym1xxr3lb31d9m","time":1611472409,"event":{"mods":["BaseMod","Block Reminder","Colored Map","Colored Powertips","DeckTracker","Highlight Path","Minty Spire (QoL Compilation)","Quick Restart","Random Character Button","StSLib","SuperFastMode","UnlockEverythingMod"],"gold_per_floor":[112,112,130,130,87,87,100,100,123,75,108,108,135,100,100,177,177,190,206,206,223,223,223,59,59,59,87,87,87,87,87],"floor_reached":30,"language":"JPN","playtime":6247,"items_purged":["Pain"],"score":464,"play_id":"2888ceaf-07d8-4bce-9fe1-de00db3ef135","local_time":"20210124161329","is_ascension_mode":true,"campfire_choices":[{"data":"Defragment","floor":6.0,"key":"SMITH"},{"data":"Sweeping Beam","floor":8.0,"key":"SMITH"},{"floor":12.0,"key":"REST"},{"data":"Sunder","floor":15.0,"key":"SMITH"},{"floor":23.0,"key":"REST"},{"data":"Recycle","floor":25.0,"key":"SMITH"},{"data":"Hologram","floor":29,"key":"SMITH"}],"circlet_count":0,"master_deck":["AscendersBane","Strike_B","Strike_B","Strike_B","Strike_B","Defend_B","Defend_B","Defend_B","Zap","Dualcast","Genetic Algorithm","Streamline+1","Defragment+1","Sweeping Beam+1","Reinforced Body","Sunder+1","Core Surge","Hologram+1","Rebound+1","Capacitor","Decay","Recycle+1","Ball Lightning"],"relics":["Velvet Choker","Matryoshka","Question Card","Runic Pyramid","WarpedTongs","Pantograph","Bag of Marbles","Red Mask"],"acts_visited":["Exordium","TheCity"],"potions_floor_usage":[27,30],"damage_taken":[{"damage":7.0,"enemies":"Small Slimes","floor":1.0,"turns":3.0},{"damage":8.0,"enemies":"2 Louse","floor":3.0,"turns":2.0},{"damage":0.0,"enemies":"Cultist","floor":7.0,"turns":3.0},{"damage":30.0,"enemies":"Lagavulin","floor":11.0,"turns":6.0},{"damage":18.0,"enemies":"3 Sentries","floor":13.0,"turns":5.0},{"damage":28.0,"enemies":"Slime Boss","floor":16.0,"turns":10.0},{"damage":7.0,"enemies":"3 Byrds","floor":18.0,"turns":2.0},{"damage":4.0,"enemies":"Spheric Guardian","floor":19.0,"turns":5.0},{"damage":17.0,"enemies":"Centurion and Healer","floor":21.0,"turns":5.0},{"damage":0,"enemies":"Masked Bandits","floor":27,"turns":3},{"damage":51,"enemies":"Slavers","floor":30,"turns":4}],"seed_played":"-7506365782820793652","potions_obtained":[{"floor":7.0,"key":"Dexterity Potion"},{"floor":16.0,"key":"LiquidBronze"},{"floor":19.0,"key":"Explosive Potion"},{"floor":27,"key":"Weak Potion"}],"is_trial":false,"path_per_floor":["M","?","M","?","$","R","M","R","T","?","E","R","E","?","R","B",null,"M","M","?","M","?","R","$","R","T","?","$","R","E"],"character_chosen":"DEFECT","items_purchased":["Defragment","Recycle"],"campfire_rested":2,"item_purchase_floors":[5,24],"current_hp_per_floor":[57,50,42,42,42,42,42,42,42,42,12,33,15,32,32,4,54,47,43,43,26,26,47,47,47,47,47,47,47,0,0],"gold":87,"neow_bonus":"BOSS_RELIC","is_daily":false,"chose_seed":false,"campfire_upgraded":5,"win_rate":0.0,"timestamp":1611472409,"path_taken":["M","?","M","?","$","R","M","R","T","?","E","R","E","?","R","BOSS","M","M","?","?","?","R","$","R","T","?","?","R","E"],"items_purchased_type":["Card","Card"],"build_version":"2020-12-22","purchased_purges":1,"victory":false,"max_hp_per_floor":[71,71,71,71,71,71,71,71,71,71,71,71,71,71,71,71,71,71,71,71,71,71,71,71,71,71,71,71,71,71,71],"card_choices":[{"not_picked":["Barrage","Blizzard"],"picked":"Genetic Algorithm","floor":1.0},{"not_picked":["Sweeping Beam","Self Repair"],"picked":"Streamline","floor":3.0},{"not_picked":["Steam Power","Gash"],"picked":"Sweeping Beam","floor":7.0},{"not_picked":["Redo","Loop"],"picked":"Reinforced Body","floor":11.0},{"not_picked":["Reinforced Body","Darkness"],"picked":"Sunder","floor":13.0},{"not_picked":["Hyperbeam","Buffer","Fission"],"picked":"Core Surge","floor":16.0},{"not_picked":["Steam","Barrage","Skim"],"picked":"Hologram","floor":18.0},{"not_picked":["Stack","Hologram","Streamline+1"],"picked":"Rebound+1","floor":19.0},{"not_picked":["Coolheaded","Conserve Battery","Static Discharge"],"picked":"Capacitor","floor":21.0},{"not_picked":["Melter","Undo","Gash"],"picked":"Ball Lightning","floor":27}],"player_experience":4011829,"relics_obtained":[{"floor":11.0,"key":"Matryoshka"},{"floor":13.0,"key":"Question Card"},{"floor":26.0,"key":"Pantograph"},{"floor":26.0,"key":"Bag of Marbles"},{"floor":27,"key":"Red Mask"}],"event_choices":[{"cards_removed":["Defend_B"],"damage_healed":0.0,"max_hp_gain":0.0,"max_hp_loss":0.0,"gold_gain":0.0,"event_name":"Golden Wing","player_choice":"Card Removal","floor":2.0,"gold_loss":0.0,"damage_taken":7.0},{"damage_healed":0.0,"max_hp_gain":0.0,"max_hp_loss":0.0,"gold_gain":0.0,"event_name":"Living Wall","player_choice":"Grow","floor":4.0,"gold_loss":0.0,"damage_taken":0.0,"cards_upgraded":["Streamline"]},{"damage_healed":0.0,"max_hp_gain":0.0,"max_hp_loss":0.0,"gold_gain":0.0,"event_name":"World of Goop","player_choice":"Left Gold","floor":10.0,"gold_loss":48.0,"damage_taken":0.0},{"damage_healed":17.0,"max_hp_gain":0.0,"max_hp_loss":0.0,"gold_gain":0.0,"event_name":"The Cleric","player_choice":"Healed","floor":14.0,"gold_loss":35.0,"damage_taken":0.0},{"damage_healed":0.0,"max_hp_gain":0.0,"max_hp_loss":0.0,"gold_gain":0.0,"event_name":"Accursed Blacksmith","player_choice":"Rummage","floor":20.0,"gold_loss":0.0,"damage_taken":0.0,"relics_obtained":["WarpedTongs"],"cards_obtained":["Pain"]},{"damage_healed":0.0,"max_hp_gain":0.0,"max_hp_loss":0.0,"gold_gain":0.0,"event_name":"Forgotten Altar","player_choice":"Smashed Altar","floor":22.0,"gold_loss":0.0,"damage_taken":0.0,"cards_obtained":["Decay"]},{"damage_healed":0,"gold_gain":0,"player_choice":"Fought Bandits","damage_taken":0,"max_hp_gain":0,"max_hp_loss":0,"event_name":"Masked Bandits","floor":27,"gold_loss":0}],"is_beta":false,"boss_relics":[{"not_picked":["Runic Dome","Busted Crown"],"picked":"Runic Pyramid"}],"items_purged_floors":[24],"is_endless":false,"potions_floor_spawned":[7,16,19,27],"killed_by":"Slavers","ascension_level":20}}