{"host":"xp5rvh2jwe2ejyfm","time":1611526903,"event":{"mods":["BaseMod","Downfall","Duelist Mod","GifTheSpireLib","Gremlin Mod","Hermit","Hubris","Minty Spire (QoL Compilation)","Robot Space Explorer","StSLib","The Blackbeard","The Clintock","The Construct","The Cursed","The Disciple","The Forsaken","The Hierophant","The Necromancer","The Runesmith","The Servant 0.9.4"],"gold_per_floor":[121,48,48,69,98,98,138,168,239,239,239,267,296,330,330,446,446,477,508,508,533,560,606,606,632,632,632,46,73,73,73],"floor_reached":30,"language":"ENG","playtime":1538,"items_purged":[],"score":283,"play_id":"d270e1eb-8713-4ccd-b61d-986cc63c3ec7","local_time":"20210124172143","is_ascension_mode":false,"campfire_choices":[{"data":"RobotSpaceExplorer:TrailblazerForm","floor":6,"key":"SMITH"},{"floor":11,"key":"REST"},{"floor":15,"key":"REST"},{"floor":27,"key":"RECALL"}],"circlet_count":0,"master_deck":["RobotSpaceExplorer:Strike","RobotSpaceExplorer:Strike","RobotSpaceExplorer:Strike","RobotSpaceExplorer:Strike","RobotSpaceExplorer:Defend","RobotSpaceExplorer:Defend","RobotSpaceExplorer:Defend","RobotSpaceExplorer:Defend","RobotSpaceExplorer:Scan","RobotSpaceExplorer:MiniLasers","hubris:Greed","RobotSpaceExplorer:TrailblazerForm+1","hubris:Greed","RobotSpaceExplorer:Pulsar","RobotSpaceExplorer:StarLightning","RobotSpaceExplorer:Probe","RobotSpaceExplorer:ToxicBomb","RobotSpaceExplorer:Pulsar","hubris:Greed","RobotSpaceExplorer:Fix","RobotSpaceExplorer:ScrapToss","RobotSpaceExplorer:DualCore","RobotSpaceExplorer:StarLightning","RobotSpaceExplorer:ToxicBomb","RobotSpaceExplorer:DroneSwarm","RobotSpaceExplorer:DoubleBlock+1","RobotSpaceExplorer:MiniDrones","RobotSpaceExplorer:RigExplosive+1","RobotSpaceExplorer:BlastShield","RobotSpaceExplorer:Pulsar","Writhe","RobotSpaceExplorer:Pulsar+1","RobotSpaceExplorer:FreezeRay","RobotSpaceExplorer:PowerGlove+1"],"relics":["RobotSpaceExplorer:RoboCore","Pantograph","hubris:Towel","hubris:ScarierMask","hubris:FunFungus","hubris:SlimyHat","hubris:Reverence","Meat on the Bone","Sundial"],"acts_visited":["Exordium","TheCity"],"potions_floor_usage":[12,16,23,23,25,29,30,30],"damage_taken":[{"damage":12,"enemies":"2 Louse","floor":1,"turns":4},{"damage":3,"enemies":"Jaw Worm","floor":3,"turns":6},{"damage":12,"enemies":"Small Slimes","floor":4,"turns":4},{"damage":7,"enemies":"2 Fungi Beasts","floor":5,"turns":3},{"damage":2,"enemies":"Lagavulin","floor":7,"turns":9},{"damage":37,"enemies":"Exordium Thugs","floor":8,"turns":8},{"damage":2,"enemies":"3 Louse","floor":12,"turns":4},{"damage":5,"enemies":"Blue Slaver","floor":13,"turns":4},{"damage":10,"enemies":"Lots of Slimes","floor":14,"turns":5},{"damage":29,"enemies":"Hexaghost","floor":16,"turns":10},{"damage":0,"enemies":"3 Byrds","floor":18,"turns":3},{"damage":11,"enemies":"Spheric Guardian","floor":19,"turns":8},{"damage":27,"enemies":"Centurion and Healer","floor":21,"turns":7},{"damage":18,"enemies":"Snecko","floor":22,"turns":10},{"damage":44,"enemies":"Gremlin Leader","floor":23,"turns":8},{"damage":1,"enemies":"Shelled Parasite and Fungi","floor":25,"turns":12},{"damage":22,"enemies":"Cultist and Chosen","floor":29,"turns":7},{"damage":36,"enemies":"Book of Stabbing","floor":30,"turns":5}],"seed_played":"4032935716189161413","potions_obtained":[{"floor":4,"key":"SteroidPotion"},{"floor":7,"key":"FairyPotion"},{"floor":8,"key":"Fire Potion"},{"floor":12,"key":"SteroidPotion"},{"floor":16,"key":"RobotSpaceExplorer:RecyclePotion"},{"floor":21,"key":"Strength Potion"}],"is_trial":false,"path_per_floor":["M","$","M","M","M","R","E","M","T","?","R","M","M","M","R","B",null,"M","M","?","M","M","E","?","M","T","R","$","M","E"],"character_chosen":"RobotSpaceExplorer","items_purchased":["RobotSpaceExplorer:StarLightning","RobotSpaceExplorer:FreezeRay","Meat on the Bone","Sundial"],"campfire_rested":2,"item_purchase_floors":[2,28,28,28],"current_hp_per_floor":[63,63,60,48,41,41,39,6,6,6,28,26,25,19,41,41,75,75,68,68,45,31,22,22,30,30,30,30,28,0,0],"gold":73,"neow_bonus":"THREE_RARE_CARDS","is_daily":false,"chose_seed":false,"campfire_upgraded":1,"win_rate":0.0,"timestamp":1611526903,"path_taken":["M","$","M","M","M","R","E","M","T","?","R","M","M","M","R","BOSS","M","M","?","M","M","E","?","M","T","R","$","M","E"],"items_purchased_type":["Card","Card","Relic","Relic"],"build_version":"2020-12-22","purchased_purges":0,"victory":false,"max_hp_per_floor":[75,75,75,75,75,75,75,75,75,75,75,75,75,75,75,75,75,75,75,75,75,75,75,75,75,75,75,75,75,75,75],"card_choices":[{"not_picked":["RobotSpaceExplorer:ShockMissile","RobotSpaceExplorer:ChargingLaser"],"picked":"RobotSpaceExplorer:TrailblazerForm","floor":0},{"not_picked":["RobotSpaceExplorer:GlueShot","RobotSpaceExplorer:ShovelStrike"],"picked":"RobotSpaceExplorer:Pulsar","floor":1},{"not_picked":["RobotSpaceExplorer:Blitz","RobotSpaceExplorer:Ammunition"],"picked":"RobotSpaceExplorer:Probe","floor":3},{"not_picked":["RobotSpaceExplorer:MetalStrike","RobotSpaceExplorer:Probe"],"picked":"RobotSpaceExplorer:ToxicBomb","floor":4},{"not_picked":["RobotSpaceExplorer:GearShield","RobotSpaceExplorer:FrostMissile"],"picked":"RobotSpaceExplorer:Pulsar","floor":5},{"not_picked":["RobotSpaceExplorer:ToxicBomb","RobotSpaceExplorer:MakeshiftVolley"],"picked":"RobotSpaceExplorer:Fix","floor":7},{"not_picked":["RobotSpaceExplorer:Ammunition","RobotSpaceExplorer:ShockKick"],"picked":"RobotSpaceExplorer:ScrapToss","floor":8},{"not_picked":["RobotSpaceExplorer:FreezingShield","RobotSpaceExplorer:MetalStrike"],"picked":"RobotSpaceExplorer:DualCore","floor":12},{"not_picked":["RobotSpaceExplorer:GlueShot","RobotSpaceExplorer:FreezingShield"],"picked":"RobotSpaceExplorer:StarLightning","floor":13},{"not_picked":["RobotSpaceExplorer:FreezingShield","RobotSpaceExplorer:SelfCleaning"],"picked":"RobotSpaceExplorer:ToxicBomb","floor":14},{"not_picked":["RobotSpaceExplorer:Multitool","RobotSpaceExplorer:ChargingLaser"],"picked":"RobotSpaceExplorer:DroneSwarm","floor":16},{"not_picked":["RobotSpaceExplorer:LuckyStrike","RobotSpaceExplorer:ScrapToss"],"picked":"RobotSpaceExplorer:DoubleBlock+1","floor":18},{"not_picked":["RobotSpaceExplorer:ShockKick","RobotSpaceExplorer:SurgingStrike+1"],"picked":"RobotSpaceExplorer:MiniDrones","floor":19},{"not_picked":["RobotSpaceExplorer:GlueShot","RobotSpaceExplorer:MiniDrones"],"picked":"RobotSpaceExplorer:RigExplosive+1","floor":21},{"not_picked":["RobotSpaceExplorer:Discharger","RobotSpaceExplorer:ScrapMissile"],"picked":"RobotSpaceExplorer:BlastShield","floor":22},{"not_picked":["RobotSpaceExplorer:Jetpack","RobotSpaceExplorer:SlimeMissile"],"picked":"RobotSpaceExplorer:Pulsar","floor":23},{"not_picked":["RobotSpaceExplorer:Probe","RobotSpaceExplorer:ImprovisedAttack"],"picked":"RobotSpaceExplorer:Pulsar+1","floor":25},{"not_picked":["RobotSpaceExplorer:GlueShot","RobotSpaceExplorer:SurgingStrike+1"],"picked":"RobotSpaceExplorer:PowerGlove+1","floor":29}],"player_experience":312730,"relics_obtained":[{"floor":7,"key":"Pantograph"},{"floor":23,"key":"hubris:FunFungus"},{"floor":26,"key":"hubris:Reverence"}],"event_choices":[{"damage_healed":0,"gold_gain":0,"player_choice":"Opened","damage_taken":0,"relics_obtained":["hubris:SlimyHat"],"max_hp_gain":0,"max_hp_loss":0,"event_name":"The Mausoleum","floor":24,"gold_loss":0,"cards_obtained":["Writhe"]}],"is_beta":false,"boss_relics":[{"not_picked":["Runesmith:UraniumAnvil","Snecko Eye"],"picked":"hubris:ScarierMask"}],"items_purged_floors":[],"is_endless":false,"potions_floor_spawned":[4,7,8,12,16,18,19,21],"killed_by":"Book of Stabbing","ascension_level":0}}