{"host":"8i58hvcssdezoe94","time":1611476358,"event":{"mods":["Act Like it!","BaseMod","BetterRewards","Colored Map","Colored Powertips","Conspire","Downfall","Gensokyo","Good Game Mod","KinomotoSakuraMod(木之本樱)","Marisa（F雨　魔理沙）","Minty Spire (QoL Compilation)","Quick Restart","Rare Cards Sparkle","Remilia（蕾米莉亚）","Replay The Spire","Shop Mod","StSLib","The Bug Knight","The Construct","The Cursed","The Hierophant","The Jungle","The Servant 0.9.4"],"gold_per_floor":[112,132,145,165,175,205,205,169,192,192,226,46,56,56,56,153,153,171,189,189,201,201,201,214,214,240,240,253,22,42,60,60,159,159,179,179,179],"floor_reached":36,"language":"ZHS","playtime":1874,"items_purged":[],"score":453,"play_id":"2bb7173f-65d0-417c-a819-9383bc6c9376","local_time":"20210124161918","is_ascension_mode":false,"campfire_choices":[{"floor":7,"key":"RECALL"},{"data":"Slimebound:MassFeed","floor":15,"key":"SMITH"},{"floor":23,"key":"REST"},{"data":"Limit Break","floor":25,"key":"SMITH"},{"data":"Spot Weakness","floor":27,"key":"SMITH"},{"floor":32,"key":"REST"}],"circlet_count":0,"master_deck":["Strike_R","Strike_R","Strike_R","Strike_R","Strike_R","Defend_R+1","Defend_R+1","Defend_R","Defend_R","Bash","Slimebound:MassFeed+1","Good Instincts","Body Slam","Pommel Strike","ReplayTheSpireMod:Strike From Hell","Headbutt","Replay:Undeath\u0027s Touch","Spot Weakness+1","Clash","Feel No Pain+1","Clumsy","Corruption+1","Iron Wave","Limit Break+1","Headbutt+1","ReplayTheSpireMod:Stacked","Decay","Carnage+1","Corruption+1","Blood for Blood","Cleave","Armaments+1","Perfected Strike","Fire Breathing+1","Anger","Heavy Blade+1","Feed","Shrug It Off"],"relics":["Burning Blood","REME:ComplimentaryCards","BargainBundle","Another Sword","downfall:HeartBlessingBlue","Frozen Egg 2","Centennial Puzzle","Gensokyo:NagashiBinaDoll","Regal Pillow","conspire:SpecialSausage","Simple Rune","Oddly Smooth Stone","StoneCalendar","Toolbox","Runic Cube"],"acts_visited":["Gensokyo:Gensokyo","TheCity","TheBeyond"],"potions_floor_usage":[14,14,33,33,33],"damage_taken":[{"damage":0,"enemies":"Gensokyo:3_Fairies","floor":1,"turns":3},{"damage":7,"enemies":"Gensokyo:2_Kodama","floor":2,"turns":3},{"damage":0,"enemies":"Gensokyo:Gryphon","floor":3,"turns":3},{"damage":9,"enemies":"Gensokyo:Kitsune","floor":4,"turns":4},{"damage":16,"enemies":"Gensokyo:Gryphon_and_Rabbit","floor":5,"turns":8},{"damage":52,"enemies":"Gensokyo:Cirno","floor":6,"turns":10},{"damage":26,"enemies":"Gensokyo:Mamizou","floor":11,"turns":8},{"damage":2,"enemies":"Gensokyo:2_Rabbits","floor":13,"turns":3},{"damage":33,"enemies":"Gensokyo:Kokoro","floor":16,"turns":10},{"damage":61,"enemies":"3 Byrds","floor":18,"turns":7},{"damage":22,"enemies":"Spheric Guardian","floor":19,"turns":4},{"damage":28,"enemies":"Shelled Parasite and Fungi","floor":21,"turns":7},{"damage":6,"enemies":"Chosen and Byrds","floor":24,"turns":6},{"damage":18,"enemies":"Snake Plant","floor":28,"turns":5},{"damage":17,"enemies":"conspire:HollyBat","floor":30,"turns":7},{"damage":10,"enemies":"Cultist and Chosen","floor":31,"turns":5},{"damage":18,"enemies":"Pondfish","floor":33,"turns":7},{"damage":16,"enemies":"3 Shapes","floor":35,"turns":4},{"damage":108,"enemies":"Orin","floor":36,"turns":10}],"seed_played":"8396277843088258258","potions_obtained":[{"floor":3,"key":"Reflective Coating"},{"floor":4,"key":"BloodPotion"},{"floor":5,"key":"BloodPotion"},{"floor":16,"key":"DuplicationPotion"},{"floor":21,"key":"Elixir"},{"floor":24,"key":"EssenceOfSteel"},{"floor":33,"key":"Milkshake"},{"floor":35,"key":"Weak Potion"}],"is_trial":false,"path_per_floor":["M","M","M","M","M","E","R","$","T","?","E","COS","M","$","R","B",null,"M","M","?","M","?","R","M","R","T","R","M","$","M","M","R","B",null,"M","?"],"character_chosen":"IRONCLAD","items_purchased":["BargainBundle","Good Instincts","Body Slam","Feel No Pain+1","Toolbox","Fire Breathing+1"],"campfire_rested":2,"item_purchase_floors":[0,0,0,8,29,29],"current_hp_per_floor":[90,95,99,99,89,43,43,43,43,43,23,23,27,67,67,44,106,55,39,39,17,17,65,69,69,69,69,57,57,46,42,91,79,114,108,0,0],"gold":179,"neow_bonus":"","is_daily":false,"chose_seed":false,"campfire_upgraded":3,"win_rate":0.0,"timestamp":1611476358,"path_taken":["M","M","M","?","M","E","R","$","T","?","E","COS","M","$","R","BOSS","M","?","?","M","?","R","M","R","T","R","M","$","?","M","R","BOSS","M","?"],"items_purchased_type":["Relic","Card","Card","Card","Relic","Card"],"build_version":"2020-12-22","purchased_purges":0,"victory":false,"max_hp_per_floor":[90,96,99,102,102,102,102,102,102,102,102,102,102,102,102,106,106,110,110,110,110,110,110,114,114,114,114,114,114,114,114,114,114,114,118,118,118],"card_choices":[{"not_picked":["Heavy Blade","Replay:Undeath\u0027s Touch"],"picked":"Pommel Strike","floor":1},{"not_picked":["ReplayTheSpireMod:Corrosion Curse","ReplayReversal"],"picked":"ReplayTheSpireMod:Strike From Hell","floor":2},{"not_picked":["Clothesline","Intimidate"],"picked":"Headbutt","floor":3},{"not_picked":["Twin Strike","Thunderclap"],"picked":"Replay:Undeath\u0027s Touch","floor":4},{"not_picked":["True Grit","Anger"],"picked":"Spot Weakness","floor":5},{"not_picked":["Reaper","Clothesline"],"picked":"Clash","floor":6},{"not_picked":["Flex","Body Slam"],"picked":"Corruption+1","floor":11},{"not_picked":["Reckless Charge","Wild Strike"],"picked":"Iron Wave","floor":13},{"not_picked":["Reaper","Offering"],"picked":"Limit Break","floor":16},{"not_picked":["True Grit","Uppercut"],"picked":"Headbutt+1","floor":18},{"not_picked":["Dual Wield+1","Clothesline"],"picked":"ReplayTheSpireMod:Stacked","floor":19},{"not_picked":["Sword Boomerang","Life Link+1"],"picked":"Carnage+1","floor":21},{"not_picked":["Corruption+1","Headbutt+1"],"picked":"Armaments+1","floor":24},{"not_picked":["Iron Wave","Bloodletting"],"picked":"Perfected Strike","floor":28},{"not_picked":["ReplayTheSpireMod:Stacked+1","Intimidate"],"picked":"Anger","floor":30},{"not_picked":["Abandon","Replay:Undeath\u0027s Touch"],"picked":"Heavy Blade+1","floor":31},{"not_picked":["Reaper","Limit Break"],"picked":"Feed","floor":33},{"not_picked":["Sever Soul","ReplayTheSpireMod:Strike From Hell+1"],"picked":"Shrug It Off","floor":35}],"player_experience":60475,"relics_obtained":[{"floor":6,"key":"Frozen Egg 2"},{"floor":9,"key":"Centennial Puzzle"},{"floor":11,"key":"Regal Pillow"}],"event_choices":[{"damage_healed":0,"gold_gain":0,"player_choice":"Smashed Altar","damage_taken":0,"max_hp_gain":0,"max_hp_loss":0,"event_name":"Forgotten Altar","floor":20,"gold_loss":0,"cards_obtained":["Decay"]},{"damage_healed":0,"gold_gain":0,"player_choice":"3 cards matched","damage_taken":0,"max_hp_gain":0,"max_hp_loss":0,"event_name":"Match and Keep!","floor":22,"gold_loss":0,"cards_obtained":["Corruption","Blood for Blood","Cleave"]},{"damage_healed":0,"gold_gain":0,"player_choice":"Fight","damage_taken":0,"max_hp_gain":0,"max_hp_loss":0,"event_name":"OrinTheCat","floor":36,"gold_loss":0}],"is_beta":false,"boss_relics":[{"not_picked":["SacredBark","Honey Jar"],"picked":"conspire:SpecialSausage"},{"not_picked":["Coffee Dripper","Replay:Wanted Poster"],"picked":"Runic Cube"}],"items_purged_floors":[],"is_endless":false,"potions_floor_spawned":[3,4,5,16,21,24,33,35],"killed_by":"Orin","ascension_level":0}}