{"host":"FirstDane","time":1611448779,"event":{"mods":["BaseMod","Bestiary","Highlight Path","Minty Spire (QoL Compilation)","Relic Stats","Slay the Relics Exporter"],"gold_per_floor":[116,40,59,59,73,107,107,138,138,151,151,165,181,200,200,200,200],"floor_reached":16,"language":"ENG","playtime":1896,"items_purged":[],"score":228,"play_id":"0c0e22c0-00a1-4c45-9549-c2e4276ee890","local_time":"20210123183939","is_ascension_mode":true,"campfire_choices":[{"data":"Inflame","floor":7,"key":"SMITH"},{"data":"Heavy Blade","floor":11,"key":"SMITH"},{"data":"Bash","floor":15,"key":"SMITH"}],"circlet_count":0,"master_deck":["AscendersBane","Strike_R","Strike_R","Strike_R","Strike_R","Strike_R","Defend_R","Defend_R","Defend_R","Defend_R","Bash+1","Spot Weakness","Inflame+1","Heavy Blade+1","Clothesline","Anger","Flame Barrier","Dark Embrace","Headbutt","Ghostly Armor"],"relics":["Burning Blood","Ancient Tea Set","Happy Flower"],"acts_visited":["Exordium"],"potions_floor_usage":[6,8,16,16],"damage_taken":[{"damage":2,"enemies":"2 Louse","floor":1,"turns":4},{"damage":1,"enemies":"Small Slimes","floor":3,"turns":4},{"damage":6,"enemies":"Cultist","floor":5,"turns":3},{"damage":8,"enemies":"Gremlin Nob","floor":6,"turns":3},{"damage":30,"enemies":"Lagavulin","floor":8,"turns":6},{"damage":16,"enemies":"Lots of Slimes","floor":10,"turns":4},{"damage":17,"enemies":"Exordium Thugs","floor":12,"turns":4},{"damage":11,"enemies":"Large Slime","floor":13,"turns":6},{"damage":21,"enemies":"Exordium Wildlife","floor":14,"turns":4},{"damage":17,"enemies":"Hexaghost","floor":16,"turns":7}],"seed_played":"7136202788013013192","potions_obtained":[{"floor":1,"key":"Swift Potion"},{"floor":3,"key":"DistilledChaos"},{"floor":12,"key":"EssenceOfSteel"},{"floor":13,"key":"SteroidPotion"}],"is_trial":false,"path_per_floor":["M","$","M","?","M","E","R","E","T","M","R","M","M","M","R","B"],"character_chosen":"IRONCLAD","items_purchased":["Inflame"],"campfire_rested":0,"item_purchase_floors":[2],"current_hp_per_floor":[79,79,82,82,82,80,80,56,56,46,46,35,30,15,15,0,0],"gold":200,"neow_bonus":"TEN_PERCENT_HP_BONUS","is_daily":false,"chose_seed":false,"campfire_upgraded":3,"win_rate":0.0,"timestamp":1611448779,"path_taken":["M","$","M","?","M","E","R","E","T","M","R","M","M","M","R","BOSS"],"items_purchased_type":["Card"],"build_version":"2020-12-18","purchased_purges":0,"victory":false,"max_hp_per_floor":[82,82,82,82,82,82,82,82,82,82,82,82,82,82,82,82,82],"relic_stats":{"Happy Flower":[8],"counters":[10,45],"obtain_stats":[{"Happy Flower":9,"Ancient Tea Set":6,"Burning Blood":0},{"Happy Flower":5,"Ancient Tea Set":4,"Burning Blood":0},{"Happy Flower":20,"Ancient Tea Set":14,"Burning Blood":0}],"Burning Blood":52},"card_choices":[{"not_picked":["Ghostly Armor","Infernal Blade"],"picked":"Spot Weakness","floor":1},{"not_picked":["Flame Barrier","Infernal Blade"],"picked":"Heavy Blade","floor":3},{"not_picked":["True Grit","Wild Strike"],"picked":"Clothesline","floor":5},{"not_picked":["Rage","Double Tap"],"picked":"Anger","floor":6},{"not_picked":["Iron Wave","Rampage"],"picked":"Flame Barrier","floor":8},{"not_picked":["Hemokinesis","Body Slam"],"picked":"Dark Embrace","floor":10},{"not_picked":["Flame Barrier","Fire Breathing"],"picked":"Headbutt","floor":12},{"not_picked":["Entrench","Blood for Blood","Hemokinesis"],"picked":"SKIP","floor":13},{"not_picked":["Dark Embrace","Thunderclap"],"picked":"Ghostly Armor","floor":14}],"player_experience":3965677,"relics_obtained":[{"floor":6,"key":"Ancient Tea Set"},{"floor":9,"key":"Happy Flower"}],"event_choices":[{"damage_healed":0,"gold_gain":0,"player_choice":"Ignored","damage_taken":0,"max_hp_gain":0,"max_hp_loss":0,"event_name":"Liars Game","floor":4,"gold_loss":0}],"is_beta":true,"boss_relics":[],"items_purged_floors":[],"is_endless":false,"potions_floor_spawned":[1,3,12,13],"killed_by":"Hexaghost","ascension_level":20}}