{"host":"70jy76jvzy076wi7","time":1611476842,"event":{"mods":["Act Like it!","BaseMod","Better Third Choice","Energized Spire","Gensokyo","GungeonMod","GungeonMod Extend","Hallownest","Hermit","Infinite Spire","Library of Ruina","Library of Ruina Extra","Minty Spire (QoL Compilation)","Pale of the Ancients","Permanent Neow","Replay The Spire","RumiaBox-露米娅的神秘盒子","Spicy Shops","StSLib","Yakumo Yukari mod","[IsaacMod]以撒尖塔"],"gold_per_floor":[109,109,127,141,191,217,217,256,256,256,277,277,309,331,331,430,430,452,476,493,495,495,551,551,585,585,585,618,618,640,640,640,762,762,782,784,796,815,825,825,863,863,863,909,909,202,202,217,217,225,231,231,231,80,118,132],"floor_reached":57,"language":"ZHS","playtime":3008,"items_purged":["Defend_R"],"score":1341,"play_id":"7e0d23e4-1078-4acf-815b-103c10d1aff7","local_time":"20210124162722","is_ascension_mode":true,"campfire_choices":[{"data":"Eclipse","floor":7.0,"key":"SMITH"},{"data":"Burning Pact","floor":12.0,"key":"SMITH"},{"data":"Reaper","floor":15.0,"key":"SMITH"},{"floor":24.0,"key":"RECALL"},{"floor":27,"key":"REST"},{"floor":32,"key":"REST"},{"floor":40,"key":"REST"},{"floor":45,"key":"REST"},{"floor":49,"key":"REST"},{"floor":53,"key":"REST"}],"circlet_count":0,"master_deck":["Defend_R","Defend_R","Defend_R","Bash","Eclipse+1","Shrug It Off","Reaper+1","Burning Pact+1","Apotheosis+1","Ghostly Armor","Power Through","Limit Break","Immolate+1","Spot Weakness","Second Wind","Hallownest:attackAdjustingAction","Uppercut+1","Demon Form+1","True Grit+1","Cleave+1","infinitespire:NeuralNetwork","Offering","infinitespire:Collect","Carnage+1","Sword Boomerang","Sword Boomerang","Gensokyo:LochNessMonster","Fire Breathing+1","Evolve","Pommel Strike+1"],"relics":["Burning Blood","HushsDoor","D6","GodSword5","infinitespire:Beetle Shell","infinitespire:Midas Blood","Red Skull","Happy Flower","Replay:Bottled Steam","Fusion Hammer","MoneyPower","Self Forming Clay","GuppysHead","Calling Bell","Dream Catcher","DemoMod:Orange","PageOfScorchedGirl","Onion Ring","SteamSale","HandDrill","OrangePellets","Guide Book","infinitespire:Magic Flask"],"acts_visited":["Exordium","Exordium","Hallownest:CityofTears","TheEnding"],"potions_floor_usage":[56,56,56,56,56,56],"damage_taken":[{"damage":3.0,"enemies":"Small Slimes","floor":1.0,"turns":2.0},{"damage":5.0,"enemies":"Jaw Worm","floor":3.0,"turns":2.0},{"damage":2.0,"enemies":"2 Louse","floor":4.0,"turns":4.0},{"damage":30.0,"enemies":"Hiden Room Battle","floor":5.0,"turns":6.0},{"damage":19.0,"enemies":"3 Sentries","floor":6.0,"turns":3.0},{"damage":13.0,"enemies":"Replay:BlueRogue","floor":8.0,"turns":5.0},{"damage":8.0,"enemies":"Gremlin Gang","floor":11.0,"turns":3.0},{"damage":13.0,"enemies":"Lagavulin","floor":13.0,"turns":7.0},{"damage":4.0,"enemies":"Looter","floor":14.0,"turns":4.0},{"damage":0.0,"enemies":"The Guardian","floor":16.0,"turns":11.0},{"damage":1.0,"enemies":"Hallownest:Flukemon_and_Top","floor":18.0,"turns":5.0},{"damage":10.0,"enemies":"Hallownest:3_Youths","floor":19.0,"turns":5.0},{"damage":27.0,"enemies":"Hallownest:monsterMisterMushroom","floor":20.0,"turns":9.0},{"damage":12.0,"enemies":"Hallownest:Glutton_and_Coward","floor":23.0,"turns":4.0},{"damage":16.0,"enemies":"Nightmare","floor":25.0,"turns":9.0},{"damage":0,"enemies":"Hallownest:Nosk","floor":28,"turns":6},{"damage":12,"enemies":"Hallownest:Warrior_and_Youth","floor":30,"turns":7},{"damage":56,"enemies":"Hallownest:BossMantisLord","floor":33,"turns":5},{"damage":1,"enemies":"Gensokyo:3_Bats","floor":35,"turns":3},{"damage":6,"enemies":"Gensokyo:AncientGuardian","floor":37,"turns":7},{"damage":14,"enemies":"Gensokyo:4_Bats","floor":38,"turns":2},{"damage":0,"enemies":"Gensokyo:3_Boulders","floor":39,"turns":4},{"damage":26,"enemies":"Gensokyo:Kasen","floor":41,"turns":6},{"damage":93,"enemies":"Nightmare","floor":44,"turns":6},{"damage":0,"enemies":"Gensokyo:AtlasGolem","floor":48,"turns":3},{"damage":41,"enemies":"Gensokyo:Scarlet_Devils","floor":50,"turns":7},{"damage":32,"enemies":"Gensokyo:Scarlet_Devils","floor":51,"turns":7},{"damage":29,"enemies":"Shield and Spear","floor":55,"turns":7},{"damage":18,"enemies":"The Heart","floor":56,"turns":6}],"seed_played":"860334784239182186","potions_obtained":[{"floor":1.0,"key":"Energy Potion"},{"floor":5.0,"key":"Reflective Coating"},{"floor":6.0,"key":"Swift Potion"},{"floor":16.0,"key":"Energy Potion"},{"floor":41,"key":"infinitespire:BlackPotion"}],"is_trial":false,"path_per_floor":["M","?","M","M","?","E","R","E","T","?","M","R","E","M","R","B",null,"M","M","M","?","?","M","R","NM","T","R","E","?","M","AVR","R","B",null,"M","?","M","M","M","R","E","?","T","NM","R","COS","?","M","R","B",null,null,"R","$","E","B",null],"character_chosen":"IRONCLAD","items_purchased":["Immolate","Evolve","Guide Book"],"campfire_rested":6,"item_purchase_floors":[17,54,54],"current_hp_per_floor":[59,59,60,64,48,51,51,45,45,45,64,64,66,74,74,80,76,76,73,56,52,52,60,60,67,67,76,76,76,74,74,76,63,88,88,66,67,76,83,88,69,69,69,43,75,75,75,82,88,88,88,88,88,88,88,77],"gold":132,"neow_bonus":"TRANSFORM_TWO_CARDS","is_daily":false,"chose_seed":false,"campfire_upgraded":3,"win_rate":0.0,"timestamp":1611476842,"path_taken":["M","?","M","M","?","E","R","E","T","?","M","R","E","M","R","BOSS","M","M","M","?","?","M","R","NM","T","R","E","?","M","AVR","R","BOSS","M","?","M","M","M","R","E","?","T","NM","R","COS","?","M","R","BOSS","R","$","E","BOSS"],"items_purchased_type":["Card","Card","Relic"],"build_version":"2020-12-22","purchased_purges":1,"victory":true,"max_hp_per_floor":[80,80,80,80,80,80,80,80,80,80,80,80,80,80,80,80,76,76,76,76,76,76,76,76,76,76,76,76,76,76,76,76,76,88,88,88,88,88,88,88,88,88,88,88,88,88,88,88,88,88,88,88,88,88,88,88],"card_choices":[{"not_picked":[],"picked":"ChaosCard","floor":0.0},{"not_picked":["Entrench","Run Through"],"picked":"Reaper","floor":1.0},{"not_picked":["Bomb","ReplayReversal"],"picked":"Burning Pact","floor":3.0},{"not_picked":["Anger","Clash"],"picked":"Bomb","floor":4.0},{"not_picked":["ReplayTheSpireMod:Muscle Training","Cleave","Iron Wave"],"picked":"SKIP","floor":6.0},{"not_picked":["Seeing Red","Pommel Strike","Clash"],"picked":"SKIP","floor":8.0},{"not_picked":["Battle Trance","Entrench","Cleave"],"picked":"SKIP","floor":11.0},{"not_picked":["Whirlwind","Rupture"],"picked":"Ghostly Armor","floor":13.0},{"not_picked":["Heavy Blade","Replay:Undeath\u0027s Touch"],"picked":"Power Through","floor":14.0},{"not_picked":["Demon Form","Offering"],"picked":"Limit Break","floor":16.0},{"not_picked":["Disarm+1","Thunderclap+1"],"picked":"Spot Weakness","floor":18.0},{"not_picked":["Searing Blow","True Grit+1"],"picked":"Second Wind","floor":19.0},{"not_picked":["Anger","DemoMod:WhiteBlade"],"picked":"Uppercut+1","floor":20.0},{"not_picked":["Sever Soul","Uppercut","Shrug It Off"],"picked":"SKIP","floor":23.0},{"not_picked":["Cleave","Blood for Blood"],"picked":"Demon Form","floor":25},{"not_picked":["Iron Wave","DemoMod:WhiteBlade","Perfected Strike+1"],"picked":"SKIP","floor":28},{"not_picked":["Warcry","Clothesline"],"picked":"True Grit+1","floor":29},{"not_picked":["Clothesline","Body Slam+1"],"picked":"Cleave+1","floor":30},{"not_picked":["Hemogenesis","Exhume"],"picked":"Offering","floor":33},{"not_picked":["Abandon","infinitespire:OneForAll+1","Shrug It Off"],"picked":"SKIP","floor":35},{"not_picked":["infinitespire:FutureSight","ReplayTheSpireMod:Echoes of Time"],"picked":"infinitespire:Collect","floor":36},{"not_picked":["ReplayTheSpireMod:Stacked","Seeing Red+1","Perfected Strike"],"picked":"SKIP","floor":37},{"not_picked":["Havoc","Clothesline"],"picked":"Carnage+1","floor":38},{"not_picked":["Run Through+1","Searing Blow","Second Wind"],"picked":"SKIP","floor":39},{"not_picked":["Clash","Power Through"],"picked":"Sword Boomerang","floor":40},{"not_picked":["Armaments+1","Corruption","Dropkick+1"],"picked":"SKIP","floor":41},{"not_picked":["Sword Boomerang","Run Through+1","Warcry+1"],"picked":"SKIP","floor":44},{"not_picked":["Run Through+1","Warcry+1"],"picked":"Sword Boomerang","floor":44},{"not_picked":["Body Slam","True Grit","Second Wind"],"picked":"SKIP","floor":48},{"not_picked":["ReplayTheSpireMod:Strike From Hell+1","Body Slam+1"],"picked":"Fire Breathing+1","floor":53},{"not_picked":["Life Link","Disarm+1"],"picked":"Pommel Strike+1","floor":55}],"player_experience":1607719,"relics_obtained":[{"floor":5.0,"key":"GodSword5"},{"floor":5.0,"key":"infinitespire:Beetle Shell"},{"floor":6.0,"key":"infinitespire:Midas Blood"},{"floor":8.0,"key":"Red Skull"},{"floor":9.0,"key":"Happy Flower"},{"floor":13.0,"key":"Replay:Bottled Steam"},{"floor":25,"key":"MoneyPower"},{"floor":26,"key":"Self Forming Clay"},{"floor":28,"key":"GuppysHead"},{"floor":34,"key":"Dream Catcher"},{"floor":34,"key":"DemoMod:Orange"},{"floor":34,"key":"PageOfScorchedGirl"},{"floor":44,"key":"Onion Ring"},{"floor":55,"key":"infinitespire:Magic Flask"}],"event_choices":[{"damage_healed":0.0,"max_hp_gain":0.0,"max_hp_loss":0.0,"gold_gain":0.0,"event_name":"HidenRoomEvent","player_choice":"Fight","floor":5.0,"gold_loss":0.0,"damage_taken":0.0},{"damage_healed":45.0,"max_hp_gain":0.0,"max_hp_loss":80.0,"gold_gain":0.0,"event_name":"betterThird:BetterShining","player_choice":"Embrace","floor":10.0,"gold_loss":0.0,"damage_taken":0.0}],"is_beta":false,"boss_relics":[{"not_picked":["Pandora\u0027s Box","Painkiller Herb"],"picked":"Fusion Hammer"},{"not_picked":[]},{"not_picked":["EasyGame_NEW","Coffee Dripper"],"picked":"Calling Bell"},{"not_picked":[]}],"items_purged_floors":[54],"is_endless":false,"potions_floor_spawned":[1,5,6,16,19,23,33,37,39,41],"ascension_level":1}}