{"host":"hf83sijwe64ts2lm","time":1611517124,"event":{"mods":["2.2 Compatiblity","BaseMod","Better Altar","Better Match","Better Note","Better Sensory Stone","Better Skull","Better Third Choice","Colored Map","Colored Powertips","Highlight Path","Hubris","Infinite Spire","Minty Spire (QoL Compilation)","Quick Restart","Rare Cards Sparkle","Relic Stats","Replay The Spire","Shop Mod","Spicy Shops","StSLib","Thieving Mod"],"gold_per_floor":[113,113,133,147,147,147,167,167,167,167,183,183,183],"floor_reached":12,"language":"ENG","playtime":191,"items_purged":[],"score":91,"play_id":"6186128d-1b39-48f2-8481-b9acafc53917","local_time":"20210124143844","is_ascension_mode":true,"campfire_choices":[{"floor":6,"key":"REST"},{"floor":8,"key":"RECALL"},{"floor":10,"key":"REST"}],"circlet_count":0,"master_deck":["Strike_B","Strike_B","Strike_B","Strike_B","Defend_B","Defend_B","Defend_B","Defend_B","Zap","Dualcast","Streamline","Gash","Pain","White Noise","Stack","Darkness","FIFO Queue"],"relics":["Cracked Core","WarpedTongs"],"acts_visited":["Exordium"],"potions_floor_usage":[7,11],"damage_taken":[{"damage":7.0,"enemies":"Jaw Worm","floor":1.0,"turns":3.0},{"damage":4,"enemies":"Cultist","floor":3,"turns":3},{"damage":2,"enemies":"2 Louse","floor":4,"turns":2},{"damage":13,"enemies":"2 Fungi Beasts","floor":7,"turns":4},{"damage":30,"enemies":"Gremlin Gang","floor":11,"turns":5},{"damage":74,"enemies":"Gremlin Nob","floor":12,"turns":4}],"seed_played":"8958060107112342372","potions_obtained":[{"floor":3,"key":"Adrenaline Potion"},{"floor":7,"key":"SkillPotion"}],"is_trial":false,"path_per_floor":["M","?","M","M","?","R","M","R","T","R","M","E"],"character_chosen":"DEFECT","items_purchased":[],"campfire_rested":2,"item_purchase_floors":[],"current_hp_per_floor":[61,61,57,55,59,75,62,62,62,75,45,0,0],"gold":183,"neow_bonus":"THREE_CARDS","is_daily":false,"chose_seed":false,"campfire_upgraded":0,"win_rate":0.0,"timestamp":1611517124,"path_taken":["M","?","?","?","?","R","?","R","T","R","M","E"],"items_purchased_type":[],"build_version":"2020-12-22","purchased_purges":0,"victory":false,"max_hp_per_floor":[75,75,75,75,75,75,75,75,75,75,75,75,75],"relic_stats":{"counters":[6,21],"obtain_stats":[{"Cracked Core":0,"WarpedTongs":2},{"Cracked Core":0,"WarpedTongs":1},{"Cracked Core":0,"WarpedTongs":3}],"WarpedTongs":[18]},"card_choices":[{"not_picked":["Cold Snap","Coolheaded"],"picked":"Streamline","floor":0.0},{"not_picked":["Barrage","Stack"],"picked":"Gash","floor":1.0},{"not_picked":["Cold Snap","Gash"],"picked":"White Noise","floor":3},{"not_picked":["Darkness","Reinforced Body"],"picked":"Stack","floor":4},{"not_picked":["Panic Button","Recycle"],"picked":"Darkness","floor":7},{"not_picked":["Panic Button","Steam"],"picked":"FIFO Queue","floor":11}],"player_experience":137949,"relics_obtained":[],"event_choices":[{"damage_healed":0,"gold_gain":0,"player_choice":"Rummage","damage_taken":0,"relics_obtained":["WarpedTongs"],"max_hp_gain":0,"max_hp_loss":0,"event_name":"Accursed Blacksmith","floor":2,"gold_loss":0,"cards_obtained":["Pain"]},{"damage_healed":4,"gold_gain":0,"player_choice":"LEAVE ","damage_taken":0,"relics_obtained":[],"max_hp_gain":0,"max_hp_loss":0,"event_name":"betterSkull:BetterSkull","floor":5,"gold_loss":0,"cards_upgraded":[]}],"is_beta":false,"boss_relics":[],"items_purged_floors":[],"is_endless":false,"potions_floor_spawned":[3,7],"killed_by":"Gremlin Nob","ascension_level":6}}