{"host":"52jmisti11ysmja4","time":1611450559,"event":{"mods":["Aspiration","BaseMod","Better Third Choice","Minty Spire (QoL Compilation)","Remove Card Discount Mod","StSLib","The Bug Knight"],"gold_per_floor":[215,176,176,176,195,229,229,265,265,309,19,42,42,76,76,205,205,230,270,288,288,139,182,197,197,197,197,195,220,238,271,271,271,271],"floor_reached":33,"language":"ENG","playtime":3372,"items_purged":["HollowMod:QuickDashStart","HollowMod:QuickDashStart","HollowMod:QuickDashStart","HollowMod:QuickDashStart","HollowMod:NailStrikeStart","HollowMod:FocusHealStart","HollowMod:NailStrikeStart","HollowMod:RecoilStrike","HollowMod:NailStrikeStart","HollowMod:NailStrikeStart","HollowMod:NewLittleFool","HollowMod:HowlingWraiths"],"score":502,"play_id":"43218459-79e8-4bfe-a423-8d12fdbde4f1","local_time":"20210123170919","is_ascension_mode":true,"campfire_choices":[{"data":"HollowMod:CycloneSlash","floor":7,"key":"SMITH"},{"data":"HollowMod:DungDefenderAura","floor":15,"key":"SMITH"},{"data":"HollowMod:Weaversong","floor":25,"key":"SMITH"},{"data":"HollowMod:SoulStrike","floor":27,"key":"SMITH"},{"floor":32,"key":"REST"}],"circlet_count":0,"master_deck":["HollowMod:PogoStrike","HollowMod:CycloneSlash+1","HollowMod:DungDefenderAura+1","HollowMod:AwokenDreamNail","HollowMod:SoulStrike+1","HollowMod:SoulVessel","HollowMod:PureNailStrike","HollowMod:Weaversong+1","HollowMod:MantisMark+1","HollowMod:SoulStrike+1","HollowMod:InfectedAttack+1","HollowMod:CoiledNail+1","HollowMod:DashSlash"],"relics":["HollowMod:VesselMask","Golden Idol","Bronze Scales","StrikeDummy","aspiration:FetidBarrel","Akabeko","Lee\u0027s Waffle","HollowMod:KingsBrand","HollowMod:LifeEnderRelic","SacredBark","HollowMod:GreatKnightMask","Bag of Marbles","Omamori","Matryoshka","Boot"],"acts_visited":["Exordium","TheCity"],"potions_floor_usage":[6,18,18,23,24,31,33],"damage_taken":[{"damage":4,"enemies":"Jaw Worm","floor":1,"turns":4},{"damage":0,"enemies":"2 Louse","floor":5,"turns":2},{"damage":20,"enemies":"Lagavulin","floor":6,"turns":3},{"damage":0,"enemies":"HollowMod:MossKnight","floor":8,"turns":6},{"damage":20,"enemies":"3 Sentries","floor":10,"turns":3},{"damage":0,"enemies":"Cultist","floor":12,"turns":2},{"damage":20,"enemies":"Lagavulin","floor":14,"turns":5},{"damage":40,"enemies":"Hexaghost","floor":16,"turns":7},{"damage":0,"enemies":"2 Thieves","floor":18,"turns":3},{"damage":0,"enemies":"HollowMod:Zote","floor":19,"turns":2},{"damage":20,"enemies":"Shell Parasite","floor":20,"turns":3},{"damage":7,"enemies":"Slavers","floor":23,"turns":2},{"damage":0,"enemies":"Centurion and Healer","floor":24,"turns":2},{"damage":3,"enemies":"Snecko","floor":29,"turns":3},{"damage":18,"enemies":"Chosen and Byrds","floor":30,"turns":3},{"damage":0,"enemies":"Gremlin Leader","floor":31,"turns":2},{"damage":80,"enemies":"Champ","floor":33,"turns":6}],"seed_played":"-5698243505965729222","potions_obtained":[{"floor":5,"key":"FearPotion"},{"floor":12,"key":"FearPotion"},{"floor":14,"key":"Block Potion"},{"floor":16,"key":"Fruit Juice"},{"floor":18,"key":"SteroidPotion"},{"floor":23,"key":"DuplicationPotion"},{"floor":31,"key":"Energy Potion"}],"is_trial":false,"path_per_floor":["M","$","?","?","M","E","R","E","T","E","$","M","T","E","R","B",null,"M","?","M","?","$","E","M","R","T","R","$","M","M","E","R","B"],"character_chosen":"THE_BUGKNIGHT","items_purchased":["HollowMod:CycloneSlash","HollowMod:SoulStrike","Lee\u0027s Waffle","HollowMod:SoulVessel","Bag of Marbles"],"campfire_rested":1,"item_purchase_floors":[2,11,11,11,22],"current_hp_per_floor":[64,64,64,69,69,49,49,49,49,29,76,76,76,56,56,16,61,71,71,51,60,60,53,53,53,53,53,53,50,32,32,57,0,0],"gold":271,"neow_bonus":"HUNDRED_GOLD","is_daily":false,"chose_seed":false,"campfire_upgraded":4,"win_rate":0.0,"timestamp":1611450559,"path_taken":["M","$","?","?","M","E","R","E","T","E","$","?","?","E","R","BOSS","M","?","M","?","$","E","M","R","T","R","$","?","M","E","R","BOSS"],"items_purchased_type":["Card","Card","Relic","Card","Relic"],"build_version":"2020-12-22","purchased_purges":12,"victory":false,"max_hp_per_floor":[75,75,69,69,69,69,69,69,69,69,76,76,76,76,76,76,76,86,86,86,86,86,86,86,86,86,86,86,86,86,86,86,86,86],"card_choices":[{"not_picked":["HollowMod:SharpenedNail","HollowMod:DoubleDash"],"picked":"HollowMod:HowlingWraiths","floor":1},{"not_picked":["HollowMod:InfectedAttack","HollowMod:NewJinnsSoul"],"picked":"HollowMod:RecoilStrike","floor":5},{"not_picked":["HollowMod:AbyssShriek","HollowMod:NewLittleFool"],"picked":"HollowMod:DungDefenderAura","floor":6},{"not_picked":["HollowMod:CornifersMapStart","HollowMod:InfectedCysts"],"picked":"HollowMod:AwokenDreamNail","floor":8},{"not_picked":["HollowMod:SharpenedNail","HollowMod:InfectedAttack"],"picked":"HollowMod:NewLittleFool","floor":10},{"not_picked":["HollowMod:VoidDash","HollowMod:ShadowDash","HollowMod:DoubleDash"],"picked":"SKIP","floor":12},{"not_picked":["HollowMod:DesolateDive","HollowMod:DescendingDark"],"picked":"HollowMod:PureNailStrike","floor":14},{"not_picked":["HollowMod:ZotesMagnificence","HollowMod:NewInfectedGuardian"],"picked":"HollowMod:Weaversong","floor":16},{"not_picked":["HollowMod:SoulSplash","HollowMod:SharpenedNail"],"picked":"HollowMod:MantisMark+1","floor":18},{"not_picked":["HollowMod:InfectedAttack","HollowMod:LuriensSpire"],"picked":"HollowMod:SoulStrike+1","floor":19},{"not_picked":["HollowMod:RadiancesLament","HollowMod:SharpenedNail+1","HollowMod:SoulShaman+1"],"picked":"SKIP","floor":20},{"not_picked":["HollowMod:HeavyBlow","HollowMod:PureNailStrike","HollowMod:NewJinnsSoul"],"picked":"SKIP","floor":23},{"not_picked":["HollowMod:BrokenVessel","HollowMod:PaleKingsBlessing"],"picked":"HollowMod:InfectedAttack+1","floor":24},{"not_picked":["HollowMod:LuriensSpire","HollowMod:SharpenedNail+1","HollowMod:SoulStrike"],"picked":"SKIP","floor":29},{"not_picked":["HollowMod:DescendingDark","HollowMod:Grubsong"],"picked":"HollowMod:CoiledNail+1","floor":30},{"not_picked":["HollowMod:MonomonsArchive","HollowMod:HornetsHelp"],"picked":"HollowMod:DashSlash","floor":31}],"player_experience":568563,"relics_obtained":[{"floor":6,"key":"Bronze Scales"},{"floor":8,"key":"StrikeDummy"},{"floor":9,"key":"aspiration:FetidBarrel"},{"floor":10,"key":"Akabeko"},{"floor":13,"key":"HollowMod:KingsBrand"},{"floor":14,"key":"HollowMod:LifeEnderRelic"},{"floor":19,"key":"HollowMod:GreatKnightMask"},{"floor":23,"key":"Omamori"},{"floor":26,"key":"Matryoshka"},{"floor":31,"key":"Boot"}],"event_choices":[{"damage_healed":0,"gold_gain":0,"player_choice":"Lose Max HP","damage_taken":0,"relics_obtained":["Golden Idol"],"max_hp_gain":0,"max_hp_loss":6,"event_name":"Golden Idol","floor":3,"gold_loss":0}],"is_beta":false,"boss_relics":[{"not_picked":["Snecko Eye","aspiration:SecretTechniqueScroll"],"picked":"SacredBark"}],"items_purged_floors":[2,2,2,2,2,2,2,11,11,11,11,28],"is_endless":false,"potions_floor_spawned":[5,12,14,16,18,23,31],"killed_by":"Champ","ascension_level":6}}