{"host":"t9zjxed0utvsfjwc","time":1611530452,"event":{"mods":["2.2 Compatiblity","Aspiration","BaseMod","Better Altar","Better Match","Better Note","Better Sensory Stone","Better Skull","Better Third Choice","Block Reminder","Colored Map","Colored Powertips","Custom Start","Hermit","Highlight Path","Hubris","Infinite Spire","Minty Spire (QoL Compilation)","Quick Restart","Rare Cards Sparkle","Reliquary","Replay The Spire","Shade Mod","StSLib","The Cursed","The Disciple","The Marked","The Runesmith","Unceasing Turn Reminder","everything is the same but u backflip on backflip"],"gold_per_floor":[17,17,92,17,17,17,50,50,132,159,159,159,192,202,202,302,402,416,366,352,370,386,415,415,415,415,447,447,447,447],"floor_reached":29,"language":"ENG","playtime":1060,"items_purged":["Defend_R"],"score":291,"play_id":"35f79bc7-a870-4c92-b06a-12502603f981","local_time":"20210124232052","is_ascension_mode":true,"campfire_choices":[{"data":"Shrug It Off","floor":6,"key":"SMITH"},{"data":"Shrug It Off","floor":8,"key":"SMITH"},{"data":"Armaments","floor":11,"key":"SMITH"},{"data":"Strike_R","floor":15,"key":"PURGE"},{"floor":25,"key":"REST"}],"circlet_count":0,"master_deck":["Strike_R","Strike_R","Strike_R","Defend_R","Defend_R","Defend_R","Bash+1","Shrug It Off+1","Apotheosis+1","Shrug It Off+1","Armaments+1","Pommel Strike","Shrug It Off+1","Pommel Strike","Demon Form+1","hubris:Disease"],"relics":["Burning Blood","hubris:GlazedTorus","Pantograph","Akabeko","Torii","Replay:Grab Bag","Cursed Key","Replay:Wanted Poster","SacredBark","Pet Ghost","Toxic Egg 2","Runesmith:Locket"],"acts_visited":["Exordium","TheCity"],"potions_floor_usage":[10,10,16,22,23],"damage_taken":[{"damage":1,"enemies":"Cultist","floor":1,"turns":4},{"damage":1,"enemies":"Replay:BlueRogue","floor":7,"turns":4},{"damage":1,"enemies":"3 Sentries","floor":10,"turns":8},{"damage":7,"enemies":"Lagavulin","floor":13,"turns":6},{"damage":0,"enemies":"2 Louse","floor":14,"turns":2},{"damage":41,"enemies":"Slime Boss","floor":16,"turns":10},{"damage":6,"enemies":"Shell Parasite","floor":18,"turns":6},{"damage":10,"enemies":"2 Thieves","floor":20,"turns":4},{"damage":3,"enemies":"Cultist and Chosen","floor":21,"turns":7},{"damage":14,"enemies":"Snake Plant","floor":22,"turns":4},{"damage":1,"enemies":"Nightmare","floor":23,"turns":11},{"damage":40,"enemies":"Slavers","floor":27,"turns":7},{"damage":21,"enemies":"Book of Stabbing","floor":29,"turns":2}],"seed_played":"6361295856474754540","potions_obtained":[{"floor":1,"key":"Elixir"},{"floor":10,"key":"Fruit Juice"},{"floor":13,"key":"Regen Potion"},{"floor":20,"key":"Explosive Potion"},{"floor":22,"key":"HeartOfIron"}],"is_trial":false,"path_per_floor":["M","?","?","$","?","R","E","R","T","E","R","?","E","M","R_BF","B",null,"M","?","M","M","M","NM","?","R","T","E","?","E"],"character_chosen":"IRONCLAD","items_purchased":[],"campfire_rested":1,"item_purchase_floors":[],"current_hp_per_floor":[80,80,69,69,69,69,74,74,74,84,84,84,83,85,85,60,85,85,85,81,84,76,81,81,85,85,51,13,0,0],"gold":447,"neow_bonus":"ONE_RARE_RELIC","is_daily":false,"chose_seed":false,"campfire_upgraded":3,"win_rate":0.0,"timestamp":1611530452,"path_taken":["M","?","?","$","?","R","E","R","T","E","R","?","E","M","R_BF","BOSS","M","?","M","M","M","NM","?","R","T","E","?","E"],"items_purchased_type":[],"build_version":"2020-12-22","purchased_purges":1,"victory":false,"max_hp_per_floor":[80,80,80,80,80,80,80,80,80,85,85,85,85,85,85,85,85,85,85,85,85,85,85,85,85,85,85,85,85,85],"card_choices":[{"not_picked":["Perfected Strike","Abandon"],"picked":"Shrug It Off","floor":1},{"not_picked":["Rupture","Immolate"],"picked":"Shrug It Off","floor":7},{"not_picked":["Headbutt","Run Through"],"picked":"Armaments","floor":10},{"not_picked":["Hemokinesis","Intimidate"],"picked":"Pommel Strike","floor":13},{"not_picked":["ReplayTheSpireMod:Stacked","Corruption","Thunderclap"],"picked":"SKIP","floor":14},{"not_picked":["Anger","Whirlwind+1","Sentinel"],"picked":"SKIP","floor":18},{"not_picked":["Body Slam","Anger"],"picked":"Shrug It Off+1","floor":20},{"not_picked":["Rampage","Cleave"],"picked":"Pommel Strike","floor":21},{"not_picked":["Combust","Anger","Carnage+1"],"picked":"SKIP","floor":22},{"not_picked":["Warcry+1","Metallicize","infinitespire:OneForAll"],"picked":"SKIP","floor":23},{"not_picked":["Shockwave+1","Dark Embrace","Hemogenesis"],"picked":"SKIP","floor":27}],"player_experience":411481,"relics_obtained":[{"floor":7,"key":"Pantograph"},{"floor":10,"key":"Akabeko"},{"floor":13,"key":"Torii"},{"floor":23,"key":"Pet Ghost"},{"floor":26,"key":"Toxic Egg 2"},{"floor":27,"key":"Runesmith:Locket"}],"event_choices":[{"damage_healed":0,"gold_gain":75,"player_choice":"Gold","damage_taken":11,"max_hp_gain":0,"max_hp_loss":0,"event_name":"betterThird:BetterGoop","floor":3,"gold_loss":0},{"damage_healed":69,"gold_gain":0,"player_choice":"Embrace","damage_taken":0,"max_hp_gain":0,"max_hp_loss":80,"event_name":"betterThird:BetterShining","floor":5,"gold_loss":0},{"damage_healed":0,"gold_gain":0,"player_choice":"Bet on Murderer","damage_taken":0,"max_hp_gain":0,"max_hp_loss":0,"event_name":"The Joust","floor":19,"gold_loss":50},{"cards_removed":["Apotheosis"],"damage_healed":0,"gold_gain":0,"player_choice":"Take \u0026 Give","damage_taken":0,"max_hp_gain":0,"max_hp_loss":0,"event_name":"betterNote:BetterNote","floor":24,"gold_loss":0,"cards_obtained":["Demon Form"]}],"is_beta":false,"boss_relics":[{"not_picked":["hubris:TerracottaHorce","hubris:HollowSoul"],"picked":"Replay:Grab Bag"},{"not_picked":["hubris:GrandSneckoEye","Fusion Hammer"],"picked":"Cursed Key"},{"not_picked":["Coffee Dripper","ChewingGum"],"picked":"Replay:Wanted Poster"},{"not_picked":["aspiration:RunicSpoon","aspiration:RitualDagger"],"picked":"SacredBark"}],"items_purged_floors":[4],"is_endless":true,"potions_floor_spawned":[1,10,13,20,22],"killed_by":"Book of Stabbing","ascension_level":1}}