{"host":"yqm","time":1611468936,"event":{"mods":["ATMod(°¢èªMod)","BaseMod","Challenge The Spire","Colored Map","Colored Powertips","DeckTracker","Good Game Mod","Minty Spire (QoL Compilation)","MostiFishMod","Quick Restart","Relic Filter","Relic Stats","Remove Card Discount Mod","StSLib","noobMod","óô»ðÖ¸ÄÏ"],"gold_per_floor":[118,118,118,118,135,160,69,115,415,429,441,474,488,504,500,579,579,615,615,627,627,65,100,15,44,70,70,70,70,85,111,71,145,145,162,182,202,117,134,266,286,412,437,165,110,127,153,173,5,5,5,5,5,5,39,39],"floor_reached":57,"language":"ZHS","playtime":5686,"items_purged":["Strike_G","Strike_G","Strike_G","Strike_G","Defend_G","Defend_G","Defend_G","Defend_G","Strike_G+1","Defend_G+1","Shame","AT_FamilyPortrait+1"],"score":3319,"play_id":"63cf72e0-fa2d-4896-b2fc-0cabd9e8ee88","local_time":"20210124141536","is_ascension_mode":true,"campfire_choices":[{"floor":28,"key":"RECALL"}],"circlet_count":0,"master_deck":["AscendersBane","Survivor+1","Neutralize+1","Catalyst+1","Footwork+1","Caltrops+1","Backflip+1","AT_EssenceShift+1","Deadly Poison+1","Expertise+1","MostiFishMod:Wind+1","Bouncing Flask+1","AT_Desolate+1","Footwork+1","Tactician+1","Calculated Gamble+1","MostiFishMod:AdrenalineArouse+1","Well Laid Plans+1","Envenom+1","Concentrate+1","MostiFishMod:Neurotoxin+1","AT_ArcaneSupremacy+1","AT_KneejerkReflex+1","Outmaneuver+1","Prepared+1","Noxious Fumes+1","Escape Plan+1"],"relics":["Ring of the Snake","REME:ComplimentaryCards","ice","DaveBox","AT_ATBox","DSteel32","NeowsBlessing","SynthV:TestCard","AT_SunfireAegis","Akabeko","Potion Belt","Old Coin","Ancient Tea Set","HoveringKite","Question Card","Kunai","Shuriken","AT_RedTearstoneRing","Blood Vial","Snake Skull","Vajra","ShadowXiaoBlade","AT_BellDemon","PreservedInsect","Boot","StoneCalendar","White Beast Statue","Lantern","Bottled Tornado","Bird Faced Urn","Toxic Egg 2","ClockworkSouvenir","Pen Nib","Bag of Marbles"],"acts_visited":["Exordium","TheCity","TheBeyond","TheEnding"],"potions_floor_usage":[8,23,31,42,50,55,56],"damage_taken":[{"damage":0,"enemies":"Cultist","floor":1,"turns":2},{"damage":0,"enemies":"Jaw Worm","floor":5,"turns":1},{"damage":0,"enemies":"3 Sentries","floor":6,"turns":1},{"damage":0,"enemies":"Lagavulin","floor":8,"turns":6},{"damage":7,"enemies":"2 Louse","floor":10,"turns":4},{"damage":2,"enemies":"Lots of Slimes","floor":11,"turns":3},{"damage":29,"enemies":"Gremlin Nob","floor":12,"turns":5},{"damage":1,"enemies":"Gremlin Gang","floor":13,"turns":4},{"damage":0,"enemies":"Blue Slaver","floor":14,"turns":3},{"damage":15,"enemies":"The Guardian","floor":16,"turns":6},{"damage":21,"enemies":"3 Byrds","floor":18,"turns":3},{"damage":10,"enemies":"Shell Parasite","floor":20,"turns":3},{"damage":41,"enemies":"Gremlin Leader","floor":23,"turns":6},{"damage":29,"enemies":"Slavers","floor":25,"turns":4},{"damage":15,"enemies":"3 Cultists","floor":30,"turns":4},{"damage":0,"enemies":"Book of Stabbing","floor":31,"turns":2},{"damage":0,"enemies":"Champ","floor":33,"turns":5},{"damage":0,"enemies":"3 Shapes","floor":35,"turns":3},{"damage":28,"enemies":"3 Darklings","floor":36,"turns":3},{"damage":0,"enemies":"Maw","floor":37,"turns":3},{"damage":28,"enemies":"Writhing Mass","floor":39,"turns":3},{"damage":2,"enemies":"Nemesis","floor":40,"turns":3},{"damage":5,"enemies":"Sphere and 2 Shapes","floor":41,"turns":3},{"damage":44,"enemies":"Reptomancer","floor":42,"turns":3},{"damage":16,"enemies":"Transient","floor":46,"turns":4},{"damage":0,"enemies":"Giant Head","floor":47,"turns":3},{"damage":0,"enemies":"Jaw Worm Horde","floor":48,"turns":2},{"damage":12,"enemies":"Awakened One","floor":50,"turns":6},{"damage":9,"enemies":"Time Eater","floor":51,"turns":4},{"damage":0,"enemies":"Shield and Spear","floor":55,"turns":1},{"damage":16,"enemies":"The Heart","floor":56,"turns":1}],"seed_played":"-6034708244824801492","potions_obtained":[{"floor":6,"key":"SkillPotion"},{"floor":8,"key":"BlessingOfTheForge"},{"floor":11,"key":"EssenceOfSteel"},{"floor":12,"key":"AttackPotion"},{"floor":14,"key":"Energy Potion"},{"floor":20,"key":"Energy Potion"},{"floor":27,"key":"GhostInAJar"},{"floor":27,"key":"GamblersBrew"},{"floor":30,"key":"DistilledChaos"},{"floor":33,"key":"FearPotion"},{"floor":41,"key":"Energy Potion"},{"floor":42,"key":"DuplicationPotion"},{"floor":55,"key":"CunningPotion"}],"is_trial":false,"path_per_floor":["M","?","?","?","M","E","R","E","T","M","M","E","M","M","R","B",null,"M","?","M","?","$","E","R","E","T","?","R","$","M","E","R","B",null,"M","M","M","$","M","E","M","E","T","R","$","M","E","M","R","B","B",null,"R","$","E","B",null],"character_chosen":"THE_SILENT","items_purchased":["Footwork","Kunai","Shuriken","Tactician","Well Laid Plans","AT_KneejerkReflex","White Beast Statue","Prepared","ClockworkSouvenir"],"campfire_rested":0,"item_purchase_floors":[7,22,22,24,32,38,44,45,49],"current_hp_per_floor":[59,59,54,54,54,54,54,54,54,47,45,16,66,66,66,51,69,48,48,50,50,50,9,9,86,86,86,86,86,73,75,75,77,113,115,89,91,91,65,79,76,34,34,34,34,20,150,150,150,170,186,186,186,186,186,278],"gold":39,"neow_bonus":"THREE_ENEMY_KILL","is_daily":false,"chose_seed":false,"campfire_upgraded":0,"win_rate":0.0,"timestamp":1611468936,"path_taken":["M","?","?","?","?","E","R","E","T","M","?","E","M","M","R","BOSS","M","?","?","?","$","E","R","E","T","?","R","$","?","E","R","BOSS","M","M","M","$","?","E","M","E","T","R","?","M","E","M","R","BOSS","BOSS","R","$","E","BOSS"],"items_purchased_type":["Card","Relic","Relic","Card","Card","Card","Relic","Card","Relic"],"build_version":"2020-12-18","purchased_purges":12,"victory":true,"max_hp_per_floor":[66,66,66,66,66,66,66,66,66,66,66,66,66,68,68,75,75,97,97,100,100,100,110,110,116,116,116,116,116,121,123,123,125,125,126,132,133,133,137,140,143,147,147,147,147,150,150,150,150,170,186,186,186,186,186,314],"relic_stats":{"counters":[31,104],"HoveringKite":[43],"StoneCalendar":[0],"Snake Skull":[561],"PreservedInsect":267,"Pen Nib":[0],"Question Card":16,"Boot":[0],"Blood Vial":24,"Shuriken":[2],"Bird Faced Urn":[23],"Kunai":[2],"obtain_stats":[{"AT_BellDemon":40,"Lantern":46,"AT_ATBox":0,"DaveBox":0,"HoveringKite":17,"Vajra":31,"StoneCalendar":42,"Snake Skull":26,"ice":0,"Bottled Tornado":47,"Ancient Tea Set":12,"Boot":42,"Old Coin":9,"ClockworkSouvenir":49,"Blood Vial":25,"Kunai":22,"Toxic Egg 2":48,"Ring of the Snake":0,"DSteel32":0,"Potion Belt":8,"AT_RedTearstoneRing":23,"NeowsBlessing":0,"ShadowXiaoBlade":34,"PreservedInsect":41,"Pen Nib":55,"Question Card":21,"Akabeko":6,"White Beast Statue":44,"REME:ComplimentaryCards":0,"SynthV:TestCard":1,"Shuriken":22,"Bird Faced Urn":47,"Bag of Marbles":55,"AT_SunfireAegis":3},{"AT_BellDemon":22,"Lantern":25,"AT_ATBox":0,"DaveBox":0,"HoveringKite":10,"Vajra":16,"StoneCalendar":24,"Snake Skull":14,"ice":0,"Bottled Tornado":26,"Ancient Tea Set":7,"Boot":24,"Old Coin":4,"ClockworkSouvenir":27,"Blood Vial":14,"Kunai":12,"Toxic Egg 2":27,"Ring of the Snake":0,"DSteel32":0,"Potion Belt":4,"AT_RedTearstoneRing":13,"NeowsBlessing":0,"ShadowXiaoBlade":17,"PreservedInsect":23,"Pen Nib":30,"Question Card":12,"Akabeko":3,"White Beast Statue":24,"REME:ComplimentaryCards":0,"SynthV:TestCard":1,"Shuriken":12,"Bird Faced Urn":26,"Bag of Marbles":30,"AT_SunfireAegis":1},{"AT_BellDemon":77,"Lantern":87,"AT_ATBox":0,"DaveBox":0,"HoveringKite":35,"Vajra":57,"StoneCalendar":83,"Snake Skull":51,"ice":0,"Bottled Tornado":90,"Ancient Tea Set":22,"Boot":83,"Old Coin":10,"ClockworkSouvenir":92,"Blood Vial":51,"Kunai":41,"Toxic Egg 2":92,"Ring of the Snake":0,"DSteel32":0,"Potion Belt":10,"AT_RedTearstoneRing":47,"NeowsBlessing":0,"ShadowXiaoBlade":62,"PreservedInsect":80,"Pen Nib":103,"Question Card":41,"Akabeko":4,"White Beast Statue":83,"REME:ComplimentaryCards":0,"SynthV:TestCard":2,"Shuriken":41,"Bird Faced Urn":90,"Bag of Marbles":103,"AT_SunfireAegis":2}],"Ring of the Snake":[62]},"card_choices":[{"not_picked":["MostiFishMod:ThornCasing","AT_WindFlip","AT_FocusSwordFire"],"picked":"SKIP","floor":1},{"not_picked":["Riddle With Holes","AT_WindFlip","Finisher","Backflip","Underhanded Strike"],"picked":"SKIP","floor":5},{"not_picked":["Dagger Spray","Finisher","MostiFishMod:PerfectParry","Underhanded Strike"],"picked":"Catalyst","floor":6},{"not_picked":["Flying Knee","Outmaneuver","AT_TinkerSharpsword","MostiFishMod:GrandStart"],"picked":"Caltrops","floor":8},{"not_picked":["PiercingWail","Bane","AT_WomanClash","Blade Dance","Masterful Stab"],"picked":"SKIP","floor":10},{"not_picked":["AT_ShadowStep","Dodge and Roll","All Out Attack","Flying Knee"],"picked":"Backflip","floor":11},{"not_picked":["Unload","Concentrate","Quick Slash","MostiFishMod:PerfectParry"],"picked":"AT_EssenceShift","floor":12},{"not_picked":["Reflex","Accuracy","Masterful Stab","Cloak And Dagger"],"picked":"Deadly Poison","floor":13},{"not_picked":["Deflect","AT_ThistleTea","Dash","Dagger Throw"],"picked":"Expertise","floor":14},{"not_picked":["MostiFishMod:ShivMaster","MostiFishMod:SpreadingSpore","Wraith Form v2","MostiFishMod:GrandStart"],"picked":"MostiFishMod:Wind","floor":16},{"not_picked":["Cloak And Dagger","MostiFishMod:PreservedThorns","Masterful Stab","Quick Slash"],"picked":"Bouncing Flask","floor":18},{"not_picked":["Quick Slash+1","PiercingWail","Sucker Punch","Poisoned Stab"],"picked":"AT_Desolate","floor":20},{"not_picked":["Accuracy","Riddle With Holes","Dagger Spray","Dodge and Roll","Tactician"],"picked":"Footwork","floor":23},{"not_picked":["Bane","Catalyst","Deflect+1","Grand Finale","Backflip"],"picked":"Calculated Gamble","floor":25},{"not_picked":["Footwork","Backstab","Bane","PiercingWail","AT_ShadowStep","Catalyst"],"picked":"SKIP","floor":30},{"not_picked":["Underhanded Strike","Reflex","Leg Sweep","Backflip","PiercingWail"],"picked":"MostiFishMod:AdrenalineArouse","floor":31},{"not_picked":["Glass Knife","MostiFishMod:Listen","MostiFishMod:LethalBlade","MostiFishMod:WinterMarkForm","AT_MyraUnstableElement"],"picked":"Envenom","floor":33},{"not_picked":["Bane","Flechettes","PiercingWail","Setup","MostiFishMod:PreservedThorns"],"picked":"Concentrate+1","floor":35},{"not_picked":["Riddle With Holes","Prepared","MostiFishMod:PerfectParry","Catalyst+1","AT_WindFlip+1"],"picked":"MostiFishMod:Neurotoxin","floor":36},{"not_picked":["AT_FocusSwordFire","Poisoned Stab","Masterful Stab","Well Laid Plans+1","PiercingWail"],"picked":"AT_ArcaneSupremacy","floor":37},{"not_picked":["Riddle With Holes","Prepared","Blade Dance","Deflect","Bane"],"picked":"Outmaneuver+1","floor":39},{"not_picked":["AT_KingSlayer","Deadly Poison","Deflect","AT_ShadowStep","Endless Agony","Tactician"],"picked":"SKIP","floor":40},{"not_picked":["Flechettes+1","Predator","Blade Dance","Endless Agony+1","AT_FocusSwordFire+1","Bane"],"picked":"SKIP","floor":41},{"not_picked":["AT_TinkerSharpsword","Outmaneuver","Heel Hook","MostiFishMod:WinterMarkForm","Endless Agony+1","Predator"],"picked":"SKIP","floor":42},{"not_picked":["Dagger Throw","Deflect","Cloak And Dagger","Terror","AT_WindFlip+1","Distraction+1"],"picked":"SKIP","floor":46},{"not_picked":["Underhanded Strike","Skewer+1","Blade Dance","Footwork","Backflip"],"picked":"Noxious Fumes","floor":47},{"not_picked":["Outmaneuver+1","Slice+1","AT_ArcaneSupremacy","Blade Dance+1","PiercingWail+1","Flying Knee"],"picked":"SKIP","floor":48},{"not_picked":["Bane+1","Dagger Spray","Noxious Fumes+1","Crippling Poison+1","Corpse Explosion+1"],"picked":"Escape Plan+1","floor":55}],"player_experience":836858,"relics_obtained":[{"floor":1,"key":"SynthV:TestCard"},{"floor":6,"key":"Akabeko"},{"floor":8,"key":"Potion Belt"},{"floor":9,"key":"Old Coin"},{"floor":12,"key":"Ancient Tea Set"},{"floor":23,"key":"AT_RedTearstoneRing"},{"floor":25,"key":"Blood Vial"},{"floor":26,"key":"Snake Skull"},{"floor":31,"key":"Vajra"},{"floor":40,"key":"AT_BellDemon"},{"floor":41,"key":"PreservedInsect"},{"floor":42,"key":"Boot"},{"floor":42,"key":"StoneCalendar"},{"floor":46,"key":"Lantern"},{"floor":47,"key":"Bottled Tornado"},{"floor":47,"key":"Bird Faced Urn"},{"floor":48,"key":"Toxic Egg 2"},{"floor":55,"key":"Pen Nib"},{"floor":55,"key":"Bag of Marbles"}],"event_choices":[{"damage_healed":0,"gold_gain":0,"player_choice":"Ignored","damage_taken":0,"max_hp_gain":0,"max_hp_loss":0,"event_name":"Shining Light","floor":2,"gold_loss":0},{"damage_healed":0,"gold_gain":0,"player_choice":"Success","damage_taken":5,"relics_obtained":["AT_SunfireAegis"],"max_hp_gain":0,"max_hp_loss":0,"event_name":"Scrap Ooze","floor":3,"gold_loss":0},{"damage_healed":0,"gold_gain":0,"player_choice":"Forge","damage_taken":0,"max_hp_gain":0,"max_hp_loss":0,"event_name":"Accursed Blacksmith","floor":4,"gold_loss":0,"cards_upgraded":["AT_FamilyPortrait"]},{"cards_removed":["AT_FamilyPortrait"],"damage_healed":0,"gold_gain":0,"player_choice":"Purged","damage_taken":0,"max_hp_gain":0,"max_hp_loss":0,"event_name":"Purifier","floor":19,"gold_loss":0},{"damage_healed":0,"gold_gain":0,"player_choice":"Stole Relic","damage_taken":0,"relics_obtained":["Question Card"],"max_hp_gain":0,"max_hp_loss":0,"event_name":"Addict","floor":21,"gold_loss":0,"cards_obtained":["Shame"]},{"damage_healed":0,"gold_gain":0,"player_choice":"Got Potions","damage_taken":0,"max_hp_gain":0,"max_hp_loss":0,"event_name":"Lab","floor":27,"gold_loss":0}],"is_beta":true,"boss_relics":[{"not_picked":["WristBlade","Ectoplasm"],"picked":"HoveringKite"},{"not_picked":["RhineFirstAidKit","Fusion Hammer"],"picked":"ShadowXiaoBlade"}],"items_purged_floors":[7,7,7,7,7,7,7,7,15,15,22,22],"is_endless":false,"potions_floor_spawned":[6,8,11,12,14,18,20,30,33,41,42,46,47,48,55],"ascension_level":20}}