{"host":"bq4pt811tk9yrmjl","time":1611510163,"event":{"mods":["AchievementEnabler","BaseMod","Colored Map","Colored Powertips","Defuse TimeMaze Blight","Hermit","Minty Spire (QoL Compilation)","StSLib","SuperFastMode"],"gold_per_floor":[109,121,121,121,121,159,159,180,249,263,297,297,297,330,330,330,330],"floor_reached":16,"language":"ENG","playtime":381,"items_purged":[],"score":150,"play_id":"3d1ce7f5-d8af-4df8-bbf6-e7917abb3cc7","local_time":"20210124154243","is_ascension_mode":true,"campfire_choices":[{"data":"Bouncing Flask","floor":7,"key":"SMITH"},{"floor":12,"key":"REST"},{"data":"Neutralize","floor":15,"key":"SMITH"}],"circlet_count":0,"master_deck":["Strike_G","Strike_G","Strike_G","Strike_G","Strike_G","Defend_G","Defend_G","Defend_G","Defend_G","Defend_G","Survivor","Neutralize+1","Bouncing Flask+1","Burst","Blind"],"relics":["Ring of the Snake","NeowsBlessing","Golden Idol","Toy Ornithopter","Ninja Scroll","Mercury Hourglass","Anchor"],"acts_visited":["Exordium"],"potions_floor_usage":[10,10,11,11,16],"damage_taken":[{"damage":0,"enemies":"Small Slimes","floor":1,"turns":1},{"damage":0,"enemies":"2 Louse","floor":2,"turns":1},{"damage":0,"enemies":"3 Sentries","floor":6,"turns":1},{"damage":0,"enemies":"Cultist","floor":8,"turns":3},{"damage":0,"enemies":"Large Slime","floor":10,"turns":5},{"damage":16,"enemies":"Gremlin Nob","floor":11,"turns":3},{"damage":8,"enemies":"Lagavulin","floor":14,"turns":5},{"damage":68,"enemies":"Slime Boss","floor":16,"turns":11}],"seed_played":"-3372802999180618755","potions_obtained":[{"floor":8,"key":"EntropicBrew"},{"floor":10,"key":"Swift Potion"},{"floor":14,"key":"Explosive Potion"}],"is_trial":false,"path_per_floor":["M","M","$","?","?","E","R","M","T","M","E","R","?","E","R","B"],"character_chosen":"THE_SILENT","items_purchased":[],"campfire_rested":1,"item_purchase_floors":[],"current_hp_per_floor":[70,70,70,53,53,53,53,53,53,63,54,70,70,62,62,0,0],"gold":330,"neow_bonus":"THREE_ENEMY_KILL","is_daily":false,"chose_seed":false,"campfire_upgraded":2,"win_rate":0.0,"timestamp":1611510163,"path_taken":["M","M","$","?","?","E","R","M","T","M","E","R","?","E","R","BOSS"],"items_purchased_type":[],"build_version":"2020-12-22","purchased_purges":0,"victory":false,"max_hp_per_floor":[70,70,70,70,70,70,70,70,70,70,70,70,70,70,70,70,70],"card_choices":[{"not_picked":["Flying Knee","Quick Slash"],"picked":"Bouncing Flask","floor":1},{"not_picked":["PiercingWail","Sucker Punch","Backflip"],"picked":"SKIP","floor":2},{"not_picked":["Predator","PiercingWail"],"picked":"Burst","floor":6},{"not_picked":["Sucker Punch","Backflip","Cloak And Dagger"],"picked":"SKIP","floor":8},{"not_picked":["Prepared","Outmaneuver","Eviscerate"],"picked":"SKIP","floor":10},{"not_picked":["Skewer","Eviscerate","Deadly Poison"],"picked":"SKIP","floor":11},{"not_picked":["Underhanded Strike","All Out Attack","Escape Plan"],"picked":"SKIP","floor":14}],"player_experience":228592,"relics_obtained":[{"floor":6,"key":"Toy Ornithopter"},{"floor":9,"key":"Ninja Scroll"},{"floor":11,"key":"Mercury Hourglass"},{"floor":14,"key":"Anchor"}],"event_choices":[{"damage_healed":0,"gold_gain":0,"player_choice":"Take Damage","damage_taken":17,"relics_obtained":["Golden Idol"],"max_hp_gain":0,"max_hp_loss":0,"event_name":"Golden Idol","floor":4,"gold_loss":0},{"damage_healed":0,"gold_gain":0,"player_choice":"Ignored","damage_taken":0,"max_hp_gain":0,"max_hp_loss":0,"event_name":"Liars Game","floor":5,"gold_loss":0},{"damage_healed":0,"gold_gain":0,"player_choice":"1 cards matched","damage_taken":0,"max_hp_gain":0,"max_hp_loss":0,"event_name":"Match and Keep!","floor":13,"gold_loss":0,"cards_obtained":["Blind"]},{"damage_healed":0,"gold_gain":0,"player_choice":"1 cards matched","damage_taken":0,"max_hp_gain":0,"max_hp_loss":0,"event_name":"Match and Keep!","floor":13,"gold_loss":0,"cards_obtained":["Blind"]}],"is_beta":false,"boss_relics":[],"items_purged_floors":[],"is_endless":false,"potions_floor_spawned":[8,10,14],"killed_by":"Slime Boss","ascension_level":1}}