{"host":"d7fiu2yjkssjxoz6","time":1611516500,"event":{"mods":["AchievementEnabler","BaseMod","Duelist Mod","Minty Spire (QoL Compilation)","StSLib"],"gold_per_floor":[140,159,173,173,173,206,206,217,244,244,271,33,60,76,76,179,179,191,203,217,228,247,281,55,55,55,55,55,89,109,120,120,222,222,239,0,18,29,29,57,57,76,76,76,110,122,122,23,23,23,23,23,23,53,53],"floor_reached":56,"language":"ENG","playtime":10129,"items_purged":["Doubt"],"score":1864,"play_id":"26ce6348-0f91-4c22-9753-2260c5bd755b","local_time":"20210124112820","is_ascension_mode":true,"campfire_choices":[{"data":"theDuelist:BigFire","floor":10,"key":"SMITH"},{"data":"theDuelist:NaturiaEggplant","floor":15,"key":"SMITH"},{"data":"theDuelist:LonefireBlossom","floor":25,"key":"SMITH"},{"data":"theDuelist:HeartUnderdog","floor":27,"key":"SMITH"},{"floor":32,"key":"REST"},{"floor":41,"key":"REST"},{"floor":44,"key":"RECALL"},{"data":"theDuelist:LeodrakeMane","floor":49,"key":"SMITH"},{"data":"theDuelist:HuntingInstinct","floor":52,"key":"SMITH"}],"circlet_count":0,"master_deck":["theDuelist:CastleWalls","theDuelist:CastleWalls","theDuelist:CastleWalls","theDuelist:NaturiaBeast","theDuelist:NaturiaCliff","theDuelist:NaturiaRock","theDuelist:NaturiaTulip","theDuelist:Sparks","theDuelist:Sparks","theDuelist:GracefulCharity","theDuelist:NaturiaCosmobeet+1","theDuelist:NaturiaPineapple","theDuelist:DeltaMagnet","theDuelist:BigFire+1","theDuelist:BigFire","theDuelist:Wildfire","theDuelist:LonefireBlossom+1","theDuelist:SummoningSwarm","theDuelist:NaturiaEggplant+1","theDuelist:HuntingInstinct+1","theDuelist:NaturiaDragonfly+1","theDuelist:HeartUnderdog+1","theDuelist:SeismicShockwave","theDuelist:MillenniumGolem+1","theDuelist:NaturiaSacredTree+1","theDuelist:NaturiaRagweed","theDuelist:LeodrakeMane+1","theDuelist:NaturiaRagweed","theDuelist:NaturiaBambooShoot","Writhe","theDuelist:NaturiaRagweed","theDuelist:Wiretap","theDuelist:GracefulCharity+1","theDuelist:HeartUnderdog","theDuelist:NaturiaExterio","theDuelist:NaturiaStinkbug+1","theDuelist:NaturiaHydrangea","theDuelist:NaturiaSacredTree+1","theDuelist:Anteater+1","theDuelist:NaturiaHydrangea+1","theDuelist:NaturiaEggplant","theDuelist:NaturiaBambooShoot","theDuelist:Fissure+1"],"relics":["theDuelist:MillenniumPuzzle","theDuelist:CardPoolRelic","theDuelist:CardPoolBasicRelic","theDuelist:BoosterPackPoolRelic","theDuelist:CardPoolAddRelic","theDuelist:CardPoolMinusRelic","theDuelist:CardPoolSaveRelic","theDuelist:CardPoolOptionsRelic","theDuelist:MillenniumArmor","Nunchaku","PreservedInsect","Black Star","Lantern","Snake Skull","theDuelist:ArmorPlateE","theDuelist:SummonAnchorRare","Pocketwatch","theDuelist:DuelistTeaSet","SlaversCollar","Red Mask","Akabeko","Red Skull","Oddly Smooth Stone","theDuelist:NatureOrb","Eternal Feather","theDuelist:YugiMirror","Pantograph"],"acts_visited":["Exordium","TheCity","TheBeyond","TheEnding"],"potions_floor_usage":[13,45,46,46,55,55],"damage_taken":[{"damage":11,"enemies":"Jaw Worm","floor":1,"turns":6},{"damage":2,"enemies":"Small Slimes","floor":2,"turns":3},{"damage":3,"enemies":"2 Louse","floor":3,"turns":3},{"damage":23,"enemies":"Lagavulin","floor":6,"turns":8},{"damage":0,"enemies":"Blue Slaver","floor":8,"turns":3},{"damage":0,"enemies":"3 Sentries","floor":11,"turns":5},{"damage":0,"enemies":"Gremlin Nob","floor":13,"turns":4},{"damage":0,"enemies":"Gremlin Gang","floor":14,"turns":1},{"damage":13,"enemies":"The Guardian","floor":16,"turns":10},{"damage":0,"enemies":"Chosen","floor":18,"turns":4},{"damage":0,"enemies":"3 Byrds","floor":19,"turns":4},{"damage":0,"enemies":"Centurion and Healer","floor":20,"turns":6},{"damage":1,"enemies":"Shelled Parasite and Fungi","floor":21,"turns":4},{"damage":11,"enemies":"Snake Plant","floor":22,"turns":4},{"damage":25,"enemies":"Gremlin Leader","floor":23,"turns":6},{"damage":0,"enemies":"theDuelist:KaibaA2","floor":29,"turns":5},{"damage":0,"enemies":"3 Cultists","floor":30,"turns":4},{"damage":0,"enemies":"Snecko","floor":31,"turns":4},{"damage":12,"enemies":"Champ","floor":33,"turns":11},{"damage":10,"enemies":"Orb Walker","floor":35,"turns":4},{"damage":8,"enemies":"3 Shapes","floor":37,"turns":4},{"damage":24,"enemies":"Sphere and 2 Shapes","floor":38,"turns":6},{"damage":23,"enemies":"Reptomancer","floor":40,"turns":5},{"damage":16,"enemies":"4 Shapes","floor":42,"turns":3},{"damage":0,"enemies":"Nemesis","floor":45,"turns":5},{"damage":32,"enemies":"Spire Growth","floor":46,"turns":5},{"damage":17,"enemies":"Donu and Deca","floor":50,"turns":9},{"damage":30,"enemies":"Shield and Spear","floor":54,"turns":6},{"damage":30,"enemies":"The Heart","floor":55,"turns":11}],"seed_played":"2187342749749340029","potions_obtained":[{"floor":1,"key":"theDuelist:TokenPotionB"},{"floor":8,"key":"Block Potion"},{"floor":14,"key":"CultistPotion"},{"floor":16,"key":"SneckoOil"},{"floor":21,"key":"Weak Potion"},{"floor":29,"key":"DuplicationPotion"},{"floor":45,"key":"AttackPotion"},{"floor":46,"key":"Fire Potion"},{"floor":54,"key":"DuplicationPotion"}],"is_trial":false,"path_per_floor":["M","M","M","?","?","E","?","M","T","R","E","$","E","M","R","B",null,"M","M","M","M","M","E","$","R","T","R","?","E","M","M","R","B",null,"M","?","M","M","?","E","R","M","T","R","E","M","?","$","R","B",null,"R","$","E","B",null],"character_chosen":"THE_DUELIST","items_purchased":["theDuelist:Wildfire","theDuelist:LonefireBlossom","theDuelist:SummoningSwarm","theDuelist:ArmorPlateE","theDuelist:LeodrakeMane","theDuelist:NaturiaRagweed","theDuelist:NaturiaBambooShoot","theDuelist:NaturiaEggplant"],"campfire_rested":2,"item_purchase_floors":[12,12,12,24,24,24,24,48],"current_hp_per_floor":[69,67,64,57,57,34,34,34,34,34,44,44,44,44,44,31,81,81,81,81,80,69,44,44,44,44,44,44,44,44,44,73,61,89,79,79,71,47,47,24,53,37,37,37,37,5,98,98,98,81,94,98,98,68,63],"gold":53,"neow_bonus":"TEN_PERCENT_HP_BONUS","is_daily":false,"chose_seed":false,"campfire_upgraded":6,"win_rate":0.0,"timestamp":1611516500,"path_taken":["M","M","M","?","?","E","?","M","T","R","E","?","E","M","R","BOSS","M","M","M","M","?","E","$","R","T","R","?","E","M","M","R","BOSS","M","?","M","M","?","E","R","M","T","R","E","?","?","?","R","BOSS","R","$","E","BOSS"],"items_purchased_type":["Card","Card","Card","Relic","Card","Card","Card","Card"],"build_version":"2020-12-22","purchased_purges":1,"victory":true,"max_hp_per_floor":[88,88,88,88,88,88,88,88,88,88,98,98,98,98,98,98,98,98,98,98,98,98,98,98,98,98,98,98,98,98,98,98,98,98,98,98,98,98,98,98,98,98,98,98,98,98,98,98,98,98,98,98,98,98,98],"card_choices":[{"not_picked":["theDuelist:WildNatureRelease","theDuelist:VenomShot","theDuelist:BarkionBark","theDuelist:SpacetimeTranscendence"],"picked":"theDuelist:GracefulCharity","floor":1},{"not_picked":["theDuelist:NaturiaExterio","theDuelist:NaturiaBambooShoot","theDuelist:NaturiaSunflower","theDuelist:NaturiaBrambi"],"picked":"theDuelist:NaturiaCosmobeet","floor":2},{"not_picked":["theDuelist:NaturiaDragonfly","theDuelist:NaturiaRagweed","theDuelist:NaturiaSunflower","theDuelist:LonefireBlossom"],"picked":"theDuelist:NaturiaPineapple","floor":3},{"not_picked":["theDuelist:DarkHole","theDuelist:WeepingIdol","theDuelist:PotAvarice","theDuelist:SphereKuriboh"],"picked":"theDuelist:BigFire","floor":6},{"not_picked":["theDuelist:Mudora","theDuelist:HaneHane","theDuelist:FluteKuriboh","theDuelist:MudragonSwamp"],"picked":"theDuelist:DestructPotion","floor":8},{"not_picked":["theDuelist:GracefulCharity"],"picked":"theDuelist:BigFire","floor":11},{"not_picked":["theDuelist:DemiseLand","theDuelist:WormBait","theDuelist:NaturiaVein","theDuelist:DigitalBug","theDuelist:NaturiaForest"],"picked":"SKIP","floor":13},{"not_picked":["theDuelist:NaturiaHydrangea","theDuelist:NaturiaDragonfly","theDuelist:NaturiaCliff","theDuelist:NaturiaBrambi"],"picked":"theDuelist:NaturiaEggplant","floor":14},{"not_picked":["theDuelist:NaturiaForest","theDuelist:DemiseLand","theDuelist:NaturiaVein","theDuelist:Canyon"],"picked":"theDuelist:HuntingInstinct","floor":16},{"not_picked":["theDuelist:NaturiaHydrangea","theDuelist:NaturiaEggplant","theDuelist:NaturiaCliff","theDuelist:WildNatureRelease"],"picked":"theDuelist:NaturiaDragonfly+1","floor":18},{"not_picked":["theDuelist:NaturiaForest","theDuelist:DemiseLand","theDuelist:ClosedForest","theDuelist:Wildfire+1"],"picked":"theDuelist:HeartUnderdog","floor":19},{"not_picked":["theDuelist:NaturiaBeetle","theDuelist:DemiseLand"],"picked":"theDuelist:SeismicShockwave","floor":20},{"not_picked":["theDuelist:HeavyStorm+1","theDuelist:Mudora+1","theDuelist:CatapultZone","theDuelist:HaneHane"],"picked":"theDuelist:MillenniumGolem+1","floor":21},{"not_picked":["theDuelist:VenomShot+1","theDuelist:BarkionBark","theDuelist:ConvulsionNature","theDuelist:GracefulCharity+1"],"picked":"theDuelist:NaturiaSacredTree+1","floor":22},{"not_picked":["theDuelist:NaturiaHydrangea","theDuelist:NaturiaEggplant+1","theDuelist:NaturiaMantis","theDuelist:BarkionBark+1"],"picked":"theDuelist:NaturiaRagweed","floor":23},{"not_picked":["theDuelist:NaturiaDragonfly","theDuelist:NaturiaSunflower","theDuelist:SummoningSwarm","theDuelist:LonefireBlossom"],"picked":"theDuelist:NaturiaRagweed","floor":29},{"not_picked":["theDuelist:Pollinosis","theDuelist:NatureReflection","theDuelist:NaturalDisaster","theDuelist:LairWire"],"picked":"theDuelist:Wiretap","floor":30},{"not_picked":["theDuelist:WildNatureRelease","theDuelist:AfterGenocide","theDuelist:ConvulsionNature","theDuelist:LeodrakeMane"],"picked":"theDuelist:GracefulCharity+1","floor":31},{"not_picked":["theDuelist:HuntingInstinct","theDuelist:Canyon","theDuelist:MultiplicationOfAnts","theDuelist:Wildfire"],"picked":"theDuelist:HeartUnderdog","floor":33},{"not_picked":["theDuelist:NaturiaDragonfly+1","theDuelist:LonefireBlossom+1","theDuelist:NaturiaEggplant+1","theDuelist:NaturiaHydrangea"],"picked":"theDuelist:NaturiaExterio","floor":35},{"not_picked":["theDuelist:NaturiaDragonfly","theDuelist:NaturiaMarron+1","theDuelist:FossilDig+1","theDuelist:NaturiaMantis+1"],"picked":"theDuelist:NaturiaStinkbug+1","floor":37},{"not_picked":["theDuelist:NaturiaDragonfly","theDuelist:NaturiaMantis+1","theDuelist:NaturiaAntjaw","theDuelist:WildNatureRelease+1"],"picked":"theDuelist:NaturiaHydrangea","floor":38},{"not_picked":["theDuelist:ConvulsionNature","theDuelist:LeodrakeMane","theDuelist:Anteater+1","theDuelist:NaturalDisaster+1"],"picked":"theDuelist:NaturiaSacredTree+1","floor":40},{"not_picked":["theDuelist:ConvulsionNature+1","theDuelist:NaturalDisaster+1","theDuelist:NaturiaForest+1","theDuelist:NaturiaVein+1"],"picked":"theDuelist:Anteater+1","floor":42},{"not_picked":["theDuelist:NaturiaSpiderfang","theDuelist:NaturiaMantis","theDuelist:SangaEarth","theDuelist:NaturiaCosmobeet+1"],"picked":"theDuelist:NaturiaHydrangea+1","floor":45},{"not_picked":["theDuelist:Sangan","theDuelist:Blockman+1","theDuelist:GraniteLoyalist","theDuelist:MudGolem+1"],"picked":"SKIP","floor":46},{"not_picked":["theDuelist:GolemSentry+1","theDuelist:MillenniumGolem+1","theDuelist:PotAvarice+1","theDuelist:ChangeHeart+1"],"picked":"theDuelist:Fissure+1","floor":54}],"player_experience":258935,"relics_obtained":[{"floor":6,"key":"theDuelist:MillenniumArmor"},{"floor":9,"key":"Nunchaku"},{"floor":11,"key":"Bag of Preparation"},{"floor":13,"key":"PreservedInsect"},{"floor":23,"key":"Lantern"},{"floor":23,"key":"Snake Skull"},{"floor":29,"key":"Pocketwatch"},{"floor":29,"key":"theDuelist:DuelistTeaSet"},{"floor":40,"key":"Akabeko"},{"floor":40,"key":"Red Skull"},{"floor":43,"key":"Oddly Smooth Stone"},{"floor":45,"key":"theDuelist:NatureOrb"},{"floor":45,"key":"Eternal Feather"},{"floor":54,"key":"theDuelist:YugiMirror"},{"floor":54,"key":"Pantograph"}],"event_choices":[{"cards_removed":["theDuelist:Sparks"],"damage_healed":0,"gold_gain":0,"player_choice":"Card Removal","damage_taken":7,"max_hp_gain":0,"max_hp_loss":0,"event_name":"Golden Wing","floor":4,"gold_loss":0},{"damage_healed":0,"gold_gain":0,"player_choice":"Delta Electro","duelist":true,"damage_taken":0,"max_hp_gain":0,"max_hp_loss":0,"event_name":"Egyptian Village","floor":5,"gold_loss":0,"cards_obtained":["Delta Electromagnet Warrior"]},{"damage_healed":0,"gold_gain":0,"player_choice":"Grow","damage_taken":0,"max_hp_gain":0,"max_hp_loss":0,"event_name":"Living Wall","floor":7,"gold_loss":0,"cards_upgraded":["theDuelist:NaturiaCosmobeet"]},{"damage_healed":0,"gold_gain":0,"player_choice":"Opened","damage_taken":0,"relics_obtained":["theDuelist:SummonAnchorRare"],"max_hp_gain":0,"max_hp_loss":0,"event_name":"The Mausoleum","floor":28,"gold_loss":0,"cards_obtained":["Writhe"]},{"damage_healed":0,"gold_gain":0,"player_choice":"Paid","damage_taken":0,"relics_obtained":["Red Mask"],"max_hp_gain":0,"max_hp_loss":0,"event_name":"Tomb of Lord Red Mask","floor":36,"gold_loss":239},{"damage_healed":0,"gold_gain":0,"player_choice":"Scored: 2371","duelist":true,"damage_taken":0,"max_hp_gain":0,"max_hp_loss":0,"event_name":"Visit from Anubis","floor":39,"gold_loss":0},{"damage_healed":93,"gold_gain":0,"player_choice":"Heal","damage_taken":0,"max_hp_gain":0,"max_hp_loss":0,"event_name":"MindBloom","floor":47,"gold_loss":0,"cards_obtained":["Doubt"]}],"is_beta":false,"boss_relics":[{"not_picked":["Calling Bell","Inserter"],"picked":"Black Star"},{"not_picked":["Coffee Dripper","Busted Crown"],"picked":"SlaversCollar"}],"items_purged_floors":[48],"is_endless":false,"potions_floor_spawned":[1,8,14,16,21,22,29,31,33,37,38,45,46,54],"ascension_level":9}}