{"host":"m1zxfnvdt64iwp8k","time":1611495145,"event":{"mods":["Act Like it!","BaseMod","Gensokyo","Marisa£®ÏF”Í°°ƒß¿Ì…≥£©","Minty Spire (QoL Compilation)","Reimu£®≤©¿ˆ¡È√Œ£©","StSLib"],"gold_per_floor":[360,371,37,37,17,17,33,33,33,352,384,384,334,345,345,450,450,468,484,39,57,96,96,107,107,107,127,127,357,357,7,7,106,106,119,133,145,55,4,24,24,34,57,85,99,99,119,119,119,119],"floor_reached":51,"language":"ZHS","playtime":4784,"items_purged":["Normality","Strike_MRS"],"score":751,"play_id":"3898d0e4-9c7c-43d0-b5ef-6a44584fe179","local_time":"20210124213225","is_ascension_mode":false,"campfire_choices":[{"data":"Madness","floor":6.0,"key":"SMITH"},{"data":"UpSweep","floor":8.0,"key":"SMITH"},{"data":"Gensokyo:BlessingOfVigor","floor":15.0,"key":"SMITH"},{"data":"StarDustReverie","floor":23,"key":"SMITH"},{"data":"FinalSpark","floor":25,"key":"SMITH"},{"data":"Singularity","floor":32,"key":"SMITH"},{"data":"Jack Of All Trades","floor":41,"key":"SMITH"},{"floor":46,"key":"REST"},{"floor":49,"key":"REST"}],"circlet_count":0,"master_deck":["Strike_MRS","Strike_MRS","Strike_MRS","Defend_MRS","Defend_MRS","Defend_MRS","Defend_MRS","MasterSpark","UpSweep+1","Singularity","IllusionStar","Madness+1","PowerUp","MysteriousBeam","Gensokyo:BlessingOfVigor+1","IllusionStar","FinalSpark+1","LuminesStrike","Acceleration","Gensokyo:GapWoman","Singularity+1","StarDustReverie+1","AlicesGift","Acceleration+1","WitchLeyline","EnergyFlow","StarDustReverie+1","Jack Of All Trades+1","Gensokyo:ShootingStar","StarDustReverie","Acceleration+1","6A","PowerUp+1","Gensokyo:CustomPotion","Gensokyo:Shovel","OneTimeOff+1","MysteriousBeam+1","EarthLightRay+1","GravityBeat+1","PulseMagic","SatelliteIllusion","PropBag+1"],"relics":["MiniHakkero","Toolbox","Happy Flower","White Beast Statue","Anchor","Philosopher\u0027s Stone","SimpleLauncher","Mummified Hand","Gensokyo:RedStar","Letter Opener","Gensokyo:DirgeOfMelancholy","DollysMirror","ExperimentalFamiliar","Dream Catcher","Blood Vial"],"acts_visited":["Exordium","Gensokyo:Gensokyo","Gensokyo:Gensokyoer"],"potions_floor_usage":[21,22,24,29,33,33,33,33,36,40,40,44,44,50],"damage_taken":[{"damage":0.0,"enemies":"Gensokyo:3_Fairies","floor":1.0,"turns":4.0},{"damage":1.0,"enemies":"Gensokyo:Python","floor":2.0,"turns":3.0},{"damage":7.0,"enemies":"Gensokyo:2_Kodama","floor":7.0,"turns":3.0},{"damage":5.0,"enemies":"Gensokyo:Gryphon_and_Rabbit","floor":10.0,"turns":5.0},{"damage":22.0,"enemies":"Gensokyo:Cirno","floor":11.0,"turns":6.0},{"damage":1.0,"enemies":"Gensokyo:3_Kodama","floor":14.0,"turns":3.0},{"damage":20.0,"enemies":"Gensokyo:Yukari","floor":16.0,"turns":6.0},{"damage":0.0,"enemies":"Gensokyo:2_Gloops","floor":18.0,"turns":2.0},{"damage":5.0,"enemies":"Gensokyo:AngelMirror","floor":19.0,"turns":2.0},{"damage":1,"enemies":"Gensokyo:Wraith","floor":21,"turns":3},{"damage":19,"enemies":"Gensokyo:Slime_Group","floor":22,"turns":4},{"damage":0,"enemies":"Gensokyo:Monolith_and_Dog","floor":24,"turns":2},{"damage":0,"enemies":"Gensokyo:Chomper_and_Gloop","floor":27,"turns":3},{"damage":0,"enemies":"Gensokyo:Tenshi","floor":29,"turns":3},{"damage":15,"enemies":"Gensokyo:Kaguya","floor":33,"turns":5},{"damage":3,"enemies":"Gensokyo:AncientGuardian","floor":35,"turns":3},{"damage":0,"enemies":"Gensokyo:3_Bats","floor":36,"turns":1},{"damage":12,"enemies":"Gensokyo:Sharpion","floor":37,"turns":3},{"damage":0,"enemies":"Gensokyo:3_Boulders","floor":40,"turns":3},{"damage":0,"enemies":"Gensokyo:Dusk_and_Dawn","floor":42,"turns":1},{"damage":37,"enemies":"Gensokyo:Marisa","floor":44,"turns":2},{"damage":0,"enemies":"Gensokyo:Sharpion","floor":45,"turns":2},{"damage":0,"enemies":"Gensokyo:4_Bats","floor":47,"turns":1},{"damage":3,"enemies":"Gensokyo:Yuyuko","floor":50,"turns":3}],"seed_played":"-2413815537613648925","potions_obtained":[{"floor":1.0,"key":"Energy Potion"},{"floor":10.0,"key":"LiquidMemories"},{"floor":11.0,"key":"EntropicBrew"},{"floor":16.0,"key":"AttackPotion"},{"floor":19.0,"key":"Weak Potion"},{"floor":21,"key":"Strength Potion"},{"floor":22,"key":"Energy Potion"},{"floor":24,"key":"Block Potion"},{"floor":29,"key":"ZuzhouPotion:ReiMu"},{"floor":33,"key":"CultistPotion"},{"floor":35,"key":"PowerPotion"},{"floor":36,"key":"LiquidMemories"},{"floor":40,"key":"PowerPotion"},{"floor":42,"key":"Weak Potion"},{"floor":44,"key":"StarNLove"},{"floor":45,"key":"AttackPotion"}],"is_trial":false,"path_per_floor":["M","M","$","?","COS","R","M","R","T","M","E","?","?","M","R","B",null,"M","M","COS","M","M","R","M","R","T","M","?","E","?","$","R","B",null,"M","M","M","?","COS","M","R","M","T","E","M","R","M","?","R","B",null],"character_chosen":"MARISA","items_purchased":["Toolbox","Madness","WitchLeyline","DollysMirror","Jack Of All Trades"],"campfire_rested":2,"item_purchase_floors":[3,3,3,31,31],"current_hp_per_floor":[75,74,74,74,74,74,67,67,67,62,40,63,63,62,62,42,75,75,70,70,69,50,50,50,50,50,50,50,50,50,50,50,60,75,72,72,60,60,60,60,60,60,60,23,25,47,49,38,60,60],"gold":119,"neow_bonus":"TWO_FIFTY_GOLD","is_daily":false,"chose_seed":false,"campfire_upgraded":7,"win_rate":0.0,"timestamp":1611495145,"path_taken":["M","M","$","?","COS","R","M","R","T","M","E","?","?","?","R","BOSS","M","M","COS","M","M","R","?","R","T","M","?","E","?","$","R","BOSS","M","M","M","?","COS","M","R","?","T","E","M","R","M","?","R","BOSS"],"items_purchased_type":["Relic","Card","Card","Relic","Card"],"build_version":"2020-12-22","purchased_purges":2,"victory":true,"max_hp_per_floor":[75,75,75,75,75,75,75,75,75,75,75,75,75,75,75,75,75,75,75,75,75,75,75,75,75,75,75,75,75,75,75,75,75,75,75,75,75,75,75,75,75,75,75,75,75,75,75,75,75,75],"card_choices":[{"not_picked":["SporeBomb","PowerUp"],"picked":"Singularity","floor":1.0},{"not_picked":["UnstableBomb","ChargeUpSpray"],"picked":"IllusionStar","floor":2.0},{"not_picked":["SuperPerseids","ShootingEcho"],"picked":"PowerUp","floor":7.0},{"not_picked":["MagicChant","BigCrunch"],"picked":"MysteriousBeam","floor":10.0},{"not_picked":["GravityBeat","AsteroidBelt","OrrerysSun"],"picked":"SKIP","floor":11.0},{"not_picked":["SporeBomb","MysteriousBeam"],"picked":"IllusionStar","floor":14.0},{"not_picked":["MillisecondPulsars","UltimateShortwave"],"picked":"FinalSpark","floor":16.0},{"not_picked":["AsteroidBelt","OpenUniverse+1"],"picked":"LuminesStrike","floor":18.0},{"not_picked":["GrandCross","DC"],"picked":"Acceleration","floor":19.0},{"not_picked":["LuminesStrike","RefractionSpark+1"],"picked":"Singularity","floor":21},{"not_picked":["FinalSpark","TreasureHunter"],"picked":"StarDustReverie","floor":22},{"not_picked":["OortCloud","MagicAbsorber"],"picked":"AlicesGift","floor":22},{"not_picked":["OneTimeOff","WitchLeyline"],"picked":"Acceleration+1","floor":24},{"not_picked":["GravityBeat+1","AsteroidBelt+1"],"picked":"WitchLeyline","floor":27},{"not_picked":["EnergyRecoil","BlazeAway"],"picked":"EnergyFlow","floor":29},{"not_picked":[],"picked":"Gensokyo:ShootingStar","floor":33},{"not_picked":["CasketOfStar","SuperNova"],"picked":"StarDustReverie","floor":33},{"not_picked":["MagicChant","WitchLeyline+1"],"picked":"Acceleration+1","floor":35},{"not_picked":["GravityBeat+1","AsteroidBelt"],"picked":"6A","floor":36},{"not_picked":["NonDirectionalLaser","DoubleSpark"],"picked":"PowerUp+1","floor":37},{"not_picked":["DarkSpark+1","ShootingEcho"],"picked":"OneTimeOff+1","floor":40},{"not_picked":["PowerUp+1","LuminesStrike+1"],"picked":"MysteriousBeam+1","floor":42},{"not_picked":["DarkSpark+1","Occultation+1"],"picked":"EarthLightRay+1","floor":44},{"not_picked":["FairyDestructionRay+1","ChargeUpSpray+1"],"picked":"GravityBeat+1","floor":45},{"not_picked":["ChargeUpSpray+1","DC+1"],"picked":"PulseMagic","floor":46},{"not_picked":["ChargingUp+1","AsteroidBelt"],"picked":"SatelliteIllusion","floor":47},{"not_picked":["PulseMagic+1","StarBarrage+1"],"picked":"PropBag+1","floor":49}],"player_experience":105127,"relics_obtained":[{"floor":9.0,"key":"White Beast Statue"},{"floor":11.0,"key":"Anchor"},{"floor":26,"key":"Mummified Hand"},{"floor":29,"key":"Letter Opener"},{"floor":43,"key":"Dream Catcher"},{"floor":44,"key":"Blood Vial"}],"event_choices":[],"is_beta":false,"boss_relics":[{"not_picked":["Fusion Hammer","Tiny House"],"picked":"Philosopher\u0027s Stone"},{"not_picked":["Pandora\u0027s Box","SlaversCollar"],"picked":"ExperimentalFamiliar"}],"items_purged_floors":[3,31],"is_endless":false,"potions_floor_spawned":[1,10,11,14,16,18,19,21,22,24,27,29,33,35,36,37,40,42,44,45,47],"ascension_level":0}}