{"host":"kiczkwpc36uxnkg8","time":1611508062,"event":{"mods":["AchievementEnabler","Act Like it!","Aspiration","BaseMod","Colored Powertips","Energized Spire","GifTheSpireLib","Hubris","Infinite Spire","Koishi","Minty Spire (QoL Compilation)","Pale of the Ancients","Permanent Neow","Quick Restart","Relic Filter","Remilia??????","Replay The Spire","Spicy Shops","StSLib","Stuff the Spire","The Alterego","The Bug Knight","The Servant 0.9.4","Wandering Minibosses"],"gold_per_floor":[12,12,12,29,29,29,47,47,47,47,57,57,57,70,70,170,170,187,206,206,206,31,31,43,43,43,61,61,61,61,80,80,182,182,210,259,79,79,79,79,99,99,126,126,126],"floor_reached":44,"language":"ENG","playtime":1901,"items_purged":["Defend_S","Strike_S","Defend_S","Strike_S"],"score":708,"play_id":"15a8acbc-9a54-4bbd-bbbe-b175e0ae70d2","local_time":"20210124170742","is_ascension_mode":true,"campfire_choices":[{"data":"Replace","floor":6,"key":"SMITH"},{"data":"Potential","floor":8,"key":"SMITH"},{"data":"Moondial","floor":10,"key":"SMITH"},{"data":"WasteNot","floor":12,"key":"SMITH"},{"data":"Rewind","floor":15,"key":"SMITH"},{"data":"ShatteredReality","floor":23,"key":"SMITH"},{"data":"BottledTime","floor":25,"key":"SMITH"},{"data":"TimeWarp","floor":28,"key":"SMITH"},{"data":"infinitespire:Gouge","floor":32,"key":"SMITH"},{"data":"MurderousAura","floor":40,"key":"SMITH"},{"data":"Rewind","floor":42,"key":"SMITH"}],"circlet_count":0,"master_deck":["Strike_S","Defend_S","Defend_S","Moondial+1","Replace+1","ShatteredReality+1","Potential+1","WasteNot+1","Rewind+1","MurderousAura+1","TimeWarp+1","Rewind+1","BottledTime+1","infinitespire:Gouge+1","TimeWarp+1","Potential+1","Advance+1"],"relics":["Uniform","aspiration:HatOfInfinitePower","aspiration:IroncladSkillbook","hubris:BottledHeart","infinitespire:Broken Mirror","Calipers","infinitespire:EvilPickle","Replay:Grab Bag","Coffee Dripper","ReplayTheSpireMod:DimensionalGlitch","Black Star","OldScarf","hubris:Towel","hubris:Icosahedron","StuffTheSpire:Gunfinga"],"acts_visited":["Exordium","TheCity","TheBeyond"],"potions_floor_usage":[16,16,31,44,44,44],"damage_taken":[{"damage":2,"enemies":"Jaw Worm","floor":1,"turns":5},{"damage":0,"enemies":"2 Louse","floor":4,"turns":2},{"damage":0,"enemies":"Cultist","floor":7,"turns":4},{"damage":0,"enemies":"3 Louse","floor":11,"turns":3},{"damage":4,"enemies":"Exordium Thugs","floor":14,"turns":4},{"damage":39,"enemies":"Hexaghost","floor":16,"turns":15},{"damage":11,"enemies":"Shell Parasite","floor":18,"turns":4},{"damage":25,"enemies":"Chosen","floor":19,"turns":6},{"damage":0,"enemies":"Snake Plant","floor":24,"turns":5},{"damage":0,"enemies":"3 Cultists","floor":27,"turns":4},{"damage":0,"enemies":"Shelled Parasite and Fungi","floor":31,"turns":2},{"damage":0,"enemies":"Pondfish","floor":33,"turns":9},{"damage":0,"enemies":"3 Shapes","floor":35,"turns":3},{"damage":0,"enemies":"2 Orb Walkers","floor":36,"turns":4},{"damage":0,"enemies":"3 Darklings","floor":41,"turns":3},{"damage":10,"enemies":"Writhing Mass","floor":44,"turns":2}],"seed_played":"5222639340388006713","potions_obtained":[{"floor":4,"key":"SkillPotion"},{"floor":11,"key":"Adrenaline Potion"},{"floor":16,"key":"infinitespire:BlackPotion"},{"floor":18,"key":"Venom Potion"},{"floor":27,"key":"EntropicBrew"},{"floor":33,"key":"Doom Potion"}],"is_trial":false,"path_per_floor":["M","?","?","M","?","R","M","R","T","R","M","R","?","M","R","B",null,"M","M","?","?","$","R","M","R","T","M","R","?","AVR","M","R","B",null,"M","?","$","?","?","R","M","R","T","M"],"character_chosen":"THE_SERVANT","items_purchased":["Advance+1"],"campfire_rested":0,"item_purchase_floors":[37],"current_hp_per_floor":[63,63,63,63,63,63,63,63,63,63,63,63,65,61,61,22,65,58,37,37,1,1,1,1,1,1,1,1,1,1,1,1,1,1,1,1,1,1,1,1,1,1,1,0,0],"gold":126,"neow_bonus":"TRANSFORM_TWO_CARDS","is_daily":false,"chose_seed":false,"campfire_upgraded":11,"win_rate":0.0,"timestamp":1611508062,"path_taken":["M","?","?","M","?","R","?","R","T","R","M","R","?","M","R","BOSS","M","M","?","?","?","R","M","R","T","M","R","?","AVR","?","R","BOSS","M","?","$","?","?","R","M","R","T","M"],"items_purchased_type":["Card"],"build_version":"2020-12-22","purchased_purges":4,"victory":false,"max_hp_per_floor":[65,65,65,65,65,65,65,65,65,65,65,65,65,65,65,65,65,65,65,65,1,1,1,1,1,1,1,1,1,1,1,1,1,1,1,1,1,1,1,1,1,1,1,1,1],"card_choices":[{"not_picked":["BottledTime","Starlight"],"picked":"Replace","floor":1},{"not_picked":["Rearm","Unruled"],"picked":"ShatteredReality","floor":4},{"not_picked":["DoubleEdge","SurpressingFire"],"picked":"Potential","floor":7},{"not_picked":["InstantArmor","SilverBlades"],"picked":"WasteNot","floor":11},{"not_picked":["Moonlight","Reset"],"picked":"Rewind","floor":14},{"not_picked":["ForgedInTime","Sunlight"],"picked":"MurderousAura","floor":16},{"not_picked":["Battle Trance","Defy Death","Anger"],"picked":"TimeWarp","floor":18},{"not_picked":["StarChef","Second Wind","Havoc+1"],"picked":"Rewind","floor":19},{"not_picked":["Body Slam","Hemokinesis","Havoc"],"picked":"BottledTime","floor":24},{"not_picked":["Wild Strike","Armaments","Burning Pact+1","Read"],"picked":"SKIP","floor":27},{"not_picked":["ReplayTheSpireMod:??????????????????????","infinitespire:Menacing"],"picked":"infinitespire:Gouge","floor":29},{"not_picked":["Disarm","Bludgeon","Unruled+1"],"picked":"TimeWarp+1","floor":31},{"not_picked":["Fire Breathing+1","Second Wind","Anger+1"],"picked":"Potential+1","floor":35},{"not_picked":["Rearm","Life Link+1","Snipe+1","Hemokinesis+1"],"picked":"SKIP","floor":41}],"player_experience":629843,"relics_obtained":[{"floor":9,"key":"aspiration:HatOfInfinitePower"},{"floor":26,"key":"infinitespire:Broken Mirror"},{"floor":36,"key":"OldScarf"},{"floor":43,"key":"StuffTheSpire:Gunfinga"}],"event_choices":[{"damage_healed":0,"gold_gain":0,"player_choice":"Ignored","damage_taken":0,"max_hp_gain":0,"max_hp_loss":0,"event_name":"Shining Light","floor":3,"gold_loss":0},{"cards_removed":["Moonlight"],"damage_healed":0,"gold_gain":0,"player_choice":"Purged","damage_taken":0,"max_hp_gain":0,"max_hp_loss":0,"event_name":"Purifier","floor":5,"gold_loss":0},{"damage_healed":2,"gold_gain":0,"player_choice":"Full Heal","damage_taken":0,"max_hp_gain":0,"max_hp_loss":0,"event_name":"Wheel of Change","floor":13,"gold_loss":0},{"damage_healed":0,"gold_gain":0,"player_choice":"Fight","damage_taken":0,"max_hp_gain":0,"max_hp_loss":0,"event_name":"Mysterious Sphere","floor":36,"gold_loss":0}],"is_beta":false,"boss_relics":[{"not_picked":["StuffTheSpire:Kangaroo","energizedSpire:CursedPentagram"],"picked":"aspiration:IroncladSkillbook"},{"not_picked":["hubris:ScarierMask","StoneMask"],"picked":"Replay:Grab Bag"},{"not_picked":["hubris:VirtuousBlindfold","Cursed Key"],"picked":"Coffee Dripper"},{"not_picked":["energizedSpire:NeverEndingSparkler","energizedSpire:EnergizedDie"],"picked":"ReplayTheSpireMod:DimensionalGlitch"},{"not_picked":["aspiration:RunicSpoon","Astrolabe"],"picked":"Black Star"}],"items_purged_floors":[22,22,30,37],"is_endless":false,"potions_floor_spawned":[4,11,16,18,27,33,36],"killed_by":"Writhing Mass","ascension_level":2}}