{"host":"g4jqqbmo30rq7cal","time":1611477945,"event":{"mods":["BaseMod","Better Match","BetterRewards","Conspire","DeckTracker","Hermit","Minty Spire (QoL Compilation)","Rare Cards Sparkle","Shop Mod","StSLib","The Bug Knight","The Cursed","The Mystic","[IsaacMod]????"],"gold_per_floor":[118,118,118,129,148,148,166,193,220,231,231,245,245,264,264,368,368,382,424,439,439,439],"floor_reached":21,"language":"RUS","playtime":2777,"items_purged":[],"score":333,"play_id":"57bbf929-a117-42e8-8f74-b0ff8819232d","local_time":"20210124134545","is_ascension_mode":false,"campfire_choices":[{"data":"Vigilance","floor":6,"key":"SMITH"},{"floor":11,"key":"REST"},{"floor":13,"key":"REST"},{"data":"Eruption","floor":15,"key":"SMITH"}],"circlet_count":0,"master_deck":["Strike_P","Strike_P","Strike_P","Strike_P","Defend_P","Defend_P","Defend_P","Defend_P","Eruption+1","Vigilance+1","Weave","Prostrate","BowlingBash","Crescendo","Protect","ClearTheMind","JustLucky+1","FearNoEvil","LessonLearned","Devotion","Weave","Prostrate","ThirdEye"],"relics":["PureWater","HushsDoor","Chaos","BookOfRevelations","conspire:GiftBox","GuppysHead","conspire:GlowingRock"],"acts_visited":["Exordium","TheCity"],"potions_floor_usage":[8,8,16,16,19],"damage_taken":[{"damage":1,"enemies":"Jaw Worm","floor":1,"turns":3},{"damage":0,"enemies":"Cultist","floor":4,"turns":3},{"damage":0,"enemies":"2 Louse","floor":5,"turns":2},{"damage":9,"enemies":"Blue Slaver","floor":7,"turns":5},{"damage":50,"enemies":"3 Sentries","floor":8,"turns":14},{"damage":0,"enemies":"Looter","floor":10,"turns":3},{"damage":0,"enemies":"3 Louse","floor":12,"turns":3},{"damage":0,"enemies":"Large Slime","floor":14,"turns":6},{"damage":0,"enemies":"Slime Boss","floor":16,"turns":4},{"damage":9,"enemies":"2 Thieves","floor":18,"turns":4},{"damage":43,"enemies":"conspire:MimicChest","floor":19,"turns":8},{"damage":0,"enemies":"Spheric Guardian","floor":20,"turns":4},{"damage":14,"enemies":"Shelled Parasite and Fungi","floor":21,"turns":2}],"seed_played":"1035770185198756611","potions_obtained":[{"floor":5,"key":"DuplicationPotion"},{"floor":7,"key":"EssenceOfSteel"},{"floor":8,"key":"PowerPotion"},{"floor":12,"key":"Weak Potion"},{"floor":16,"key":"SpeedPotion"},{"floor":18,"key":"CultistPotion"},{"floor":19,"key":"DuplicationPotion"}],"is_trial":false,"path_per_floor":["M","$","?","M","M","R","M","E","T","M","R","M","R","M","R","B",null,"M","?","M","M"],"character_chosen":"WATCHER","items_purchased":["GuppysHead"],"campfire_rested":2,"item_purchase_floors":[17],"current_hp_per_floor":[71,71,71,71,71,71,62,12,12,12,33,33,54,54,54,54,62,53,10,10,0,0],"gold":439,"neow_bonus":"","is_daily":false,"chose_seed":false,"campfire_upgraded":2,"win_rate":0.0,"timestamp":1611477945,"path_taken":["M","$","?","?","M","R","?","E","T","M","R","M","R","M","R","BOSS","M","?","M","M"],"items_purchased_type":["Relic"],"build_version":"2020-12-22","purchased_purges":0,"victory":false,"max_hp_per_floor":[72,72,72,72,72,72,72,72,72,72,72,72,72,72,72,72,62,62,62,62,62,62],"card_choices":[{"not_picked":["Study","PathToVictory"],"picked":"Weave","floor":1},{"not_picked":["WheelKick","Indignation"],"picked":"Prostrate","floor":4},{"not_picked":["Perseverance","FollowUp"],"picked":"BowlingBash","floor":5},{"not_picked":["Evaluate","Sanctity"],"picked":"Crescendo","floor":7},{"not_picked":["Crescendo","FollowUp"],"picked":"Protect","floor":8},{"not_picked":["Consecrate","Scrawl"],"picked":"ClearTheMind","floor":10},{"not_picked":["BowlingBash","Evaluate"],"picked":"JustLucky","floor":12},{"not_picked":["SashWhip","Sanctity"],"picked":"FearNoEvil","floor":14},{"not_picked":["SpiritShield","Devotion"],"picked":"LessonLearned","floor":16},{"not_picked":["ConjureBlade","Scrawl"],"picked":"Devotion","floor":17},{"not_picked":["ReachHeaven","Evaluate"],"picked":"Weave","floor":18},{"not_picked":["JustLucky","Worship"],"picked":"Prostrate","floor":19},{"not_picked":["BowlingBash","CrushJoints"],"picked":"ThirdEye","floor":20}],"player_experience":303421,"relics_obtained":[{"floor":8,"key":"BookOfRevelations"},{"floor":19,"key":"conspire:GlowingRock"}],"event_choices":[{"damage_healed":0,"gold_gain":0,"player_choice":"Leave","damage_taken":0,"max_hp_gain":0,"max_hp_loss":0,"event_name":"The Cleric","floor":3,"gold_loss":0}],"is_beta":false,"boss_relics":[{"not_picked":["D6","Medical Kit"],"picked":"conspire:GiftBox"},{"not_picked":[]}],"items_purged_floors":[],"is_endless":false,"potions_floor_spawned":[5,7,8,12,16,18,19],"killed_by":"Shelled Parasite and Fungi","ascension_level":0}}