{"host":"uxq2rly8rxtwffuf","time":1611468119,"event":{"mods":["BaseMod","Koishi","Minty Spire (QoL Compilation)","StSLib","The Servant 0.9.4"],"gold_per_floor":[18,18,18,38,38,38,58,58,58,58,75,75,75,86,86,159,159,170,186,186,34,50,50,82,82,107,107,107],"floor_reached":27,"language":"ENG","playtime":772,"items_purged":[],"score":387,"play_id":"e2c78f11-d7fe-42a0-a1ef-878425fd8504","local_time":"20210124090159","is_ascension_mode":true,"campfire_choices":[{"data":"Beam Cell","floor":6,"key":"SMITH"},{"data":"Streamline","floor":10,"key":"SMITH"},{"data":"Beam Cell","floor":12,"key":"SMITH"},{"floor":15,"key":"REST"},{"floor":23,"key":"REST"},{"floor":25,"key":"REST"}],"circlet_count":0,"master_deck":["AscendersBane","Strike_B+1","Strike_B+1","Strike_B+1","Strike_B+1","Defend_B+1","Defend_B+1","Defend_B+1","Defend_B+1","Zap+1","Dualcast","Panache","Beam Cell","Beam Cell+1","Streamline+1","Beam Cell+1","Coolheaded","Glacier","Multi-Cast","Coolheaded","Rebound+1","Scrape","Rainbow"],"relics":["Cracked Core","DataDisk","SacredBark","Sling","Question Card","Lantern"],"acts_visited":["Exordium","TheCity"],"potions_floor_usage":[11,19,24,24],"damage_taken":[{"damage":0,"enemies":"2 Louse","floor":1,"turns":4},{"damage":0,"enemies":"Jaw Worm","floor":4,"turns":3},{"damage":5,"enemies":"Small Slimes","floor":7,"turns":3},{"damage":10,"enemies":"Gremlin Gang","floor":11,"turns":3},{"damage":10,"enemies":"Large Slime","floor":14,"turns":3},{"damage":34,"enemies":"Slime Boss","floor":16,"turns":11},{"damage":23,"enemies":"3 Byrds","floor":18,"turns":6},{"damage":0,"enemies":"Spheric Guardian","floor":19,"turns":2},{"damage":26,"enemies":"3 Cultists","floor":22,"turns":7},{"damage":11,"enemies":"Book of Stabbing","floor":24,"turns":4},{"damage":47,"enemies":"Slavers","floor":27,"turns":4}],"seed_played":"8893482775958813756","potions_obtained":[{"floor":4,"key":"AttackPotion"},{"floor":11,"key":"SpeedPotion"},{"floor":14,"key":"SteroidPotion"},{"floor":22,"key":"Fire Potion"}],"is_trial":false,"path_per_floor":["M","?","$","M","?","R","M","?","T","R","M","R","?","M","R","B",null,"M","M","?","$","M","R","E","R","T","E"],"character_chosen":"DEFECT","items_purchased":["Sling"],"campfire_rested":3,"item_purchase_floors":[21],"current_hp_per_floor":[64,64,64,64,69,69,64,53,53,53,43,43,43,33,55,21,62,39,39,39,39,13,35,24,46,46,0,0],"gold":107,"neow_bonus":"RANDOM_COLORLESS_2","is_daily":false,"chose_seed":false,"campfire_upgraded":3,"win_rate":0.0,"timestamp":1611468119,"path_taken":["M","?","$","M","?","R","M","?","T","R","M","R","?","M","R","BOSS","M","?","?","?","M","R","E","R","T","E"],"items_purchased_type":["Relic"],"build_version":"2020-12-22","purchased_purges":0,"victory":false,"max_hp_per_floor":[71,71,71,71,76,76,76,76,76,76,76,76,76,76,76,76,76,76,76,76,76,76,76,76,76,76,76,76],"card_choices":[{"not_picked":["The Bomb","Sadistic Nature"],"picked":"Panache","floor":0},{"not_picked":["Genetic Algorithm","Cold Snap"],"picked":"Beam Cell","floor":1},{"not_picked":["Sweeping Beam","Cold Snap"],"picked":"Beam Cell","floor":4},{"not_picked":["Rebound","Leap"],"picked":"Streamline","floor":7},{"not_picked":["Rip and Tear","Streamline"],"picked":"Beam Cell","floor":11},{"not_picked":["Compile Driver","Reprogram"],"picked":"Glacier","floor":14},{"not_picked":["Thunder Strike","Biased Cognition"],"picked":"Multi-Cast","floor":16},{"not_picked":["Redo","Leap"],"picked":"Coolheaded","floor":18},{"not_picked":["Melter","Barrage"],"picked":"Rebound+1","floor":19},{"not_picked":["Conserve Battery","Turbo+1"],"picked":"Scrape","floor":22},{"not_picked":["Streamline+1","Leap+1"],"picked":"Rainbow","floor":24}],"player_experience":1412956,"relics_obtained":[{"floor":24,"key":"Question Card"},{"floor":26,"key":"Lantern"}],"event_choices":[{"damage_healed":0,"gold_gain":0,"player_choice":"Grow","damage_taken":0,"max_hp_gain":0,"max_hp_loss":0,"event_name":"Living Wall","floor":2,"gold_loss":0,"cards_upgraded":["Zap"]},{"damage_healed":0,"gold_gain":0,"player_choice":"Donut","damage_taken":0,"max_hp_gain":5,"max_hp_loss":0,"event_name":"Big Fish","floor":5,"gold_loss":0},{"damage_healed":0,"gold_gain":0,"player_choice":"Success","damage_taken":11,"relics_obtained":["DataDisk"],"max_hp_gain":0,"max_hp_loss":0,"event_name":"Scrap Ooze","floor":8,"gold_loss":0},{"damage_healed":0,"gold_gain":0,"player_choice":"1 cards matched","damage_taken":0,"max_hp_gain":0,"max_hp_loss":0,"event_name":"Match and Keep!","floor":13,"gold_loss":0,"cards_obtained":["Coolheaded"]},{"damage_healed":0,"gold_gain":0,"player_choice":"Simplicity","damage_taken":0,"max_hp_gain":0,"max_hp_loss":0,"event_name":"Back to Basics","floor":20,"gold_loss":0,"cards_upgraded":["Strike_B","Strike_B","Strike_B","Strike_B","Defend_B","Defend_B","Defend_B","Defend_B"]}],"is_beta":false,"boss_relics":[{"not_picked":["Snecko Eye","Philosopher\u0027s Stone"],"picked":"SacredBark"}],"items_purged_floors":[],"is_endless":false,"potions_floor_spawned":[4,11,14,22],"killed_by":"Slavers","ascension_level":15}}