{"host":"pcbz64t4k17ey4z1","time":1611492921,"event":{"mods":["2.2 Compatiblity","AchievementEnabler","Act Like it!","Aspiration","BaseMod","Beaked The Cultist","Better Match","Better Third Choice","BetterRewards","Card Forge","Colored Map","Colored Powertips","Conspire","Disable Question Mark Monsters","Fireblade Mod","Friendly Minions","Gensokyo","GifTheSpireLib","Glutton Mod","Googly Eyes","Gremlin Mod","Hermit","Hubris","Infinite Spire","Koishi","Marisa????????","Minty Spire (QoL Compilation)","Permanent Neow","Potionbrewer","Quick Restart","Random Character Button","Rare Cards Sparkle","Relic Filter","Replay The Spire","Robot Space Explorer","Shade Mod","Shop Mod","Spicy Shops","StSLib","Stuff the Spire","SuperFastMode","The Cursed","The Druid","The Gatherer","The Hierophant","The IronCluck","The Jungle","The Marked","The Runesmith","Virulent Crown","Waifu the Spire","Wandering Minibosses","vexMod"],"gold_per_floor":[112,128,144,162,177,202,202,221,244,270,402,419,451,451,451,552,552,572,572,186,212,222,251,251,251],"floor_reached":24,"language":"ENG","playtime":2903,"items_purged":[],"score":290,"play_id":"e125834c-5db8-4621-b389-9cdb0e401c49","local_time":"20210124125521","is_ascension_mode":true,"campfire_choices":[{"data":"Runesmith:Permafrost","floor":7,"key":"SMITH"}],"circlet_count":0,"master_deck":["Runesmith:Defend_RS+1","Runesmith:Defend_RS+1","Runesmith:Defend_RS+1","Runesmith:CraftFirestone+1","Runesmith:Fortify+1","Runesmith:EnergizedChisel","Runesmith:FissionHammer","Runesmith:Permafrost+1","Runesmith:BackupBattery","Runesmith:Repurpose","Runesmith:Reinforce","Runesmith:EarthShield","Runesmith:GrandSlam","Runesmith:Augment","Runesmith:PerfectChisel","Runesmith:FieryHammer","Runesmith:MetallurgicalResearch","Runesmith:OneForEveryone","StuffTheSpire:FinalStruggle","Runesmith:Reinforce","Runesmith:Grindstone"],"relics":["Runesmith:BrokenRuby","Hammer of Thor","Seething Fire","Anvil of the Gods","aspiration:Nostalgia","beaked:MendingPlumage","Bottled Tornado","potionbrewer:ToyAutogyro","Singing Bowl","Replay:Bottled Steam","Frozen Egg 2","aspiration:BeakedSkillbook","aspiration:FetidBarrel","Bag of Preparation","Golden Egg"],"acts_visited":["Exordium","TheCity"],"potions_floor_usage":[4,8,11,16,24],"damage_taken":[{"damage":0,"enemies":"Jaw Worm","floor":1,"turns":3},{"damage":0,"enemies":"Cultist","floor":2,"turns":3},{"damage":0,"enemies":"Small Slimes","floor":3,"turns":1},{"damage":0,"enemies":"3 Louse","floor":4,"turns":3},{"damage":2,"enemies":"Looter","floor":5,"turns":5},{"damage":14,"enemies":"Lagavulin","floor":6,"turns":9},{"damage":7,"enemies":"Lots of Slimes","floor":8,"turns":5},{"damage":20,"enemies":"Gremlin Nob","floor":10,"turns":5},{"damage":4,"enemies":"3 Louse","floor":11,"turns":8},{"damage":6,"enemies":"Red Slaver","floor":12,"turns":5},{"damage":3,"enemies":"Replay:BlueRogue","floor":13,"turns":6},{"damage":19,"enemies":"Hexaghost","floor":16,"turns":12},{"damage":17,"enemies":"Spheric Guardian","floor":18,"turns":6},{"damage":13,"enemies":"Shell Parasite","floor":21,"turns":8},{"damage":24,"enemies":"Shelled Parasite and Fungi","floor":22,"turns":7},{"damage":27,"enemies":"Replay:Snechameleon","floor":23,"turns":8},{"damage":77,"enemies":"Snake Plant","floor":24,"turns":4}],"seed_played":"3453210615764117951","potions_obtained":[{"floor":3,"key":"DuplicationPotion"},{"floor":6,"key":"LiquidBronze"},{"floor":8,"key":"SteroidPotion"},{"floor":13,"key":"Toxic Potion"},{"floor":22,"key":"potionbrewer:CleansingPotion"},{"floor":23,"key":"LiquidMemories"}],"is_trial":false,"path_per_floor":["M","M","M","M","M","E","R","M","T","E","M","M","E","?","R_BF","B",null,"M","?","$","M","M","E","M"],"character_chosen":"RUNESMITH_CLASS","items_purchased":["aspiration:FetidBarrel","Bag of Preparation"],"campfire_rested":0,"item_purchase_floors":[20,20],"current_hp_per_floor":[70,70,70,70,70,68,68,70,70,55,70,70,70,70,70,66,70,65,65,65,64,64,63,0,0],"gold":251,"neow_bonus":"NOSTALGIA","is_daily":false,"chose_seed":false,"campfire_upgraded":1,"win_rate":0.0,"timestamp":1611492921,"path_taken":["M","M","M","M","M","E","R","M","T","E","M","M","E","?","R_BF","BOSS","M","?","$","M","M","E","M"],"items_purchased_type":["Relic","Relic"],"build_version":"2020-12-22","purchased_purges":0,"victory":false,"max_hp_per_floor":[70,70,70,70,70,70,70,70,70,70,70,70,70,70,70,70,70,70,70,70,70,70,72,72,72],"card_choices":[{"not_picked":["Runesmith:HammerTime","Runesmith:RuneHurl"],"picked":"Runesmith:EnergizedChisel","floor":1},{"not_picked":["Runesmith:EnergizedChisel","Runesmith:StaticCage"],"picked":"Runesmith:FissionHammer","floor":2},{"not_picked":["Runesmith:StaticCage","Runesmith:MakeshiftArmor"],"picked":"Runesmith:Permafrost","floor":3},{"not_picked":["Runesmith:Superposition","aspiration:UnbridledHammer"],"picked":"Runesmith:BackupBattery","floor":4},{"not_picked":["Runesmith:EnergizedChisel","Runesmith:Overpower"],"picked":"Runesmith:Repurpose","floor":5},{"not_picked":["Runesmith:Discharge","Runesmith:ElementalConversion"],"picked":"Runesmith:Reinforce","floor":6},{"not_picked":["Runesmith:Overpower","Runesmith:MakeshiftArmor"],"picked":"Runesmith:EarthShield","floor":8},{"not_picked":["Runesmith:Overpower","Runesmith:HeatedChisel"],"picked":"Runesmith:GrandSlam","floor":10},{"not_picked":["Runesmith:EnergizedChisel","Runesmith:CraftProtectio"],"picked":"Runesmith:Augment","floor":11},{"not_picked":["Runesmith:StaticCage","Runesmith:BackupBattery"],"picked":"Runesmith:PerfectChisel","floor":12},{"not_picked":["Runesmith:CraftMagma","Runesmith:ShiftingStrike"],"picked":"Runesmith:FieryHammer","floor":13},{"not_picked":["Runesmith:Supernova","Runesmith:LightningRod"],"picked":"Runesmith:MetallurgicalResearch","floor":16},{"not_picked":["Runesmith:ShiftingStrike","Runesmith:UnstableHammer","beaked:Struggle"],"picked":"Runesmith:OneForEveryone","floor":18},{"not_picked":["beaked:Windmill","beaked:CrazyRituals+1","beaked:Redirect"],"picked":"Runesmith:Reinforce","floor":21},{"not_picked":["beaked:Daydream","beaked:Evade","Runesmith:WhiteBalance"],"picked":"Runesmith:Grindstone","floor":22},{"not_picked":["Runesmith:UnstableHammer","Runesmith:HeatedChisel","Runesmith:NegativeSpace","beaked:Devastation+1"],"picked":"Singing Bowl","floor":23}],"player_experience":3353446,"relics_obtained":[{"floor":6,"key":"Bottled Tornado"},{"floor":9,"key":"potionbrewer:ToyAutogyro"},{"floor":10,"key":"Singing Bowl"},{"floor":13,"key":"Replay:Bottled Steam"},{"floor":23,"key":"Golden Egg"}],"event_choices":[],"is_beta":false,"boss_relics":[{"not_picked":["aspiration:RunicSpoon","hubris:Stopwatch"],"picked":"aspiration:BeakedSkillbook"}],"items_purged_floors":[],"is_endless":false,"potions_floor_spawned":[3,6,8,13,22,23],"killed_by":"Snake Plant","ascension_level":4}}