{"host":"y89x8uui45kcjy42","time":1611462792,"event":{"mods":["2.2 Compatiblity","BaseMod","CapriCore","Colored Map","Colored Powertips","Custom Start","Friendly Minions","Keyboard Shortcuts","Minty Spire (QoL Compilation)","Relic Stats","Slay the Relics Exporter","StSLib","SuperFastMode","Uncapped"],"gold_per_floor":[109,121,121,138,158,193,193,193,220,220,220,249,324,60,60,138,138,154,154,129,129,129,129,164,192,266,29,63,63,63,73,73,150,150,170,185,185,185,75,75,100,132,156,174,200,0,0,29,29,29,29,29,29,84,109,109,109],"floor_reached":56,"language":"KOR","playtime":1571,"items_purged":["Eruption+1"],"score":2471,"play_id":"cbea6a0d-12ca-42a2-b3cd-4a88de7a0aa3","local_time":"20210124133312","is_ascension_mode":true,"campfire_choices":[{"data":"Eruption","floor":7,"key":"SMITH"},{"data":"Study","floor":8,"key":"SMITH"},{"data":"DeceiveReality","floor":10,"key":"SMITH"},{"data":"SignatureMove","floor":15,"key":"SMITH"},{"data":"DevaForm","floor":23,"key":"SMITH"},{"data":"MentalFortress","floor":29,"key":"SMITH"},{"floor":32,"key":"RECALL"},{"data":"Tantrum","floor":40,"key":"SMITH"},{"data":"BattleHymn","floor":47,"key":"SMITH"},{"data":"Fasting2","floor":49,"key":"SMITH"},{"floor":53,"key":"REST"}],"circlet_count":0,"master_deck":["Vigilance+1","BattleHymn+1","DeceiveReality+1","SignatureMove+1","DevaForm+1","InnerPeace+1","Tantrum+1","Dark Shackles+1","MentalFortress+1","MasterReality+1","Madness+1","Madness+1","Panacea+1","Fasting2+1","TalkToTheHand","Ragnarok"],"relics":["HolyWater","Vajra","Oddly Smooth Stone","Boot","Dream Catcher","Juzu Bracelet","Mercury Hourglass","Cursed Key","Necronomicon","War Paint","DollysMirror","Bird Faced Urn","Smiling Mask","Toxic Egg 2","Omamori","Ice Cream","SacredBark","Potion Belt","Singing Bowl","StoneCalendar","Blood Vial","WingedGreaves","Akabeko","Red Mask","Meat on the Bone","Oddly Smooth Stone"],"acts_visited":["Exordium","TheCity","TheBeyond","TheEnding"],"potions_floor_usage":[42,48,55,56,56,56,56],"damage_taken":[{"damage":0,"enemies":"Jaw Worm","floor":1,"turns":3},{"damage":0,"enemies":"Small Slimes","floor":2,"turns":3},{"damage":0,"enemies":"2 Louse","floor":4,"turns":4},{"damage":5,"enemies":"Looter","floor":5,"turns":4},{"damage":34,"enemies":"3 Sentries","floor":6,"turns":8},{"damage":20,"enemies":"Gremlin Nob","floor":12,"turns":3},{"damage":3,"enemies":"Hexaghost","floor":16,"turns":4},{"damage":28,"enemies":"3 Byrds","floor":18,"turns":3},{"damage":14,"enemies":"Slavers","floor":24,"turns":3},{"damage":0,"enemies":"Gremlin Leader","floor":25,"turns":1},{"damage":0,"enemies":"Book of Stabbing","floor":28,"turns":2},{"damage":0,"enemies":"Chosen","floor":31,"turns":2},{"damage":0,"enemies":"Automaton","floor":33,"turns":8},{"damage":0,"enemies":"Orb Walker","floor":35,"turns":2},{"damage":2,"enemies":"3 Darklings","floor":36,"turns":5},{"damage":0,"enemies":"Nemesis","floor":41,"turns":3},{"damage":124,"enemies":"Reptomancer","floor":42,"turns":4},{"damage":0,"enemies":"Spire Growth","floor":44,"turns":3},{"damage":0,"enemies":"Giant Head","floor":45,"turns":4},{"damage":65,"enemies":"Nemesis","floor":48,"turns":5},{"damage":18,"enemies":"Time Eater","floor":50,"turns":7},{"damage":109,"enemies":"Donu and Deca","floor":51,"turns":5},{"damage":79,"enemies":"Shield and Spear","floor":55,"turns":4},{"damage":193,"enemies":"The Heart","floor":56,"turns":5}],"seed_played":"8542888862326583155","potions_obtained":[{"floor":1,"key":"LiquidBronze"},{"floor":4,"key":"ColorlessPotion"},{"floor":5,"key":"FairyPotion"},{"floor":36,"key":"BlessingOfTheForge"},{"floor":42,"key":"GamblersBrew"},{"floor":44,"key":"Explosive Potion"},{"floor":48,"key":"Energy Potion"},{"floor":55,"key":"Block Potion"}],"is_trial":false,"path_per_floor":["M","M","?","M","M","E","R","R","T","R","$","E","?","$","R","B",null,"M","?","$","?","?","R","E","E","T","$","E","R","?","M","R","B",null,"M","M","?","?","?","R","E","E","T","M","E","?","R","E","R","B","B",null,"R","$","E","B"],"character_chosen":"WATCHER","items_purchased":["Mercury Hourglass","War Paint","DollysMirror","Tantrum","Dark Shackles+1","TalkToTheHand","Block Potion"],"campfire_rested":1,"item_purchase_floors":[14,20,20,27,27,54,54],"current_hp_per_floor":[93,93,93,93,88,54,54,54,54,54,54,34,23,23,23,97,99,71,50,50,45,45,45,31,33,33,33,35,35,5,105,105,105,105,105,105,86,86,86,86,94,66,66,78,90,90,90,113,113,95,74,103,115,115,50,0,0],"gold":109,"neow_bonus":"TEN_PERCENT_HP_BONUS","is_daily":false,"chose_seed":false,"campfire_upgraded":9,"win_rate":0.0,"timestamp":1611462792,"path_taken":["M","M","?","M","M","E","R","R","T","R","$","E","?","$","R","BOSS","M","?","$","?","?","R","E","E","T","?","E","R","?","M","R","BOSS","M","M","?","?","?","R","E","E","T","M","E","?","R","E","R","BOSS","BOSS","R","$","E","BOSS"],"items_purchased_type":["Relic","Relic","Relic","Card","Card","Card","Potion"],"build_version":"2020-12-22","purchased_purges":1,"victory":false,"max_hp_per_floor":[100,100,100,100,100,100,100,100,100,100,100,100,100,100,100,100,100,100,100,100,100,100,100,100,100,100,100,100,100,105,105,105,105,105,105,105,105,105,105,105,107,109,109,111,113,113,113,113,113,113,113,113,115,115,115,115,115],"relic_stats":{"Singing Bowl":10,"counters":[24,95],"StoneCalendar":[0],"Juzu Bracelet":2,"War Paint":["InnerPeace","Vigilance"],"Boot":[102],"Cursed Key":2,"Smiling Mask":25,"Mercury Hourglass":[291],"Blood Vial":10,"Dream Catcher":1,"Bird Faced Urn":[66],"Necronomicon":[26],"obtain_stats":[{"Ice Cream":28,"Singing Bowl":41,"SacredBark":34,"Vajra":0,"StoneCalendar":42,"Juzu Bracelet":12,"Boot":3,"Cursed Key":17,"Smiling Mask":25,"Blood Vial":43,"Dream Catcher":6,"DollysMirror":20,"WingedGreaves":7,"Necronomicon":19,"Red Mask":46,"Toxic Egg 2":26,"Potion Belt":34,"Oddly Smooth Stone":0,"Omamori":3,"War Paint":20,"Akabeko":45,"Mercury Hourglass":14,"Bird Faced Urn":24,"HolyWater":0,"PureWater":0,"Meat on the Bone":48},{"Ice Cream":11,"Singing Bowl":16,"SacredBark":13,"Vajra":0,"StoneCalendar":17,"Juzu Bracelet":6,"Boot":2,"Cursed Key":7,"Smiling Mask":10,"Blood Vial":17,"Dream Catcher":5,"DollysMirror":8,"WingedGreaves":5,"Necronomicon":8,"Red Mask":19,"Toxic Egg 2":10,"Potion Belt":13,"Oddly Smooth Stone":0,"Omamori":2,"War Paint":8,"Akabeko":19,"Mercury Hourglass":6,"Bird Faced Urn":9,"HolyWater":0,"PureWater":0,"Meat on the Bone":20},{"Ice Cream":38,"Singing Bowl":58,"SacredBark":48,"Vajra":0,"StoneCalendar":62,"Juzu Bracelet":25,"Boot":6,"Cursed Key":29,"Smiling Mask":36,"Blood Vial":62,"Dream Catcher":22,"DollysMirror":32,"WingedGreaves":22,"Necronomicon":32,"Red Mask":69,"Toxic Egg 2":36,"Potion Belt":48,"Oddly Smooth Stone":0,"Omamori":6,"War Paint":32,"Akabeko":69,"Mercury Hourglass":25,"Bird Faced Urn":35,"HolyWater":0,"PureWater":0,"Meat on the Bone":74}],"Meat on the Bone":12},"card_choices":[{"not_picked":["CutThroughFate","Weave"],"picked":"Study","floor":1},{"not_picked":["ForeignInfluence","Halt"],"picked":"InnerPeace","floor":2},{"not_picked":["Protect","Crescendo","ClearTheMind"],"picked":"SKIP","floor":4},{"not_picked":["CrushJoints","InnerPeace"],"picked":"BattleHymn","floor":5},{"not_picked":["CarveReality","DeusExMachina"],"picked":"DeceiveReality","floor":6},{"not_picked":["FlyingSleeves","CrushJoints"],"picked":"SignatureMove","floor":12},{"not_picked":["Omniscience","Judgement"],"picked":"DevaForm","floor":16},{"not_picked":["CutThroughFate","FlurryOfBlows","WaveOfTheHand"],"picked":"SKIP","floor":18},{"not_picked":["Perseverance","FearNoEvil","Crescendo+1"],"picked":"SKIP","floor":24},{"not_picked":["Pray","SandsOfTime","WreathOfFlame"],"picked":"SKIP","floor":25},{"not_picked":["ThirdEye+1","Scrawl+1"],"picked":"MentalFortress","floor":28},{"not_picked":["FearNoEvil","Protect+1","ThirdEye+1"],"picked":"SKIP","floor":31},{"not_picked":["DeusExMachina+1","Ragnarok"],"picked":"MasterReality","floor":33},{"not_picked":["Nirvana","SignatureMove","BowlingBash"],"picked":"SKIP","floor":35},{"not_picked":["InnerPeace+1","JustLucky","SandsOfTime"],"picked":"SKIP","floor":36},{"not_picked":["Apotheosis+1","Forethought+1"],"picked":"Panacea+1","floor":38},{"not_picked":["Indignation+1","Blasphemy+1","CrushJoints"],"picked":"Singing Bowl","floor":41},{"not_picked":["Halt+1","Tantrum","ThirdEye+1"],"picked":"Singing Bowl","floor":42},{"not_picked":["JustLucky","ClearTheMind+1","Halt+1"],"picked":"Singing Bowl","floor":44},{"not_picked":["Brilliance","Evaluate+1","BowlingBash"],"picked":"Singing Bowl","floor":45},{"not_picked":["Study","FlurryOfBlows+1"],"picked":"Fasting2","floor":48},{"not_picked":["PathToVictory+1","EmptyMind+1","Consecrate"],"picked":"Singing Bowl","floor":53},{"not_picked":["JustLucky+1","EmptyFist"],"picked":"Ragnarok","floor":55}],"player_experience":646741,"relics_obtained":[{"floor":6,"key":"Dream Catcher"},{"floor":12,"key":"Juzu Bracelet"},{"floor":19,"key":"Necronomicon"},{"floor":24,"key":"Bird Faced Urn"},{"floor":25,"key":"Smiling Mask"},{"floor":26,"key":"Toxic Egg 2"},{"floor":28,"key":"Ice Cream"},{"floor":41,"key":"Singing Bowl"},{"floor":42,"key":"StoneCalendar"},{"floor":43,"key":"Blood Vial"},{"floor":45,"key":"Akabeko"},{"floor":48,"key":"Meat on the Bone"},{"floor":55,"key":"Oddly Smooth Stone"}],"event_choices":[{"damage_healed":0,"gold_gain":0,"player_choice":"Box","damage_taken":0,"relics_obtained":["Boot"],"max_hp_gain":0,"max_hp_loss":0,"event_name":"Big Fish","floor":3,"gold_loss":0,"cards_obtained":["Regret"]},{"damage_healed":0,"gold_gain":75,"player_choice":"Gather Gold","damage_taken":11,"max_hp_gain":0,"max_hp_loss":0,"event_name":"World of Goop","floor":13,"gold_loss":0},{"damage_healed":0,"gold_gain":0,"player_choice":"Obtained Book","damage_taken":21,"max_hp_gain":0,"max_hp_loss":0,"event_name":"Cursed Tome","floor":19,"gold_loss":0},{"damage_healed":0,"gold_gain":0,"player_choice":"Bought 0 Potions","damage_taken":0,"max_hp_gain":0,"max_hp_loss":0,"event_name":"The Woman in Blue","floor":21,"gold_loss":0},{"cards_removed":["Study"],"damage_healed":0,"gold_gain":0,"player_choice":"Purged","damage_taken":0,"max_hp_gain":0,"max_hp_loss":0,"event_name":"Purifier","floor":22,"gold_loss":0},{"damage_healed":0,"gold_gain":0,"player_choice":"Shed Blood","damage_taken":35,"max_hp_gain":5,"max_hp_loss":0,"event_name":"Forgotten Altar","floor":30,"gold_loss":0},{"damage_healed":0,"gold_gain":0,"player_choice":"Embrace Madness","damage_taken":19,"max_hp_gain":0,"max_hp_loss":0,"event_name":"Winding Halls","floor":37,"gold_loss":0,"cards_obtained":["Madness","Madness"]},{"damage_healed":0,"gold_gain":0,"player_choice":"Memory 1","damage_taken":0,"max_hp_gain":0,"max_hp_loss":0,"event_name":"SensoryStone","floor":38,"gold_loss":0},{"cards_removed":["InnerPeace"],"damage_healed":0,"gold_gain":0,"player_choice":"Upgrade and Remove","damage_taken":0,"max_hp_gain":0,"max_hp_loss":0,"event_name":"Designer","floor":39,"gold_loss":110,"cards_upgraded":["MasterReality"]},{"damage_healed":0,"gold_gain":0,"player_choice":"Paid","damage_taken":0,"relics_obtained":["Red Mask"],"max_hp_gain":0,"max_hp_loss":0,"event_name":"Tomb of Lord Red Mask","floor":46,"gold_loss":200}],"is_beta":false,"boss_relics":[{"not_picked":["Philosopher\u0027s Stone","Coffee Dripper"],"picked":"Cursed Key"},{"not_picked":["Calling Bell","Snecko Eye"],"picked":"SacredBark"}],"items_purged_floors":[27],"is_endless":false,"potions_floor_spawned":[1,4,5,18,31,33,36,42,44,48,55],"killed_by":"The Heart","ascension_level":20}}