{"host":"557iavmgkmyrqkcw","time":1611451991,"event":{"mods":["2.2 Compatiblity","AchievementEnabler","BaseMod","Better Note","Better Sensory Stone","Better Third Choice","Downfall","Friendly Minions","HololiveMod","Marisa????????","Minty Spire (QoL Compilation)","Replay The Spire","StSLib","The Alterego","The Fake Hero","The IronCluck","The Servant 0.9.4","Waifu the Spire"],"gold_per_floor":[100,114,114,132,143,143,169,179,194,207,240,19,19,49,64,169,169,159,176,186,203,16,28,28,28,42,27,27,53,53,53,73,173,173,98,118,138,143,143],"floor_reached":38,"language":"ENG","playtime":3730,"items_purged":[],"score":542,"play_id":"7510a2ae-b883-4af2-a26f-67ad969dd4d2","local_time":"20210123173311","is_ascension_mode":true,"campfire_choices":[{"data":"alterego_mod:TrickOrTreatment","floor":1.0,"key":"SMITH"},{"data":"alterego_mod:BrynhildrsRune","floor":6.0,"key":"SMITH"},{"data":"alterego_mod:BrynhildrRomantia","floor":13.0,"key":"SMITH"},{"data":"alterego_mod:Cushion","floor":25.0,"key":"SMITH"},{"floor":35.0,"key":"RECALL"}],"circlet_count":0,"master_deck":["alterego_mod:Strike+1","alterego_mod:Strike+1","alterego_mod:Strike+1","alterego_mod:Strike+1","alterego_mod:Defend+1","alterego_mod:Defend+1","alterego_mod:Defend+1","alterego_mod:Defend+1","alterego_mod:BigMeatyClaws","alterego_mod:BrynhildrsRune+1","alterego_mod:TrickOrTreatment+1","alterego_mod:Rip","alterego_mod:Complex","alterego_mod:SakuraFive","alterego_mod:GoddessCore","alterego_mod:Cooking","alterego_mod:BrynhildrRomantia+1","alterego_mod:GachaTicket","alterego_mod:MaintainEyeContact","alterego_mod:ChallengeComplete","alterego_mod:SakuraPetals+1","alterego_mod:Cushion+1","alterego_mod:Mirror","alterego_mod:TrickOrTreatment","alterego_mod:BreastValley","alterego_mod:Clones","alterego_mod:Undulate+1","alterego_mod:DeftHands","alterego_mod:ChallengeComplete","alterego_mod:Table","alterego_mod:Bloomers","alterego_mod:Belle+1"],"relics":["alterego_mod:MasochisticConstitution","Art of War","MealTicket","Replay:Rubber Ducky","Busted Crown","downfall:HeartBlessingGreen","Juzu Bracelet","Iron Hammer","Black Star","downfall:HeartBlessingBlue"],"acts_visited":["Exordium","TheCity","TheBeyond"],"potions_floor_usage":[],"damage_taken":[{"damage":15.0,"enemies":"2 Louse","floor":2.0,"turns":5.0},{"damage":10.0,"enemies":"Cultist","floor":4.0,"turns":4.0},{"damage":14.0,"enemies":"Jaw Worm","floor":5.0,"turns":4.0},{"damage":11.0,"enemies":"Large Slime","floor":8.0,"turns":5.0},{"damage":21.0,"enemies":"Blue Slaver","floor":9.0,"turns":3.0},{"damage":24.0,"enemies":"Exordium Thugs","floor":10.0,"turns":3.0},{"damage":39.0,"enemies":"Lagavulin","floor":11.0,"turns":5.0},{"damage":5.0,"enemies":"downfall:FleeingMerchant","floor":12.0,"turns":4.0},{"damage":43.0,"enemies":"3 Sentries","floor":14.0,"turns":20.0},{"damage":7.0,"enemies":"3 Louse","floor":15.0,"turns":11.0},{"damage":18.0,"enemies":"downfall:Watcher","floor":16.0,"turns":15.0},{"damage":7.0,"enemies":"3 Byrds","floor":19.0,"turns":7.0},{"damage":0.0,"enemies":"Shell Parasite","floor":20.0,"turns":7.0},{"damage":22.0,"enemies":"Chosen and Byrds","floor":21.0,"turns":9.0},{"damage":0.0,"enemies":"downfall:FleeingMerchant","floor":22.0,"turns":4.0},{"damage":38.0,"enemies":"Shelled Parasite and Fungi","floor":23.0,"turns":9.0},{"damage":28.0,"enemies":"Snecko","floor":26.0,"turns":7.0},{"damage":0.0,"enemies":"downfall:FleeingMerchant","floor":27.0,"turns":4.0},{"damage":17.0,"enemies":"Gremlin Leader","floor":29.0,"turns":11.0},{"damage":31.0,"enemies":"Sentry and Sphere","floor":32.0,"turns":10.0},{"damage":48.0,"enemies":"downfall:Defect","floor":33.0,"turns":12.0},{"damage":58.0,"enemies":"Orb Walker","floor":36.0,"turns":11.0},{"damage":109.0,"enemies":"3 Shapes","floor":37.0,"turns":23.0},{"damage":1,"enemies":"3 Darklings","floor":38,"turns":5}],"seed_played":"-7104820147715456480","potions_obtained":[{"floor":4.0,"key":"champ:CounterPotion"},{"floor":14.0,"key":"DuplicationPotion"},{"floor":15.0,"key":"BlessingOfTheForge"},{"floor":16.0,"key":"BlessingOfTheForge"},{"floor":19.0,"key":"PowerPotion"},{"floor":26.0,"key":"SteroidPotion"},{"floor":29.0,"key":"Weak Potion"},{"floor":33.0,"key":"Ancient Potion"},{"floor":36.0,"key":"PowerPotion"}],"is_trial":false,"path_per_floor":["R","M","?","M","M","R","T","M","M","M","E","$","R","E","M","B",null,"R","M","M","M","$","M","T","R","M","$","?","E","?","?","M","B",null,"R","M","M","M"],"character_chosen":"The_Alterego","items_purchased":["alterego_mod:MaintainEyeContact","alterego_mod:ChallengeComplete","alterego_mod:SakuraPetals+1","Juzu Bracelet","alterego_mod:DeftHands"],"campfire_rested":0,"item_purchase_floors":[12,12,12,22,22],"current_hp_per_floor":[70,71,71,69,63,63,63,74,61,52,24,49,49,64,104,94,105,105,114,118,127,127,136,136,136,116,134,134,138,138,138,147,108,148,158,142,135,155,155],"gold":143,"neow_bonus":"ONE_RANDOM_RARE_CARD","is_daily":false,"chose_seed":false,"campfire_upgraded":4,"win_rate":0.0,"timestamp":1611451991,"path_taken":["R","M","?","M","M","R","T","M","M","?","E","$","R","E","M","BOSS","R","M","M","M","$","M","T","R","M","?","?","E","?","?","M","BOSS","R","M","M","M"],"items_purchased_type":["Card","Card","Card","Relic","Card"],"build_version":"2020-12-22","purchased_purges":0,"victory":false,"max_hp_per_floor":[70,71,71,72,73,73,73,74,75,76,77,78,78,91,104,105,105,105,114,118,127,127,136,136,136,137,137,137,138,138,138,147,148,148,158,163,176,176,176],"card_choices":[{"not_picked":["alterego_mod:Cycle","alterego_mod:Complex"],"picked":"alterego_mod:Rip","floor":2.0},{"not_picked":["alterego_mod:HighServant","alterego_mod:BiFurious"],"picked":"alterego_mod:Complex","floor":4.0},{"not_picked":["alterego_mod:Maid","alterego_mod:BiFurious"],"picked":"alterego_mod:SakuraFive","floor":5.0},{"not_picked":["alterego_mod:Belts","alterego_mod:BustOut"],"picked":"alterego_mod:GoddessCore","floor":8.0},{"not_picked":["alterego_mod:Crossover","alterego_mod:1TonWallop"],"picked":"alterego_mod:Cooking","floor":9.0},{"not_picked":["alterego_mod:Complex","alterego_mod:Exercise","alterego_mod:Collar"],"picked":"SKIP","floor":10.0},{"not_picked":["alterego_mod:MagicResistance","alterego_mod:PresenceConcealment"],"picked":"alterego_mod:BrynhildrRomantia","floor":11.0},{"not_picked":["alterego_mod:TrashNCrash","alterego_mod:Birthday"],"picked":"alterego_mod:GachaTicket","floor":12.0},{"not_picked":["alterego_mod:Bounce","alterego_mod:SuperDuperMasochism"],"picked":"alterego_mod:Cushion","floor":14.0},{"not_picked":["alterego_mod:PresenceConcealment","alterego_mod:Jiggle"],"picked":"alterego_mod:Mirror","floor":15.0},{"not_picked":["alterego_mod:Weigh","alterego_mod:Lift"],"picked":"alterego_mod:TrickOrTreatment","floor":16.0},{"not_picked":["alterego_mod:PresenceConcealment"],"picked":"SKIP","floor":19.0},{"not_picked":[],"picked":"alterego_mod:BreastValley","floor":20.0},{"not_picked":[],"picked":"alterego_mod:Clones","floor":21.0},{"not_picked":[],"picked":"alterego_mod:Undulate+1","floor":22.0},{"not_picked":["alterego_mod:Pet"],"picked":"SKIP","floor":23.0},{"not_picked":[],"picked":"alterego_mod:ChallengeComplete","floor":26.0},{"not_picked":["alterego_mod:Skirt"],"picked":"SKIP","floor":27.0},{"not_picked":[],"picked":"alterego_mod:Table","floor":29.0},{"not_picked":[],"picked":"alterego_mod:Bloomers","floor":32.0},{"not_picked":[],"picked":"alterego_mod:Belle+1","floor":36.0},{"not_picked":["alterego_mod:Belts+1"],"picked":"SKIP","floor":37.0}],"player_experience":582050,"relics_obtained":[{"floor":7.0,"key":"Art of War"},{"floor":11.0,"key":"MealTicket"},{"floor":14.0,"key":"Replay:Rubber Ducky"},{"floor":29.0,"key":"Iron Hammer"}],"event_choices":[{"cards_removed":["alterego_mod:Impale"],"damage_healed":0.0,"max_hp_gain":0.0,"max_hp_loss":0.0,"gold_gain":0.0,"event_name":"Purifier","player_choice":"Purged","floor":3.0,"gold_loss":0.0,"damage_taken":0.0},{"damage_healed":0.0,"max_hp_gain":0.0,"max_hp_loss":8.0,"gold_gain":0.0,"event_name":"betterThird:BetterWriting","player_choice":"Simplicity","floor":31.0,"gold_loss":0.0,"damage_taken":0.0}],"is_beta":false,"boss_relics":[{"not_picked":["Hololive_ChaosS","Replay:Ancient Bell"],"picked":"Busted Crown"},{"not_picked":["Empty Cage","Replay:Bronze Core"],"picked":"Black Star"}],"items_purged_floors":[],"is_endless":false,"potions_floor_spawned":[4,14,15,16,19,26,29,33,36],"killed_by":"3 Darklings","ascension_level":4}}