{"host":"oehe2dxjvdgux73m","time":1611478895,"event":{"mods":["AchievementEnabler","BaseMod","Colored Map","Colored Powertips","DeckTracker","Keyboard Shortcuts","Minty Spire (QoL Compilation)","Permanent Neow","Quick Restart","StSLib","SuperFastMode"],"gold_per_floor":[113,113,123,135,146,171,171,185,185,13,26,26,26,44,44,44,44],"floor_reached":16,"language":"KOR","playtime":293,"items_purged":[],"score":187,"play_id":"70aab2e2-30e3-4089-a6f4-28a46cc248ed","local_time":"20210124180135","is_ascension_mode":true,"campfire_choices":[{"data":"Body Slam","floor":7,"key":"SMITH"},{"floor":15,"key":"REST"}],"circlet_count":0,"master_deck":["AscendersBane","Strike_R","Strike_R","Strike_R","Strike_R","Defend_R","Defend_R","Defend_R","Defend_R","Bash","Pummel","Iron Wave","Body Slam+1","Second Wind","Carnage","Pummel","Pommel Strike"],"relics":["Burning Blood","NeowsBlessing","Orichalcum","Mummified Hand","Brimstone"],"acts_visited":["Exordium"],"potions_floor_usage":[6,14],"damage_taken":[{"damage":0.0,"enemies":"2 Louse","floor":1.0,"turns":2.0},{"damage":0.0,"enemies":"Cultist","floor":3.0,"turns":1.0},{"damage":0.0,"enemies":"Jaw Worm","floor":4.0,"turns":1.0},{"damage":6.0,"enemies":"2 Fungi Beasts","floor":5.0,"turns":5.0},{"damage":54,"enemies":"Gremlin Nob","floor":6,"turns":5},{"damage":20,"enemies":"3 Louse","floor":8,"turns":5},{"damage":19,"enemies":"Lots of Slimes","floor":11,"turns":3},{"damage":5,"enemies":"2 Fungi Beasts","floor":14,"turns":2},{"damage":43,"enemies":"Hexaghost","floor":16,"turns":4}],"seed_played":"7299047570495726617","potions_obtained":[{"floor":1.0,"key":"BloodPotion"},{"floor":11,"key":"AttackPotion"}],"is_trial":false,"path_per_floor":["M","?","M","M","M","E","R","M","T","$","M","$","?","M","R","B"],"character_chosen":"IRONCLAD","items_purchased":["Brimstone"],"campfire_rested":1,"item_purchase_floors":[10],"current_hp_per_floor":[74,74,75,75,75,42,42,28,28,28,15,15,15,16,38,0,0],"gold":44,"neow_bonus":"THREE_ENEMY_KILL","is_daily":false,"chose_seed":false,"campfire_upgraded":1,"win_rate":0.0,"timestamp":1611478895,"path_taken":["M","?","?","M","?","E","R","M","T","$","M","$","?","M","R","BOSS"],"items_purchased_type":["Relic"],"build_version":"2020-12-22","purchased_purges":0,"victory":false,"max_hp_per_floor":[75,75,75,75,75,75,75,75,75,75,75,75,75,75,75,75,75],"card_choices":[{"not_picked":["Cleave","Twin Strike"],"picked":"Pummel","floor":1.0},{"not_picked":["Sword Boomerang","Clothesline"],"picked":"Body Slam","floor":3.0},{"not_picked":["Heavy Blade","Dual Wield","Clash"],"picked":"SKIP","floor":4.0},{"not_picked":["Body Slam","Warcry","Exhume"],"picked":"SKIP","floor":5.0},{"not_picked":["Metallicize","Flex"],"picked":"Second Wind","floor":6},{"not_picked":["Cleave","True Grit"],"picked":"Carnage","floor":8},{"not_picked":["Perfected Strike","Wild Strike"],"picked":"Pummel","floor":11},{"not_picked":["Ghostly Armor","Twin Strike"],"picked":"Pommel Strike","floor":14}],"player_experience":312566,"relics_obtained":[{"floor":6,"key":"Orichalcum"},{"floor":9,"key":"Mummified Hand"}],"event_choices":[{"damage_healed":0.0,"max_hp_gain":0.0,"max_hp_loss":0.0,"gold_gain":0.0,"cards_transformed":["Strike_R"],"event_name":"Transmorgrifier","player_choice":"Transformed","floor":2.0,"gold_loss":0.0,"damage_taken":0.0,"cards_obtained":["Iron Wave"]},{"damage_healed":0,"gold_gain":0,"player_choice":"Searched \u00271\u0027 times","damage_taken":0,"max_hp_gain":0,"max_hp_loss":0,"event_name":"Dead Adventurer","floor":13,"gold_loss":0}],"is_beta":false,"boss_relics":[],"items_purged_floors":[],"is_endless":false,"potions_floor_spawned":[1,11],"killed_by":"Hexaghost","ascension_level":16}}