{"host":"1zjc08c6hob33401","time":1611519859,"event":{"mods":["AchievementEnabler","Act Like it!","Aspiration","BaseMod","Downfall","Elementarium","Energized Spire","Evolution","Friendly Minions","Gensokyo","GifTheSpireLib","Hubris","Infinite Spire","Jedi Mod","Menagerie","Minty Spire (QoL Compilation)","Pale of the Ancients","Quick Restart","Reliquary","Replay The Spire","Retaliation","Shop Mod","Spire Arcade","StS++","StSLib","Stuff the Spire","The Blue Laboratory","Wandering Minibosses","vexMod","??????REMEMod"],"gold_per_floor":[119,119,44,63,63,63,97,97,97,97,115,197,226,237,237,316,316,329,345,345,345],"floor_reached":20,"language":"RUS","playtime":4156,"items_purged":["Strike_B"],"score":312,"play_id":"33053840-8d26-47b0-b290-c37cc4c46d21","local_time":"20210124222419","is_ascension_mode":true,"campfire_choices":[{"data":"Phantasmal Killer","floor":6.0,"key":"SMITH"},{"data":"Genetic Algorithm","floor":8.0,"key":"SMITH"},{"data":"StSpp:CopyPaste","floor":10.0,"key":"SMITH"}],"circlet_count":0,"master_deck":["AscendersBane","Ball Lightning","Strike_B","Defend_B","Defend_B","Zap","Dualcast","StSpp:CopyPaste+1","jedi:studyfrost","Go for the Eyes","Phantasmal Killer+1","Outmaneuver","Strike_G","Go for the Eyes","Genetic Algorithm+1","Undo","jedi:markofdeath+1","jedi:meditation","hubris:DoWhile","StuffTheSpire:Synthwave","jedi:reiji"],"relics":["Cracked Core","EVO:Axolotl","REME_ComplimentaryCards","Toy Ornithopter","vexMod:ScavengeHelm","ReplayTheSpireMod:Shallot","reliquary:Boomerang","aspiration:BursterCore"],"acts_visited":["Gensokyo:Gensokyo","Gensokyo:Gensokyoer"],"potions_floor_usage":[20],"damage_taken":[{"damage":11.0,"enemies":"Gensokyo:Gryphon","floor":1.0,"turns":3.0},{"damage":0.0,"enemies":"Gensokyo:3_Fairies","floor":4.0,"turns":4.0},{"damage":13.0,"enemies":"Gensokyo:Mamizou","floor":7.0,"turns":4.0},{"damage":5.0,"enemies":"Gensokyo:2_Kodama","floor":11.0,"turns":3.0},{"damage":5.0,"enemies":"Gensokyo:Cirno","floor":13.0,"turns":5.0},{"damage":5.0,"enemies":"Gensokyo:2_Rabbits","floor":14.0,"turns":4.0},{"damage":24.0,"enemies":"Gensokyo:Kokoro","floor":16.0,"turns":10.0},{"damage":18.0,"enemies":"Gensokyo:3_Dogs","floor":18.0,"turns":5.0},{"damage":13.0,"enemies":"Gensokyo:AngelMirror","floor":19.0,"turns":3.0},{"damage":45,"enemies":"Gensokyo:3_Gloops","floor":20,"turns":6}],"seed_played":"-6361547470749488468","potions_obtained":[{"floor":1.0,"key":"StSpp:SecondWindPotion"},{"floor":4.0,"key":"AttackPotion"},{"floor":16.0,"key":"champ:CounterPotion"},{"floor":18.0,"key":"PowerPotion"}],"is_trial":false,"path_per_floor":["M","?","$","M","?","R","E","R","T","R","M","T","E","M","R","B",null,"M","M","M"],"character_chosen":"DEFECT","items_purchased":[],"campfire_rested":0,"item_purchase_floors":[],"current_hp_per_floor":[53,53,53,53,60,60,47,47,47,47,42,42,37,32,53,29,61,48,40,0,0],"gold":345,"neow_bonus":"ONE_RANDOM_RARE_CARD","is_daily":false,"chose_seed":false,"campfire_upgraded":3,"win_rate":0.0,"timestamp":1611519859,"path_taken":["M","?","$","?","?","R","E","R","T","R","M","?","E","M","R","BOSS","M","?","M"],"items_purchased_type":[],"build_version":"2020-12-22","purchased_purges":1,"victory":false,"max_hp_per_floor":[71,71,71,71,71,71,71,71,71,71,71,71,71,71,71,71,71,71,71,71,71],"card_choices":[{"not_picked":["Beam Cell","StuffTheSpire:LoadUp"],"picked":"Go for the Eyes","floor":1.0},{"not_picked":["Redo","Time Bomb"],"picked":"Go for the Eyes","floor":4.0},{"not_picked":["Cold Snap","Ball Lightning"],"picked":"Genetic Algorithm","floor":7.0},{"not_picked":["Stack","Consume"],"picked":"Undo","floor":11.0},{"not_picked":["Stack","Gash"],"picked":"jedi:markofdeath","floor":13.0},{"not_picked":["Beam Cell","Hologram"],"picked":"jedi:meditation","floor":14.0},{"not_picked":["hubris:Prefetch","jedi:BurstDark"],"picked":"hubris:DoWhile","floor":16.0},{"not_picked":["Genetic Algorithm","Streamline"],"picked":"StuffTheSpire:Synthwave","floor":18.0},{"not_picked":["Ball Lightning","StuffTheSpire:CleanHardDrive"],"picked":"jedi:reiji","floor":19.0}],"player_experience":680107,"relics_obtained":[{"floor":7.0,"key":"Toy Ornithopter"},{"floor":9.0,"key":"vexMod:ScavengeHelm"},{"floor":12.0,"key":"ReplayTheSpireMod:Shallot"},{"floor":13.0,"key":"reliquary:Boomerang"}],"event_choices":[],"is_beta":false,"boss_relics":[{"not_picked":["vexMod:ImprovementManual","vexMod:TanglingVine"],"picked":"aspiration:BursterCore"}],"items_purged_floors":[3],"is_endless":false,"potions_floor_spawned":[1,4,16,18],"killed_by":"Gensokyo:3_Gloops","ascension_level":16}}