{"host":"s9n53dspxjwkh5no","time":1611529455,"event":{"mods":["AchievementEnabler","Aspiration","Bard","BaseMod","Beaked The Cultist","Better Altar","Better Match","Better Note","Better Sensory Stone","Better Skull","Better Third Choice","BetterRewards","Colored Map","Colored Powertips","Conspire","Dio Mod","Disable Question Mark Monsters","Downfall","Energized Spire","Halation","Hermit","Hubris","Marisa????????","Marked Mod","Melee Mod","Minty Spire (QoL Compilation)","Quick Restart","Random Character Button","Rare Cards Sparkle","Reimu??????","Relic Stats","Remilia??????","Replay The Spire","Shade Mod","Small Relic Pack","Spicy Shops","StSLib","The Animator","The Bug Knight","The Construct","The Disciple","The Hierophant","The Problem Sleuth","The Runesmith","The Servant 0.9.4","The Valiant","The Wild Card","TheBandit","TheVacant","Wandering Minibosses"],"gold_per_floor":[119,137,137,137,10,10,39,51,78,109,79,92,106,106,106,106,106],"floor_reached":16,"language":"ENG","playtime":667,"items_purged":[],"score":135,"play_id":"f0fdfd29-a02f-4bcf-baa2-47d79b85b291","local_time":"20210124160415","is_ascension_mode":false,"campfire_choices":[{"floor":6,"key":"RECALL"},{"floor":15,"key":"REST"}],"circlet_count":0,"master_deck":["Strike_P","Strike_P","Strike_P","Strike_P","Defend_P","Defend_P+1","Defend_P","Defend_P","Eruption","Vigilance","Replay:Hum+1","MarkedMod:Acupuncture","WindmillStrike","Swivel","Prostrate","WreathOfFlame","ThirdEye","CarveReality"],"relics":["PureWater","NeowsBlessing","aspiration:FrozenJewel","HornCleat","Gremlin Food","Replay:Bottled Flurry"],"acts_visited":["Exordium"],"potions_floor_usage":[10,16],"damage_taken":[{"damage":0,"enemies":"Small Slimes","floor":1,"turns":2},{"damage":0,"enemies":"Cultist","floor":2,"turns":1},{"damage":0,"enemies":"Gremlin Nob","floor":7,"turns":1},{"damage":0,"enemies":"2 Louse","floor":8,"turns":3},{"damage":56,"enemies":"Lagavulin","floor":10,"turns":9},{"damage":0,"enemies":"Looter","floor":11,"turns":4},{"damage":2,"enemies":"Exordium Wildlife","floor":12,"turns":3},{"damage":2,"enemies":"2 Fungi Beasts","floor":13,"turns":5},{"damage":58,"enemies":"Hexaghost","floor":16,"turns":9}],"seed_played":"5765077205879765299","potions_obtained":[{"floor":1,"key":"Fire Potion"},{"floor":12,"key":"Ancient Potion"},{"floor":13,"key":"bronze:BurnAndBuffPotion"}],"is_trial":false,"path_per_floor":["M","M","?","?","$","R","E","M","T","E","M","M","M","?","R","B"],"character_chosen":"WATCHER","items_purchased":["aspiration:FrozenJewel"],"campfire_rested":1,"item_purchase_floors":[5],"current_hp_per_floor":[72,72,72,72,72,72,72,72,72,16,16,14,12,36,57,0,0],"gold":106,"neow_bonus":"THREE_ENEMY_KILL","is_daily":false,"chose_seed":false,"campfire_upgraded":0,"win_rate":0.0,"timestamp":1611529455,"path_taken":["M","M","?","?","$","R","E","M","T","E","M","M","?","?","R","BOSS"],"items_purchased_type":["Relic"],"build_version":"2020-12-22","purchased_purges":0,"victory":false,"max_hp_per_floor":[72,72,72,72,72,72,72,72,72,72,72,72,72,72,72,72,72],"relic_stats":{"counters":[9,37],"obtain_stats":[{"Gremlin Food":9,"HornCleat":7,"NeowsBlessing":0,"Replay:Bottled Flurry":10,"PureWater":0,"aspiration:FrozenJewel":5},{"Gremlin Food":4,"HornCleat":3,"NeowsBlessing":0,"Replay:Bottled Flurry":5,"PureWater":0,"aspiration:FrozenJewel":2},{"Gremlin Food":7,"HornCleat":4,"NeowsBlessing":0,"Replay:Bottled Flurry":16,"PureWater":0,"aspiration:FrozenJewel":3}]},"card_choices":[{"not_picked":["Replay:BluntJabs","Crescendo"],"picked":"Replay:Hum","floor":1},{"not_picked":["Wallop","Replay:BluntJabs"],"picked":"MarkedMod:Acupuncture","floor":2},{"not_picked":["MarkedMod:Acupuncture","CutThroughFate"],"picked":"WindmillStrike","floor":7},{"not_picked":["FlyingSleeves","EmptyBody"],"picked":"Swivel","floor":8},{"not_picked":["FlurryOfBlows","DevaForm"],"picked":"Prostrate","floor":10},{"not_picked":["Replay:DivineShield","Adaptation"],"picked":"WreathOfFlame","floor":11},{"not_picked":["EmptyFist","Replay:Cycle"],"picked":"ThirdEye","floor":12},{"not_picked":["Pray","EmptyBody"],"picked":"CarveReality","floor":13}],"player_experience":374940,"relics_obtained":[{"floor":7,"key":"HornCleat"},{"floor":9,"key":"Gremlin Food"},{"floor":10,"key":"Replay:Bottled Flurry"}],"event_choices":[{"damage_healed":0,"gold_gain":0,"player_choice":"Upgraded","damage_taken":0,"max_hp_gain":0,"max_hp_loss":0,"event_name":"Upgrade Shrine","floor":4,"gold_loss":0,"cards_upgraded":["Replay:Hum"]},{"damage_healed":24,"gold_gain":0,"player_choice":"Banana","damage_taken":0,"max_hp_gain":0,"max_hp_loss":0,"event_name":"Big Fish","floor":14,"gold_loss":0}],"is_beta":false,"boss_relics":[],"items_purged_floors":[],"is_endless":false,"potions_floor_spawned":[1,12,13],"killed_by":"Hexaghost","ascension_level":0}}