{"host":"mn5kbj4x7gv3jr0o","time":1611482829,"event":{"mods":["2.2 Compatiblity","A Magickal Journey","AchievementEnabler","Ascension Reborn","Ascension Unlocker","Aspiration","BaseMod","Bestiary","Better Altar","Better Note","Better Sensory Stone","Better Silent Start","Better Skull","Better Third Choice","Better Vampires","Better-Laid Plans","BetterRewards","Block Reminder","CCEM","Colored Powertips","Colorless Booster Pack","Conjunction","Conspire","Curses Come First","Dota2Spire","Downfall","Emptier Cage","Energized Spire","Fox Events","GifTheSpireLib","Halation","HololiveMod","Hubris","Infinite Spire","Ironclad Rager","Jess\u0027s Bottle","Keyboard Shortcuts","Minty Spire (QoL Compilation)","Mirrors Mod","Poem Panic","Potion Indicator Mod","Potionbrewer","Puzzle Mod","Quarter Circle Forward PUNCH!","Quick Restart","Random Character Button","RatMod","Relic Sorter","Retaliation","Reworked Bosses","SCP261 Mod","SacredBarkPlus","Shop Mod","Small Relic Pack","Spicy Shops","Spikes Relics","StS++","StSLib","Stuff the Spire","The Blue Laboratory","Thieving Mod","Trackpad","Uncapped","UnlockEverythingMod","Useless Jewels Mod","Virulent Crown"],"gold_per_floor":[16,35,0,0,19,19,52,52,52,86,86,117,117,154,154,279,279,309,309,309,328,328,385,422,472,484,496,508,550,601,639,651,758,770,806,835,847,859,896,946,977,989,1028,1061,1111,1135,1187,1229,1253,1290],"floor_reached":51,"language":"ENG","playtime":4448,"items_purged":[],"score":907,"play_id":"b1b93578-1482-4d47-8857-55a332597fc0","local_time":"20210124050709","is_ascension_mode":true,"campfire_choices":[{"data":"Genetic Algorithm","floor":6.0,"key":"SMITH"},{"data":"hubris:Ukulele","floor":13.0,"key":"SMITH"},{"floor":15.0,"key":"REST"},{"floor":28,"key":"REST"},{"data":"White Noise","floor":32,"key":"SMITH"},{"data":"hubris:InfiniteBlow+8","floor":42,"key":"SMITH"},{"data":"hubris:InfiniteBlow+9","floor":49,"key":"SMITH"}],"circlet_count":0,"master_deck":["Zap","Dualcast","relicPack:TruthCard","Ball Lightning","Cold Snap","Ball Lightning","Leap","Leap","Leap","Leap","hubris:Ukulele+1","Genetic Algorithm+1","Enlightenment","StSpp:TargetLocked","Scrape","StuffTheSpire:FreeRealEstate+1","Go for the Eyes","Glacier","CBP: BitesTheDust+1","ICR:ChainLightning","conspire:Banana+1","StSpp:Saturation","StuffTheSpire:ShieldGenerator+1","Go for the Eyes+1","conspire:SharedLibrary","White Noise+1","Capacitor","Reinforced Body","White Noise+1","Seek","Beam Cell+1","hubris:InfiniteBlow+10","StuffTheSpire:GlassShard","Static Discharge+1","StuffTheSpire:Synthwave+1","hubris:Ukulele"],"relics":["Cracked Core","hubris:Icosahedron","halation:PinkSoulGem","CCEMRelics:FestiveHat","StuffTheSpire:OldFever","Orichalcum","halation:Prosthetics","MawBank","infinitespire:Satchel","Anchor","potionbrewer:WarMedal","InkBottle","Sozu","Dota2Spire:ArcaneBoots","StSpp:BackupBattery","MawBank","CCEMRelics:Pendulum"],"acts_visited":["Exordium","TheCity","TheBeyond"],"potions_floor_usage":[31],"damage_taken":[{"damage":2.0,"enemies":"conspire:RoseBush","floor":1.0,"turns":3.0},{"damage":10.0,"enemies":"Jaw Worm","floor":2.0,"turns":2.0},{"damage":4.0,"enemies":"2 Louse","floor":5.0,"turns":3.0},{"damage":21.0,"enemies":"Gremlin Nob","floor":7.0,"turns":4.0},{"damage":11.0,"enemies":"Lagavulin","floor":10.0,"turns":5.0},{"damage":0.0,"enemies":"2 Fungi Beasts","floor":12.0,"turns":2.0},{"damage":11.0,"enemies":"Exordium Thugs","floor":14.0,"turns":4.0},{"damage":11.0,"enemies":"The Guardian","floor":16.0,"turns":11.0},{"damage":16.0,"enemies":"3 Byrds","floor":18.0,"turns":5.0},{"damage":0.0,"enemies":"Spheric Guardian","floor":21.0,"turns":4.0},{"damage":0.0,"enemies":"conspire:Head Lice","floor":23.0,"turns":6.0},{"damage":0.0,"enemies":"Snecko","floor":24.0,"turns":5.0},{"damage":16.0,"enemies":"Gremlin Leader","floor":25.0,"turns":6.0},{"damage":6,"enemies":"Sentry and Sphere","floor":29,"turns":8},{"damage":4,"enemies":"conspire:Head Lice","floor":30,"turns":5},{"damage":0,"enemies":"Snake Plant","floor":31,"turns":4},{"damage":7,"enemies":"Automaton","floor":33,"turns":9},{"damage":0,"enemies":"Orb Walker","floor":35,"turns":4},{"damage":0,"enemies":"3 Shapes","floor":36,"turns":5},{"damage":0,"enemies":"Spire Growth","floor":39,"turns":4},{"damage":1,"enemies":"Giant Head","floor":40,"turns":5},{"damage":8,"enemies":"4 Shapes","floor":41,"turns":6},{"damage":14,"enemies":"3 Darklings","floor":44,"turns":6},{"damage":13,"enemies":"Nemesis","floor":45,"turns":5},{"damage":0,"enemies":"Reptomancer","floor":47,"turns":2},{"damage":0,"enemies":"Spire Growth","floor":48,"turns":4},{"damage":20,"enemies":"bossMod:newAwakened","floor":50,"turns":7}],"seed_played":"2397509177192107593","potions_obtained":[{"floor":1.0,"key":"DDmod:CleansePotion"},{"floor":10.0,"key":"Dexterity Potion"},{"floor":14.0,"key":"hexamod:SoulburnPotion"},{"floor":18.0,"key":"blueLaboratory:RelayPotion"},{"floor":21.0,"key":"blueLaboratory:CoolantVial"},{"floor":29,"key":"potionbrewer:StunPotion"},{"floor":33,"key":"blueLaboratory:BottledHope"}],"is_trial":false,"path_per_floor":["M","M","?","?","M","R","E","?","T","E","?","M","R","M","R","B",null,"M","?","?","M","AVR","E","M","E","T","?","R","M","E","M","R","B",null,"M","M","?","?","M","E","M","R","T","M","E","?","E","M","R","B",null],"character_chosen":"DEFECT","items_purchased":[],"campfire_rested":2,"item_purchase_floors":[],"current_hp_per_floor":[48,38,44,44,40,40,19,41,41,30,30,30,30,19,41,32,41,27,27,27,29,29,31,33,19,19,19,34,30,28,30,30,25,59,61,63,48,48,50,51,45,45,45,33,22,64,66,66,66,48],"gold":1314,"neow_bonus":"DEFECT_STORMLORD","is_daily":false,"chose_seed":false,"campfire_upgraded":5,"win_rate":0.0,"timestamp":1611482829,"path_taken":["M","M","?","?","M","R","E","?","T","E","?","?","R","M","R","BOSS","M","?","?","M","AVR","E","M","E","T","?","R","M","E","M","R","BOSS","M","M","?","?","?","E","M","R","T","?","E","?","E","M","R","BOSS"],"items_purchased_type":[],"build_version":"2020-12-22","purchased_purges":0,"victory":true,"max_hp_per_floor":[68,68,74,74,74,74,74,74,74,74,74,74,74,74,74,76,41,43,43,43,45,45,47,49,51,51,51,51,53,55,57,57,59,59,61,63,63,63,65,67,69,69,69,71,73,64,66,66,66,68],"card_choices":[{"not_picked":["Sweeping Beam","StuffTheSpire:LoadUp"],"picked":"hubris:Ukulele","floor":1.0},{"not_picked":["Hologram","Compile Driver"],"picked":"Genetic Algorithm","floor":2.0},{"not_picked":["Coolheaded","Doom and Gloom"],"picked":"StSpp:TargetLocked","floor":5.0},{"not_picked":["Creative AI","StuffTheSpire:LoadUp"],"picked":"Scrape","floor":7.0},{"not_picked":["Thinking Ahead+1","CBP: PlotConvenience+1"],"picked":"StuffTheSpire:FreeRealEstate+1","floor":10.0},{"not_picked":["Fusion","conspire:Rain"],"picked":"Go for the Eyes","floor":10.0},{"not_picked":["HandOfGreed+1","Jack Of All Trades+1"],"picked":"CBP: BitesTheDust+1","floor":12.0},{"not_picked":["Go for the Eyes","StSpp:TargetLocked"],"picked":"ICR:ChainLightning","floor":12.0},{"not_picked":["hubris:EnhanceAbility+1","Secret Technique+1"],"picked":"conspire:Banana+1","floor":14.0},{"not_picked":["Stack","StuffTheSpire:Rend","Coolheaded"],"picked":"SKIP","floor":14.0},{"not_picked":["StuffTheSpire:EventHorizon","Machine Learning"],"picked":"StSpp:Saturation","floor":16.0},{"not_picked":["Barrage","StuffTheSpire:LoadUp","Hologram"],"picked":"SKIP","floor":18.0},{"not_picked":["Fusion","Hologram"],"picked":"Go for the Eyes+1","floor":21.0},{"not_picked":["Go for the Eyes","StuffTheSpire:ShieldGenerator"],"picked":"conspire:SharedLibrary","floor":23.0},{"not_picked":["Go for the Eyes+1","conspire:Rain+1"],"picked":"White Noise+1","floor":24.0},{"not_picked":["Gash","Conserve Battery+1"],"picked":"Capacitor","floor":25.0},{"not_picked":["Go for the Eyes","Conserve Battery","aspiration:Polymerization"],"picked":"SKIP","floor":29},{"not_picked":["Multi-Cast","StuffTheSpire:Plugnplay"],"picked":"Reinforced Body","floor":30},{"not_picked":["Turbo","Barrage+1"],"picked":"White Noise","floor":31},{"not_picked":["StuffTheSpire:ForEach","StuffTheSpire:Purify"],"picked":"Seek","floor":33},{"not_picked":["Rebound+1","Turbo+1","StSpp:Pointer+1"],"picked":"SKIP","floor":35},{"not_picked":["Rebound+1","StSpp:Fierceness"],"picked":"Beam Cell+1","floor":36},{"not_picked":["infinitespire:DeathsTouch","infinitespire:Starlight"],"picked":"hubris:InfiniteBlow+8","floor":37},{"not_picked":["Skim","Ball Lightning"],"picked":"StuffTheSpire:GlassShard","floor":39},{"not_picked":["Gash","Rebound+1","Hologram+1"],"picked":"SKIP","floor":40},{"not_picked":["Steam Power+1","Cold Snap","Reprogram+1"],"picked":"SKIP","floor":41},{"not_picked":["Stack","Turbo"],"picked":"Static Discharge+1","floor":44},{"not_picked":["StuffTheSpire:Rend+1","Heatsinks"],"picked":"StuffTheSpire:Synthwave+1","floor":45},{"not_picked":["Beam Cell+1","Rebound+1"],"picked":"hubris:Ukulele","floor":47},{"not_picked":["Chaos","Turbo+1","StuffTheSpire:ShieldGenerator"],"picked":"SKIP","floor":48}],"player_experience":147458,"relics_obtained":[{"floor":7.0,"key":"CCEMRelics:FestiveHat"},{"floor":9.0,"key":"StuffTheSpire:OldFever"},{"floor":10.0,"key":"Orichalcum"},{"floor":23.0,"key":"infinitespire:Satchel"},{"floor":25.0,"key":"Anchor"},{"floor":26.0,"key":"potionbrewer:WarMedal"},{"floor":30,"key":"InkBottle"},{"floor":40,"key":"Dota2Spire:ArcaneBoots"},{"floor":43,"key":"StSpp:BackupBattery"},{"floor":45,"key":"MawBank"},{"floor":47,"key":"CCEMRelics:Pendulum"}],"event_choices":[{"damage_healed":0.0,"max_hp_gain":0.0,"max_hp_loss":0.0,"gold_gain":0.0,"event_name":"betterThird:BetterSerpent","player_choice":"RENOUNCE","floor":3.0,"gold_loss":35.0,"damage_taken":35.0,"cards_obtained":["Enlightenment"]},{"damage_healed":0.0,"max_hp_gain":0.0,"max_hp_loss":0.0,"gold_gain":0.0,"event_name":"Match and Keep!","player_choice":"1 cards matched","floor":11.0,"gold_loss":0.0,"damage_taken":0.0,"cards_obtained":["Glacier"]},{"cards_removed":["Cold Snap"],"damage_healed":0.0,"max_hp_gain":0.0,"max_hp_loss":0.0,"gold_gain":0.0,"event_name":"Purifier","player_choice":"Purged","floor":19.0,"gold_loss":0.0,"damage_taken":0.0},{"cards_removed":["StuffTheSpire:FreeRealEstate"],"damage_healed":0.0,"max_hp_gain":0.0,"max_hp_loss":0.0,"gold_gain":0.0,"event_name":"betterNote:BetterNote","player_choice":"Take \u0026 Give","floor":20.0,"gold_loss":0.0,"damage_taken":0.0,"cards_obtained":["StuffTheSpire:ShieldGenerator"]},{"damage_healed":64,"gold_gain":0,"player_choice":"Heal","damage_taken":0,"max_hp_gain":0,"max_hp_loss":9,"event_name":"The Moai Head","floor":46,"gold_loss":0}],"is_beta":false,"boss_relics":[{"not_picked":["StuffTheSpire:ModemDavis","Runic Dome"],"picked":"halation:Prosthetics"},{"not_picked":["StuffTheSpire:Kangaroo","aspiration:PoetsPen_weak"],"picked":"Sozu"}],"items_purged_floors":[],"is_endless":false,"potions_floor_spawned":[1,10,14,18,21,29,31,33,35,39,40,45,47],"ascension_level":0}}