{"host":"t7mx8yfj1no5p62f","time":1611506897,"event":{"mods":["BaseMod","Bestiary","Colored Map","Colored Powertips","Minty Spire (QoL Compilation)","Relic Stats","StSLib","ojb\u0027s Info Mod"],"gold_per_floor":[10,21,21,41,59,85,100,130,154,163,163,173,202,71,71,154,154,181,208,54,79,90,90,116,116,125,0,25,67,81,100,100,100,100],"floor_reached":33,"language":"ENG","playtime":1961,"items_purged":["Perfected Strike","Strike_R","Injury"],"score":570,"play_id":"548a0c6f-4963-448b-b16b-77b2da8e9880","local_time":"20210124114817","is_ascension_mode":true,"campfire_choices":[{"data":"Clothesline","floor":11.0,"key":"SMITH"},{"floor":15.0,"key":"REST"},{"data":"Berserk","floor":23.0,"key":"SMITH"},{"data":"Combust","floor":25.0,"key":"SMITH"},{"data":"Twin Strike","floor":32,"key":"SMITH"}],"circlet_count":0,"master_deck":["AscendersBane","Strike_R","Strike_R","Defend_R","Defend_R","Defend_R","Defend_R","Bash","Twin Strike+1","Shrug It Off","Cleave","Clothesline+1","Metallicize","Iron Wave","Berserk+1","Battle Trance+1","Power Through","Ghostly Armor","Combust+1","Shrug It Off+1","Inflame+1","Sword Boomerang+1"],"relics":["Burning Blood","TungstenRod","Sundial","CeramicFish","Bronze Scales","Cursed Key","FossilizedHelix","Oddly Smooth Stone"],"acts_visited":["Exordium","TheCity"],"potions_floor_usage":[33],"damage_taken":[{"damage":6.0,"enemies":"2 Louse","floor":1.0,"turns":2.0},{"damage":0.0,"enemies":"Cultist","floor":2.0,"turns":3.0},{"damage":4.0,"enemies":"Small Slimes","floor":4.0,"turns":3.0},{"damage":0.0,"enemies":"2 Fungi Beasts","floor":5.0,"turns":3.0},{"damage":43.0,"enemies":"Lagavulin","floor":6.0,"turns":8.0},{"damage":7.0,"enemies":"Exordium Wildlife","floor":7.0,"turns":5.0},{"damage":18.0,"enemies":"3 Sentries","floor":8.0,"turns":8.0},{"damage":8.0,"enemies":"3 Louse","floor":12.0,"turns":2.0},{"damage":17.0,"enemies":"Large Slime","floor":13.0,"turns":5.0},{"damage":31.0,"enemies":"The Guardian","floor":16.0,"turns":18.0},{"damage":13.0,"enemies":"Shell Parasite","floor":18.0,"turns":7.0},{"damage":20.0,"enemies":"2 Thieves","floor":19.0,"turns":4.0},{"damage":4.0,"enemies":"Centurion and Healer","floor":21.0,"turns":8.0},{"damage":3.0,"enemies":"Snake Plant","floor":22.0,"turns":5.0},{"damage":7.0,"enemies":"Snecko","floor":24.0,"turns":7.0},{"damage":1.0,"enemies":"Centurion and Healer","floor":28.0,"turns":8.0},{"damage":4.0,"enemies":"Book of Stabbing","floor":29.0,"turns":5.0},{"damage":20.0,"enemies":"Cultist and Chosen","floor":30.0,"turns":6.0},{"damage":0,"enemies":"Chosen and Byrds","floor":31,"turns":7},{"damage":63,"enemies":"Automaton","floor":33,"turns":12}],"seed_played":"3551915655110445120","potions_obtained":[{"floor":1.0,"key":"EntropicBrew"},{"floor":2.0,"key":"Explosive Potion"},{"floor":8.0,"key":"ElixirPotion"},{"floor":13.0,"key":"Weak Potion"},{"floor":16.0,"key":"Explosive Potion"},{"floor":19.0,"key":"BloodPotion"},{"floor":24.0,"key":"DuplicationPotion"},{"floor":29.0,"key":"Ancient Potion"}],"is_trial":false,"path_per_floor":["M","M","?","M","M","E","M","E","T","?","R","M","M","$","R","B",null,"M","M","$","M","M","R","M","R","T","$","M","E","M","M","R","B"],"character_chosen":"IRONCLAD","items_purchased":["SkillPotion","AttackPotion"],"campfire_rested":1,"item_purchase_floors":[14,20],"current_hp_per_floor":[68,74,74,75,75,38,37,25,25,25,25,23,12,12,34,9,59,52,38,53,55,58,58,57,57,57,57,62,64,50,56,56,0,0],"gold":100,"neow_bonus":"ONE_RARE_RELIC","is_daily":false,"chose_seed":false,"campfire_upgraded":4,"win_rate":0.0,"timestamp":1611506897,"path_taken":["M","M","?","M","M","E","M","E","T","?","R","M","?","?","R","BOSS","M","M","$","M","M","R","M","R","T","$","M","E","M","?","R","BOSS"],"items_purchased_type":["Potion","Potion"],"build_version":"2020-12-22","purchased_purges":3,"victory":false,"max_hp_per_floor":[75,75,75,75,75,75,75,75,75,75,75,75,75,75,75,75,75,75,75,75,75,75,75,75,75,75,75,75,75,75,75,75,75,75],"relic_stats":{"counters":[20,126],"Sundial":[22],"CeramicFish":99,"Bronze Scales":[322],"Cursed Key":1,"obtain_stats":[{"Sundial":6,"CeramicFish":8,"Bronze Scales":9,"Oddly Smooth Stone":29,"Cursed Key":17,"Burning Blood":0,"TungstenRod":0,"FossilizedHelix":26},{"Sundial":5,"CeramicFish":7,"Bronze Scales":7,"Oddly Smooth Stone":17,"Cursed Key":10,"Burning Blood":0,"TungstenRod":0,"FossilizedHelix":15},{"Sundial":19,"CeramicFish":32,"Bronze Scales":32,"Oddly Smooth Stone":101,"Cursed Key":57,"Burning Blood":0,"TungstenRod":0,"FossilizedHelix":88}],"Burning Blood":107,"TungstenRod":71},"card_choices":[{"not_picked":["Power Through","Fire Breathing"],"picked":"Twin Strike","floor":1.0},{"not_picked":["Flex","Clash"],"picked":"Shrug It Off","floor":2.0},{"not_picked":["True Grit","Second Wind"],"picked":"Cleave","floor":4.0},{"not_picked":["Rage","Seeing Red","Cleave"],"picked":"SKIP","floor":5.0},{"not_picked":["Seeing Red","Bloodletting"],"picked":"Clothesline","floor":6.0},{"not_picked":["Wild Strike","Twin Strike","Pummel"],"picked":"SKIP","floor":7.0},{"not_picked":["Pommel Strike","Evolve","Rupture"],"picked":"SKIP","floor":8.0},{"not_picked":["Pommel Strike","Reckless Charge","Clothesline"],"picked":"SKIP","floor":12.0},{"not_picked":["Heavy Blade","Dark Embrace"],"picked":"Iron Wave","floor":13.0},{"not_picked":["Limit Break","Exhume"],"picked":"Berserk","floor":16.0},{"not_picked":["Burning Pact","Sentinel"],"picked":"Battle Trance+1","floor":18.0},{"not_picked":["Rage","Perfected Strike"],"picked":"Power Through","floor":19.0},{"not_picked":["Fire Breathing","Flex"],"picked":"Ghostly Armor","floor":21.0},{"not_picked":["Bloodletting","Iron Wave","Sentinel"],"picked":"SKIP","floor":22.0},{"not_picked":["Armaments","Blood for Blood"],"picked":"Combust","floor":24.0},{"not_picked":["Sword Boomerang","Flex"],"picked":"Shrug It Off+1","floor":28.0},{"not_picked":["Flame Barrier+1","Flex"],"picked":"Inflame+1","floor":29.0},{"not_picked":["Reckless Charge","Feel No Pain+1","Perfected Strike"],"picked":"SKIP","floor":30.0},{"not_picked":["Wild Strike","Flex+1"],"picked":"Sword Boomerang+1","floor":31}],"player_experience":1843702,"relics_obtained":[{"floor":6.0,"key":"Sundial"},{"floor":8.0,"key":"CeramicFish"},{"floor":9.0,"key":"Bronze Scales"},{"floor":26.0,"key":"FossilizedHelix"},{"floor":29.0,"key":"Oddly Smooth Stone"}],"event_choices":[{"damage_healed":0.0,"max_hp_gain":0.0,"max_hp_loss":0.0,"gold_gain":0.0,"cards_transformed":["Strike_R"],"event_name":"Living Wall","player_choice":"Change","floor":3.0,"gold_loss":0.0,"damage_taken":0.0,"cards_obtained":["Perfected Strike"]},{"damage_healed":0.0,"max_hp_gain":0.0,"max_hp_loss":0.0,"gold_gain":0.0,"cards_transformed":["Strike_R"],"event_name":"Transmorgrifier","player_choice":"Transformed","floor":10.0,"gold_loss":0.0,"damage_taken":0.0,"cards_obtained":["Metallicize"]}],"is_beta":false,"boss_relics":[{"not_picked":["Runic Cube","Mark of Pain"],"picked":"Cursed Key"}],"items_purged_floors":[14,20,27],"is_endless":false,"potions_floor_spawned":[1,2,5,8,13,16,19,24,29,30],"killed_by":"Automaton","ascension_level":20}}