{"host":"hf83sijwe64ts2lm","time":1611510894,"event":{"mods":["2.2 Compatiblity","BaseMod","Better Altar","Better Match","Better Note","Better Sensory Stone","Better Skull","Better Third Choice","Colored Map","Colored Powertips","Highlight Path","Hubris","Infinite Spire","Minty Spire (QoL Compilation)","Quick Restart","Rare Cards Sparkle","Relic Stats","Replay The Spire","Shop Mod","Spicy Shops","StSLib","Thieving Mod"],"gold_per_floor":[111,111,125,136,136,136,311,311,311,326,326,326,13,57,57,185,185,208,208,208,228,188,188,201,201,201,216,236,256,256,256,256,385,385,400,173,198,198,214,214,214],"floor_reached":40,"language":"ENG","playtime":814,"items_purged":["Doubt"],"score":493,"play_id":"3eca6032-43ca-4e1a-b1b5-cbe4b1b1f6aa","local_time":"20210124125454","is_ascension_mode":true,"campfire_choices":[{"floor":6.0,"key":"RECALL"},{"data":"Cleave","floor":8.0,"key":"SMITH"},{"data":"1","floor":11.0,"key":"LIFT"},{"floor":15.0,"key":"REST"},{"floor":23.0,"key":"REST"},{"data":"2","floor":25.0,"key":"LIFT"},{"floor":30.0,"key":"REST"},{"data":"3","floor":32,"key":"LIFT"}],"circlet_count":0,"master_deck":["Strike_R+1","Strike_R+1","Strike_R+1","Strike_R+1","Strike_R+1","Defend_R+1","Defend_R+1","Defend_R+1","Defend_R+1","Bash","Clash","Cleave+1","Flex+1","Thunderclap","Injury","Demon Form","Limit Break","Flex+1","Sever Soul","Perfected Strike","Reaper+1","Sword Boomerang+1","Cleave","Limit Break","Flex","Massacre","Dropkick","Shockwave+1"],"relics":["Black Blood","NeowsBlessing","Girya","Golden Idol","Paper Frog","Lantern","Runic Pyramid","HornCleat","Ancient Tea Set"],"acts_visited":["TheBeyond"],"potions_floor_usage":[33,37,39,40],"damage_taken":[{"damage":0.0,"enemies":"Jaw Worm","floor":1.0,"turns":1.0},{"damage":0.0,"enemies":"Cultist","floor":3.0,"turns":1.0},{"damage":0.0,"enemies":"2 Louse","floor":4.0,"turns":1.0},{"damage":11.0,"enemies":"Looter","floor":10.0,"turns":3.0},{"damage":20.0,"enemies":"3 Sentries","floor":14.0,"turns":5.0},{"damage":48.0,"enemies":"Hexaghost","floor":16.0,"turns":5.0},{"damage":39.0,"enemies":"2 Thieves","floor":18.0,"turns":3.0},{"damage":7.0,"enemies":"Chosen","floor":21.0,"turns":6.0},{"damage":23.0,"enemies":"Centurion and Healer","floor":24.0,"turns":4.0},{"damage":32.0,"enemies":"Chosen and Byrds","floor":27.0,"turns":6.0},{"damage":5.0,"enemies":"3 Cultists","floor":28.0,"turns":4.0},{"damage":23.0,"enemies":"Centurion and Healer","floor":29.0,"turns":3.0},{"damage":42,"enemies":"Collector","floor":33,"turns":7},{"damage":27,"enemies":"3 Shapes","floor":35,"turns":3},{"damage":26,"enemies":"3 Darklings","floor":37,"turns":4},{"damage":0,"enemies":"Maw","floor":39,"turns":4},{"damage":45,"enemies":"Reptomancer","floor":40,"turns":4}],"seed_played":"-4925417739574614856","potions_obtained":[{"floor":3.0,"key":"Ancient Potion"},{"floor":4.0,"key":"Strength Potion"},{"floor":14.0,"key":"SpeedPotion"},{"floor":21.0,"key":"Swift Potion"},{"floor":24.0,"key":"Strength Potion"},{"floor":33,"key":"Adrenaline Potion"},{"floor":37,"key":"Strength Potion"},{"floor":39,"key":"Toxic Potion"}],"is_trial":false,"path_per_floor":["M","?","M","M","?","R","?","R","T","M","R","?","$","E","R","B",null,"M","?","?","M","?","R","M","R","T","M","M","M","R","?","R","B",null,"M","$","M","?","M","E"],"character_chosen":"IRONCLAD","items_purchased":["Paper Frog","Massacre","Ancient Tea Set"],"campfire_rested":3,"item_purchase_floors":[13,36,36],"current_hp_per_floor":[80,80,80,80,64,64,64,64,64,59,59,59,59,45,69,27,80,47,47,47,46,46,70,53,53,53,27,28,39,63,63,63,52,80,65,65,51,51,63,30,30],"gold":214,"neow_bonus":"THREE_ENEMY_KILL","is_daily":false,"chose_seed":false,"campfire_upgraded":1,"win_rate":0.0,"timestamp":1611510894,"path_taken":["M","?","M","?","?","R","?","R","T","M","R","?","$","E","R","BOSS","M","?","?","M","?","R","?","R","T","M","M","?","R","?","R","BOSS","M","$","M","?","M","E"],"items_purchased_type":["Relic","Card","Relic"],"build_version":"2020-12-22","purchased_purges":1,"victory":false,"max_hp_per_floor":[80,80,80,80,80,80,80,80,80,80,80,80,80,80,80,80,80,80,80,80,80,80,80,80,80,80,80,80,80,80,80,80,80,80,80,80,80,80,80,80,80],"relic_stats":{"counters":[5,22],"Golden Idol":37,"Black Blood":42,"obtain_stats":[{"Girya":0,"Lantern":0,"HornCleat":0,"NeowsBlessing":0,"Golden Idol":0,"Black Blood":34,"Ancient Tea Set":36,"Burning Blood":0,"Paper Frog":0,"Runic Pyramid":0},{"Girya":0,"Lantern":0,"HornCleat":0,"NeowsBlessing":0,"Golden Idol":0,"Black Blood":1,"Ancient Tea Set":2,"Burning Blood":0,"Paper Frog":0,"Runic Pyramid":0},{"Girya":0,"Lantern":0,"HornCleat":0,"NeowsBlessing":0,"Golden Idol":0,"Black Blood":7,"Ancient Tea Set":10,"Burning Blood":0,"Paper Frog":0,"Runic Pyramid":0}]},"card_choices":[{"not_picked":["Havoc","True Grit"],"picked":"Clash","floor":1.0},{"not_picked":["Entrench","True Grit"],"picked":"Cleave","floor":3.0},{"not_picked":["Headbutt","Sentinel"],"picked":"Flex","floor":4.0},{"not_picked":["Flex","Anger"],"picked":"Thunderclap","floor":10.0},{"not_picked":["Ghostly Armor","Armaments"],"picked":"Demon Form","floor":14.0},{"not_picked":["Berserk","Bludgeon"],"picked":"Limit Break","floor":16.0},{"not_picked":["Shrug It Off+1","Carnage"],"picked":"Flex","floor":18.0},{"not_picked":["Havoc","Combust"],"picked":"Sever Soul","floor":21.0},{"not_picked":["Heavy Blade","Headbutt+1"],"picked":"Perfected Strike","floor":24.0},{"not_picked":["Clash+1","Pommel Strike"],"picked":"Reaper","floor":27.0},{"not_picked":["Carnage","Pommel Strike+1"],"picked":"Sword Boomerang+1","floor":28.0},{"not_picked":["Shrug It Off+1","Pommel Strike+1"],"picked":"Cleave","floor":29.0},{"not_picked":["Demonic Infusion","Impervious"],"picked":"Limit Break","floor":33},{"not_picked":["Shrug It Off+1","Wild Strike"],"picked":"Flex","floor":35},{"not_picked":["Blood for Blood","hubris:SharpeningStone+1"],"picked":"Dropkick","floor":37},{"not_picked":["Havoc+1","ReplayTheSpireMod:Limb From Limb"],"picked":"Shockwave+1","floor":39}],"player_experience":133467,"relics_obtained":[{"floor":9.0,"key":"Girya"},{"floor":14.0,"key":"Lantern"},{"floor":26.0,"key":"HornCleat"}],"event_choices":[{"damage_healed":0.0,"max_hp_gain":0.0,"max_hp_loss":0.0,"gold_gain":0.0,"event_name":"Purifier","player_choice":"Ignored","floor":2.0,"gold_loss":0.0,"damage_taken":0.0},{"damage_healed":0.0,"max_hp_gain":0.0,"max_hp_loss":0.0,"gold_gain":0.0,"event_name":"Shining Light","player_choice":"Entered Light","floor":5.0,"gold_loss":0.0,"damage_taken":16.0,"cards_upgraded":["Flex","Defend_R"]},{"damage_healed":0.0,"max_hp_gain":0.0,"max_hp_loss":0.0,"gold_gain":175.0,"event_name":"Liars Game","player_choice":"AGREE","floor":7.0,"gold_loss":0.0,"damage_taken":0.0,"cards_obtained":["Doubt"]},{"damage_healed":0.0,"max_hp_gain":0.0,"max_hp_loss":0.0,"gold_gain":0.0,"event_name":"Golden Idol","player_choice":"Take Wound","floor":12.0,"gold_loss":0.0,"damage_taken":0.0,"relics_obtained":["Golden Idol"],"cards_obtained":["Injury"]},{"damage_healed":0.0,"max_hp_gain":0.0,"max_hp_loss":0.0,"gold_gain":0.0,"event_name":"Vampires","player_choice":"Ignored","floor":19.0,"gold_loss":0.0,"damage_taken":0.0},{"damage_healed":0.0,"max_hp_gain":0.0,"max_hp_loss":0.0,"gold_gain":0.0,"event_name":"Ghosts","player_choice":"Ignored","floor":20.0,"gold_loss":0.0,"damage_taken":0.0},{"damage_healed":0.0,"max_hp_gain":0.0,"max_hp_loss":0.0,"gold_gain":0.0,"event_name":"Designer","player_choice":"Upgraded Two","floor":22.0,"gold_loss":40.0,"damage_taken":0.0,"cards_upgraded":["Strike_R","Flex"]},{"damage_healed":0.0,"max_hp_gain":0.0,"max_hp_loss":7.0,"gold_gain":0.0,"event_name":"betterThird:BetterWriting","player_choice":"Simplicity","floor":31.0,"gold_loss":0.0,"damage_taken":0.0}],"is_beta":false,"boss_relics":[{"not_picked":["Snecko Eye","Empty Cage"],"picked":"Runic Pyramid"},{"not_picked":["SacredBark","Astrolabe"],"picked":"Black Blood"}],"items_purged_floors":[13],"is_endless":false,"potions_floor_spawned":[3,4,14,21,24,33,37,39],"killed_by":"Reptomancer","ascension_level":4}}