{"host":"yt8tirjpas3zupuf","time":1611504247,"event":{"mods":["Act Like it!","Arknights The Spire","BaseMod","Colored Powertips","Gensokyo","Lobotomy","LobotomyExtend","Minty Spire (QoL Compilation)","Replay The Spire","StSLib","The Bug Knight"],"gold_per_floor":[118,137,151,162,210,385,396,396,396,396,396],"floor_reached":7,"language":"ZHS","playtime":857,"items_purged":[],"score":45,"play_id":"83e92b45-8ca4-4b36-9246-f2aa6779d73f","local_time":"20210125000407","is_ascension_mode":false,"campfire_choices":[{"floor":6,"key":"REST"}],"circlet_count":0,"master_deck":["LongBird","ats:Strike C","ats:Strike G","ats:Strike S","ats:Strike V","ats:Armor Crushing Shot","ats:Defend","ats:Defend","ats:Defend","ats:Defend","ats:Emotion Absorption","Wellcheers","ats:Ignite","ats:Hook Shot","Laetitia","ats:Absolute Focus","Murderer","ats:Beaten Up","ats:Assault Order","Doubt","OldLady","ats:Serious Mode"],"relics":["ats:Sanity","CogitoBucket","Justitia_r","LetterFromLob","Nunchaku"],"acts_visited":["Exordium"],"potions_floor_usage":[],"damage_taken":[{"damage":7.0,"enemies":"Cultist","floor":1.0,"turns":5.0},{"damage":4.0,"enemies":"Jaw Worm","floor":2.0,"turns":5.0},{"damage":62.0,"enemies":"Small Slimes","floor":3.0,"turns":9.0},{"damage":11,"enemies":"Jaw Worm","floor":1,"turns":3},{"damage":12,"enemies":"Small Slimes","floor":4,"turns":4},{"damage":26,"enemies":"Cultist","floor":7,"turns":4}],"seed_played":"-3456380627152729651","potions_obtained":[{"floor":2.0,"key":"SneckoOil"},{"floor":2,"key":"ats:Top Emergency Sanity Potion"},{"floor":2,"key":"SneckoOil"}],"is_trial":false,"path_per_floor":["M","M","M","?","M","?","?","M","?","R","M"],"character_chosen":"DOCTOR_CLASS","items_purchased":[],"campfire_rested":1,"item_purchase_floors":[],"current_hp_per_floor":[65,61,11,61,33,33,21,3,24,0,0],"gold":396,"neow_bonus":"","is_daily":false,"chose_seed":false,"campfire_upgraded":0,"win_rate":0.0,"timestamp":1611504247,"path_taken":["M","M","M","?","M","?","?","M","?","R","M"],"items_purchased_type":[],"build_version":"2020-12-22","purchased_purges":0,"victory":false,"max_hp_per_floor":[72,72,72,72,72,72,72,72,72,72,72],"card_choices":[{"not_picked":["QueenBee","Bloodbath"],"picked":"Wellcheers","floor":1.0},{"not_picked":["ats:Flexible Camouflage","ats:Flame Of Heaven"],"picked":"ats:Ignite","floor":1.0},{"not_picked":["PunishingBird","Murderer"],"picked":"LongBird","floor":2.0},{"not_picked":["ats:Collapsing Strike","ats:Ignite"],"picked":"ats:Hook Shot","floor":2.0},{"not_picked":["MeatLantern","VoidDream"],"picked":"Laetitia","floor":3.0},{"not_picked":["ats:Defend Order","ats:Literary Storm"],"picked":"ats:Absolute Focus","floor":3.0},{"not_picked":["CherryBlossoms","RedShoes","HeroicMonk"],"picked":"Singing Bowl","floor":1},{"not_picked":["WallGazer","MHz"],"picked":"Murderer","floor":1},{"not_picked":["ats:Very Hot Blade","ats:Cat Scratch"],"picked":"ats:Beaten Up","floor":1},{"not_picked":["ats:Neurotoxin","ats:Magnetic Hammer"],"picked":"ats:Assault Order","floor":2},{"not_picked":["OSAHOGD","SpiderBud"],"picked":"OldLady","floor":4},{"not_picked":["ats:Ignite","ats:Hammer On"],"picked":"ats:Serious Mode","floor":4}],"player_experience":75078,"relics_obtained":[{"floor":1.0,"key":"LetterFromLob"},{"floor":1,"key":"LetterFromLob"}],"event_choices":[{"damage_healed":0,"gold_gain":175,"player_choice":"AGREE","damage_taken":0,"max_hp_gain":0,"max_hp_loss":0,"event_name":"Liars Game","floor":3,"gold_loss":0,"cards_obtained":["Doubt"]},{"damage_healed":0,"gold_gain":0,"player_choice":"Success","damage_taken":18,"relics_obtained":["Nunchaku"],"max_hp_gain":0,"max_hp_loss":0,"event_name":"Scrap Ooze","floor":5,"gold_loss":0}],"is_beta":false,"boss_relics":[],"items_purged_floors":[],"is_endless":false,"potions_floor_spawned":[2,4],"killed_by":"Cultist","ascension_level":0}}