{"host":"Jedit","time":1611497398,"event":{"mods":["BaseMod","Downfall","Minty Spire (QoL Compilation)","Relic Stats","StSLib"],"gold_per_floor":[116,116,129,210,210,238,238,265,265,265,0,15,48,65,65,161,161,175,100,15,15,114,144,144,173,242,259,259,26,44,74,74,173,173,193,193,209,209,209,209,225,225,225,275,120,120,130,130,130,130],"floor_reached":48,"language":"ENG","playtime":2507,"items_purged":["bronze:Strike","bronze:Defend","bronze:Defend"],"score":632,"play_id":"c4259417-5aba-4dd2-bef9-b6ee83e24705","local_time":"20210124140958","is_ascension_mode":true,"campfire_choices":[{"data":"bronze:DelayedSlice","floor":7,"key":"SMITH"},{"data":"bronze:Constructor","floor":10,"key":"SMITH"},{"data":"bronze:Verify","floor":15,"key":"SMITH"},{"data":"bronze:Assembly","floor":24,"key":"SMITH"},{"data":"bronze:Goto","floor":28,"key":"PURGE"},{"floor":32,"key":"REST"},{"data":"Chrysalis","floor":40,"key":"SMITH"},{"data":"bronze:Library","floor":42,"key":"SMITH"},{"floor":46,"key":"RECALL"}],"circlet_count":0,"master_deck":["bronze:Replicate+1","bronze:Constructor+1","bronze:Deprecate","bronze:DelayedSlice+1","bronze:Overheat","bronze:Verify+1","bronze:DelayedGuard","bronze:CutThrough","bronze:Repair","bronze:Assembly+1","bronze:BuggyMess+1","bronze:ItsAFeature+1","bronze:ForLoop+1","bronze:ClassDefault","bronze:OilSpill+1","bronze:BronzeArmor","bronze:OilSpill+1","bronze:Safeguard","bronze:Library+1","bronze:Constructor+1","bronze:Mutator","bronze:FineTuning+1","bronze:Fortify","Chrysalis+1","bronze:WhirlingStrike+1","bronze:Backtrace","bronze:MaxOutput","bronze:Repulsor","bronze:MaxOutput","bronze:Constructor"],"relics":["bronze:BronzeCore","hexamod:CandleOfCauterizing","bronze:DecasWashers","Bottled Lightning","Membership Card","Guardian:PocketSentry","Astrolabe","Peace Pipe","MutagenicStrength","TungstenRod","Akabeko","Eternal Feather","bronze:DonusWashers","sneckomod:BlankCard","Omamori","Calling Bell","Bronze Scales","Sundial","Thread and Needle","The Courier","bronze:Mallet"],"acts_visited":["Exordium","TheCity","TheBeyond"],"potions_floor_usage":[8,16,23,23,25,31,31,48,48],"damage_taken":[{"damage":10,"enemies":"2 Louse","floor":1,"turns":3},{"damage":0,"enemies":"Jaw Worm","floor":3,"turns":4},{"damage":14,"enemies":"Gremlin Nob","floor":6,"turns":4},{"damage":5,"enemies":"Lagavulin","floor":8,"turns":5},{"damage":0,"enemies":"Small Slimes","floor":12,"turns":3},{"damage":1,"enemies":"Gremlin Nob","floor":13,"turns":3},{"damage":0,"enemies":"Looter","floor":14,"turns":2},{"damage":12,"enemies":"Hexaghost","floor":16,"turns":9},{"damage":1,"enemies":"2 Thieves","floor":18,"turns":3},{"damage":19,"enemies":"Slavers","floor":23,"turns":6},{"damage":41,"enemies":"Gremlin Leader","floor":25,"turns":7},{"damage":0,"enemies":"Chosen","floor":27,"turns":3},{"damage":18,"enemies":"Centurion and Healer","floor":30,"turns":5},{"damage":0,"enemies":"Book of Stabbing","floor":31,"turns":3},{"damage":20,"enemies":"Champ","floor":33,"turns":9},{"damage":0,"enemies":"3 Shapes","floor":35,"turns":6},{"damage":25,"enemies":"3 Darklings","floor":37,"turns":4},{"damage":13,"enemies":"Spire Growth","floor":41,"turns":6},{"damage":0,"enemies":"Mind Bloom Boss Battle","floor":44,"turns":6},{"damage":0,"enemies":"Jaw Worm Horde","floor":47,"turns":3},{"damage":77,"enemies":"Giant Head","floor":48,"turns":8}],"seed_played":"-1241023869313087187","potions_obtained":[{"floor":3,"key":"Slimebound:ThreeZeroPotion"},{"floor":8,"key":"Fruit Juice"},{"floor":13,"key":"PowerPotion"},{"floor":14,"key":"bronze:BurnAndBuffPotion"},{"floor":18,"key":"LiquidBronze"},{"floor":25,"key":"Guardian:BlockOnCardUsePotion"},{"floor":30,"key":"Energy Potion"},{"floor":31,"key":"Guardian:BlockOnCardUsePotion"},{"floor":44,"key":"Ancient Potion"}],"is_trial":false,"path_per_floor":["M","?","M","T","?","E","R","E","T","R","$","M","E","M","R","B",null,"M","?","?","?","?","E","R","E","T","M","R","$","M","E","R","B",null,"M","?","M","?","?","R","M","R","T","?","$","R","M","E"],"character_chosen":"THE_AUTOMATON","items_purchased":["Membership Card","bronze:Verify","bronze:DonusWashers","sneckomod:BlankCard","bronze:Safeguard","bronze:MaxOutput","bronze:Repulsor","bronze:MaxOutput"],"campfire_rested":1,"item_purchase_floors":[11,11,29,29,29,45,45,45],"current_hp_per_floor":[60,60,60,60,53,39,39,34,34,34,34,34,33,33,33,28,70,70,70,70,70,70,51,51,22,22,29,41,41,23,30,64,51,75,75,75,50,50,50,65,59,74,74,75,75,75,75,0,0,0],"gold":130,"neow_bonus":"UPGRADE_CARD","is_daily":false,"chose_seed":false,"campfire_upgraded":6,"win_rate":0.0,"timestamp":1611497398,"path_taken":["M","?","M","?","?","E","R","E","T","R","$","M","E","M","R","BOSS","M","?","?","?","?","E","R","E","T","M","R","?","M","E","R","BOSS","M","?","M","?","?","R","M","R","T","?","$","R","?","E"],"items_purchased_type":["Relic","Card","Relic","Relic","Card","Card","Card","Card"],"build_version":"2020-12-18","purchased_purges":3,"victory":false,"max_hp_per_floor":[70,70,70,70,70,70,70,70,70,70,70,70,70,70,70,70,70,70,70,70,70,70,70,70,75,75,75,75,75,75,75,75,75,75,75,75,75,75,75,75,75,75,75,75,75,75,75,75,75,75],"relic_stats":{"Peace Pipe":1,"counters":[21,102],"Sundial":[2],"Astrolabe":["bronze:BuggyMess","bronze:ItsAFeature","bronze:ForLoop"],"Bronze Scales":[72],"Eternal Feather":54,"obtain_stats":[{"hexamod:CandleOfCauterizing":4,"bronze:DonusWashers":29,"bronze:BronzeCore":0,"bronze:DecasWashers":6,"Astrolabe":17,"sneckomod:BlankCard":29,"Eternal Feather":26,"Thread and Needle":34,"The Courier":43,"Guardian:PocketSentry":13,"Omamori":31,"bronze:Mallet":44,"Akabeko":25,"Peace Pipe":20,"Calling Bell":34,"Sundial":34,"MutagenicStrength":21,"Bronze Scales":34,"Bottled Lightning":8,"Membership Card":11,"TungstenRod":23},{"hexamod:CandleOfCauterizing":2,"bronze:DonusWashers":12,"bronze:BronzeCore":0,"bronze:DecasWashers":3,"Astrolabe":8,"sneckomod:BlankCard":12,"Eternal Feather":11,"Thread and Needle":15,"The Courier":18,"Guardian:PocketSentry":6,"Omamori":14,"bronze:Mallet":19,"Akabeko":11,"Peace Pipe":9,"Calling Bell":15,"Sundial":15,"MutagenicStrength":9,"Bronze Scales":15,"Bottled Lightning":4,"Membership Card":4,"TungstenRod":10},{"hexamod:CandleOfCauterizing":7,"bronze:DonusWashers":52,"bronze:BronzeCore":0,"bronze:DecasWashers":11,"Astrolabe":33,"sneckomod:BlankCard":52,"Eternal Feather":49,"Thread and Needle":69,"The Courier":85,"Guardian:PocketSentry":22,"Omamori":60,"bronze:Mallet":91,"Akabeko":49,"Peace Pipe":36,"Calling Bell":69,"Sundial":69,"MutagenicStrength":36,"Bronze Scales":69,"Bottled Lightning":16,"Membership Card":16,"TungstenRod":42}],"TungstenRod":18},"card_choices":[{"not_picked":["bronze:Turbo","bronze:FineTuning"],"picked":"bronze:Constructor","floor":1},{"not_picked":["bronze:FineTuning","bronze:Overheat"],"picked":"bronze:DelayedSlice","floor":3},{"not_picked":["bronze:MaxOutput","bronze:Philosophize"],"picked":"bronze:BugBarrage","floor":6},{"not_picked":["bronze:ThunderWave","bronze:GetLatest"],"picked":"bronze:Overheat","floor":8},{"not_picked":["bronze:Invalidate","bronze:Turbo"],"picked":"bronze:DelayedGuard","floor":12},{"not_picked":["bronze:ShipIt","bronze:Iterate"],"picked":"bronze:CutThrough","floor":13},{"not_picked":["bronze:ItsAFeature","bronze:DelayedSlice"],"picked":"bronze:Repair","floor":14},{"not_picked":["bronze:Format","bronze:ShipIt"],"picked":"bronze:Assembly","floor":16},{"not_picked":["bronze:Constructor","bronze:ForLoop"],"picked":"bronze:ClassDefault","floor":18},{"not_picked":["bronze:Return","bronze:WhirlingStrike"],"picked":"bronze:OilSpill+1","floor":23},{"not_picked":["bronze:FineTuning","bronze:DarkDash+1"],"picked":"bronze:BronzeArmor","floor":25},{"not_picked":["bronze:BronzeArmor","bronze:FineTuning+1"],"picked":"bronze:OilSpill+1","floor":27},{"not_picked":["bronze:Separator","bronze:BuggyMess"],"picked":"bronze:Library","floor":30},{"not_picked":["bronze:BugBarrage","bronze:TinkerersToolbox"],"picked":"bronze:Constructor+1","floor":31},{"not_picked":["bronze:TinkerersToolbox","bronze:RecursiveStrike"],"picked":"bronze:Mutator","floor":33},{"not_picked":["bronze:BuggyMess+1","bronze:Overheat"],"picked":"bronze:FineTuning+1","floor":35},{"not_picked":["bronze:CutThrough+1","bronze:DelayedSlice"],"picked":"bronze:Fortify","floor":37},{"not_picked":["Apotheosis","The Bomb"],"picked":"Chrysalis","floor":39},{"not_picked":["bronze:CutThrough+1","bronze:Iterate"],"picked":"bronze:WhirlingStrike+1","floor":41},{"not_picked":["bronze:WildBeam","bronze:DelayedGuard"],"picked":"bronze:Backtrace","floor":44},{"not_picked":["bronze:OilSpill+1","bronze:BuggyMess"],"picked":"bronze:Constructor","floor":47}],"player_experience":3694181,"relics_obtained":[{"floor":4,"key":"hexamod:CandleOfCauterizing"},{"floor":6,"key":"bronze:DecasWashers"},{"floor":8,"key":"Bottled Lightning"},{"floor":13,"key":"Guardian:PocketSentry"},{"floor":23,"key":"TungstenRod"},{"floor":25,"key":"Akabeko"},{"floor":26,"key":"Eternal Feather"},{"floor":31,"key":"Omamori"},{"floor":34,"key":"Bronze Scales"},{"floor":34,"key":"Sundial"},{"floor":34,"key":"Thread and Needle"},{"floor":43,"key":"The Courier"},{"floor":44,"key":"bronze:Mallet"}],"event_choices":[{"damage_healed":0,"gold_gain":0,"cards_transformed":["bronze:Strike"],"player_choice":"Change","damage_taken":0,"max_hp_gain":0,"max_hp_loss":0,"event_name":"Living Wall","floor":2,"gold_loss":0,"cards_obtained":["bronze:Deprecate"]},{"cards_removed":["bronze:Strike"],"damage_healed":0,"gold_gain":0,"player_choice":"Card Removal","damage_taken":7,"max_hp_gain":0,"max_hp_loss":0,"event_name":"Golden Wing","floor":5,"gold_loss":0},{"cards_removed":["bronze:BugBarrage"],"damage_healed":0,"gold_gain":0,"player_choice":"Gave Gold","damage_taken":0,"max_hp_gain":0,"max_hp_loss":0,"event_name":"Beggar","floor":19,"gold_loss":75},{"damage_healed":0,"gold_gain":0,"player_choice":"Obtained Relic","damage_taken":0,"relics_obtained":["Peace Pipe"],"max_hp_gain":0,"max_hp_loss":0,"event_name":"Addict","floor":20,"gold_loss":85},{"damage_healed":0,"gold_gain":0,"player_choice":"Inject Mutagens","damage_taken":0,"relics_obtained":["MutagenicStrength"],"max_hp_gain":0,"max_hp_loss":0,"event_name":"Drug Dealer","floor":21,"gold_loss":0},{"damage_healed":0,"gold_gain":99,"player_choice":"Stole From Cult","damage_taken":0,"max_hp_gain":0,"max_hp_loss":0,"event_name":"Nest","floor":22,"gold_loss":0},{"damage_healed":19,"gold_gain":0,"player_choice":"Writhe","damage_taken":0,"max_hp_gain":0,"max_hp_loss":0,"event_name":"Winding Halls","floor":36,"gold_loss":0,"cards_obtained":["Writhe"]},{"damage_healed":0,"gold_gain":0,"player_choice":"Ignored","damage_taken":0,"max_hp_gain":0,"max_hp_loss":0,"event_name":"Tomb of Lord Red Mask","floor":38,"gold_loss":0},{"damage_healed":0,"gold_gain":0,"player_choice":"Memory 1","damage_taken":0,"max_hp_gain":0,"max_hp_loss":0,"event_name":"SensoryStone","floor":39,"gold_loss":0},{"damage_healed":0,"gold_gain":0,"player_choice":"Fight","damage_taken":0,"max_hp_gain":0,"max_hp_loss":0,"event_name":"MindBloom","floor":44,"gold_loss":0}],"is_beta":true,"boss_relics":[{"not_picked":["Philosopher\u0027s Stone","Ectoplasm"],"picked":"Astrolabe"},{"not_picked":["sneckomod:SneckoTalon","Runic Dome"],"picked":"Calling Bell"}],"items_purged_floors":[11,29,45],"is_endless":false,"potions_floor_spawned":[3,8,13,14,18,25,30,31,44],"killed_by":"Giant Head","ascension_level":4}}