{"host":"ctlqibkg0sskiu65","time":1611486351,"event":{"mods":["AchievementEnabler","Aspiration","BaseMod","BetterRewards","Colored Map","Colored Powertips","Conspire","Fiend Mod","Infinite Spire","Minty Spire (QoL Compilation)","Quick Restart","Replay The Spire","Shop Mod","StSLib","The Bladedancer","The Cursed","The Hierophant","The Jungle","The Kombatant","The Servant 0.9.4","TheBandit"],"gold_per_floor":[113,61,81,81,98,113,113,126,196,196,208,208,208,218,218,294,294,311,311,37,53,68,68,68,79,79,91,91,106,117,117,117,117,117],"floor_reached":33,"language":"ENG","playtime":1102,"items_purged":[],"score":747,"play_id":"eb6adf8f-0f0f-4f89-9666-10ab395aee0b","local_time":"20210124050551","is_ascension_mode":true,"campfire_choices":[{"data":"Replay:Bootleg Shield Generator","floor":10.0,"key":"SMITH"},{"data":"Dagger Spray","floor":12.0,"key":"SMITH"},{"floor":15.0,"key":"REST"},{"data":"Corpse Explosion","floor":23.0,"key":"SMITH"},{"floor":32.0,"key":"REST"}],"circlet_count":0,"master_deck":["AscendersBane","Strike_G+1","Strike_G+1","Defend_G+1","Defend_G+1","Defend_G+1","Defend_G+1","Survivor","Neutralize+1","Slice+1","Replay:Bootleg Shield Generator+1","Toxin Wave","Deadly Poison","Dagger Spray+1","Deflect","Poisoned Stab","Deadly Poison","Corpse Explosion+1","All Out Attack+1","Endless Agony+1","Replay:Poison Smokescreen+1","Poisoned Stab"],"relics":["Ring of the Snake","Bag of Preparation","infinitespire:Joker Card","Astrolabe","Nloth\u0027s Gift","infinitespire:Broken Mirror","Regal Pillow"],"acts_visited":["Exordium","TheCity"],"potions_floor_usage":[],"damage_taken":[{"damage":0.0,"enemies":"2 Louse","floor":1.0,"turns":3.0},{"damage":0.0,"enemies":"Jaw Worm","floor":3.0,"turns":3.0},{"damage":0.0,"enemies":"Cultist","floor":5.0,"turns":2.0},{"damage":0.0,"enemies":"3 Louse","floor":6.0,"turns":2.0},{"damage":3.0,"enemies":"Exordium Thugs","floor":8.0,"turns":4.0},{"damage":2.0,"enemies":"Looter","floor":11.0,"turns":2.0},{"damage":0.0,"enemies":"Red Slaver","floor":14.0,"turns":3.0},{"damage":0.0,"enemies":"Slime Boss","floor":16.0,"turns":5.0},{"damage":4.0,"enemies":"Shell Parasite","floor":18.0,"turns":3.0},{"damage":12.0,"enemies":"2 Thieves","floor":21.0,"turns":3.0},{"damage":6.0,"enemies":"Centurion and Healer","floor":22.0,"turns":5.0},{"damage":12.0,"enemies":"Shelled Parasite and Fungi","floor":25.0,"turns":4.0},{"damage":8.0,"enemies":"Snake Plant","floor":27.0,"turns":3.0},{"damage":3.0,"enemies":"Centurion and Healer","floor":29.0,"turns":4.0},{"damage":0.0,"enemies":"Sentry and Sphere","floor":30.0,"turns":2.0},{"damage":5.0,"enemies":"Colosseum Slavers","floor":31.0,"turns":3.0},{"damage":60,"enemies":"conspire:MysteriousRune","floor":33,"turns":9}],"seed_played":"6330843811078109496","potions_obtained":[{"floor":3.0,"key":"Milkshake"},{"floor":5.0,"key":"Toxic Potion"},{"floor":11.0,"key":"Strength Potion"},{"floor":14.0,"key":"SteroidPotion"},{"floor":21.0,"key":"SpeedPotion"},{"floor":25.0,"key":"Strength Potion"}],"is_trial":false,"path_per_floor":["M","$","M","?","M","M","?","M","T","R","M","R","?","M","R","B",null,"M","?","$","M","M","R","?","M","T","M","?","M","M","?","R","B"],"character_chosen":"THE_SILENT","items_purchased":["Bag of Preparation","Slice","Replay:Bootleg Shield Generator","Deadly Poison","infinitespire:Broken Mirror"],"campfire_rested":2,"item_purchase_floors":[0,0,0,2,20],"current_hp_per_floor":[59,59,59,39,39,39,39,36,36,36,34,34,41,41,62,62,70,66,66,66,54,48,48,42,30,30,22,22,19,19,14,50,0,0],"gold":117,"neow_bonus":"","is_daily":false,"chose_seed":false,"campfire_upgraded":3,"win_rate":0.0,"timestamp":1611486351,"path_taken":["M","$","M","?","M","M","?","M","T","R","?","R","?","M","R","BOSS","M","?","?","M","M","R","?","M","T","?","?","M","M","?","R","BOSS"],"items_purchased_type":["Relic","Card","Card","Card","Relic"],"build_version":"2020-12-22","purchased_purges":0,"victory":false,"max_hp_per_floor":[66,66,66,66,66,66,66,66,66,66,66,66,73,73,73,73,73,73,73,73,73,73,73,73,73,73,73,73,73,73,73,73,73,73],"card_choices":[{"not_picked":["Caltrops","Dash"],"picked":"Toxin Wave","floor":1.0},{"not_picked":["Setup","Eviscerate","Blur"],"picked":"SKIP","floor":3.0},{"not_picked":["Cloak And Dagger","Flying Knee"],"picked":"Dagger Spray","floor":5.0},{"not_picked":["Masterful Stab","Fluid Movement","Deflect"],"picked":"SKIP","floor":6.0},{"not_picked":["Masterful Stab","Fluid Movement"],"picked":"Deflect","floor":6.0},{"not_picked":["Riddle With Holes","ReplayTheSpireMod:The Works"],"picked":"Poisoned Stab","floor":8.0},{"not_picked":["Masterful Stab","Tools of the Trade","Eviscerate"],"picked":"SKIP","floor":11.0},{"not_picked":["Dagger Throw","Flying Knee"],"picked":"Deadly Poison","floor":14.0},{"not_picked":["After Image","ReplayTheSpireMod:Necrosis"],"picked":"Corpse Explosion","floor":16.0},{"not_picked":["Deflect","Slice"],"picked":"Poisoned Stab","floor":18.0},{"not_picked":["Dagger Spray","Eviscerate","ReplayTheSpireMod:The Works+1"],"picked":"SKIP","floor":21.0},{"not_picked":["Acrobatics","Sucker Punch","Prepared"],"picked":"SKIP","floor":22.0},{"not_picked":["Cloak And Dagger","Eviscerate","Envenom"],"picked":"SKIP","floor":25.0},{"not_picked":["Prepared","Hidden Blade","Finisher"],"picked":"SKIP","floor":27.0},{"not_picked":["Flying Knee+1","Prepared","Finisher"],"picked":"SKIP","floor":29.0},{"not_picked":["Outmaneuver","Backflip","Dash"],"picked":"SKIP","floor":30.0}],"player_experience":243163,"relics_obtained":[{"floor":26.0,"key":"Regal Pillow"}],"event_choices":[{"damage_healed":0.0,"max_hp_gain":0.0,"max_hp_loss":0.0,"gold_gain":0.0,"event_name":"Shining Light","player_choice":"Entered Light","floor":4.0,"gold_loss":0.0,"damage_taken":20.0,"cards_upgraded":["Slice","Neutralize"]},{"cards_removed":["Strike_G"],"damage_healed":0.0,"max_hp_gain":0.0,"max_hp_loss":0.0,"gold_gain":0.0,"event_name":"Bonfire Elementals","player_choice":"Offered Basic","floor":7.0,"gold_loss":0.0,"damage_taken":0.0},{"damage_healed":0.0,"max_hp_gain":0.0,"max_hp_loss":0.0,"gold_gain":0.0,"event_name":"WeMeetAgain","player_choice":"Gave Potion","floor":13.0,"gold_loss":0.0,"damage_taken":0.0,"relics_obtained":["Strawberry"]},{"damage_healed":0.0,"max_hp_gain":0.0,"max_hp_loss":0.0,"gold_gain":0.0,"event_name":"N\u0027loth","player_choice":"Traded Relic","floor":19.0,"relics_lost":["Strawberry"],"gold_loss":0.0,"damage_taken":0.0,"relics_obtained":["Nloth\u0027s Gift"]},{"damage_healed":0.0,"max_hp_gain":0.0,"max_hp_loss":0.0,"gold_gain":0.0,"event_name":"Knowing Skull","player_choice":"","floor":24.0,"potions_obtained":[],"gold_loss":0.0,"damage_taken":6.0,"cards_obtained":[]},{"damage_healed":0.0,"max_hp_gain":0.0,"max_hp_loss":0.0,"gold_gain":0.0,"event_name":"Back to Basics","player_choice":"Simplicity","floor":28.0,"gold_loss":0.0,"damage_taken":0.0,"cards_upgraded":["Strike_G","Strike_G","Defend_G","Defend_G","Defend_G","Defend_G"]},{"damage_healed":0.0,"max_hp_gain":0.0,"max_hp_loss":0.0,"gold_gain":0.0,"event_name":"Colosseum","player_choice":"Fight","floor":31.0,"gold_loss":0.0,"damage_taken":0.0},{"damage_healed":0.0,"max_hp_gain":0.0,"max_hp_loss":0.0,"gold_gain":0.0,"event_name":"Colosseum","player_choice":"Fled From Nobs","floor":31.0,"gold_loss":0.0,"damage_taken":0.0}],"is_beta":false,"boss_relics":[{"not_picked":["conspire:SlowCooker","Replay:Ancient Bell"],"picked":"Astrolabe"}],"items_purged_floors":[],"is_endless":false,"potions_floor_spawned":[3,5,11,14,21,25],"killed_by":"conspire:MysteriousRune","ascension_level":18}}