{"host":"lnt5dzsuhru0aonl","time":1611480000,"event":{"mods":["2.2 Compatiblity","BaseMod","Colored Map","Colored Powertips","DeckTracker","Keyboard Shortcuts","Minty Spire (QoL Compilation)","Permanent Neow","Rare Cards Sparkle","StSLib","SuperFastMode","everything is the same but u backflip on backflip"],"gold_per_floor":[113,37,56,21,21,21,38,53,79,91,114,138,150,162,174,186,186],"floor_reached":16,"language":"KOR","playtime":234,"items_purged":[],"score":184,"play_id":"a040aadc-8737-4694-94c1-6ef73241cbd0","local_time":"20210124182000","is_ascension_mode":true,"campfire_choices":[{"data":"Turbo","floor":6,"key":"SMITH"},{"data":"Zap","floor":13,"key":"SMITH"},{"data":"Dualcast","floor":15,"key":"SMITH"}],"circlet_count":0,"master_deck":["AscendersBane","Strike_B","Strike_B","Strike_B","Strike_B","Defend_B","Defend_B","Defend_B","Defend_B","Zap+1","Dualcast+1","Ball Lightning+1","Self Repair","Turbo+1","Undo"],"relics":["Cracked Core","Oddly Smooth Stone","MawBank"],"acts_visited":["Exordium"],"potions_floor_usage":[12],"damage_taken":[{"damage":6,"enemies":"Cultist","floor":1,"turns":3},{"damage":8,"enemies":"Small Slimes","floor":3,"turns":3},{"damage":6,"enemies":"Jaw Worm","floor":7,"turns":3},{"damage":11,"enemies":"Red Slaver","floor":8,"turns":3},{"damage":3,"enemies":"2 Fungi Beasts","floor":11,"turns":3},{"damage":2,"enemies":"Large Slime","floor":12,"turns":5},{"damage":77,"enemies":"Hexaghost","floor":16,"turns":9}],"seed_played":"-1709399077603080254","potions_obtained":[{"floor":3,"key":"Ancient Potion"},{"floor":11,"key":"EssenceOfSteel"},{"floor":12,"key":"SpeedPotion"}],"is_trial":false,"path_per_floor":["M","$","M","?","?","R","M","M","T","$","M","M","R","?","R","B"],"character_chosen":"DEFECT","items_purchased":["Self Repair"],"campfire_rested":0,"item_purchase_floors":[2],"current_hp_per_floor":[58,58,50,67,67,67,68,64,64,64,68,71,71,76,76,0,0],"gold":186,"neow_bonus":"RANDOM_COMMON_RELIC","is_daily":false,"chose_seed":false,"campfire_upgraded":3,"win_rate":0.0,"timestamp":1611480000,"path_taken":["M","$","?","?","?","R","M","M","T","?","M","?","R","?","R","BOSS"],"items_purchased_type":["Card"],"build_version":"2020-12-22","purchased_purges":0,"victory":false,"max_hp_per_floor":[71,71,71,71,71,71,71,71,71,71,71,71,71,76,76,76,76],"card_choices":[{"not_picked":["Turbo","Hologram"],"picked":"Ball Lightning","floor":1},{"not_picked":["Stack","Rebound"],"picked":"Turbo","floor":3},{"not_picked":["Aggregate","Steam","Force Field"],"picked":"SKIP","floor":7},{"not_picked":["Steam","Stack","Barrage"],"picked":"SKIP","floor":8},{"not_picked":["Reprogram","Go for the Eyes","Tempest"],"picked":"SKIP","floor":11},{"not_picked":["Ball Lightning","Go for the Eyes"],"picked":"Undo","floor":12}],"player_experience":746935,"relics_obtained":[{"floor":9,"key":"MawBank"}],"event_choices":[{"damage_healed":17,"gold_gain":0,"player_choice":"Healed","damage_taken":0,"max_hp_gain":0,"max_hp_loss":0,"event_name":"The Cleric","floor":4,"gold_loss":35},{"damage_healed":0,"gold_gain":0,"player_choice":"Grow","damage_taken":0,"max_hp_gain":0,"max_hp_loss":0,"event_name":"Living Wall","floor":5,"gold_loss":0,"cards_upgraded":["Ball Lightning"]},{"damage_healed":0,"gold_gain":0,"player_choice":"Donut","damage_taken":0,"max_hp_gain":5,"max_hp_loss":0,"event_name":"Big Fish","floor":14,"gold_loss":0}],"is_beta":false,"boss_relics":[],"items_purged_floors":[],"is_endless":false,"potions_floor_spawned":[3,11,12],"killed_by":"Hexaghost","ascension_level":20}}