{"host":"rj1j8apb2x4vafcu","time":1611514774,"event":{"mods":["AchievementEnabler","Act Like it!","BaseMod","Colored Map","Colored Powertips","Minty Spire (QoL Compilation)","Rare Cards Sparkle","StSLib"],"gold_per_floor":[117,131,131,142,160,160,194,194,220,25,25,25,45,58,58,159,159,170,170,188,198,222,222,237,162,162,162,40,57,91,91,91,193,193,211,221,238,248,79,79,79,79],"floor_reached":41,"language":"ENG","playtime":2719,"items_purged":["Strike_B"],"score":415,"play_id":"dbced7b6-0dd0-403f-9013-101c7a3995b7","local_time":"20210124165934","is_ascension_mode":false,"campfire_choices":[{"data":"Redo","floor":6,"key":"SMITH"},{"data":"Dualcast","floor":8,"key":"SMITH"},{"floor":15,"key":"REST"},{"data":"Zap","floor":23,"key":"SMITH"},{"floor":27,"key":"REST"},{"floor":32,"key":"REST"},{"floor":40,"key":"REST"}],"circlet_count":0,"master_deck":["Strike_B","Defend_B","Defend_B","Zap+1","Dualcast+1","Skim","Redo+1","Scrape","Gash","Stack","Beam Cell","Madness","Go for the Eyes","All For One","Electrodynamics","Redo+1","Storm+1","FTL","Streamline","Defragment","Redo","Echo Form","Amplify","Beam Cell+1","Scrape","Beam Cell+1","Self Repair+1","Gash","Reboot"],"relics":["Cracked Core","NeowsBlessing","Oddly Smooth Stone","Centennial Puzzle","Mercury Hourglass","Inserter","Juzu Bracelet","Omamori","Lantern","Empty Cage","Dream Catcher"],"acts_visited":["Exordium","TheCity","TheBeyond"],"potions_floor_usage":[7,16,20,20,29,30,31,36,37,38],"damage_taken":[{"damage":0,"enemies":"2 Louse","floor":1,"turns":1},{"damage":0,"enemies":"Cultist","floor":2,"turns":1},{"damage":0,"enemies":"Jaw Worm","floor":4,"turns":1},{"damage":29,"enemies":"Exordium Thugs","floor":5,"turns":6},{"damage":22,"enemies":"3 Sentries","floor":7,"turns":6},{"damage":11,"enemies":"3 Louse","floor":13,"turns":2},{"damage":2,"enemies":"Exordium Wildlife","floor":14,"turns":3},{"damage":5,"enemies":"Slime Boss","floor":16,"turns":5},{"damage":0,"enemies":"Spheric Guardian","floor":18,"turns":2},{"damage":18,"enemies":"2 Thieves","floor":20,"turns":3},{"damage":17,"enemies":"Snake Plant","floor":21,"turns":3},{"damage":4,"enemies":"Sentry and Sphere","floor":24,"turns":3},{"damage":15,"enemies":"Snecko","floor":29,"turns":3},{"damage":28,"enemies":"Slavers","floor":30,"turns":2},{"damage":8,"enemies":"Colosseum Slavers","floor":31,"turns":3},{"damage":14,"enemies":"Collector","floor":33,"turns":7},{"damage":20,"enemies":"3 Shapes","floor":35,"turns":3},{"damage":18,"enemies":"3 Darklings","floor":36,"turns":3},{"damage":0,"enemies":"Sphere and 2 Shapes","floor":37,"turns":1},{"damage":13,"enemies":"Transient","floor":38,"turns":5},{"damage":53,"enemies":"Writhing Mass","floor":41,"turns":3}],"seed_played":"6823154550842009609","potions_obtained":[{"floor":1,"key":"EssenceOfSteel"},{"floor":5,"key":"AttackPotion"},{"floor":13,"key":"Strength Potion"},{"floor":14,"key":"FocusPotion"},{"floor":16,"key":"FocusPotion"},{"floor":20,"key":"DuplicationPotion"},{"floor":21,"key":"SneckoOil"},{"floor":24,"key":"ColorlessPotion"},{"floor":30,"key":"Block Potion"},{"floor":36,"key":"DistilledChaos"},{"floor":37,"key":"FocusPotion"}],"is_trial":false,"path_per_floor":["M","M","?","M","M","R","E","R","T","$","T","?","M","M","R","B",null,"M","?","M","M","T","R","M","?","T","R","$","M","E","?","R","B",null,"M","M","M","M","$","R","M"],"character_chosen":"DEFECT","items_purchased":["Beam Cell","Madness","Streamline","Defragment","Gash","Dream Catcher"],"campfire_rested":4,"item_purchase_floors":[10,10,28,28,39,39],"current_hp_per_floor":[75,75,75,75,46,46,24,24,24,24,24,24,13,11,33,28,75,75,75,57,40,40,40,36,36,36,58,58,43,15,7,29,15,75,55,37,37,24,24,46,0,0],"gold":79,"neow_bonus":"THREE_ENEMY_KILL","is_daily":false,"chose_seed":false,"campfire_upgraded":3,"win_rate":0.0,"timestamp":1611514774,"path_taken":["M","M","?","M","M","R","E","R","T","$","?","?","M","M","R","BOSS","M","?","M","M","?","R","M","?","T","R","$","M","E","?","R","BOSS","M","M","M","M","$","R","M"],"items_purchased_type":["Card","Card","Card","Card","Card","Relic"],"build_version":"2020-12-22","purchased_purges":1,"victory":false,"max_hp_per_floor":[75,75,75,75,75,75,75,75,75,75,75,75,75,75,75,75,75,75,75,75,75,75,75,75,75,75,75,75,75,75,75,75,75,75,75,75,75,75,75,75,75,75],"card_choices":[{"not_picked":["Barrage","Cold Snap"],"picked":"Skim","floor":1},{"not_picked":["Compile Driver","Leap"],"picked":"Redo","floor":2},{"not_picked":["Loop","Stack"],"picked":"Scrape","floor":4},{"not_picked":["Auto Shields","Undo"],"picked":"Gash","floor":5},{"not_picked":["Heatsinks","Leap"],"picked":"Stack","floor":7},{"not_picked":["Beam Cell","Storm"],"picked":"Go for the Eyes","floor":13},{"not_picked":["Stack","Cold Snap"],"picked":"All For One","floor":14},{"not_picked":["Rainbow","Seek"],"picked":"Electrodynamics","floor":16},{"not_picked":["Auto Shields","BootSequence","Rip and Tear"],"picked":"SKIP","floor":18},{"not_picked":["Go for the Eyes","Rip and Tear"],"picked":"Redo+1","floor":20},{"not_picked":["Hologram+1","Auto Shields"],"picked":"Storm+1","floor":21},{"not_picked":["Seek","Conserve Battery"],"picked":"FTL","floor":24},{"not_picked":["Static Discharge","Tempest"],"picked":"Redo","floor":29},{"not_picked":["Chaos+1","Redo+1"],"picked":"Echo Form","floor":30},{"not_picked":["Fission","Rainbow"],"picked":"Amplify","floor":33},{"not_picked":["Chaos","Cold Snap+1"],"picked":"Beam Cell+1","floor":35},{"not_picked":["Compile Driver","White Noise"],"picked":"Scrape","floor":36},{"not_picked":["Sweeping Beam+1","Lockon+1"],"picked":"Beam Cell+1","floor":37},{"not_picked":["Glacier","Beam Cell+1"],"picked":"Self Repair+1","floor":38},{"not_picked":["Streamline","Stack+1"],"picked":"Reboot","floor":40}],"player_experience":107605,"relics_obtained":[{"floor":7,"key":"Oddly Smooth Stone"},{"floor":9,"key":"Centennial Puzzle"},{"floor":11,"key":"Mercury Hourglass"},{"floor":22,"key":"Juzu Bracelet"},{"floor":26,"key":"Omamori"},{"floor":30,"key":"Lantern"}],"event_choices":[{"cards_removed":["Strike_B"],"damage_healed":0,"gold_gain":0,"player_choice":"Purged","damage_taken":0,"max_hp_gain":0,"max_hp_loss":0,"event_name":"Purifier","floor":3,"gold_loss":0},{"damage_healed":0,"gold_gain":0,"player_choice":"Ignored","damage_taken":0,"max_hp_gain":0,"max_hp_loss":0,"event_name":"NoteForYourself","floor":12,"gold_loss":0},{"damage_healed":0,"gold_gain":0,"player_choice":"Ignored","damage_taken":0,"max_hp_gain":0,"max_hp_loss":0,"event_name":"Ghosts","floor":19,"gold_loss":0},{"cards_removed":["Defend_B"],"damage_healed":0,"gold_gain":0,"player_choice":"Gave Gold","damage_taken":0,"max_hp_gain":0,"max_hp_loss":0,"event_name":"Beggar","floor":25,"gold_loss":75},{"damage_healed":0,"gold_gain":0,"player_choice":"Fight","damage_taken":0,"max_hp_gain":0,"max_hp_loss":0,"event_name":"Colosseum","floor":31,"gold_loss":0},{"damage_healed":0,"gold_gain":0,"player_choice":"Fled From Nobs","damage_taken":0,"max_hp_gain":0,"max_hp_loss":0,"event_name":"Colosseum","floor":31,"gold_loss":0}],"is_beta":false,"boss_relics":[{"not_picked":["Astrolabe","Pandora\u0027s Box"],"picked":"Inserter"},{"not_picked":["FrozenCore","SlaversCollar"],"picked":"Empty Cage"}],"items_purged_floors":[10],"is_endless":false,"potions_floor_spawned":[1,5,13,14,16,20,21,24,30,36,37],"killed_by":"Writhing Mass","ascension_level":0}}