{"host":"fa35vd3kig5td25x","time":1611489694,"event":{"mods":["BaseMod","Colored Powertips","Minty Spire (QoL Compilation)","Relic Stats","Slay the Relics Exporter"],"gold_per_floor":[116,132,22,22,22,65,90,112,138,62,102,102,124,150,150,236,236,246,257,280,43,63,63,63,81,81,111,111,133,174,274,274,345,345,360,2,11,24,42,79,79,104,130,174,208,252,269,85,85,85,85,85,85,29,72,72,72],"floor_reached":56,"language":"ENG","playtime":4077,"items_purged":["Strike_B","Strike_B","Strike_B"],"score":2205,"play_id":"8c15c55f-2fed-4ab4-981e-ae0bde951bf1","local_time":"20210124130134","is_ascension_mode":true,"campfire_choices":[{"data":"Defragment","floor":12,"key":"SMITH"},{"data":"Loop","floor":15,"key":"SMITH"},{"floor":23,"key":"REST"},{"floor":28,"key":"REST"},{"data":"Seek","floor":32,"key":"SMITH"},{"floor":41,"key":"RECALL"},{"data":"Blizzard","floor":49,"key":"SMITH"},{"data":"Go for the Eyes","floor":53,"key":"SMITH"}],"circlet_count":0,"master_deck":["AscendersBane","Defend_B","Defend_B","Defend_B","Defend_B","Zap","Dualcast","Go for the Eyes+1","Cold Snap","Defragment+1","Doom and Gloom","Genetic Algorithm","Self Repair","Capacitor","Loop+1","Cold Snap","Seek+1","Barrage","Electrodynamics","Compile Driver","Glacier","Glacier","Tempest","Blizzard+1","Seek+1","Finesse+1","PanicButton+1","Hologram+1","Sweeping Beam+1","Coolheaded+1","Seek+1","Glacier+1","Coolheaded+1","Seek+1","Turbo+1"],"relics":["Cracked Core","NeowsBlessing","CeramicFish","Anchor","Art of War","Sozu","Bronze Scales","MealTicket","Pen Nib","WingedGreaves","The Courier","Inserter","Toxic Egg 2","PreservedInsect","Ice Cream","Lantern","HornCleat","Ancient Tea Set","Eternal Feather","InkBottle"],"acts_visited":["Exordium","TheCity","TheBeyond","TheEnding"],"potions_floor_usage":[11,16,17,56,56],"damage_taken":[{"damage":0,"enemies":"Cultist","floor":1,"turns":1},{"damage":0,"enemies":"Jaw Worm","floor":2,"turns":1},{"damage":0,"enemies":"Gremlin Nob","floor":6,"turns":1},{"damage":9,"enemies":"Small Slimes","floor":7,"turns":4},{"damage":12,"enemies":"2 Fungi Beasts","floor":8,"turns":3},{"damage":19,"enemies":"Lagavulin","floor":11,"turns":6},{"damage":0,"enemies":"3 Louse","floor":13,"turns":4},{"damage":14,"enemies":"Red Slaver","floor":14,"turns":4},{"damage":7,"enemies":"Hexaghost","floor":16,"turns":9},{"damage":9,"enemies":"3 Byrds","floor":18,"turns":3},{"damage":7,"enemies":"Shell Parasite","floor":19,"turns":7},{"damage":35,"enemies":"Snecko","floor":20,"turns":6},{"damage":10,"enemies":"Snake Plant","floor":22,"turns":3},{"damage":11,"enemies":"Sentry and Sphere","floor":25,"turns":6},{"damage":28,"enemies":"Book of Stabbing","floor":27,"turns":4},{"damage":12,"enemies":"Shelled Parasite and Fungi","floor":29,"turns":7},{"damage":0,"enemies":"Gremlin Leader","floor":30,"turns":5},{"damage":0,"enemies":"Colosseum Slavers","floor":31,"turns":6},{"damage":2,"enemies":"Colosseum Nobs","floor":31,"turns":4},{"damage":25,"enemies":"Collector","floor":33,"turns":13},{"damage":6,"enemies":"Orb Walker","floor":35,"turns":5},{"damage":2,"enemies":"3 Shapes","floor":38,"turns":4},{"damage":18,"enemies":"Nemesis","floor":40,"turns":9},{"damage":1,"enemies":"Mind Bloom Boss Battle","floor":42,"turns":7},{"damage":3,"enemies":"Giant Head","floor":44,"turns":9},{"damage":7,"enemies":"Nemesis","floor":45,"turns":11},{"damage":18,"enemies":"Reptomancer","floor":46,"turns":5},{"damage":2,"enemies":"Jaw Worm Horde","floor":47,"turns":3},{"damage":24,"enemies":"Donu and Deca","floor":50,"turns":16},{"damage":25,"enemies":"Time Eater","floor":51,"turns":16},{"damage":41,"enemies":"Shield and Spear","floor":55,"turns":8},{"damage":38,"enemies":"The Heart","floor":56,"turns":8}],"seed_played":"3778804458889191472","potions_obtained":[{"floor":6,"key":"EntropicBrew"},{"floor":7,"key":"BlessingOfTheForge"},{"floor":11,"key":"FocusPotion"}],"is_trial":false,"path_per_floor":["M","M","$","$","?","E","M","M","T","$","E","R","M","M","R","B",null,"M","M","M","$","M","R","?","M","T","E","R","M","E","?","R","B",null,"M","$","?","M","?","E","R","?","T","E","E","E","M","$","R","B","B",null,"R","$","E","B"],"character_chosen":"DEFECT","items_purchased":["Defragment","Doom and Gloom","Loop","Bronze Scales","Blizzard","Toxic Egg 2","Glacier+1","Coolheaded+1","Seek+1"],"campfire_rested":2,"item_purchase_floors":[3,3,10,21,36,36,48,48,54],"current_hp_per_floor":[64,64,64,64,64,64,55,50,50,50,38,38,38,31,31,31,61,59,59,31,31,28,49,49,45,45,17,38,33,33,45,45,27,60,61,71,71,71,61,50,50,56,56,60,60,49,47,62,71,54,36,62,71,71,37,0,0],"gold":72,"neow_bonus":"THREE_ENEMY_KILL","is_daily":false,"chose_seed":false,"campfire_upgraded":5,"win_rate":0.0,"timestamp":1611489694,"path_taken":["M","?","?","$","?","E","M","?","T","$","E","R","M","M","R","BOSS","M","M","?","$","M","R","?","M","T","E","R","M","E","?","R","BOSS","M","$","?","?","?","E","R","?","T","E","E","E","M","$","R","BOSS","BOSS","R","$","E","BOSS"],"items_purchased_type":["Card","Card","Card","Relic","Card","Relic","Card","Card","Card"],"build_version":"2020-12-22","purchased_purges":3,"victory":false,"max_hp_per_floor":[71,71,71,71,71,71,71,71,71,71,71,71,71,71,71,71,71,71,71,71,71,71,71,71,71,71,71,71,71,71,71,71,71,71,71,71,71,71,71,71,71,71,71,71,71,71,71,71,71,71,71,71,71,71,71,71,71],"relic_stats":{"Sozu":10,"Inserter":[43],"counters":[32,197],"CeramicFish":216,"Bronze Scales":[591],"MealTicket":25,"Eternal Feather":18,"Pen Nib":[16],"PreservedInsect":319,"Art of War":[41],"obtain_stats":[{"Ice Cream":42,"Lantern":43,"Inserter":34,"NeowsBlessing":0,"CeramicFish":6,"Eternal Feather":46,"Pen Nib":30,"The Courier":31,"PreservedInsect":40,"Ancient Tea Set":45,"Sozu":17,"Anchor":9,"HornCleat":44,"Bronze Scales":21,"MealTicket":27,"WingedGreaves":31,"Art of War":11,"Toxic Egg 2":36,"Cracked Core":0,"InkBottle":55},{"Ice Cream":24,"Lantern":24,"Inserter":20,"NeowsBlessing":0,"CeramicFish":3,"Eternal Feather":27,"Pen Nib":17,"The Courier":19,"PreservedInsect":23,"Ancient Tea Set":26,"Sozu":9,"Anchor":5,"HornCleat":25,"Bronze Scales":12,"MealTicket":15,"WingedGreaves":19,"Art of War":6,"Toxic Egg 2":21,"Cracked Core":0,"InkBottle":31},{"Ice Cream":121,"Lantern":121,"Inserter":96,"NeowsBlessing":0,"CeramicFish":3,"Eternal Feather":146,"Pen Nib":73,"The Courier":83,"PreservedInsect":114,"Ancient Tea Set":141,"Sozu":32,"Anchor":10,"HornCleat":130,"Bronze Scales":48,"MealTicket":61,"WingedGreaves":83,"Art of War":16,"Toxic Egg 2":101,"Cracked Core":0,"InkBottle":189}],"InkBottle":[4]},"card_choices":[{"not_picked":["Hologram","Aggregate"],"picked":"Go for the Eyes","floor":1},{"not_picked":["Self Repair","Turbo"],"picked":"Cold Snap","floor":2},{"not_picked":["Sunder","BootSequence"],"picked":"Genetic Algorithm","floor":6},{"not_picked":["Heatsinks","Hologram"],"picked":"Self Repair","floor":7},{"not_picked":["Cold Snap","Stack"],"picked":"Capacitor","floor":8},{"not_picked":["Compile Driver","Fusion"],"picked":"Cold Snap","floor":11},{"not_picked":["Streamline","FTL"],"picked":"Seek","floor":13},{"not_picked":["Leap","Hologram"],"picked":"Barrage","floor":14},{"not_picked":["Multi-Cast","Amplify"],"picked":"Electrodynamics","floor":16},{"not_picked":["Hologram","Redo","Go for the Eyes"],"picked":"SKIP","floor":18},{"not_picked":["Leap","Auto Shields","Chaos"],"picked":"SKIP","floor":19},{"not_picked":["Streamline","Turbo"],"picked":"Compile Driver","floor":20},{"not_picked":["Machine Learning","Defragment"],"picked":"Glacier","floor":22},{"not_picked":["Compile Driver","Turbo","Barrage"],"picked":"SKIP","floor":25},{"not_picked":["Cold Snap","Streamline","BootSequence"],"picked":"SKIP","floor":27},{"not_picked":["Turbo","Conserve Battery"],"picked":"Glacier","floor":29},{"not_picked":["Hello World+1","Amplify"],"picked":"Tempest","floor":30},{"not_picked":["Redo","Melter","Go for the Eyes+1"],"picked":"SKIP","floor":35},{"not_picked":["Stack+1","Streamline+1","Lockon"],"picked":"SKIP","floor":38},{"not_picked":["Mind Blast","Panache"],"picked":"Finesse+1","floor":39},{"not_picked":["Bandage Up+1","Flash of Steel"],"picked":"PanicButton+1","floor":39},{"not_picked":["Gash+1","Redo+1"],"picked":"Hologram+1","floor":40},{"not_picked":["Rip and Tear+1","Rebound"],"picked":"Sweeping Beam+1","floor":44},{"not_picked":["Leap+1","Darkness+1"],"picked":"Coolheaded+1","floor":45},{"not_picked":["Ball Lightning","Undo+1"],"picked":"Seek+1","floor":46},{"not_picked":["Sunder","Rebound+1","Self Repair"],"picked":"SKIP","floor":47},{"not_picked":["Capacitor","Leap+1"],"picked":"Turbo+1","floor":55}],"player_experience":2994055,"relics_obtained":[{"floor":6,"key":"CeramicFish"},{"floor":9,"key":"Anchor"},{"floor":11,"key":"Art of War"},{"floor":27,"key":"MealTicket"},{"floor":30,"key":"Pen Nib"},{"floor":31,"key":"WingedGreaves"},{"floor":31,"key":"The Courier"},{"floor":40,"key":"PreservedInsect"},{"floor":42,"key":"Ice Cream"},{"floor":43,"key":"Lantern"},{"floor":44,"key":"HornCleat"},{"floor":45,"key":"Ancient Tea Set"},{"floor":46,"key":"Eternal Feather"},{"floor":55,"key":"InkBottle"}],"event_choices":[{"cards_removed":["Strike_B"],"damage_healed":0,"gold_gain":0,"player_choice":"Purged","damage_taken":0,"max_hp_gain":0,"max_hp_loss":0,"event_name":"Purifier","floor":5,"gold_loss":0},{"damage_healed":0,"gold_gain":0,"player_choice":"Ignored","damage_taken":0,"max_hp_gain":0,"max_hp_loss":0,"event_name":"The Mausoleum","floor":24,"gold_loss":0},{"damage_healed":0,"gold_gain":0,"player_choice":"Fight","damage_taken":0,"max_hp_gain":0,"max_hp_loss":0,"event_name":"Colosseum","floor":31,"gold_loss":0},{"damage_healed":0,"gold_gain":0,"player_choice":"Fought Nobs","damage_taken":0,"max_hp_gain":0,"max_hp_loss":0,"event_name":"Colosseum","floor":31,"gold_loss":0},{"damage_healed":0,"gold_gain":0,"player_choice":"Copied","damage_taken":0,"max_hp_gain":0,"max_hp_loss":0,"event_name":"Duplicator","floor":37,"gold_loss":0,"cards_obtained":["Seek"]},{"damage_healed":0,"gold_gain":0,"player_choice":"Memory 3","damage_taken":10,"max_hp_gain":0,"max_hp_loss":0,"event_name":"SensoryStone","floor":39,"gold_loss":0},{"damage_healed":0,"gold_gain":0,"player_choice":"Fight","damage_taken":0,"max_hp_gain":0,"max_hp_loss":0,"event_name":"MindBloom","floor":42,"gold_loss":0}],"is_beta":false,"boss_relics":[{"not_picked":["Fusion Hammer","Ectoplasm"],"picked":"Sozu"},{"not_picked":["Tiny House","Runic Dome"],"picked":"Inserter"}],"items_purged_floors":[21,36,48],"is_endless":false,"potions_floor_spawned":[6,7,11,13,18,20,27,29,31,33,38,42,46,47],"killed_by":"The Heart","ascension_level":20}}