{"host":"b4vwm7jq6jdk6nca","time":1611489437,"event":{"mods":["Act Like it!","BaseMod","Lobotomy","Minty Spire (QoL Compilation)","Quick Restart","StSLib","TestMod","The Cursed","[IsaacMod]ÒÔÈö¼âËþ","vexMod"],"gold_per_floor":[109,109,127,146,166,166,193,208,232,232,244,294,122,153,153,296,296,316,27,27,37,37,71,71,100,100,147,272,206,308,318,318,421,421,434,445,445,445,460,493,510,539,562,596,612,468,468,495,495,509,509,509,148,226,258],"floor_reached":56,"language":"ZHS","playtime":2446,"items_purged":["Defend_P","WindmillStrike"],"score":1853,"play_id":"e36fa674-2e70-4259-8d1b-78377cc746aa","local_time":"20210124195717","is_ascension_mode":true,"campfire_choices":[{"data":"Eruption","floor":6.0,"key":"SMITH"},{"data":"CrushJoints","floor":10.0,"key":"SMITH"},{"data":"BettingIsNotGood","floor":15.0,"key":"SMITH"},{"data":"BattleHymn","floor":24.0,"key":"SMITH"},{"data":"testmod-PainDetonator","floor":32.0,"key":"SMITH"},{"floor":49,"key":"RECALL"},{"data":"testmod-FightingIntention","floor":52,"key":"SMITH"}],"circlet_count":0,"master_deck":["Eruption+1","Vigilance","EmptyFist","Vengeance","ClearTheMind","EmptyMind","CrushJoints+1","Tantrum","CutThroughFate","BettingIsNotGood+1","Devotion","Brilliance","InnerPeace","Indignation","TalkToTheHand","FollowUp","Prostrate","PathToVictory","Devotion","InnerPeace+1","BattleHymn+1","CarveReality","TalkToTheHand","Evaluate","testmod-PainDetonator+1","Blasphemy","FlurryOfBlows+1","testmod-Mystery","MentalFortress+1","testmod-FightingIntention+1"],"relics":["testmod-TestBox","HushsDoor","GuppysHead","testmod-CasingShield","testmod-BatchProcessingSystem","DeadEye","Lantern","Sundial","vexMod:FocusSash","SalivaCoin","Pandora\u0027s Box","NineLifeCat","GuppysPaw","FaceOfCleric","testmod-HeartOfStrike","testmod-Justice","The Courier","White Beast Statue","testmod-Brilliant","vexMod:Dragonfruit","testmod-TimeTraveler","UnicornStump","Pantograph","Du-Vu Doll","Yang","Vajra","Happy Flower","testmod-OneHitWonder","AnarchistCookbook"],"acts_visited":["Exordium","TheCity","TheBeyond","TheEnding"],"potions_floor_usage":[55,55,55,55],"damage_taken":[{"damage":3.0,"enemies":"Jaw Worm","floor":1.0,"turns":5.0},{"damage":0.0,"enemies":"Small Slimes","floor":3.0,"turns":2.0},{"damage":7.0,"enemies":"Cultist","floor":4.0,"turns":3.0},{"damage":4.0,"enemies":"Exordium Wildlife","floor":5.0,"turns":3.0},{"damage":9.0,"enemies":"3 Sentries","floor":7.0,"turns":7.0},{"damage":0.0,"enemies":"Lots of Slimes","floor":8.0,"turns":3.0},{"damage":4.0,"enemies":"2 Fungi Beasts","floor":11.0,"turns":2.0},{"damage":0.0,"enemies":"Hiden Room Battle","floor":12.0,"turns":1.0},{"damage":4.0,"enemies":"Gremlin Nob","floor":14.0,"turns":3.0},{"damage":26.0,"enemies":"Hexaghost","floor":16.0,"turns":4.0},{"damage":8.0,"enemies":"2 Thieves","floor":18.0,"turns":2.0},{"damage":0.0,"enemies":"Spheric Guardian","floor":21.0,"turns":2.0},{"damage":0.0,"enemies":"Book of Stabbing","floor":23.0,"turns":2.0},{"damage":0.0,"enemies":"Slavers","floor":25.0,"turns":2.0},{"damage":0.0,"enemies":"Book of Stabbing","floor":27.0,"turns":2.0},{"damage":0.0,"enemies":"Colosseum Slavers","floor":28.0,"turns":2.0},{"damage":0.0,"enemies":"Colosseum Nobs","floor":28.0,"turns":2.0},{"damage":0.0,"enemies":"3 Cultists","floor":31.0,"turns":1.0},{"damage":0.0,"enemies":"Automaton","floor":33.0,"turns":3.0},{"damage":0.0,"enemies":"3 Darklings","floor":35.0,"turns":1.0},{"damage":0.0,"enemies":"3 Shapes","floor":36.0,"turns":1.0},{"damage":0.0,"enemies":"Spire Growth","floor":39.0,"turns":2.0},{"damage":0.0,"enemies":"Giant Head","floor":40.0,"turns":2.0},{"damage":0.0,"enemies":"Sphere and 2 Shapes","floor":41.0,"turns":1.0},{"damage":0.0,"enemies":"Nemesis","floor":42.0,"turns":3.0},{"damage":0.0,"enemies":"Reptomancer","floor":44.0,"turns":1.0},{"damage":0.0,"enemies":"3 Darklings","floor":45.0,"turns":1.0},{"damage":0,"enemies":"Nemesis","floor":48,"turns":3},{"damage":0,"enemies":"Donu and Deca","floor":50,"turns":2},{"damage":4,"enemies":"Shield and Spear","floor":54,"turns":2},{"damage":0,"enemies":"LittleHush","floor":55,"turns":9}],"seed_played":"1815643229086093487","potions_obtained":[{"floor":2.0,"key":"DistilledChaos"},{"floor":3.0,"key":"EssenceOfSteel"},{"floor":5.0,"key":"SkillPotion"},{"floor":12.0,"key":"Explosive Potion"},{"floor":16.0,"key":"Energy Potion"},{"floor":18.0,"key":"PowerPotion"},{"floor":25.0,"key":"EntropicBrew"},{"floor":28.0,"key":"FearPotion"},{"floor":33.0,"key":"Energy Potion"},{"floor":35.0,"key":"Ancient Potion"},{"floor":40.0,"key":"PowerPotion"}],"is_trial":false,"path_per_floor":["M","?","M","M","M","R","E","M","T","R","M","?","$","E","R","B",null,"M","$","?","M","?","E","R","E","T","E","?","$","?","M","R","B",null,"M","M","?","$","M","E","M","E","T","E","M","$","?","E","R","B",null,"R","$","E","B",null],"character_chosen":"WATCHER","items_purchased":["BettingIsNotGood","Devotion","NineLifeCat","GuppysPaw","testmod-PainDetonator","testmod-FightingIntention","Vajra","Happy Flower","testmod-OneHitWonder"],"campfire_rested":0,"item_purchase_floors":[13,17,17,19,29,46,53,53,53],"current_hp_per_floor":[69,69,69,62,58,58,49,49,49,49,45,45,45,41,41,25,13,5,1,1,2,2,3,3,2,2,3,8,8,1,2,2,3,1,2,3,3,3,2,3,4,2,2,3,4,4,4,5,5,1,1,1,1,1,2],"gold":258,"neow_bonus":"BOSS_RELIC","is_daily":false,"chose_seed":false,"campfire_upgraded":6,"win_rate":0.0,"timestamp":1611489437,"path_taken":["M","?","M","?","M","R","E","M","T","R","M","?","$","E","R","BOSS","M","$","?","M","?","E","R","E","T","E","?","$","?","M","R","BOSS","M","M","?","$","M","E","M","E","T","E","?","$","?","E","R","BOSS","R","$","E","BOSS"],"items_purchased_type":["Card","Card","Relic","Relic","Card","Card","Relic","Relic","Relic"],"build_version":"2020-12-22","purchased_purges":2,"victory":true,"max_hp_per_floor":[72,72,72,72,72,72,72,72,72,72,72,72,72,72,72,72,13,13,1,1,2,2,3,3,2,2,3,8,8,1,2,2,3,1,2,3,3,3,2,3,4,2,2,3,4,4,4,5,5,1,1,1,1,1,2],"card_choices":[{"not_picked":[],"picked":"Bomb","floor":0.0},{"not_picked":["Weave","FlurryOfBlows"],"picked":"EmptyFist","floor":1.0},{"not_picked":["Omniscience","CrushJoints"],"picked":"Vengeance","floor":3.0},{"not_picked":["Prostrate","ThirdEye"],"picked":"ClearTheMind","floor":4.0},{"not_picked":["FlurryOfBlows","Alpha"],"picked":"EmptyMind","floor":5.0},{"not_picked":["Weave","Worship"],"picked":"CrushJoints","floor":7.0},{"not_picked":["FlyingSleeves","EmptyBody"],"picked":"Tantrum","floor":8.0},{"not_picked":["FlurryOfBlows","BowlingBash","Halt"],"picked":"SKIP","floor":11.0},{"not_picked":["EmptyBody","SashWhip"],"picked":"CutThroughFate","floor":12.0},{"not_picked":["Alpha","EmptyFist"],"picked":"Devotion","floor":14.0},{"not_picked":["Alpha","SpiritShield"],"picked":"Brilliance","floor":16.0},{"not_picked":["ClearTheMind+1","PathToVictory+1"],"picked":"InnerPeace+1","floor":18.0},{"not_picked":["LikeWater","Prostrate","ForeignInfluence+1"],"picked":"SKIP","floor":21.0},{"not_picked":["WaveOfTheHand+1","Evaluate"],"picked":"CarveReality","floor":23.0},{"not_picked":["SashWhip","Collect","EmptyFist"],"picked":"SKIP","floor":25.0},{"not_picked":["Fasting2","BowlingBash"],"picked":"TalkToTheHand","floor":27.0},{"not_picked":["Conclude","Tantrum"],"picked":"Evaluate","floor":28.0},{"not_picked":["SashWhip+1","Evaluate","Prostrate"],"picked":"SKIP","floor":31.0},{"not_picked":["Ragnarok","MasterReality"],"picked":"Blasphemy","floor":33.0},{"not_picked":["Tantrum","JustLucky"],"picked":"FlurryOfBlows+1","floor":35.0},{"not_picked":["ClearTheMind","Prostrate+1","EmptyFist+1"],"picked":"SKIP","floor":36.0},{"not_picked":["BettingIsNotGood","Dramatic Entrance"],"picked":"testmod-Mystery","floor":37.0},{"not_picked":["CrushJoints+1","ClearTheMind+1","Prostrate"],"picked":"SKIP","floor":39.0},{"not_picked":["CarveReality+1","EmptyFist","CrushJoints+1"],"picked":"SKIP","floor":40.0},{"not_picked":["Prostrate","BowlingBash+1"],"picked":"MentalFortress+1","floor":41.0},{"not_picked":["Crescendo+1","LessonLearned","Weave"],"picked":"SKIP","floor":42.0},{"not_picked":["Judgement","Collect","Indignation"],"picked":"SKIP","floor":44.0},{"not_picked":["LikeWater","Consecrate+1","BattleHymn"],"picked":"SKIP","floor":45.0},{"not_picked":["Perseverance","ClearTheMind+1","Vengeance"],"picked":"SKIP","floor":48},{"not_picked":["Wallop","WreathOfFlame","CrushJoints"],"picked":"SKIP","floor":54}],"player_experience":234006,"relics_obtained":[{"floor":7.0,"key":"DeadEye"},{"floor":9.0,"key":"Lantern"},{"floor":12.0,"key":"Sundial"},{"floor":12.0,"key":"vexMod:FocusSash"},{"floor":14.0,"key":"SalivaCoin"},{"floor":23.0,"key":"testmod-HeartOfStrike"},{"floor":25.0,"key":"testmod-Justice"},{"floor":26.0,"key":"The Courier"},{"floor":27.0,"key":"White Beast Statue"},{"floor":28.0,"key":"testmod-Brilliant"},{"floor":28.0,"key":"vexMod:Dragonfruit"},{"floor":40.0,"key":"UnicornStump"},{"floor":42.0,"key":"Pantograph"},{"floor":44.0,"key":"Du-Vu Doll"},{"floor":48,"key":"Yang"},{"floor":54,"key":"AnarchistCookbook"}],"event_choices":[{"damage_healed":0.0,"max_hp_gain":0.0,"max_hp_loss":0.0,"gold_gain":0.0,"event_name":"HidenRoomEvent","player_choice":"Fight","floor":12.0,"gold_loss":0.0,"damage_taken":0.0},{"damage_healed":0.0,"max_hp_gain":0.0,"max_hp_loss":0.0,"gold_gain":0.0,"event_name":"FaceTrader","player_choice":"Trade","floor":20.0,"gold_loss":0.0,"damage_taken":0.0,"relics_obtained":["FaceOfCleric"]},{"damage_healed":0.0,"max_hp_gain":0.0,"max_hp_loss":0.0,"gold_gain":0.0,"event_name":"The Library","player_choice":"Read","floor":22.0,"gold_loss":0.0,"damage_taken":0.0,"cards_obtained":["BattleHymn"]},{"damage_healed":0.0,"max_hp_gain":0.0,"max_hp_loss":0.0,"gold_gain":0.0,"event_name":"Colosseum","player_choice":"Fight","floor":28.0,"gold_loss":0.0,"damage_taken":0.0},{"damage_healed":0.0,"max_hp_gain":0.0,"max_hp_loss":0.0,"gold_gain":0.0,"event_name":"Colosseum","player_choice":"Fought Nobs","floor":28.0,"gold_loss":0.0,"damage_taken":0.0},{"damage_healed":0.0,"max_hp_gain":0.0,"max_hp_loss":0.0,"gold_gain":0.0,"event_name":"SensoryStone","player_choice":"Memory 1","floor":37.0,"gold_loss":0.0,"damage_taken":0.0},{"damage_healed":0.0,"max_hp_gain":0.0,"max_hp_loss":0.0,"gold_gain":0.0,"event_name":"Tomb of Lord Red Mask","player_choice":"Ignored","floor":47.0,"gold_loss":0.0,"damage_taken":0.0}],"is_beta":false,"boss_relics":[{"not_picked":["Cursed Key","Runic Dome"],"picked":"Pandora\u0027s Box"},{"not_picked":[]},{"not_picked":["testmod-DeterminationOfClimber","testmod-StringDisintegrator"],"picked":"testmod-TimeTraveler"},{"not_picked":[]}],"items_purged_floors":[13,17],"is_endless":false,"potions_floor_spawned":[3,5,8,12,16,18,25,28,28,31,33,35,36,39,40,41,42,44,45,48,54],"ascension_level":1}}