{"host":"344lv32hnei0mdhu","time":1611518543,"event":{"mods":["Act Like it!","BaseMod","Better Match","Better Sensory Stone","Better Skull","Better Third Choice","Better Vampires","Colored Powertips","Highlight Path","Minty Spire (QoL Compilation)","Quick Restart","Random Character Button","Rare Cards Sparkle","StSLib"],"gold_per_floor":[112,112,125,125,200,244,244,287,311,347,347,401,422,446,446,576,576,597,610,168,191,207,207,207,222,290,290,290,325,71,86,86,205,205,229,243,168,281,331,331,331],"floor_reached":40,"language":"ENG","playtime":1754,"items_purged":["Strike_R"],"score":760,"play_id":"1fe7069c-0d4f-422a-95b6-edf496194242","local_time":"20210124140223","is_ascension_mode":true,"campfire_choices":[{"data":"Spot Weakness","floor":7.0,"key":"SMITH"},{"floor":11.0,"key":"REST"},{"floor":15.0,"key":"REST"},{"floor":23,"key":"REST"},{"floor":28,"key":"REST"},{"floor":32,"key":"REST"}],"circlet_count":0,"master_deck":["AscendersBane","Strike_R","Strike_R","Strike_R","Strike_R","Defend_R+1","Defend_R","Defend_R","Defend_R+1","Bash+1","Thunderclap","Spot Weakness+1","Uppercut+1","Immolate","Armaments","Reckless Charge","Demon Form","Intimidate+1","Flame Barrier+1","Infernal Blade+1","Double Tap","Ghostly Armor+1","Writhe"],"relics":["Burning Blood","NeowsBlessing","Golden Idol","Red Skull","Sundial","Whetstone","StrikeDummy","War Paint","SlaversCollar","Lee\u0027s Waffle","Incense Burner","MutagenicStrength","White Beast Statue","SsserpentHead","Gremlin Horn","Ornamental Fan","Runic Cube","Ginger"],"acts_visited":["Exordium","TheCity","TheBeyond"],"potions_floor_usage":[29,35,36,36,40,40,40,40,40],"damage_taken":[{"damage":0.0,"enemies":"2 Louse","floor":1.0,"turns":1.0},{"damage":0.0,"enemies":"Jaw Worm","floor":3.0,"turns":1.0},{"damage":0.0,"enemies":"Gremlin Nob","floor":6.0,"turns":1.0},{"damage":45.0,"enemies":"3 Sentries","floor":8.0,"turns":7.0},{"damage":13.0,"enemies":"Gremlin Nob","floor":10.0,"turns":3.0},{"damage":0.0,"enemies":"Cultist","floor":13.0,"turns":2.0},{"damage":0.0,"enemies":"Gremlin Gang","floor":14.0,"turns":1.0},{"damage":54.0,"enemies":"Slime Boss","floor":16.0,"turns":11.0},{"damage":19,"enemies":"Spheric Guardian","floor":18,"turns":4},{"damage":19,"enemies":"Chosen","floor":19,"turns":6},{"damage":22,"enemies":"Snecko","floor":21,"turns":4},{"damage":22,"enemies":"Centurion and Healer","floor":22,"turns":6},{"damage":53,"enemies":"Cultist and Chosen","floor":25,"turns":7},{"damage":0,"enemies":"Gremlin Leader","floor":29,"turns":6},{"damage":9,"enemies":"Chosen and Byrds","floor":31,"turns":5},{"damage":52,"enemies":"Automaton","floor":33,"turns":7},{"damage":26,"enemies":"3 Shapes","floor":35,"turns":11},{"damage":4,"enemies":"3 Darklings","floor":36,"turns":3},{"damage":11,"enemies":"Mind Bloom Boss Battle","floor":38,"turns":7},{"damage":96,"enemies":"Giant Head","floor":40,"turns":8}],"seed_played":"-295088150001213724","potions_obtained":[{"floor":6.0,"key":"LiquidMemories"},{"floor":10.0,"key":"DistilledChaos"},{"floor":13.0,"key":"SmokeBomb"},{"floor":19,"key":"Energy Potion"},{"floor":29,"key":"DistilledChaos"},{"floor":31,"key":"Regen Potion"},{"floor":35,"key":"SkillPotion"},{"floor":36,"key":"SpeedPotion"},{"floor":38,"key":"EntropicBrew"}],"is_trial":false,"path_per_floor":["M","?","M","?","?","E","R","E","T","E","R","T","M","M","R","B",null,"M","M","$","M","M","R","?","M","T","?","R","E","$","M","R","B",null,"M","M","$","?","?","E"],"character_chosen":"IRONCLAD","items_purchased":["Lee\u0027s Waffle","Incense Burner","Ornamental Fan"],"campfire_rested":5,"item_purchase_floors":[20,20,30],"current_hp_per_floor":[78,78,80,60,49,55,55,16,16,9,33,33,39,45,69,21,65,52,39,87,71,55,81,81,34,34,34,60,66,66,63,87,41,76,61,63,63,58,80,0,0],"gold":331,"neow_bonus":"THREE_ENEMY_KILL","is_daily":false,"chose_seed":false,"campfire_upgraded":1,"win_rate":0.0,"timestamp":1611518543,"path_taken":["M","?","M","?","?","E","R","E","T","E","R","?","?","M","R","BOSS","M","M","$","M","?","R","?","M","T","?","R","E","$","M","R","BOSS","M","M","$","?","?","E"],"items_purchased_type":["Relic","Relic","Relic"],"build_version":"2020-12-22","purchased_purges":1,"victory":false,"max_hp_per_floor":[80,80,80,80,80,80,80,80,80,80,80,80,80,80,80,80,80,80,80,87,87,87,87,87,87,87,87,87,87,87,87,87,87,87,87,87,87,87,87,87,87],"card_choices":[{"not_picked":["Headbutt","Seeing Red"],"picked":"Thunderclap","floor":1.0},{"not_picked":["Iron Wave","Shrug It Off"],"picked":"Spot Weakness","floor":3.0},{"not_picked":["Pommel Strike","Shrug It Off"],"picked":"Uppercut","floor":6.0},{"not_picked":["Anger","Clothesline"],"picked":"Immolate","floor":8.0},{"not_picked":["Evolve","Warcry"],"picked":"Armaments","floor":10.0},{"not_picked":["Havoc","Pommel Strike"],"picked":"Reckless Charge","floor":13.0},{"not_picked":["Rupture","Pommel Strike","Armaments"],"picked":"SKIP","floor":14.0},{"not_picked":["Barricade","Exhume"],"picked":"Demon Form","floor":16.0},{"not_picked":["Heavy Blade","Wild Strike+1"],"picked":"Intimidate+1","floor":18},{"not_picked":["Headbutt","Havoc","Battle Trance"],"picked":"SKIP","floor":19},{"not_picked":["Burning Pact+1","Flex+1","Clothesline"],"picked":"SKIP","floor":21},{"not_picked":["Uppercut","Hemokinesis","Rampage"],"picked":"SKIP","floor":22},{"not_picked":["Exhume","Entrench+1"],"picked":"Flame Barrier+1","floor":25},{"not_picked":["Armaments","Searing Blow"],"picked":"Infernal Blade+1","floor":29},{"not_picked":["Wild Strike","Burning Pact","Armaments"],"picked":"SKIP","floor":31},{"not_picked":["Juggernaut","Immolate"],"picked":"Double Tap","floor":33},{"not_picked":["Flex+1","Armaments+1","Anger"],"picked":"SKIP","floor":35},{"not_picked":["Rupture+1","Uppercut","Pommel Strike+1"],"picked":"SKIP","floor":36},{"not_picked":["Headbutt+1","Anger+1"],"picked":"Ghostly Armor+1","floor":38}],"player_experience":378819,"relics_obtained":[{"floor":6.0,"key":"Red Skull"},{"floor":8.0,"key":"Sundial"},{"floor":9.0,"key":"Whetstone"},{"floor":10.0,"key":"StrikeDummy"},{"floor":12.0,"key":"War Paint"},{"floor":26,"key":"White Beast Statue"},{"floor":29,"key":"Gremlin Horn"},{"floor":38,"key":"Ginger"}],"event_choices":[{"damage_healed":78.0,"max_hp_gain":0.0,"max_hp_loss":80.0,"gold_gain":0.0,"event_name":"betterThird:BetterShining","player_choice":"Leave","floor":2.0,"gold_loss":0.0,"damage_taken":0.0},{"damage_healed":0.0,"max_hp_gain":0.0,"max_hp_loss":0.0,"gold_gain":0.0,"event_name":"Golden Idol","player_choice":"Take Damage","floor":4.0,"gold_loss":0.0,"damage_taken":20.0,"relics_obtained":["Golden Idol"]},{"damage_healed":0.0,"max_hp_gain":0.0,"max_hp_loss":0.0,"gold_gain":75.0,"event_name":"betterThird:BetterGoop","player_choice":"Gold","floor":5.0,"gold_loss":0.0,"damage_taken":11.0},{"damage_healed":0,"gold_gain":0,"player_choice":"Inject Mutagens","damage_taken":0,"relics_obtained":["MutagenicStrength"],"max_hp_gain":0,"max_hp_loss":0,"event_name":"Drug Dealer","floor":24,"gold_loss":0},{"damage_healed":0,"gold_gain":0,"player_choice":"Trade","damage_taken":0,"relics_obtained":["SsserpentHead"],"max_hp_gain":0,"max_hp_loss":0,"event_name":"FaceTrader","floor":27,"gold_loss":0},{"damage_healed":0,"gold_gain":0,"player_choice":"Fight","damage_taken":0,"max_hp_gain":0,"max_hp_loss":0,"event_name":"MindBloom","floor":38,"gold_loss":0},{"damage_healed":22,"gold_gain":0,"player_choice":"Writhe","damage_taken":0,"max_hp_gain":0,"max_hp_loss":0,"event_name":"Winding Halls","floor":39,"gold_loss":0,"cards_obtained":["Writhe"]}],"is_beta":false,"boss_relics":[{"not_picked":["Philosopher\u0027s Stone","Ectoplasm"],"picked":"SlaversCollar"},{"not_picked":["Empty Cage","Pandora\u0027s Box"],"picked":"Runic Cube"}],"items_purged_floors":[37],"is_endless":false,"potions_floor_spawned":[6,10,13,19,21,29,31,33,35,36,38],"killed_by":"Giant Head","ascension_level":11}}