{"host":"lnt5dzsuhru0aonl","time":1611496908,"event":{"mods":["2.2 Compatiblity","BaseMod","Colored Map","Colored Powertips","DeckTracker","Keyboard Shortcuts","Minty Spire (QoL Compilation)","Permanent Neow","Rare Cards Sparkle","StSLib","SuperFastMode","everything is the same but u backflip on backflip"],"gold_per_floor":[118,131,131,131,144,144,222,249,331,331,381,104,144,94,94,189,189,221,271,294,58,58,58,58,58],"floor_reached":24,"language":"KOR","playtime":5212,"items_purged":["Strike_B","Strike_B","Strike_B"],"score":400,"play_id":"d98730db-1910-4033-a5be-fcb75925655e","local_time":"20210124230148","is_ascension_mode":true,"campfire_choices":[{"data":"Darkness","floor":6,"key":"SMITH"},{"data":"Dualcast","floor":10,"key":"SMITH"},{"data":"Redo","floor":15,"key":"SMITH"},{"data":"Genetic Algorithm","floor":23,"key":"SMITH"}],"circlet_count":0,"master_deck":["AscendersBane","Strike_B","Defend_B","Defend_B","Defend_B","Defend_B","Zap","Dualcast+1","Secret Technique","Darkness+1","Glacier","Skim","Redo+1","Sweeping Beam","Genetic Algorithm+1","Undo","Coolheaded","Hologram"],"relics":["Cracked Core","Golden Idol","Vajra","CeramicFish","Meat on the Bone","Ginger","Bag of Preparation","Smiling Mask","Sozu","Membership Card"],"acts_visited":["Exordium","TheCity"],"potions_floor_usage":[20,20],"damage_taken":[{"damage":2,"enemies":"Jaw Worm","floor":1,"turns":4},{"damage":0,"enemies":"2 Louse","floor":2,"turns":3},{"damage":5,"enemies":"Small Slimes","floor":5,"turns":3},{"damage":26,"enemies":"Gremlin Nob","floor":7,"turns":4},{"damage":16,"enemies":"3 Sentries","floor":11,"turns":9},{"damage":19,"enemies":"Lagavulin","floor":13,"turns":6},{"damage":14,"enemies":"The Guardian","floor":16,"turns":11},{"damage":4,"enemies":"Chosen","floor":18,"turns":4},{"damage":9,"enemies":"3 Byrds","floor":20,"turns":4},{"damage":44,"enemies":"Slavers","floor":24,"turns":3}],"seed_played":"-1226212772186811480","potions_obtained":[{"floor":5,"key":"Energy Potion"},{"floor":11,"key":"Explosive Potion"},{"floor":13,"key":"EssenceOfDarkness"}],"is_trial":false,"path_per_floor":["M","M","?","?","M","R","?","T","T","R","E","$","E","$","R","B",null,"M","?","M","$","?","R","E"],"character_chosen":"DEFECT","items_purchased":["Bag of Preparation","Sweeping Beam","Membership Card","Hologram"],"campfire_rested":0,"item_purchase_floors":[12,12,21,21],"current_hp_per_floor":[62,62,58,63,58,58,32,32,32,32,28,28,21,21,21,19,52,48,48,39,39,39,39,0,0],"gold":58,"neow_bonus":"RANDOM_COLORLESS_2","is_daily":false,"chose_seed":false,"campfire_upgraded":4,"win_rate":0.0,"timestamp":1611496908,"path_taken":["M","M","?","?","M","R","?","?","T","R","E","?","E","$","R","BOSS","M","?","M","$","?","R","E"],"items_purchased_type":["Relic","Card","Relic","Card"],"build_version":"2020-12-22","purchased_purges":3,"victory":false,"max_hp_per_floor":[64,64,58,63,63,63,63,63,63,63,63,63,63,63,63,63,63,63,63,63,63,63,63,63,63],"card_choices":[{"not_picked":["Violence","The Bomb"],"picked":"Secret Technique","floor":0},{"not_picked":["Streamline","Steam"],"picked":"Darkness","floor":1},{"not_picked":["Blizzard","Stack"],"picked":"Glacier","floor":2},{"not_picked":["Recycle","Gash","Stack"],"picked":"SKIP","floor":5},{"not_picked":["Stack","Gash"],"picked":"Skim","floor":7},{"not_picked":["Streamline","Hologram"],"picked":"Redo","floor":11},{"not_picked":["Cold Snap","Aggregate"],"picked":"Genetic Algorithm","floor":13},{"not_picked":["Sweeping Beam","Stack"],"picked":"Undo","floor":18},{"not_picked":["Streamline","Hello World+1"],"picked":"Coolheaded","floor":20}],"player_experience":749651,"relics_obtained":[{"floor":7,"key":"Vajra"},{"floor":8,"key":"CeramicFish"},{"floor":9,"key":"Meat on the Bone"},{"floor":11,"key":"Ginger"},{"floor":13,"key":"Smiling Mask"}],"event_choices":[{"damage_healed":0,"gold_gain":0,"player_choice":"Lose Max HP","damage_taken":0,"relics_obtained":["Golden Idol"],"max_hp_gain":0,"max_hp_loss":6,"event_name":"Golden Idol","floor":3,"gold_loss":0},{"damage_healed":0,"gold_gain":0,"player_choice":"Donut","damage_taken":0,"max_hp_gain":5,"max_hp_loss":0,"event_name":"Big Fish","floor":4,"gold_loss":0},{"damage_healed":0,"gold_gain":0,"player_choice":"Searched \u00271\u0027 times","damage_taken":0,"max_hp_gain":0,"max_hp_loss":0,"event_name":"Dead Adventurer","floor":7,"gold_loss":0},{"damage_healed":0,"gold_gain":50,"player_choice":"Stole From Cult","damage_taken":0,"max_hp_gain":0,"max_hp_loss":0,"event_name":"Nest","floor":19,"gold_loss":0}],"is_beta":false,"boss_relics":[{"not_picked":["Runic Dome","Philosopher\u0027s Stone"],"picked":"Sozu"}],"items_purged_floors":[12,14,21],"is_endless":false,"potions_floor_spawned":[5,11,13,20],"killed_by":"Slavers","ascension_level":20}}