{"host":"8srk5r1dwtmjotwd","time":1611469192,"event":{"mods":["AchievementEnabler","Act Like it!","BaseMod","Bestiary","Better Note","Better Third Choice","Colored Map","Colored Powertips","Friendly Minions","GifTheSpireLib","Halation","Hallownest","Hermit","Hubris","Minty Spire (QoL Compilation)","Quick Restart","Rare Cards Sparkle","Replay The Spire","Robot Space Explorer","Shop Mod","StSLib","SuperFastMode","Synergy Search","The Bug Knight","The Construct","The Jungle","Thieving Mod","Yohane!","everything is the same but u backflip on backflip","slay the spire mod where everything is the same but ironclad has a cowboy hat"],"gold_per_floor":[109,126,45,89,89,89,105,105,105,116,151,151,161,259,259,358,358,373,373,390,49,62,77,77,108,108,118,137,137,237,237,237],"floor_reached":31,"language":"ENG","playtime":2370,"items_purged":[],"score":257,"play_id":"9cdf1893-ee7d-4f51-b7b2-05818f4fc2af","local_time":"20210124011952","is_ascension_mode":false,"campfire_choices":[{"data":"Discovery","floor":6.0,"key":"SMITH"},{"data":"ReplayTheSpireMod:LeadingStrike","floor":8.0,"key":"SMITH"},{"data":"Juggernaut","floor":12,"key":"SMITH"},{"floor":24,"key":"REST"},{"floor":29,"key":"REST"}],"circlet_count":0,"master_deck":["Strike_R","Strike_R+1","Strike_R","Strike_R","Strike_R","Defend_R","Defend_R","Defend_R","Defend_R","Bash","Run Through","ReplayTheSpireMod:LeadingStrike+1","Discovery+1","Anger","Seeing Red","Juggernaut+1","Perfected Strike","Spot Weakness","Hemokinesis+1","Thunderclap","Bludgeon","Metallicize+1","Flex","hubris:ReadiedAction","Armaments","Heavy Blade+1","Body Slam","hubris:ReadiedAction","Cleave","Shrug It Off+1"],"relics":["Burning Blood","Hallownest:DreamNailRelic","Bottled Lightning","hubris:MysteriousPyramids","Black Star","halation:BottledLove","Mirror","ReplayTheSpireMod:Shallot","construct:RocketBooster","halation:SwordOfLegend","Frozen Egg 2"],"acts_visited":["Hallownest:Greenpath","TheCity"],"potions_floor_usage":[11,11,13,22,23,27,30,31],"damage_taken":[{"damage":9.0,"enemies":"2_ Uuma","floor":1.0,"turns":6.0},{"damage":8.0,"enemies":"Hallownest:monsterHuskWarrior","floor":2.0,"turns":3.0},{"damage":14.0,"enemies":"Hallownest:2_Tiktiks_and_1_Crawlid","floor":7.0,"turns":4.0},{"damage":0.0,"enemies":"Hallownest:monsterMossCharger","floor":10.0,"turns":3.0},{"damage":23,"enemies":"Hallownest:eliteVengeflyKing","floor":11,"turns":5},{"damage":0,"enemies":"Hallownest:monsterFoolEater","floor":13,"turns":3},{"damage":44,"enemies":"Hallownest:BossBrokenVessel","floor":16,"turns":6},{"damage":14,"enemies":"Shell Parasite","floor":18,"turns":2},{"damage":10,"enemies":"Chosen","floor":20,"turns":2},{"damage":24,"enemies":"Centurion and Healer","floor":22,"turns":3},{"damage":21,"enemies":"Snake Plant","floor":23,"turns":3},{"damage":26,"enemies":"HollowMod:Nosk","floor":25,"turns":8},{"damage":0,"enemies":"Snecko","floor":27,"turns":3},{"damage":6,"enemies":"Centurion and Healer","floor":28,"turns":4},{"damage":24,"enemies":"Colosseum Slavers","floor":30,"turns":4},{"damage":34,"enemies":"Colosseum Nobs","floor":30,"turns":4},{"damage":25,"enemies":"Gremlin Leader","floor":31,"turns":4}],"seed_played":"8783188875843219840","potions_obtained":[{"floor":1.0,"key":"Milkshake"},{"floor":7.0,"key":"BlessingOfTheForge"},{"floor":10.0,"key":"LifebloodPotion"},{"floor":18,"key":"Milkshake"},{"floor":22,"key":"SteroidPotion"},{"floor":25,"key":"PowerPotion"},{"floor":28,"key":"Cursed Concoction"}],"is_trial":false,"path_per_floor":["M","M","$","?","?","R","M","R","T","M","E","R","M","?","R_BF","B",null,"M","?","M","$","M","M","R","E","T","M","M","R","?","E"],"character_chosen":"IRONCLAD","items_purchased":["Discovery","hubris:ReadiedAction","halation:BottledLove","Energy Potion"],"campfire_rested":2,"item_purchase_floors":[3,21,21,21],"current_hp_per_floor":[77,75,75,75,75,75,67,67,67,73,68,68,74,54,78,40,80,72,72,68,68,50,35,59,39,39,45,45,69,23,0,0],"gold":237,"neow_bonus":"RANDOM_EVENT","is_daily":false,"chose_seed":false,"campfire_upgraded":3,"win_rate":0.0,"timestamp":1611469192,"path_taken":["M","M","$","?","?","R","M","R","T","M","E","R","?","?","R_BF","BOSS","M","?","M","?","M","M","R","E","T","?","?","R","?","E"],"items_purchased_type":["Card","Card","Relic","Potion"],"build_version":"2020-12-22","purchased_purges":0,"victory":false,"max_hp_per_floor":[80,80,80,80,80,80,80,80,80,80,80,80,80,80,80,80,80,80,80,80,80,80,80,80,80,80,80,80,80,80,80,80],"card_choices":[{"not_picked":["Ghostly Armor","Body Slam"],"picked":"Run Through","floor":1.0},{"not_picked":["Twin Strike","Shrug It Off"],"picked":"ReplayTheSpireMod:LeadingStrike","floor":2.0},{"not_picked":["Wild Strike","Searing Blow"],"picked":"Anger","floor":7.0},{"not_picked":["Infernal Blade","Clothesline"],"picked":"Seeing Red","floor":10.0},{"not_picked":["Armaments","Battle Trance"],"picked":"Juggernaut","floor":11},{"not_picked":["ReplayTheSpireMod:Muscle Training","Abandon"],"picked":"Perfected Strike","floor":13},{"not_picked":["Replay:Undeath\u0027s Touch","Armaments"],"picked":"Spot Weakness","floor":14},{"not_picked":["Shrug It Off","Sword Boomerang"],"picked":"Hemokinesis","floor":14},{"not_picked":["Pummel","Wild Strike"],"picked":"Thunderclap","floor":14},{"not_picked":["Brutality","Hemogenesis"],"picked":"Bludgeon","floor":16},{"not_picked":["Body Slam","Sword Boomerang"],"picked":"Metallicize+1","floor":18},{"not_picked":["Body Slam","Headbutt"],"picked":"Flex","floor":20},{"not_picked":["Headbutt","Thunderclap"],"picked":"Armaments","floor":22},{"not_picked":["Run Through+1","Seeing Red"],"picked":"Heavy Blade+1","floor":23},{"not_picked":["Headbutt","Disarm"],"picked":"Body Slam","floor":25},{"not_picked":["Metallicize","ReplayTheSpireMod:Strike From Hell"],"picked":"hubris:ReadiedAction","floor":27},{"not_picked":["Shrug It Off","Massacre"],"picked":"Cleave","floor":28},{"not_picked":["Thunderclap","Headbutt"],"picked":"Shrug It Off+1","floor":30}],"player_experience":47354,"relics_obtained":[{"floor":9.0,"key":"Bottled Lightning"},{"floor":11,"key":"hubris:MysteriousPyramids"},{"floor":25,"key":"Mirror"},{"floor":25,"key":"ReplayTheSpireMod:Shallot"},{"floor":26,"key":"construct:RocketBooster"},{"floor":30,"key":"halation:SwordOfLegend"},{"floor":30,"key":"Frozen Egg 2"}],"event_choices":[{"damage_healed":0,"gold_gain":0,"player_choice":"Ignored","damage_taken":0,"max_hp_gain":0,"max_hp_loss":0,"event_name":"Purifier","floor":19,"gold_loss":0},{"damage_healed":0,"gold_gain":0,"player_choice":"Fight","damage_taken":0,"max_hp_gain":0,"max_hp_loss":0,"event_name":"Colosseum","floor":30,"gold_loss":0},{"damage_healed":0,"gold_gain":0,"player_choice":"Fought Nobs","damage_taken":0,"max_hp_gain":0,"max_hp_loss":0,"event_name":"Colosseum","floor":30,"gold_loss":0}],"is_beta":false,"boss_relics":[{"not_picked":["Replay:Drink Me","Velvet Choker"],"picked":"Black Star"}],"items_purged_floors":[],"is_endless":false,"potions_floor_spawned":[1,7,10,18,22,25,28],"killed_by":"Gremlin Leader","ascension_level":0}}