{"host":"g8ufh7m4frdlkxwv","time":1611461050,"event":{"mods":["AchievementEnabler","BaseMod","Colored Map","Dark Map","Minty Spire (QoL Compilation)","Relic Stats","StSLib","ojb\u0027s Info Mod"],"gold_per_floor":[109,122,122,139,153,153,185,203,203,219,55,82,107,133,133,210,210,225,244,244,244,244,273,273,305,305,580,600,550,570,282,282,357,357,368,108,0,999,711,741,758,811,811,840,840,855,865,882,882,882,882,882],"floor_reached":51,"language":"ENG","playtime":2746,"items_purged":["Regret","Regret","Normality"],"score":1630,"play_id":"4c836d33-72f5-4339-a698-edda34ecbdd8","local_time":"20210124050410","is_ascension_mode":true,"campfire_choices":[{"data":"Terror","floor":6.0,"key":"SMITH"},{"data":"Underhanded Strike","floor":15.0,"key":"SMITH"},{"data":"Malaise","floor":24,"key":"SMITH"},{"data":"Footwork","floor":32,"key":"SMITH"},{"data":"Wraith Form v2","floor":45,"key":"SMITH"},{"floor":49,"key":"RECALL"}],"circlet_count":0,"master_deck":["AscendersBane","Survivor","Neutralize","Underhanded Strike+1","Terror+1","Dagger Spray+1","Sucker Punch+1","Backstab+1","Dagger Spray+1","Crippling Poison+1","Malaise+1","Backflip+1","Predator+1","RitualDagger+1","Backflip","Footwork+1","Footwork","Acrobatics","Wraith Form v2+1","Accuracy","Dagger Throw+1","Bullet Time","Cloak And Dagger","Prepared","Flying Knee+1","Doppelganger","Night Terror","Riddle With Holes+1","Skewer+1","PiercingWail+1","Acrobatics+1","Calculated Gamble","Well Laid Plans","Underhanded Strike+1","Normality","Blade Dance","PiercingWail+1","Phantasmal Killer+1","PiercingWail+1"],"relics":["Ring of the Snake","Molten Egg 2","Tingsha","Mercury Hourglass","Centennial Puzzle","Shuriken","Akabeko","War Paint","Sozu","MutagenicStrength","Question Card","Orichalcum","Bag of Marbles","Paper Crane","Happy Flower","Pandora\u0027s Box","Orrery","Red Mask","Oddly Smooth Stone","Potion Belt","Toxic Egg 2","Regal Pillow"],"acts_visited":["Exordium","TheCity","TheBeyond"],"potions_floor_usage":[16],"damage_taken":[{"damage":3.0,"enemies":"Cultist","floor":1.0,"turns":4.0},{"damage":0.0,"enemies":"Jaw Worm","floor":2.0,"turns":4.0},{"damage":4.0,"enemies":"Small Slimes","floor":4.0,"turns":3.0},{"damage":4.0,"enemies":"Exordium Thugs","floor":5.0,"turns":4.0},{"damage":16.0,"enemies":"Gremlin Nob","floor":7.0,"turns":4.0},{"damage":0.0,"enemies":"Looter","floor":8.0,"turns":2.0},{"damage":0.0,"enemies":"Large Slime","floor":10.0,"turns":3.0},{"damage":7.0,"enemies":"3 Sentries","floor":12.0,"turns":3.0},{"damage":0.0,"enemies":"Gremlin Nob","floor":14.0,"turns":2.0},{"damage":8,"enemies":"Slime Boss","floor":16,"turns":5},{"damage":0,"enemies":"Spheric Guardian","floor":18,"turns":1},{"damage":0,"enemies":"Chosen","floor":19,"turns":2},{"damage":5,"enemies":"Book of Stabbing","floor":23,"turns":2},{"damage":3,"enemies":"Slavers","floor":25,"turns":4},{"damage":0,"enemies":"Centurion and Healer","floor":28,"turns":1},{"damage":0,"enemies":"Snake Plant","floor":30,"turns":1},{"damage":13,"enemies":"Collector","floor":33,"turns":6},{"damage":0,"enemies":"Orb Walker","floor":35,"turns":4},{"damage":0,"enemies":"Nemesis","floor":40,"turns":3},{"damage":7,"enemies":"3 Shapes","floor":41,"turns":2},{"damage":8,"enemies":"Reptomancer","floor":44,"turns":2},{"damage":0,"enemies":"Jaw Worm Horde","floor":46,"turns":2},{"damage":3,"enemies":"Writhing Mass","floor":47,"turns":4},{"damage":0,"enemies":"4 Shapes","floor":48,"turns":5},{"damage":30,"enemies":"Donu and Deca","floor":50,"turns":8},{"damage":19,"enemies":"Awakened One","floor":51,"turns":2}],"seed_played":"-1433043208533123945","potions_obtained":[{"floor":1.0,"key":"ColorlessPotion"},{"floor":8.0,"key":"SteroidPotion"},{"floor":10.0,"key":"Fruit Juice"},{"floor":14.0,"key":"Energy Potion"}],"is_trial":false,"path_per_floor":["M","M","?","M","M","R","E","M","T","M","$","E","T","E","R","B",null,"M","M","?","T","?","E","R","E","T","?","M","?","M","$","R","B",null,"M","$","?","?","$","E","M","T","T","E","R","M","M","M","R","B","B"],"character_chosen":"THE_SILENT","items_purchased":["Centennial Puzzle","Happy Flower","Acrobatics","Orrery","Oddly Smooth Stone"],"campfire_rested":0,"item_purchase_floors":[11,31,31,36,39],"current_hp_per_floor":[62,62,62,58,54,54,38,38,38,38,38,31,31,36,36,28,65,65,65,65,65,59,54,54,51,51,51,51,51,51,51,51,38,67,67,67,67,67,67,67,60,60,60,52,52,52,49,49,49,19,0,0],"gold":882,"neow_bonus":"TEN_PERCENT_HP_BONUS","is_daily":false,"chose_seed":false,"campfire_upgraded":5,"win_rate":0.0,"timestamp":1611461050,"path_taken":["M","?","?","M","M","R","E","M","T","M","$","E","?","E","R","BOSS","M","M","?","?","?","E","R","E","T","?","?","?","?","$","R","BOSS","M","$","?","?","$","E","M","?","T","E","R","M","M","M","R","BOSS","BOSS"],"items_purchased_type":["Relic","Relic","Card","Relic","Relic"],"build_version":"2020-12-22","purchased_purges":3,"victory":false,"max_hp_per_floor":[72,72,72,72,72,72,72,72,72,72,72,72,72,77,77,77,77,77,77,77,77,77,77,77,77,77,77,77,77,77,77,77,77,77,77,77,77,77,77,77,77,77,77,77,77,77,77,77,77,77,77,77],"relic_stats":{"Regal Pillow":0,"Happy Flower":[12],"counters":[26,83],"Tingsha":[110],"War Paint":["Crippling Poison","Defend_G"],"Orichalcum":[90],"Question Card":17,"Mercury Hourglass":[273],"Sozu":5,"Centennial Puzzle":[27],"Shuriken":[25],"Pandora\u0027s Box":["Accuracy","Dagger Throw","Bullet Time","Cloak And Dagger","Prepared","Flying Knee","Doppelganger","Night Terror","Riddle With Holes","Skewer"],"obtain_stats":[{"Potion Belt":40,"Regal Pillow":44,"Happy Flower":31,"Oddly Smooth Stone":39,"Tingsha":7,"War Paint":14,"Orichalcum":23,"Paper Crane":26,"Question Card":21,"Akabeko":13,"Mercury Hourglass":9,"Sozu":17,"Centennial Puzzle":11,"Shuriken":12,"MutagenicStrength":20,"Orrery":36,"Molten Egg 2":3,"Pandora\u0027s Box":34,"Bag of Marbles":25,"Red Mask":37,"Toxic Egg 2":43,"Ring of the Snake":0},{"Potion Belt":19,"Regal Pillow":21,"Happy Flower":16,"Oddly Smooth Stone":18,"Tingsha":5,"War Paint":9,"Orichalcum":13,"Paper Crane":14,"Question Card":12,"Akabeko":8,"Mercury Hourglass":6,"Sozu":10,"Centennial Puzzle":7,"Shuriken":8,"MutagenicStrength":12,"Orrery":18,"Molten Egg 2":2,"Pandora\u0027s Box":17,"Bag of Marbles":14,"Red Mask":18,"Toxic Egg 2":20,"Ring of the Snake":0},{"Potion Belt":58,"Regal Pillow":62,"Happy Flower":45,"Oddly Smooth Stone":55,"Tingsha":19,"War Paint":29,"Orichalcum":39,"Paper Crane":43,"Question Card":37,"Akabeko":27,"Mercury Hourglass":21,"Sozu":34,"Centennial Puzzle":24,"Shuriken":27,"MutagenicStrength":37,"Orrery":55,"Molten Egg 2":8,"Pandora\u0027s Box":51,"Bag of Marbles":43,"Red Mask":55,"Toxic Egg 2":60,"Ring of the Snake":0}],"Ring of the Snake":[52]},"card_choices":[{"not_picked":["Concentrate","Backflip"],"picked":"Underhanded Strike","floor":1.0},{"not_picked":["Leg Sweep","Poisoned Stab"],"picked":"Terror","floor":2.0},{"not_picked":["Accuracy","Deadly Poison"],"picked":"Dagger Spray+1","floor":4.0},{"not_picked":["Accuracy","Choke+1"],"picked":"Sucker Punch+1","floor":5.0},{"not_picked":["Noxious Fumes","Catalyst","Finisher+1"],"picked":"SKIP","floor":7.0},{"not_picked":["A Thousand Cuts","Slice+1"],"picked":"Backstab+1","floor":8.0},{"not_picked":["Deflect","Flying Knee+1"],"picked":"Dagger Spray+1","floor":10.0},{"not_picked":["PiercingWail","Poisoned Stab+1","Dodge and Roll"],"picked":"SKIP","floor":12.0},{"not_picked":["Backflip","Prepared"],"picked":"Crippling Poison","floor":14.0},{"not_picked":["A Thousand Cuts","Unload+1"],"picked":"Malaise","floor":16},{"not_picked":["Accuracy","Bane+1"],"picked":"Backflip+1","floor":18},{"not_picked":["Caltrops","Blur"],"picked":"Predator+1","floor":19},{"not_picked":["Cloak And Dagger","Malaise","Outmaneuver","Distraction"],"picked":"SKIP","floor":23},{"not_picked":["Cloak And Dagger","Malaise","Outmaneuver","Distraction"],"picked":"SKIP","floor":23},{"not_picked":["Blur","All Out Attack+1","Terror"],"picked":"Backflip","floor":25},{"not_picked":["Crippling Poison","Flying Knee+1","Setup"],"picked":"Footwork","floor":28},{"not_picked":["Eviscerate+1","Riddle With Holes+1","Dodge and Roll"],"picked":"Footwork","floor":30},{"not_picked":["Storm of Steel","Venomology","Die Die Die+1"],"picked":"Wraith Form v2","floor":33},{"not_picked":["Cloak And Dagger","Eviscerate+1","Riddle With Holes+1"],"picked":"PiercingWail+1","floor":35},{"not_picked":["Deflect","Accuracy+1","Endless Agony+1"],"picked":"Acrobatics+1","floor":36},{"not_picked":["Accuracy","Predator+1","Quick Slash+1"],"picked":"Calculated Gamble","floor":36},{"not_picked":["Finisher+1","Catalyst","Dash+1"],"picked":"Well Laid Plans","floor":36},{"not_picked":["Deflect","Predator+1","Dash+1"],"picked":"Underhanded Strike+1","floor":36},{"not_picked":["Bane+1","Well Laid Plans","Skewer+1","Outmaneuver"],"picked":"SKIP","floor":40},{"not_picked":["Caltrops+1","Poisoned Stab+1","Sucker Punch+1"],"picked":"Blade Dance","floor":41},{"not_picked":["Backflip+1","Flying Knee+1","Skewer+1"],"picked":"PiercingWail+1","floor":44},{"not_picked":["Cloak And Dagger+1","Bane+1","Dodge and Roll+1"],"picked":"Phantasmal Killer+1","floor":46},{"not_picked":["Slice+1","Backflip+1","Dagger Spray+1"],"picked":"PiercingWail+1","floor":47},{"not_picked":["Dagger Spray+1","Slice+1","Flechettes+1","Sucker Punch+1"],"picked":"SKIP","floor":48}],"player_experience":1094082,"relics_obtained":[{"floor":7.0,"key":"Tingsha"},{"floor":9.0,"key":"Mercury Hourglass"},{"floor":12.0,"key":"Shuriken"},{"floor":13.0,"key":"Akabeko"},{"floor":14.0,"key":"War Paint"},{"floor":21,"key":"Question Card"},{"floor":23,"key":"Orichalcum"},{"floor":25,"key":"Bag of Marbles"},{"floor":26,"key":"Paper Crane"},{"floor":40,"key":"Potion Belt"},{"floor":43,"key":"Toxic Egg 2"},{"floor":44,"key":"Regal Pillow"}],"event_choices":[{"damage_healed":0.0,"max_hp_gain":0.0,"max_hp_loss":0.0,"gold_gain":0.0,"event_name":"Big Fish","player_choice":"Box","floor":3.0,"gold_loss":0.0,"damage_taken":0.0,"relics_obtained":["Molten Egg 2"],"cards_obtained":["Regret"]},{"damage_healed":0,"gold_gain":0,"player_choice":"Inject Mutagens","damage_taken":0,"relics_obtained":["MutagenicStrength"],"max_hp_gain":0,"max_hp_loss":0,"event_name":"Drug Dealer","floor":20,"gold_loss":0},{"damage_healed":0,"gold_gain":0,"player_choice":"Joined the Cult","damage_taken":6,"max_hp_gain":0,"max_hp_loss":0,"event_name":"Nest","floor":22,"gold_loss":0,"cards_obtained":["RitualDagger"]},{"damage_healed":0,"gold_gain":275,"player_choice":"Desecrate","damage_taken":0,"max_hp_gain":0,"max_hp_loss":0,"event_name":"Golden Shrine","floor":27,"gold_loss":0,"cards_obtained":["Regret"]},{"damage_healed":0,"gold_gain":0,"player_choice":"Bet on Owner","damage_taken":0,"max_hp_gain":0,"max_hp_loss":0,"event_name":"The Joust","floor":29,"gold_loss":50},{"damage_healed":0,"gold_gain":0,"player_choice":"Paid","damage_taken":0,"relics_obtained":["Red Mask"],"max_hp_gain":0,"max_hp_loss":0,"event_name":"Tomb of Lord Red Mask","floor":37,"gold_loss":108},{"damage_healed":0,"gold_gain":999,"player_choice":"Gold","damage_taken":0,"max_hp_gain":0,"max_hp_loss":0,"event_name":"MindBloom","floor":38,"gold_loss":0,"cards_obtained":["Normality","Normality"]}],"is_beta":false,"boss_relics":[{"not_picked":["Busted Crown","SacredBark"],"picked":"Sozu"},{"not_picked":["HoveringKite","Cursed Key"],"picked":"Pandora\u0027s Box"}],"items_purged_floors":[31,36,39],"is_endless":false,"potions_floor_spawned":[1,8,10,14,19,23,25,40,47],"killed_by":"Awakened One","ascension_level":20}}