{"host":"mg3e76uznu9x14du","time":1611525796,"event":{"mods":["BaseMod","Colored Map","Downfall","Minty Spire (QoL Compilation)","Permanent Neow","Relic Stats","StSLib","Waifu the Spire","everything is the same but u backflip on backflip"],"gold_per_floor":[99,99,99,99,199,199,199,199,55,75,105,118,118,137,152,254,254,254,265,275,275,287,312,387,337,337,137,149,34,34,34,54,157,157,57,77,77,97,97,107,160,160,160,160],"floor_reached":42,"language":"ENG","playtime":2714,"items_purged":["downfall:Haunted","Regret"],"score":510,"play_id":"318576c0-1559-4c47-85fc-ded11d52fe93","local_time":"20210124170316","is_ascension_mode":true,"campfire_choices":[{"data":"bronze:Replicate","floor":1.0,"key":"SMITH"},{"data":"bronze:Repair","floor":13.0,"key":"SMITH"},{"data":"bronze:Mutator","floor":18.0,"key":"SMITH"},{"floor":27.0,"key":"RECALL"},{"data":"bronze:MaxOutput","floor":30,"key":"SMITH"},{"data":"bronze:Format","floor":35,"key":"SMITH"}],"circlet_count":0,"master_deck":["bronze:Strike","bronze:Strike+1","bronze:Strike","bronze:Strike","bronze:Defend","bronze:Defend","bronze:Defend","bronze:Defend","bronze:Replicate+1","bronze:Goto+1","bronze:ChildClass","bronze:WildBeam","bronze:Overheat","downfall:Bewildered","bronze:RecursiveStrike","bronze:GetLatest","bronze:Frontload","bronze:Iterate","bronze:ItsAFeature","bronze:Repair+1","bronze:BronzeOrb","bronze:BronzeOrb+1","bronze:Mutator+1","bronze:CloningBeam+1","bronze:Invalidate+1","bronze:MaxOutput+1","bronze:Frontload","bronze:WhirlingStrike","bronze:InfiniteBeams","Pride","bronze:BronzeArmor+1","bronze:Format+1","bronze:Constructor","downfall:Malfunctioning","bronze:OilSpill+1","bronze:Goto","bronze:FineTuning","bronze:FindAndReplace","bronze:BuggyMess+1","downfall:Haunted"],"relics":["bronze:BronzeCore","downfall:HeartsMalice","Darkstone Periapt","Matryoshka","Anchor","Cursed Key","Potion Belt","Nloth\u0027s Gift","downfall:HeartBlessingGreen","downfall:HeartBlessingBlue","PreservedInsect","Runic Pyramid","downfall:HeartBlessingRed","The Courier","Sundial","War Paint"],"acts_visited":["Exordium","TheCity","TheBeyond"],"potions_floor_usage":[33,42],"damage_taken":[{"damage":0.0,"enemies":"Cultist","floor":2.0,"turns":1.0},{"damage":0.0,"enemies":"Jaw Worm","floor":3.0,"turns":1.0},{"damage":0.0,"enemies":"downfall:FleeingMerchant","floor":4.0,"turns":1.0},{"damage":5.0,"enemies":"downfall:FleeingMerchant","floor":9.0,"turns":4.0},{"damage":0.0,"enemies":"2 Louse","floor":10.0,"turns":3.0},{"damage":26.0,"enemies":"Lagavulin","floor":11.0,"turns":5.0},{"damage":2.0,"enemies":"Exordium Thugs","floor":12.0,"turns":3.0},{"damage":0.0,"enemies":"Blue Slaver","floor":14.0,"turns":2.0},{"damage":3.0,"enemies":"Exordium Wildlife","floor":15.0,"turns":5.0},{"damage":52.0,"enemies":"DF_ARCHETYPE_STREAMLINE","floor":16.0,"turns":14.0},{"damage":21.0,"enemies":"Shell Parasite","floor":19.0,"turns":5.0},{"damage":6.0,"enemies":"Spheric Guardian","floor":20.0,"turns":4.0},{"damage":31.0,"enemies":"3 Cultists","floor":22.0,"turns":6.0},{"damage":29.0,"enemies":"Book of Stabbing","floor":23.0,"turns":7.0},{"damage":6,"enemies":"Centurion and Healer","floor":28,"turns":6},{"damage":2,"enemies":"downfall:FleeingMerchant","floor":29,"turns":4},{"damage":31,"enemies":"Shelled Parasite and Fungi","floor":32,"turns":6},{"damage":58,"enemies":"IC_MUSHROOM_ARCHETYPE","floor":33,"turns":10},{"damage":30,"enemies":"3 Shapes","floor":36,"turns":6},{"damage":38,"enemies":"3 Darklings","floor":38,"turns":7},{"damage":13,"enemies":"4 Shapes","floor":40,"turns":5},{"damage":76,"enemies":"Maw","floor":42,"turns":8}],"seed_played":"2070134258013945401","potions_obtained":[{"floor":10.0,"key":"ColorlessPotion"},{"floor":12.0,"key":"Strength Potion"},{"floor":15.0,"key":"LiquidMemories"},{"floor":16.0,"key":"bronze:CleanCodePotion"},{"floor":20.0,"key":"BlessingOfTheForge"},{"floor":22.0,"key":"BlessingOfTheForge"},{"floor":28,"key":"LiquidBronze"},{"floor":32,"key":"SkillPotion"},{"floor":36,"key":"Swift Potion"},{"floor":40,"key":"hexamod:SoulburnPotion"}],"is_trial":false,"path_per_floor":["R","M","M","$","?","?","T","?","$","M","E","M","R","M","M","B",null,"R","M","M","?","M","E","T","?","?","R","M","$","R","?","M","B",null,"R","M","?","M","?","M","T","M"],"character_chosen":"THE_AUTOMATON","items_purchased":["bronze:Frontload"],"campfire_rested":0,"item_purchase_floors":[9],"current_hp_per_floor":[70,70,70,70,70,88,88,88,83,83,57,55,55,55,62,20,88,88,67,71,71,50,31,37,71,71,81,85,83,83,89,68,30,110,110,90,96,68,68,66,72,0,0,0],"gold":160,"neow_bonus":"THREE_ENEMY_KILL","is_daily":false,"chose_seed":false,"campfire_upgraded":5,"win_rate":0.0,"timestamp":1611525796,"path_taken":["R","M","M","?","?","?","T","?","$","M","E","M","R","?","M","BOSS","R","M","M","?","M","E","T","?","?","R","?","$","R","?","M","BOSS","R","M","?","M","?","?","T","M"],"items_purchased_type":["Card"],"build_version":"2020-12-22","purchased_purges":2,"victory":false,"max_hp_per_floor":[70,70,70,70,70,88,88,88,88,88,88,88,88,88,88,88,88,88,88,88,88,88,88,94,94,94,104,104,104,104,110,110,110,110,110,110,116,116,116,116,122,122,122,122],"relic_stats":{"Darkstone Periapt":42,"counters":[22,110],"Sundial":[0],"PreservedInsect":0,"Nloth\u0027s Gift":1,"War Paint":["bronze:BronzeArmor","bronze:Goto"],"Cursed Key":3,"obtain_stats":[{"Darkstone Periapt":6,"Potion Belt":24,"bronze:BronzeCore":0,"downfall:HeartBlessingRed":35,"downfall:HeartsMalice":0,"downfall:HeartBlessingGreen":27,"PreservedInsect":31,"The Courier":37,"Whetstone":23,"War Paint":41,"Cursed Key":17,"Anchor":11,"Matryoshka":7,"downfall:HeartBlessingBlue":27,"Sundial":37,"Nloth\u0027s Gift":26,"Runic Pyramid":34},{"Darkstone Periapt":3,"Potion Belt":14,"bronze:BronzeCore":0,"downfall:HeartBlessingRed":18,"downfall:HeartsMalice":0,"downfall:HeartBlessingGreen":14,"PreservedInsect":16,"The Courier":19,"Whetstone":14,"War Paint":21,"Cursed Key":10,"Anchor":6,"Matryoshka":3,"downfall:HeartBlessingBlue":14,"Sundial":19,"Nloth\u0027s Gift":14,"Runic Pyramid":18},{"Darkstone Periapt":0,"Potion Belt":58,"bronze:BronzeCore":0,"downfall:HeartBlessingRed":84,"downfall:HeartsMalice":0,"downfall:HeartBlessingGreen":58,"PreservedInsect":68,"The Courier":90,"Whetstone":58,"War Paint":102,"Cursed Key":36,"Anchor":12,"Matryoshka":0,"downfall:HeartBlessingBlue":58,"Sundial":90,"Nloth\u0027s Gift":58,"Runic Pyramid":84}]},"card_choices":[{"not_picked":["bronze:GetLatest","bronze:Invalidate"],"picked":"bronze:ChildClass","floor":2.0},{"not_picked":["bronze:ForLoop","bronze:Constructor"],"picked":"bronze:WildBeam","floor":3.0},{"not_picked":["bronze:Repair","bronze:Deprecate"],"picked":"bronze:Overheat","floor":4.0},{"not_picked":["bronze:DelayedGuard","bronze:WhirlingStrike"],"picked":"bronze:GetLatest","floor":9.0},{"not_picked":["bronze:Constructor","bronze:Philosophize"],"picked":"bronze:Iterate","floor":10.0},{"not_picked":["bronze:ForLoop","bronze:Philosophize"],"picked":"bronze:ItsAFeature","floor":11.0},{"not_picked":["bronze:Shield","bronze:Return"],"picked":"bronze:Repair","floor":12.0},{"not_picked":["bronze:Shield","bronze:CutThrough"],"picked":"bronze:BronzeOrb","floor":14.0},{"not_picked":["bronze:Iterate","bronze:WhirlingStrike"],"picked":"bronze:BronzeOrb","floor":15.0},{"not_picked":["bronze:ThunderWave","bronze:FindAndReplace"],"picked":"bronze:Mutator","floor":16.0},{"not_picked":["bronze:CutThrough","bronze:DelayedGuard"],"picked":"bronze:CloningBeam+1","floor":19.0},{"not_picked":["bronze:Branch+1","bronze:ItsAFeature+1"],"picked":"bronze:Invalidate+1","floor":20.0},{"not_picked":["bronze:Refactor","bronze:Branch"],"picked":"bronze:MaxOutput","floor":22.0},{"not_picked":["bronze:ThunderWave","bronze:Refactor"],"picked":"bronze:Frontload","floor":23.0},{"not_picked":["bronze:Safeguard","bronze:Branch"],"picked":"bronze:WhirlingStrike","floor":28},{"not_picked":["bronze:BuggyMess","bronze:DelayedSlice"],"picked":"bronze:InfiniteBeams","floor":29},{"not_picked":["bronze:Invalidate","bronze:Allocate"],"picked":"bronze:BronzeArmor","floor":32},{"not_picked":["bronze:FindAndReplace","bronze:Assembly"],"picked":"bronze:Format","floor":33},{"not_picked":["bronze:BitShift+1","bronze:RecursiveStrike"],"picked":"bronze:Constructor","floor":36},{"not_picked":["bronze:WhirlingStrike+1","bronze:Backtrace"],"picked":"bronze:OilSpill+1","floor":38},{"not_picked":["bronze:BitShift+1","bronze:Invalidate"],"picked":"bronze:BuggyMess+1","floor":40}],"player_experience":489013,"relics_obtained":[{"floor":7.0,"key":"Matryoshka"},{"floor":11.0,"key":"Anchor"},{"floor":23.0,"key":"Whetstone"},{"floor":24.0,"key":"Potion Belt"},{"floor":37,"key":"The Courier"},{"floor":37,"key":"Sundial"},{"floor":41,"key":"War Paint"}],"event_choices":[{"cards_removed":["downfall:Haunted"],"damage_healed":0.0,"max_hp_gain":0.0,"max_hp_loss":0.0,"gold_gain":0.0,"event_name":"The Cleric","player_choice":"Card Removal","floor":8.0,"gold_loss":0.0,"damage_taken":0.0},{"damage_healed":0,"gold_gain":0,"player_choice":"Stole Relic","damage_taken":0,"relics_obtained":["PreservedInsect"],"max_hp_gain":0,"max_hp_loss":0,"event_name":"Addict","floor":31,"gold_loss":0,"cards_obtained":["Pride"]}],"is_beta":false,"boss_relics":[{"not_picked":["Philosopher\u0027s Stone","Pandora\u0027s Box"],"picked":"Cursed Key"},{"not_picked":["Busted Crown","Astrolabe"],"picked":"Runic Pyramid"}],"items_purged_floors":[9,29],"is_endless":false,"potions_floor_spawned":[10,12,15,16,20,22,28,32,36,40],"killed_by":"Maw","ascension_level":1}}