{"host":"1zjc08c6hob33401","time":1611527059,"event":{"mods":["AchievementEnabler","Act Like it!","Aspiration","BaseMod","Downfall","Elementarium","Energized Spire","Evolution","Friendly Minions","Gensokyo","GifTheSpireLib","Hubris","Infinite Spire","Jedi Mod","Menagerie","Minty Spire (QoL Compilation)","Pale of the Ancients","Quick Restart","Reliquary","Replay The Spire","Retaliation","Shop Mod","Spire Arcade","StS++","StSLib","Stuff the Spire","The Blue Laboratory","Wandering Minibosses","vexMod","??????REMEMod"],"gold_per_floor":[113,125,135,149,160,160,160,160,185,27,43,43,61,81,81,158,158,173,187,187,187],"floor_reached":20,"language":"RUS","playtime":1171,"items_purged":[],"score":306,"play_id":"1440831c-cde0-4ded-bacb-ebfcd14552a5","local_time":"20210125002419","is_ascension_mode":true,"campfire_choices":[{"data":"REME_AllRoundStrike","floor":6.0,"key":"SMITH"},{"data":"Menagerie:BeastSpirit","floor":8.0,"key":"SMITH"},{"data":"Zap","floor":12.0,"key":"SMITH"},{"floor":15.0,"key":"REST"}],"circlet_count":0,"master_deck":["AscendersBane","Sweeping Beam","Sweeping Beam","Sweeping Beam","Strike_B","Defend_B","Defend_B","Defend_B","Defend_B","Zap+1","Dualcast","REME_AllRoundStrike+1","Good Instincts","StuffTheSpire:Plugnplay","Rip and Tear","Cold Snap","Glacier","Ball Lightning","Menagerie:BeastSpirit+1","Coolheaded","Barrage","Capacitor","REME_ForAll","StSpp:Fierceness","Leap"],"relics":["Cracked Core","EVO:Axolotl","REME_ComplimentaryCards","reliquary:TuningFork","jedi:fakemustache","energizedSpire:UnstableMolecules"],"acts_visited":["Menagerie:Menagerie","TheCity"],"potions_floor_usage":[20],"damage_taken":[{"damage":6.0,"enemies":"Menagerie:WhisperingWraith","floor":1.0,"turns":4.0},{"damage":1.0,"enemies":"Menagerie:2_RABBITS","floor":2.0,"turns":2.0},{"damage":7.0,"enemies":"Menagerie:MonstrousExperiment","floor":3.0,"turns":4.0},{"damage":6.0,"enemies":"Menagerie:RedMage","floor":4.0,"turns":3.0},{"damage":11.0,"enemies":"Menagerie:EntropyWarlock","floor":5.0,"turns":6.0},{"damage":14.0,"enemies":"Menagerie:3_RABBITS","floor":11.0,"turns":2.0},{"damage":9.0,"enemies":"Menagerie:RedMage","floor":13.0,"turns":3.0},{"damage":4.0,"enemies":"Menagerie:BEAST_MAGE_AND_PROWLING_AMALGAM","floor":14.0,"turns":6.0},{"damage":21.0,"enemies":"Menagerie:Chimera","floor":16.0,"turns":7.0},{"damage":8.0,"enemies":"Chosen","floor":18.0,"turns":3.0},{"damage":11,"enemies":"3 Byrds","floor":19,"turns":5},{"damage":36,"enemies":"Snake Plant","floor":20,"turns":2}],"seed_played":"-3973658645673685651","potions_obtained":[{"floor":2.0,"key":"Swift Potion"},{"floor":3.0,"key":"DDmod:CleansePotion"},{"floor":11.0,"key":"LiquidBronze"},{"floor":16.0,"key":"blueLaboratory:PhilterOfMotion"}],"is_trial":false,"path_per_floor":["M","M","M","M","M","R","?","R","T","$","M","R","M","M","R","B",null,"M","M","M"],"character_chosen":"DEFECT","items_purchased":["jedi:fakemustache"],"campfire_rested":1,"item_purchase_floors":[10],"current_hp_per_floor":[58,57,50,44,33,33,33,33,33,43,29,29,20,16,35,14,53,45,34,0,0],"gold":187,"neow_bonus":"RANDOM_COLORLESS","is_daily":false,"chose_seed":false,"campfire_upgraded":3,"win_rate":0.0,"timestamp":1611527059,"path_taken":["M","M","M","M","M","R","?","R","T","$","M","R","M","M","R","BOSS","M","M","M"],"items_purchased_type":["Relic"],"build_version":"2020-12-22","purchased_purges":0,"victory":false,"max_hp_per_floor":[71,71,71,71,71,71,66,66,66,66,66,66,66,66,66,66,66,66,66,66,66],"card_choices":[{"not_picked":["Trip","hubris:Ssssneak"],"picked":"Good Instincts","floor":0.0},{"not_picked":["BasicCrystalCard","Compile Driver"],"picked":"StuffTheSpire:Plugnplay","floor":1.0},{"not_picked":["Auto Shields","Fusion"],"picked":"Rip and Tear","floor":2.0},{"not_picked":["REME_SelfUpgrade","Redo"],"picked":"Cold Snap","floor":3.0},{"not_picked":["hubris:SpecializedCircuitry","ReplayTheSpireMod:Repulse"],"picked":"Glacier","floor":4.0},{"not_picked":["StuffTheSpire:LoadUp","Panic Button"],"picked":"Ball Lightning","floor":5.0},{"not_picked":["jedi:blockon","Skim"],"picked":"Coolheaded","floor":11.0},{"not_picked":["Ball Lightning","StSpp:Pointer"],"picked":"Barrage","floor":13.0},{"not_picked":["StSpp:Pointer","Panic Button"],"picked":"Capacitor","floor":14.0},{"not_picked":["ReplayTheSpireMod:Omega Cannon","Meteor Strike"],"picked":"REME_ForAll","floor":16.0},{"not_picked":["Streamline","ReplayTheSpireMod:System Scan"],"picked":"StSpp:Fierceness","floor":18.0},{"not_picked":["Beam Cell","Turbo"],"picked":"Leap","floor":19}],"player_experience":686162,"relics_obtained":[{"floor":9.0,"key":"reliquary:TuningFork"}],"event_choices":[{"damage_healed":0.0,"max_hp_gain":0.0,"max_hp_loss":5.0,"gold_gain":0.0,"event_name":"Menagerie:BeastSpiritShrine","player_choice":"Knelt","floor":7.0,"gold_loss":0.0,"damage_taken":0.0,"cards_obtained":["Menagerie:BeastSpirit"]}],"is_beta":false,"boss_relics":[{"not_picked":["StSpp:FireArrow","bronze:MakeshiftBattery"],"picked":"energizedSpire:UnstableMolecules"}],"items_purged_floors":[],"is_endless":false,"potions_floor_spawned":[2,3,11,16],"killed_by":"Snake Plant","ascension_level":16}}