{"host":"o9ks9zgjwk1fcyk2","time":1611447731,"event":{"mods":["A Magickal Journey","AchievementEnabler","Aspiration","BaseMod","BetterRewards","Colored Map","Colored Powertips","Conspire","DeckTracker","Downfall","Friendly Minions","GifTheSpireLib","Halation","Highlight Path","Hubris","Infinite Spire","Ironclad Rager","Minty Spire (QoL Compilation)","Permanent Neow","Quarter Circle Forward PUNCH!","Quick Restart","READ ME - Guardian Mod","Relic Sorter","Replay The Spire","StSLib","Stuff the Spire","The Alterego","The Construct","The Cursed","The Disciple","The Forsaken","The Jungle","The Marked","The Mystic","vexMod"],"gold_per_floor":[113,13,40,57,69,69,69],"floor_reached":6,"language":"ENG","playtime":623,"items_purged":[],"score":36,"play_id":"1a206a2e-c3c1-44f1-8d6c-ff9228654b0e","local_time":"20210124002211","is_ascension_mode":false,"campfire_choices":[],"circlet_count":0,"master_deck":["alterego_mod:Strike","alterego_mod:Strike","alterego_mod:Strike","alterego_mod:Strike","alterego_mod:Defend","alterego_mod:Defend","alterego_mod:Defend","alterego_mod:Defend","alterego_mod:Impale","alterego_mod:BigMeatyClaws","alterego_mod:BrynhildrsRune","alterego_mod:Undulate","Ghostly","alterego_mod:Birthday","alterego_mod:BreastValley"],"relics":["halation:SimulatedSpire","qcfpunch:Black_Training_Shirt"],"acts_visited":["Exordium"],"potions_floor_usage":[6,6],"damage_taken":[{"damage":1,"enemies":"Small Slimes","floor":1,"turns":4},{"damage":23,"enemies":"conspire:MimicChest","floor":3,"turns":5},{"damage":7,"enemies":"Cultist","floor":4,"turns":5},{"damage":12,"enemies":"infinitespire:Voidling","floor":5,"turns":4},{"damage":52,"enemies":"Lagavulin","floor":6,"turns":10}],"seed_played":"3021240840874645216","potions_obtained":[{"floor":4,"key":"SneckoOil"},{"floor":5,"key":"DistilledChaos"}],"is_trial":false,"path_per_floor":["M","?","?","M","M","E"],"character_chosen":"The_Alterego","items_purchased":[],"campfire_rested":0,"item_purchase_floors":[],"current_hp_per_floor":[69,69,46,41,38,0,0],"gold":69,"neow_bonus":"SIMULATED_SPIRE","is_daily":false,"chose_seed":false,"campfire_upgraded":0,"win_rate":0.0,"timestamp":1611447731,"path_taken":["M","?","?","?","M","E"],"items_purchased_type":[],"build_version":"2020-12-22","purchased_purges":0,"victory":false,"max_hp_per_floor":[70,70,70,70,70,70,70],"card_choices":[{"not_picked":["alterego_mod:BeGentle","alterego_mod:IndependentAction"],"picked":"alterego_mod:Undulate","floor":1},{"not_picked":["alterego_mod:GoddessCore","alterego_mod:Bloomers"],"picked":"alterego_mod:Birthday","floor":3},{"not_picked":["alterego_mod:Skirt","alterego_mod:SakuraLabyrinth","alterego_mod:Bloomers"],"picked":"SKIP","floor":4},{"not_picked":["alterego_mod:GoddessCore","alterego_mod:SakuraLabyrinth"],"picked":"alterego_mod:BreastValley","floor":5}],"player_experience":318882,"relics_obtained":[{"floor":3,"key":"qcfpunch:Black_Training_Shirt"}],"event_choices":[{"damage_healed":0,"gold_gain":0,"player_choice":"Argue","damage_taken":0,"max_hp_gain":0,"max_hp_loss":0,"event_name":"conspire:LoneGhost","floor":2,"gold_loss":0}],"is_beta":false,"boss_relics":[],"items_purged_floors":[],"is_endless":false,"potions_floor_spawned":[4,5],"killed_by":"Lagavulin","ascension_level":0}}