{"host":"c3lc60y5x60jlt1y","time":1611475574,"event":{"mods":["AchievementEnabler","BaseMod","Bestiary","Colored Map","Minty Spire (QoL Compilation)","Quick Restart","StSLib","ojb\u0027s Info Mod"],"gold_per_floor":[116,128,144,144,58,87,118,130,142,154,154],"floor_reached":10,"language":"ENG","playtime":422,"items_purged":[],"score":129,"play_id":"c4660eb3-021e-4be0-b26a-286d8335f5e2","local_time":"20210124100614","is_ascension_mode":true,"campfire_choices":[{"data":"Apotheosis","floor":8.0,"key":"SMITH"}],"circlet_count":0,"master_deck":["AscendersBane","Strike_B","Strike_B","Strike_B","Strike_B","Defend_B","Defend_B","Defend_B","Defend_B","Zap","Dualcast","Apotheosis+1","Undo","Coolheaded","Sweeping Beam","Glacier","Skim","Consume"],"relics":["Cracked Core","MawBank","Potion Belt"],"acts_visited":["Exordium"],"potions_floor_usage":[10],"damage_taken":[{"damage":0.0,"enemies":"Cultist","floor":1.0,"turns":4.0},{"damage":0.0,"enemies":"Jaw Worm","floor":2.0,"turns":3.0},{"damage":6.0,"enemies":"2 Louse","floor":3.0,"turns":3.0},{"damage":15.0,"enemies":"3 Sentries","floor":6.0,"turns":5.0},{"damage":8.0,"enemies":"Red Slaver","floor":7.0,"turns":5.0},{"damage":47,"enemies":"Gremlin Nob","floor":10,"turns":4}],"seed_played":"8782451304962866240","potions_obtained":[{"floor":2.0,"key":"ColorlessPotion"},{"floor":6.0,"key":"Strength Potion"}],"is_trial":false,"path_per_floor":["M","M","M","?","$","E","M","R","T","E"],"character_chosen":"DEFECT","items_purchased":["Glacier"],"campfire_rested":0,"item_purchase_floors":[5],"current_hp_per_floor":[64,64,58,63,63,48,40,40,40,0,0],"gold":154,"neow_bonus":"RANDOM_COLORLESS_2","is_daily":false,"chose_seed":false,"campfire_upgraded":1,"win_rate":0.0,"timestamp":1611475574,"path_taken":["M","?","M","?","$","E","M","R","T","E"],"items_purchased_type":["Card"],"build_version":"2020-12-22","purchased_purges":0,"victory":false,"max_hp_per_floor":[64,64,64,69,69,69,69,69,69,69,69],"card_choices":[{"not_picked":["Sadistic Nature","Violence"],"picked":"Apotheosis","floor":0.0},{"not_picked":["Recycle","Beam Cell"],"picked":"Undo","floor":1.0},{"not_picked":["Stack","Gash"],"picked":"Coolheaded","floor":2.0},{"not_picked":["Reinforced Body","Rebound"],"picked":"Sweeping Beam","floor":3.0},{"not_picked":["Meteor Strike","Beam Cell"],"picked":"Skim","floor":6.0},{"not_picked":["Steam","Gash"],"picked":"Consume","floor":7.0}],"player_experience":8476964,"relics_obtained":[{"floor":6.0,"key":"MawBank"},{"floor":9.0,"key":"Potion Belt"}],"event_choices":[{"damage_healed":0.0,"max_hp_gain":5.0,"max_hp_loss":0.0,"gold_gain":0.0,"event_name":"Big Fish","player_choice":"Donut","floor":4.0,"gold_loss":0.0,"damage_taken":0.0}],"is_beta":false,"boss_relics":[],"items_purged_floors":[],"is_endless":false,"potions_floor_spawned":[2,6],"killed_by":"Gremlin Nob","ascension_level":18}}