{"host":"takgv9cv6xf64vhq","time":1611491795,"event":{"mods":["BaseMod","Colored Powertips","Downfall","Hubris","LagranYue(拉格朗・月)","Marisa（F雨　魔理沙）","Minty Spire (QoL Compilation)","Replay The Spire","StSLib","The Cursed","The Jungle","TheHeartMod"],"gold_per_floor":[114,124,124,139,6,6,6,6,6,20,50,50,70,91,91,187,187,198,178,189,42,42,68,80,107,131,151,164,176,211,231,305,400,400,418,418,435,200,200,227,227,257,257,5,18,36,36,51,11,11,11,11,11,43,43],"floor_reached":56,"language":"ZHS","playtime":5532,"items_purged":["Delirium"],"score":1119,"play_id":"20f88b5f-7e64-4260-b25c-026d6df34eed","local_time":"20210124203635","is_ascension_mode":false,"campfire_choices":[{"data":"Armaments","floor":6.0,"key":"SMITH"},{"data":"Run Through","floor":8.0,"key":"SMITH"},{"data":"ReplayTheSpireMod:Muscle Training","floor":12.0,"key":"SMITH"},{"data":"ReplayReversal","floor":15.0,"key":"SMITH"},{"floor":41.0,"key":"RECALL"},{"data":"ReplayReversal","floor":52,"key":"SMITH"}],"circlet_count":0,"master_deck":["Strike_R","Strike_R","Strike_R","Strike_R","Defend_R","Defend_R","Defend_R","Defend_R","Bash","Run Through+1","Intimidate+1","Headbutt","Metallicize","Armaments+1","ReplayTheSpireMod:Muscle Training+1","hubris:ReadiedAction","ReplayReversal+1","Juggernaut","Armaments+1","Flame Barrier","Entrench","Fire Breathing","Hemogenesis","hubris:ReadiedAction","Run Through","Shrug It Off+1","Replay:Undeath\u0027s Touch","Reckless Charge+1","Limit Break+1","Body Slam","Shrug It Off+1","Juggernaut","Reaper+1","Clothesline+1","ReplayTheSpireMod:Brewmster","ReplayReversal+1","Havoc+1","Seeing Red+1","hubris:SharpeningStone+1"],"relics":["LagranYue:RandomDrawCardRelic","ChewingGum","Replay:Rubber Ducky","Iron Hammer","Odd Mushroom","Replay:Bronze Core","Strange Spoon","hubris:Towel","Bottled Lightning","ReplayTheSpireMod:TigerMarble","Vajra","hubris:CuriousFeather","Replay:Grab Bag","LagranYue:ContractPerformanceRelic","Ooze Armor","Runic Pyramid","ReplayTheSpireMod:Ring of Collecting","Bronze Scales","LagranYue:GuidanceLightRelic","ReplayTheSpireMod:Ring of Sloth","Mango"],"acts_visited":["Exordium","Exordium","TheBeyond","TheEnding"],"potions_floor_usage":[50,50,50,50,50,50,50,50,54,54,54,54,54,54,54,55,55,55,55,55,55,55],"damage_taken":[{"damage":0.0,"enemies":"Cultist","floor":1.0,"turns":3.0},{"damage":5.0,"enemies":"Small Slimes","floor":2.0,"turns":2.0},{"damage":0.0,"enemies":"2 Louse","floor":4.0,"turns":3.0},{"damage":0.0,"enemies":"Looter","floor":10.0,"turns":3.0},{"damage":7.0,"enemies":"3 Sentries","floor":11.0,"turns":9.0},{"damage":4.0,"enemies":"Exordium Wildlife","floor":13.0,"turns":5.0},{"damage":4.0,"enemies":"The Mushroom Lair","floor":14.0,"turns":4.0},{"damage":6.0,"enemies":"The Guardian","floor":16.0,"turns":9.0},{"damage":0.0,"enemies":"theJungle:GiantWrat","floor":18.0,"turns":7.0},{"damage":3.0,"enemies":"theJungle:MUSHROOMGANG","floor":20.0,"turns":5.0},{"damage":6.0,"enemies":"theJungle:MamaSnecko","floor":23.0,"turns":8.0},{"damage":1.0,"enemies":"theJungle:Lyon","floor":24.0,"turns":5.0},{"damage":0.0,"enemies":"theJungle:Cassacara","floor":25.0,"turns":7.0},{"damage":0.0,"enemies":"theJungle:JungleHuntersEncounter","floor":27.0,"turns":5.0},{"damage":2.0,"enemies":"theJungle:2_Snecko_Cultists","floor":28.0,"turns":6.0},{"damage":10.0,"enemies":"theJungle:Lyon","floor":29.0,"turns":6.0},{"damage":41.0,"enemies":"theJungle:MamaSnecko","floor":30.0,"turns":10.0},{"damage":7.0,"enemies":"theJungle:Snecko_Cultist_And_Trap","floor":31.0,"turns":6.0},{"damage":0.0,"enemies":"theJungle:QueenSpyder","floor":33.0,"turns":12.0},{"damage":22.0,"enemies":"3 Darklings","floor":35.0,"turns":7.0},{"damage":33.0,"enemies":"Orb Walker","floor":37.0,"turns":4.0},{"damage":13.0,"enemies":"R_Hoarder","floor":40.0,"turns":8.0},{"damage":50.0,"enemies":"Reptomancer","floor":42.0,"turns":7.0},{"damage":9.0,"enemies":"Sphere and 2 Shapes","floor":45.0,"turns":5.0},{"damage":19.0,"enemies":"3 Darklings","floor":46.0,"turns":7.0},{"damage":24.0,"enemies":"Spire Growth","floor":48.0,"turns":5.0},{"damage":67,"enemies":"Replay:Hell Engine","floor":50,"turns":12},{"damage":91,"enemies":"Shield and Spear","floor":54,"turns":11},{"damage":143,"enemies":"NeowBoss","floor":55,"turns":11}],"seed_played":"-6967820145702141075","potions_obtained":[{"floor":10.0,"key":"SpeedPotion"},{"floor":11.0,"key":"Languid Potion"},{"floor":14.0,"key":"EntropicBrew"},{"floor":19.0,"key":"LifebloodPotion"},{"floor":24.0,"key":"Swift Potion"},{"floor":25.0,"key":"Weak Potion"},{"floor":30.0,"key":"Weak Potion"},{"floor":31.0,"key":"Flashbang"},{"floor":33.0,"key":"LiquidMemories"},{"floor":40.0,"key":"BlessingOfTheForge"},{"floor":45.0,"key":"SteroidPotion"},{"floor":46.0,"key":"Explosive Potion"},{"floor":48.0,"key":"BlessingOfTheForge"},{"floor":54,"key":"Flashbang"}],"is_trial":false,"path_per_floor":["M","M","?","M","$","R","?","R","T","M","E","R","M","?","R","B",null,"M","?","M","$","?","E","M","E","T","M","M","M","E","M","R","B",null,"M","?","M","$","?","E","R","E","T","$","M","M","?","M","R","B",null,"R","$","E","B",null],"character_chosen":"IRONCLAD","items_purchased":["Metallicize","Armaments","Strange Spoon","Juggernaut","ReplayTheSpireMod:Brewmster","ReplayReversal"],"campfire_rested":0,"item_purchase_floors":[5,5,21,38,44,44],"current_hp_per_floor":[80,75,75,75,75,75,75,75,75,75,68,68,64,60,60,54,80,80,80,77,77,77,71,70,70,70,70,75,79,46,39,39,53,80,65,65,32,32,32,38,38,31,31,31,27,51,51,42,42,17,80,80,80,46,28],"gold":43,"neow_bonus":"BOSS_RELIC","is_daily":false,"chose_seed":false,"campfire_upgraded":5,"win_rate":0.0,"timestamp":1611491795,"path_taken":["M","?","?","M","$","R","?","R","T","?","E","R","M","?","R","BOSS","M","?","M","?","?","E","M","E","T","M","M","M","E","?","R","BOSS","M","?","M","$","?","E","R","E","T","$","M","M","?","M","R","BOSS","R","$","E","BOSS"],"items_purchased_type":["Card","Card","Relic","Card","Card","Card"],"build_version":"2020-12-22","purchased_purges":1,"victory":true,"max_hp_per_floor":[80,80,80,80,80,80,80,80,80,80,80,80,80,80,80,80,80,80,80,80,80,80,80,80,80,80,80,80,80,80,80,80,80,80,80,80,80,80,80,80,80,80,80,80,80,80,80,80,80,80,80,80,80,98,98],"card_choices":[{"not_picked":["Sword Boomerang","Perfected Strike"],"picked":"Run Through","floor":1.0},{"not_picked":["True Grit","Thunderclap"],"picked":"ReplayTheSpireMod:Corrosion Curse","floor":2.0},{"not_picked":["Anger","Life Link"],"picked":"Headbutt","floor":4.0},{"not_picked":["Havoc","Clothesline"],"picked":"ReplayTheSpireMod:Muscle Training","floor":10.0},{"not_picked":["Whirlwind","Ghostly Armor"],"picked":"hubris:ReadiedAction","floor":11.0},{"not_picked":["ReplayTheSpireMod:LeadingStrike","Iron Wave"],"picked":"ReplayReversal","floor":13.0},{"not_picked":["Bludgeon","Reaper"],"picked":"Juggernaut","floor":16.0},{"not_picked":["Perfected Strike","Warcry+1"],"picked":"Armaments+1","floor":18.0},{"not_picked":["Hemokinesis","Headbutt"],"picked":"Flame Barrier","floor":20.0},{"not_picked":["ReplayReversal+1","Replay:Many Hands"],"picked":"Entrench","floor":23.0},{"not_picked":["Combust","Second Wind"],"picked":"Fire Breathing","floor":24.0},{"not_picked":["Ghostly Armor","Run Through"],"picked":"Hemogenesis","floor":25.0},{"not_picked":["Dark Embrace","Clash"],"picked":"hubris:ReadiedAction","floor":27.0},{"not_picked":["Sword Boomerang","Intimidate"],"picked":"Run Through","floor":28.0},{"not_picked":["Iron Wave+1","Whirlwind"],"picked":"Shrug It Off+1","floor":29.0},{"not_picked":["Searing Blow","Run Through"],"picked":"Replay:Undeath\u0027s Touch","floor":30.0},{"not_picked":["hubris:ReadiedAction+1","Rage"],"picked":"Reckless Charge+1","floor":31.0},{"not_picked":["Bludgeon","Fiend Fire"],"picked":"Limit Break","floor":33.0},{"not_picked":["Shockwave","Flex+1"],"picked":"Body Slam","floor":35.0},{"not_picked":["Headbutt","Replay:Undeath\u0027s Touch+1"],"picked":"Shrug It Off+1","floor":37.0},{"not_picked":["Perfected Strike+1","Sever Soul+1"],"picked":"Reaper","floor":40.0},{"not_picked":["Iron Wave","Run Through+1"],"picked":"Clothesline+1","floor":42.0},{"not_picked":["Warcry","Headbutt+1"],"picked":"Havoc+1","floor":45.0},{"not_picked":["Defy Death+1","Sever Soul+1"],"picked":"Seeing Red+1","floor":46.0},{"not_picked":["Anger","Iron Wave"],"picked":"hubris:SharpeningStone+1","floor":48.0},{"not_picked":["Rampage","Run Through","Hemokinesis"],"picked":"SKIP","floor":54}],"player_experience":50526,"relics_obtained":[{"floor":9.0,"key":"Replay:Rubber Ducky"},{"floor":11.0,"key":"Iron Hammer"},{"floor":14.0,"key":"Odd Mushroom"},{"floor":23.0,"key":"Bottled Lightning"},{"floor":25.0,"key":"ReplayTheSpireMod:TigerMarble"},{"floor":26.0,"key":"Vajra"},{"floor":30.0,"key":"hubris:CuriousFeather"},{"floor":36.0,"key":"ReplayTheSpireMod:Ring of Collecting"},{"floor":40.0,"key":"Bronze Scales"},{"floor":42.0,"key":"LagranYue:GuidanceLightRelic"},{"floor":43.0,"key":"ReplayTheSpireMod:Ring of Sloth"},{"floor":54,"key":"Mango"}],"event_choices":[{"cards_removed":["Strike_R"],"damage_healed":0.0,"max_hp_gain":0.0,"max_hp_loss":0.0,"gold_gain":0.0,"event_name":"Bonfire Elementals","player_choice":"Offered Basic","floor":7.0,"gold_loss":0.0,"damage_taken":0.0},{"damage_healed":0.0,"max_hp_gain":0.0,"max_hp_loss":0.0,"gold_gain":0.0,"event_name":"Mushrooms","player_choice":"Fought Mushrooms","floor":14.0,"gold_loss":0.0,"damage_taken":0.0},{"damage_healed":0.0,"max_hp_gain":0.0,"max_hp_loss":0.0,"gold_gain":0.0,"event_name":"The Woman in Blue","player_choice":"Bought 1 Potion","floor":19.0,"gold_loss":0.0,"damage_taken":0.0},{"damage_healed":0.0,"max_hp_gain":0.0,"max_hp_loss":0.0,"gold_gain":0.0,"event_name":"Tomb of Lord Red Mask","player_choice":"Ignored","floor":39.0,"gold_loss":0.0,"damage_taken":0.0},{"damage_healed":0.0,"max_hp_gain":0.0,"max_hp_loss":0.0,"gold_gain":0.0,"event_name":"Accursed Blacksmith","player_choice":"Forge","floor":47.0,"gold_loss":0.0,"damage_taken":0.0,"cards_upgraded":["Limit Break"]},{"damage_healed":0.0,"max_hp_gain":0.0,"max_hp_loss":0.0,"gold_gain":0.0,"event_name":"Designer","player_choice":"Upgrade","floor":49.0,"gold_loss":40.0,"damage_taken":0.0,"cards_upgraded":["Reaper"]}],"is_beta":false,"boss_relics":[{"not_picked":["Busted Crown","Velvet Choker"],"picked":"Replay:Bronze Core"},{"not_picked":["hubris:VirtuousBlindfold","Replay:Drink Me"],"picked":"Replay:Grab Bag"},{"not_picked":["Runic Dome","Coffee Dripper"],"picked":"LagranYue:ContractPerformanceRelic"},{"not_picked":["SlaversCollar","Fusion Hammer"],"picked":"Ooze Armor"},{"not_picked":["hubris:Stopwatch","hubris:ScarierMask"],"picked":"Runic Pyramid"}],"items_purged_floors":[38],"is_endless":false,"potions_floor_spawned":[10,11,14,24,25,30,31,33,40,45,46,48,54],"ascension_level":0}}