{"host":"gsgpu9obojnqwpp0","time":1611513315,"event":{"mods":["2.2 Compatiblity","AchievementEnabler","Alarm Clock","BaseMod","Bestiary","Block Reminder","Dark Map","DeckTracker","Highlight Path","Minty Spire (QoL Compilation)","Permanent Neow","Quick Restart","Relic Stats","Slay-I","SuperFastMode","Uncapped","Unknown Chances","slay the spire mod where everything is the same but ironclad has a cowboy hat"],"gold_per_floor":[114,129,304,35,50,50,65,140,215,230,230,141,58,73,73,173,173,188,93,108,123,138,138,168,183,183,198,213,228,228,243,243,343,343,358,229,0,15,15,15],"floor_reached":39,"language":"ENG","playtime":1491,"items_purged":["Doubt","Enlightenment"],"score":499,"play_id":"32a4bbe6-5789-4a47-89e1-6ab8a024c695","local_time":"20210124133515","daily_mods":["Draft","Colorless Cards","Terminal"],"is_ascension_mode":false,"campfire_choices":[{"data":"Accuracy","floor":6.0,"key":"SMITH"},{"data":"Finisher","floor":11.0,"key":"SMITH"},{"data":"Apotheosis","floor":15.0,"key":"SMITH"},{"floor":23.0,"key":"REST"},{"data":"Accuracy","floor":30,"key":"SMITH"},{"data":"Cloak And Dagger","floor":32,"key":"SMITH"}],"circlet_count":0,"master_deck":["Backflip","Prepared","Trip","Catalyst","Finisher+1","PiercingWail","Deadly Poison","Cloak And Dagger+1","Cloak And Dagger","Deadly Poison","Dodge and Roll","Dodge and Roll","Escape Plan","Caltrops","Dark Shackles","Accuracy+1","Dodge and Roll","Cloak And Dagger","Backstab","Apotheosis+1","The Bomb","Bouncing Flask","Infinite Blades","Endless Agony","Finisher","Mind Blast+1","Dash","Noxious Fumes","Footwork","Trip+1","Accuracy+1","Dramatic Entrance","Panache","Dramatic Entrance","Backstab","Dodge and Roll"],"relics":["Ring of the Snake","Membership Card","Bottled Flame","Philosopher\u0027s Stone","Mercury Hourglass","Darkstone Periapt","WristBlade","Orichalcum","Red Mask"],"acts_visited":["Exordium","TheCity","TheBeyond"],"potions_floor_usage":[33,39],"damage_taken":[{"damage":0.0,"enemies":"Small Slimes","floor":1.0,"turns":5.0},{"damage":0.0,"enemies":"2 Louse","floor":2.0,"turns":3.0},{"damage":0.0,"enemies":"Jaw Worm","floor":5.0,"turns":3.0},{"damage":0.0,"enemies":"Lots of Slimes","floor":7.0,"turns":4.0},{"damage":0.0,"enemies":"Gremlin Gang","floor":10.0,"turns":5.0},{"damage":4.0,"enemies":"2 Fungi Beasts","floor":14.0,"turns":3.0},{"damage":0.0,"enemies":"The Guardian","floor":16.0,"turns":7.0},{"damage":0.0,"enemies":"3 Byrds","floor":18.0,"turns":3.0},{"damage":0.0,"enemies":"Spheric Guardian","floor":20.0,"turns":5.0},{"damage":8.0,"enemies":"Centurion and Healer","floor":21.0,"turns":4.0},{"damage":11.0,"enemies":"Snake Plant","floor":22.0,"turns":2.0},{"damage":6.0,"enemies":"Book of Stabbing","floor":24.0,"turns":4.0},{"damage":0.0,"enemies":"3 Cultists","floor":25.0,"turns":4.0},{"damage":0.0,"enemies":"Snecko","floor":27.0,"turns":2.0},{"damage":5,"enemies":"Shelled Parasite and Fungi","floor":28,"turns":3},{"damage":1,"enemies":"Cultist and Chosen","floor":29,"turns":4},{"damage":0,"enemies":"Snecko","floor":31,"turns":3},{"damage":17,"enemies":"Collector","floor":33,"turns":5},{"damage":6,"enemies":"3 Shapes","floor":35,"turns":2},{"damage":0,"enemies":"3 Darklings","floor":38,"turns":1},{"damage":30,"enemies":"Writhing Mass","floor":39,"turns":2}],"seed_played":"-992185634128019100","potions_obtained":[{"floor":2.0,"key":"GamblersBrew"},{"floor":5.0,"key":"LiquidMemories"},{"floor":14.0,"key":"DistilledChaos"},{"floor":16.0,"key":"Ancient Potion"},{"floor":22.0,"key":"Strength Potion"},{"floor":27.0,"key":"FearPotion"},{"floor":28,"key":"SteroidPotion"},{"floor":29,"key":"CunningPotion"},{"floor":31,"key":"Dexterity Potion"}],"is_trial":false,"path_per_floor":["M","M","?","$","M","R","M","?","T","M","R","$","$","M","R","B",null,"M","$","M","M","M","R","E","M","T","M","M","M","R","M","R","B",null,"M","$","?","M","M"],"character_chosen":"THE_SILENT","items_purchased":["Membership Card","Accuracy","Dodge and Roll","Cloak And Dagger","Backstab","Apotheosis","Infinite Blades","Endless Agony","Finisher","Backstab","Orichalcum","Dodge and Roll"],"campfire_rested":1,"item_purchase_floors":[4,4,4,4,12,13,19,19,19,36,36,36],"current_hp_per_floor":[68,67,66,65,64,63,62,51,51,51,51,51,51,47,47,47,52,51,50,49,41,30,44,38,38,38,38,33,32,32,32,32,15,35,29,29,29,29,0,0],"gold":15,"neow_bonus":"","is_daily":true,"chose_seed":false,"campfire_upgraded":5,"win_rate":0.0,"timestamp":1611513315,"path_taken":["M","M","?","$","M","R","M","?","T","M","R","?","$","M","R","BOSS","M","$","M","M","?","R","E","M","T","M","?","M","R","M","R","BOSS","M","$","?","M","M"],"items_purchased_type":["Relic","Card","Card","Card","Card","Card","Card","Card","Card","Card","Relic","Card"],"build_version":"2020-12-22","purchased_purges":2,"victory":false,"max_hp_per_floor":[68,67,66,65,64,63,62,61,60,59,58,57,56,55,54,53,52,51,50,49,48,47,46,45,44,43,42,41,40,39,38,37,36,35,34,33,32,31,31,31],"relic_stats":{"Darkstone Periapt":0,"counters":[21,73],"Orichalcum":[12],"obtain_stats":[{"Darkstone Periapt":26,"Bottled Flame":9,"WristBlade":34,"Philosopher\u0027s Stone":17,"Red Mask":37,"Membership Card":4,"Orichalcum":36,"Ring of the Snake":0,"Mercury Hourglass":24},{"Darkstone Periapt":13,"Bottled Flame":4,"WristBlade":18,"Philosopher\u0027s Stone":7,"Red Mask":19,"Membership Card":2,"Orichalcum":19,"Ring of the Snake":0,"Mercury Hourglass":12},{"Darkstone Periapt":52,"Bottled Flame":15,"WristBlade":69,"Philosopher\u0027s Stone":30,"Red Mask":70,"Membership Card":8,"Orichalcum":70,"Ring of the Snake":0,"Mercury Hourglass":48}],"Ring of the Snake":[43],"Mercury Hourglass":[133]},"card_choices":[{"not_picked":["Acrobatics","Slice"],"picked":"Backflip","floor":0.0},{"not_picked":["Quick Slash","Cloak And Dagger"],"picked":"Prepared","floor":0.0},{"not_picked":["PanicButton","Underhanded Strike"],"picked":"Enlightenment","floor":0.0},{"not_picked":["Flying Knee","Impatience"],"picked":"Trip","floor":0.0},{"not_picked":["Endless Agony","Finesse"],"picked":"Catalyst","floor":0.0},{"not_picked":["Acrobatics","PiercingWail"],"picked":"Finisher","floor":0.0},{"not_picked":["Dagger Spray","Bane"],"picked":"PiercingWail","floor":0.0},{"not_picked":["Prepared","PiercingWail"],"picked":"Deadly Poison","floor":0.0},{"not_picked":["Quick Slash","Expertise"],"picked":"Cloak And Dagger","floor":0.0},{"not_picked":["Quick Slash","Mind Blast"],"picked":"Cloak And Dagger","floor":0.0},{"not_picked":["Poisoned Stab","Backflip"],"picked":"Deadly Poison","floor":0.0},{"not_picked":["Flying Knee","Cloak And Dagger"],"picked":"Dodge and Roll","floor":0.0},{"not_picked":["Underhanded Strike","Acrobatics"],"picked":"Dodge and Roll","floor":0.0},{"not_picked":["Mind Blast","Predator"],"picked":"Escape Plan","floor":0.0},{"not_picked":["Cloak And Dagger","Flying Knee"],"picked":"Caltrops","floor":0.0},{"not_picked":["Bane","Poisoned Stab"],"picked":"Dark Shackles","floor":1.0},{"not_picked":["Sucker Punch","Outmaneuver","Bandage Up"],"picked":"SKIP","floor":2.0},{"not_picked":["Crippling Poison","Sucker Punch","Bandage Up"],"picked":"SKIP","floor":5.0},{"not_picked":["Underhanded Strike","Acrobatics","Deadly Poison"],"picked":"SKIP","floor":7.0},{"not_picked":["Prepared","Madness","Panacea"],"picked":"SKIP","floor":10.0},{"not_picked":["Deflect","Quick Slash","Reflex"],"picked":"SKIP","floor":14.0},{"not_picked":["Malaise","Chrysalis"],"picked":"The Bomb","floor":16.0},{"not_picked":["Deflect","Escape Plan+1"],"picked":"Bouncing Flask","floor":18.0},{"not_picked":["Heel Hook","Skewer+1"],"picked":"Mind Blast+1","floor":20.0},{"not_picked":["Dagger Spray+1","Sucker Punch","Outmaneuver"],"picked":"SKIP","floor":21.0},{"not_picked":["Mind Blast","Expertise"],"picked":"Dash","floor":22.0},{"not_picked":["Tactician","Outmaneuver"],"picked":"Noxious Fumes","floor":24.0},{"not_picked":["Endless Agony","Heel Hook"],"picked":"Footwork","floor":25.0},{"not_picked":["Flying Knee+1","Deflect","Poisoned Stab"],"picked":"SKIP","floor":27.0},{"not_picked":["Poisoned Stab","Outmaneuver+1"],"picked":"Trip+1","floor":28},{"not_picked":["PiercingWail","Eviscerate"],"picked":"Accuracy","floor":29},{"not_picked":["Cloak And Dagger+1","Infinite Blades"],"picked":"Dramatic Entrance","floor":31},{"not_picked":["Magnetism","Unload"],"picked":"Panache","floor":33},{"not_picked":["Caltrops","Underhanded Strike"],"picked":"Dramatic Entrance","floor":35},{"not_picked":["Quick Slash+1","Dodge and Roll","Deadly Poison+1"],"picked":"SKIP","floor":38}],"player_experience":272840,"relics_obtained":[{"floor":9.0,"key":"Bottled Flame"},{"floor":24.0,"key":"Mercury Hourglass"},{"floor":26.0,"key":"Darkstone Periapt"}],"event_choices":[{"damage_healed":0.0,"max_hp_gain":0.0,"max_hp_loss":0.0,"gold_gain":175.0,"event_name":"Liars Game","player_choice":"AGREE","floor":3.0,"gold_loss":0.0,"damage_taken":0.0,"cards_obtained":["Doubt"]},{"damage_healed":0.0,"max_hp_gain":0.0,"max_hp_loss":0.0,"gold_gain":75.0,"event_name":"World of Goop","player_choice":"Gather Gold","floor":8.0,"gold_loss":0.0,"damage_taken":11.0},{"damage_healed":0,"gold_gain":0,"player_choice":"Paid","damage_taken":0,"relics_obtained":["Red Mask"],"max_hp_gain":0,"max_hp_loss":0,"event_name":"Tomb of Lord Red Mask","floor":37,"gold_loss":229}],"is_beta":false,"boss_relics":[{"not_picked":["Ring of the Serpent","Tiny House"],"picked":"Philosopher\u0027s Stone"},{"not_picked":["Cursed Key","Busted Crown"],"picked":"WristBlade"}],"items_purged_floors":[4,12],"is_endless":false,"potions_floor_spawned":[2,5,14,16,22,27,28,29,31],"killed_by":"Writhing Mass","ascension_level":0}}