{"host":"1c52r9kaxdyo25eq","time":1611517792,"event":{"mods":["AchievementEnabler","BaseMod","Minty Spire (QoL Compilation)","Rare Cards Sparkle","SuperFastMode","everything is the same but u backflip on backflip"],"gold_per_floor":[112,112,132,55,69,69,69,69,69,69,69,98,112,86,86,157,157,168,181,43,43,58,92,108,108,160,160,179,190,264,42,42,114,114,131,131,146,160,231,231,262,262,286,286,195,214,214,233,233,233,233],"floor_reached":50,"language":"KOR","playtime":1675,"items_purged":["Iron Wave"],"score":963,"play_id":"477cb3d5-80d6-4b63-9631-8401248dee77","local_time":"20210125044952","is_ascension_mode":true,"campfire_choices":[{"data":"Whirlwind","floor":6.0,"key":"SMITH"},{"data":"Inflame","floor":8.0,"key":"SMITH"},{"floor":10.0,"key":"REST"},{"floor":15.0,"key":"REST"},{"data":"Dark Embrace","floor":25.0,"key":"SMITH"},{"data":"Feel No Pain","floor":27.0,"key":"SMITH"},{"data":"Second Wind","floor":32.0,"key":"SMITH"},{"floor":40.0,"key":"REST"},{"data":"Barricade","floor":42.0,"key":"SMITH"},{"floor":44.0,"key":"RECALL"},{"data":"Madness","floor":49.0,"key":"SMITH"}],"circlet_count":0,"master_deck":["AscendersBane","Bash","Whirlwind+1","Inflame+1","Feel No Pain+1","Flex","Immolate","Power Through","Burning Pact","Second Wind+1","Spot Weakness","Offering","Dark Embrace+1","Pommel Strike","Shrug It Off","Barricade+1","Madness+1"],"relics":["Burning Blood","Gremlin Horn","MealTicket","Happy Flower","Pandora\u0027s Box","Sundial","Art of War","Tiny Chest","Pen Nib","Black Star","InkBottle","Toy Ornithopter","Strawberry","Bag of Marbles"],"acts_visited":["Exordium","TheCity","TheBeyond"],"potions_floor_usage":[50,50],"damage_taken":[{"damage":6.0,"enemies":"2 Louse","floor":1.0,"turns":4.0},{"damage":11.0,"enemies":"Cultist","floor":3.0,"turns":4.0},{"damage":21.0,"enemies":"Small Slimes","floor":5.0,"turns":3.0},{"damage":0.0,"enemies":"Gremlin Nob","floor":7.0,"turns":1.0},{"damage":30.0,"enemies":"Lagavulin","floor":12.0,"turns":7.0},{"damage":0.0,"enemies":"3 Louse","floor":13.0,"turns":1.0},{"damage":45.0,"enemies":"Slime Boss","floor":16.0,"turns":7.0},{"damage":25.0,"enemies":"Spheric Guardian","floor":18.0,"turns":5.0},{"damage":13.0,"enemies":"2 Thieves","floor":19.0,"turns":4.0},{"damage":10.0,"enemies":"Centurion and Healer","floor":22.0,"turns":3.0},{"damage":6.0,"enemies":"Gremlin Leader","floor":23.0,"turns":3.0},{"damage":15.0,"enemies":"Snake Plant","floor":24.0,"turns":4.0},{"damage":6.0,"enemies":"Cultist and Chosen","floor":28.0,"turns":3.0},{"damage":15.0,"enemies":"Shelled Parasite and Fungi","floor":29.0,"turns":6.0},{"damage":31.0,"enemies":"Automaton","floor":33.0,"turns":9.0},{"damage":16.0,"enemies":"Orb Walker","floor":35.0,"turns":7.0},{"damage":24.0,"enemies":"3 Shapes","floor":37.0,"turns":6.0},{"damage":22.0,"enemies":"Spire Growth","floor":38.0,"turns":9.0},{"damage":6.0,"enemies":"Nemesis","floor":41.0,"turns":17.0},{"damage":22.0,"enemies":"4 Shapes","floor":46.0,"turns":3.0},{"damage":37.0,"enemies":"Jaw Worm Horde","floor":48.0,"turns":5.0},{"damage":55,"enemies":"Time Eater","floor":50,"turns":12}],"seed_played":"4515106106393818313","potions_obtained":[{"floor":1.0,"key":"ElixirPotion"},{"floor":3.0,"key":"SmokeBomb"},{"floor":12.0,"key":"Energy Potion"},{"floor":13.0,"key":"FairyPotion"},{"floor":16.0,"key":"EntropicBrew"}],"is_trial":false,"path_per_floor":["M","?","M","$","M","R","E","R","T","R","?","E","M","$","R","B",null,"M","M","?","$","M","E","M","R","T","R","M","M","T","$","R","B",null,"M","?","M","M","T","R","E","R","T","R","$","M","?","M","R","B"],"character_chosen":"IRONCLAD","items_purchased":["Inflame","Flex","Pen Nib","Madness"],"campfire_rested":3,"item_purchase_floors":[4,14,31,45],"current_hp_per_floor":[50,50,45,45,30,30,36,36,36,58,32,8,14,29,51,12,59,40,33,33,48,44,44,35,35,35,35,35,26,26,41,41,16,60,50,50,32,16,16,38,45,45,45,45,60,44,44,13,13,0,0],"gold":233,"neow_bonus":"REMOVE_TWO","is_daily":false,"chose_seed":false,"campfire_upgraded":7,"win_rate":0.0,"timestamp":1611517792,"path_taken":["M","?","?","$","?","R","E","R","T","R","?","E","M","$","R","BOSS","M","M","?","$","M","E","M","R","T","R","?","M","?","$","R","BOSS","M","?","M","M","?","R","E","R","T","R","$","M","?","M","R","BOSS"],"items_purchased_type":["Card","Card","Relic","Card"],"build_version":"2020-12-22","purchased_purges":1,"victory":false,"max_hp_per_floor":[75,75,75,75,75,75,75,75,75,75,75,75,75,75,75,75,75,75,75,75,75,75,75,75,75,75,75,75,75,75,75,75,75,75,75,75,75,75,75,75,82,82,82,82,82,82,82,82,82,82,82],"card_choices":[{"not_picked":["Twin Strike","Infernal Blade"],"picked":"Whirlwind","floor":1.0},{"not_picked":["Rage","Sever Soul","Clash"],"picked":"SKIP","floor":3.0},{"not_picked":["Clash","Shrug It Off"],"picked":"Feel No Pain","floor":5.0},{"not_picked":["Havoc","Rage","Anger"],"picked":"SKIP","floor":12.0},{"not_picked":["Clash","Havoc","True Grit"],"picked":"SKIP","floor":13.0},{"not_picked":["Juggernaut","Corruption"],"picked":"Immolate","floor":16.0},{"not_picked":["Sword Boomerang+1","Disarm+1","Warcry"],"picked":"SKIP","floor":18.0},{"not_picked":["Burning Pact","Dropkick"],"picked":"Dark Embrace","floor":19.0},{"not_picked":["Clash","Pummel","Pommel Strike"],"picked":"SKIP","floor":22.0},{"not_picked":["Clash","Pummel"],"picked":"Pommel Strike","floor":22.0},{"not_picked":["Blood for Blood","Rampage","Burning Pact+1"],"picked":"SKIP","floor":23.0},{"not_picked":["Havoc","Flame Barrier"],"picked":"Shrug It Off","floor":24.0},{"not_picked":["Dark Embrace","Flame Barrier","Corruption"],"picked":"SKIP","floor":28.0},{"not_picked":["Dark Embrace","Flame Barrier","Corruption"],"picked":"SKIP","floor":28.0},{"not_picked":["Inflame","Havoc","Pommel Strike+1"],"picked":"SKIP","floor":29.0},{"not_picked":["Berserk","Brutality"],"picked":"Barricade","floor":33.0},{"not_picked":["Cleave","Sword Boomerang+1","Clothesline"],"picked":"SKIP","floor":35.0},{"not_picked":["Armaments","Shrug It Off","True Grit"],"picked":"SKIP","floor":37.0},{"not_picked":["Dark Embrace+1","Perfected Strike+1","Headbutt"],"picked":"SKIP","floor":38.0},{"not_picked":["Flex","Rampage+1","Corruption"],"picked":"SKIP","floor":41.0},{"not_picked":["Havoc","Shrug It Off+1","Shockwave"],"picked":"SKIP","floor":46.0},{"not_picked":["Headbutt","Sever Soul","True Grit"],"picked":"SKIP","floor":48.0}],"player_experience":607189,"relics_obtained":[{"floor":9.0,"key":"Gremlin Horn"},{"floor":12.0,"key":"Happy Flower"},{"floor":23.0,"key":"Art of War"},{"floor":26.0,"key":"Tiny Chest"},{"floor":39.0,"key":"InkBottle"},{"floor":41.0,"key":"Toy Ornithopter"},{"floor":41.0,"key":"Strawberry"},{"floor":43.0,"key":"Bag of Marbles"}],"event_choices":[{"cards_removed":["Strike_R"],"damage_healed":0.0,"max_hp_gain":0.0,"max_hp_loss":0.0,"gold_gain":0.0,"event_name":"Purifier","player_choice":"Purged","floor":2.0,"gold_loss":0.0,"damage_taken":0.0},{"damage_healed":0.0,"max_hp_gain":0.0,"max_hp_loss":0.0,"gold_gain":0.0,"event_name":"Scrap Ooze","player_choice":"Success","floor":11.0,"gold_loss":0.0,"damage_taken":26.0,"relics_obtained":["MealTicket"]},{"damage_healed":0.0,"max_hp_gain":0.0,"max_hp_loss":0.0,"gold_gain":0.0,"event_name":"WeMeetAgain","player_choice":"Paid Gold","floor":20.0,"gold_loss":138.0,"damage_taken":0.0,"relics_obtained":["Sundial"]},{"damage_healed":0.0,"max_hp_gain":0.0,"max_hp_loss":0.0,"gold_gain":0.0,"event_name":"Tomb of Lord Red Mask","player_choice":"Ignored","floor":36.0,"gold_loss":0.0,"damage_taken":0.0},{"damage_healed":0.0,"max_hp_gain":0.0,"max_hp_loss":0.0,"gold_gain":0.0,"event_name":"SensoryStone","player_choice":"Memory 1","floor":47.0,"gold_loss":0.0,"damage_taken":0.0}],"is_beta":false,"boss_relics":[{"not_picked":["Calling Bell","Cursed Key"],"picked":"Pandora\u0027s Box"},{"not_picked":["Runic Cube","Fusion Hammer"],"picked":"Black Star"}],"items_purged_floors":[31],"is_endless":false,"potions_floor_spawned":[1,3,12,13,16,23,28,33,38,41],"killed_by":"Time Eater","ascension_level":15}}