{"host":"2yhbarjh4s9lrrzt","time":1611450661,"event":{"mods":["BaseMod","Better Third Choice","Minty Spire (QoL Compilation)","Replay The Spire","StSLib"],"gold_per_floor":[114,124,32,44,60,60,75,75,75,88,88,88],"floor_reached":11,"language":"ENG","playtime":732,"items_purged":[],"score":67,"play_id":"69068872-550d-4f8a-b63a-764c2f0b2e76","local_time":"20210123201101","is_ascension_mode":false,"campfire_choices":[{"floor":8,"key":"REST"}],"circlet_count":0,"master_deck":["Strike_P","Strike_P","Strike_P","Strike_P","Defend_P","Defend_P","Defend_P","Defend_P","Eruption","Vigilance","Strike_P","Defend_R","ReplayTheSpireMod:Brewmster","Swivel","Fasting2","Replay:Cycle","CutThroughFate","MentalFortress","SandsOfTime","BattleHymn","LikeWater"],"relics":["PureWater","Replay:Bottled Flurry"],"acts_visited":["Exordium"],"potions_floor_usage":[1,1,2,7,7,11,11,11,11,11],"damage_taken":[{"damage":10,"enemies":"2 Louse","floor":1,"turns":4},{"damage":2,"enemies":"Jaw Worm","floor":2,"turns":9},{"damage":2,"enemies":"Small Slimes","floor":4,"turns":5},{"damage":9,"enemies":"3 Louse","floor":5,"turns":5},{"damage":23,"enemies":"Exordium Thugs","floor":7,"turns":7},{"damage":15,"enemies":"Exordium Wildlife","floor":10,"turns":5},{"damage":44,"enemies":"Gremlin Nob","floor":11,"turns":5}],"seed_played":"-7676818225024957835","potions_obtained":[{"floor":4,"key":"FearPotion"},{"floor":5,"key":"Doom Potion"},{"floor":7,"key":"Dexterity Potion"}],"is_trial":false,"path_per_floor":["M","M","$","M","M","?","M","R","T","M","E"],"character_chosen":"WATCHER","items_purchased":["Replay:Cycle","CutThroughFate"],"campfire_rested":1,"item_purchase_floors":[3,3],"current_hp_per_floor":[62,60,60,58,49,54,31,54,54,39,0,0],"gold":88,"neow_bonus":"RANDOM_COLORLESS_2","is_daily":false,"chose_seed":false,"campfire_upgraded":0,"win_rate":0.0,"timestamp":1611450661,"path_taken":["M","M","$","M","M","?","M","R","T","M","E"],"items_purchased_type":["Card","Card"],"build_version":"2020-12-22","purchased_purges":0,"victory":false,"max_hp_per_floor":[72,72,72,72,72,77,77,77,77,77,77,77],"card_choices":[{"not_picked":["ReplayUltimateDefense","Sadistic Nature"],"picked":"ReplayTheSpireMod:Brewmster","floor":0},{"not_picked":["CutThroughFate","Wireheading"],"picked":"Swivel","floor":1},{"not_picked":["Consecrate","EmptyBody"],"picked":"Fasting2","floor":2},{"not_picked":["Perseverance","ThirdEye"],"picked":"MentalFortress","floor":4},{"not_picked":["MentalFortress","Evaluate"],"picked":"SandsOfTime","floor":5},{"not_picked":["FlurryOfBlows","BowlingBash"],"picked":"BattleHymn","floor":7},{"not_picked":["BowlingBash","ThirdEye"],"picked":"LikeWater","floor":10}],"player_experience":237020,"relics_obtained":[{"floor":9,"key":"Replay:Bottled Flurry"}],"event_choices":[{"damage_healed":0,"gold_gain":0,"player_choice":"Donut","damage_taken":0,"max_hp_gain":5,"max_hp_loss":0,"event_name":"Big Fish","floor":6,"gold_loss":0}],"is_beta":false,"boss_relics":[],"items_purged_floors":[],"is_endless":false,"potions_floor_spawned":[4,5,7],"killed_by":"Gremlin Nob","ascension_level":0}}