{"host":"u0qetpmu4y58k1tf","time":1611497351,"event":{"mods":["AchievementEnabler","BaseMod","Colored Map","Colored Powertips","Hermit","Marisa£¨Ùöéë¡¡Øª×âÞÞ£©","Minty Spire (QoL Compilation)","Replay The Spire","StSLib","SuperFastMode","The Bug Knight","The Cursed","The Hierophant","The Runesmith"],"gold_per_floor":[119,119,294,314,334,364,384,404,479,494,130,160,180,200,200,305,305,325,21,41,56,56,56,86,101,101,116,166,181,181,196,196,301,301,321,71,121,136,163,163,13,47,47,47,130,157,192,192,192,204],"floor_reached":51,"language":"KOR","playtime":3850,"items_purged":["Doubt","Hallucinations"],"score":1213,"play_id":"3ffe929e-efb0-4582-9bc8-4838b7ce4a52","local_time":"20210124230911","daily_mods":["Draft","Purple Cards","Terminal"],"is_ascension_mode":false,"campfire_choices":[{"data":"hermit:FatalDesire","floor":15,"key":"SMITH"},{"data":"hermit:Reprieve","floor":23,"key":"SMITH"},{"data":"hermit:LoneWolf","floor":30,"key":"SMITH"},{"data":"Overencumbered","floor":32,"key":"PURGE"},{"floor":40,"key":"DIG"},{"floor":44,"key":"REST"},{"floor":49,"key":"DIG"}],"circlet_count":0,"master_deck":["hermit:Headshot","hermit:Glare","hermit:Virtue","hermit:LoneWolf+1","hermit:GoldenBullet","hermit:TakeAim","hermit:Headshot","hermit:Coalescence","hermit:Quickdraw","hermit:BodyArmor","hermit:ItchyTrigger","hermit:LowProfile","hermit:Scavenge","hermit:ShadowCloak","hermit:LuckOfTheDraw","hermit:TakeCover","hermit:Quickdraw","hermit:CursedWeapon","hermit:Headshot+1","hermit:Snipe","Pot Of Greed+1","Pot Of Greed+1","hermit:FatalDesire+1","hermit:Brawl","Pot Of Greed+1","hermit:Reprieve+1","Languid","Clumsy","hermit:Determination+1","hermit:FlashPowder+1","hermit:Manifest+1","hermit:Snipe+1","hermit:FromBeyond+1","hermit:Determination","hermit:HoleUp+1","hermit:TakeAim+1","Pot Of Greed+1","hermit:OverwhelmingPower+1","hermit:Scavenge+1","hermit:Vantage+1","ReplayTheSpireMod:Splinters","hermit:BigShot","hermit:Gambit+1"],"relics":["hermit:Momento","Ring of Hypnosis","Ring of Searing","Pantograph","HollowMod:LifeEnderRelic","Ornamental Fan","Grinning Jar","Replay:Ancient Bell","Juzu Bracelet","Golden Egg","Turnip","Replay:Bottled Eggs","Akabeko","ReplayTheSpireMod:Shallot","Sozu","Anchor","Shovel","Replay:Rubber Ducky","Medical Kit","CatCart","Chameleon Ring","Blue Candle","HollowMod:PaleOreRelic"],"acts_visited":["Exordium","TheCity","TheBeyond"],"potions_floor_usage":[6,16,24,29,33,50,50,50],"damage_taken":[{"damage":0,"enemies":"Small Slimes","floor":1,"turns":3},{"damage":5,"enemies":"2 Louse","floor":4,"turns":2},{"damage":15,"enemies":"Jaw Worm","floor":5,"turns":4},{"damage":0,"enemies":"Gremlin Nob","floor":6,"turns":4},{"damage":1,"enemies":"Gremlin Gang","floor":7,"turns":5},{"damage":0,"enemies":"2 Fungi Beasts","floor":8,"turns":3},{"damage":0,"enemies":"Blue Slaver","floor":10,"turns":1},{"damage":12,"enemies":"Lagavulin","floor":12,"turns":3},{"damage":2,"enemies":"Gremlin Gang","floor":13,"turns":3},{"damage":2,"enemies":"Exordium Thugs","floor":14,"turns":4},{"damage":17,"enemies":"Fading Forest","floor":16,"turns":11},{"damage":22,"enemies":"Shell Parasite","floor":18,"turns":5},{"damage":25,"enemies":"2 Thieves","floor":20,"turns":3},{"damage":7,"enemies":"Snake Plant","floor":21,"turns":3},{"damage":8,"enemies":"Gremlin Leader","floor":24,"turns":3},{"damage":15,"enemies":"Snecko","floor":25,"turns":4},{"damage":12,"enemies":"Cultist and Chosen","floor":27,"turns":3},{"damage":7,"enemies":"Centurion and Healer","floor":29,"turns":4},{"damage":0,"enemies":"Snake Plant","floor":31,"turns":2},{"damage":15,"enemies":"Pondfish","floor":33,"turns":6},{"damage":15,"enemies":"3 Darklings","floor":35,"turns":4},{"damage":19,"enemies":"Mind Bloom Boss Battle","floor":37,"turns":5},{"damage":2,"enemies":"Orb Walker","floor":38,"turns":2},{"damage":12,"enemies":"4 Shapes","floor":39,"turns":5},{"damage":14,"enemies":"Orin","floor":42,"turns":6},{"damage":12,"enemies":"Maw","floor":46,"turns":5},{"damage":7,"enemies":"Giant Head","floor":47,"turns":4},{"damage":23,"enemies":"Time Eater","floor":50,"turns":9}],"seed_played":"-992185634128019100","potions_obtained":[{"floor":4,"key":"EssenceOfSteel"},{"floor":5,"key":"SpeedPotion"},{"floor":10,"key":"Cursed Concoction"},{"floor":12,"key":"LifebloodPotion"},{"floor":14,"key":"PowerPotion"},{"floor":25,"key":"Weak Potion"},{"floor":27,"key":"SkillPotion"},{"floor":29,"key":"LiquidBronze"},{"floor":33,"key":"Adrenaline Potion"}],"is_trial":false,"path_per_floor":["M","?","?","M","M","E","M","M","T","M","$","E","M","M","R","B",null,"M","$","M","M","?","R","E","M","T","M","?","M","R","M","R_BF","B",null,"M","$","?","M","M","R","$","?","T","R","?","M","E","?","R_BF","B",null],"character_chosen":"HERMIT","items_purchased":["Ornamental Fan","hermit:Headshot+1","hermit:Determination+1","Replay:Bottled Eggs","Anchor","Medical Kit"],"campfire_rested":1,"item_purchase_floors":[11,11,19,19,36,41],"current_hp_per_floor":[73,72,71,66,51,51,50,50,50,50,50,38,36,34,34,42,57,40,40,35,40,40,40,46,39,39,39,39,32,32,32,32,31,40,39,38,19,21,13,13,13,3,3,12,12,16,17,17,17,6],"gold":204,"neow_bonus":"","is_daily":true,"chose_seed":false,"campfire_upgraded":3,"win_rate":0.0,"timestamp":1611497351,"path_taken":["M","?","?","M","M","E","M","M","T","M","?","E","?","?","R","BOSS","M","$","M","M","?","R","E","M","T","M","?","M","R","M","R_BF","BOSS","M","$","?","M","M","R","$","?","T","R","?","M","E","?","R_BF","BOSS"],"items_purchased_type":["Relic","Card","Card","Relic","Relic","Relic"],"build_version":"2020-12-22","purchased_purges":2,"victory":true,"max_hp_per_floor":[73,72,71,70,69,68,67,66,65,64,63,62,61,60,59,58,57,56,55,54,53,52,51,50,49,48,47,46,45,44,43,42,41,40,39,38,37,36,35,34,33,32,31,30,29,28,27,26,25,24],"card_choices":[{"not_picked":["hermit:Desperado","hermit:Feint"],"picked":"hermit:Headshot","floor":0},{"not_picked":["hermit:HoleUp","hermit:Roulette"],"picked":"hermit:Glare","floor":0},{"not_picked":["hermit:Maintenance","hermit:Misfire"],"picked":"hermit:Virtue","floor":0},{"not_picked":["hermit:HighCaliber","hermit:Malice"],"picked":"hermit:LoneWolf","floor":0},{"not_picked":["hermit:Enervate","hermit:TakeAim"],"picked":"hermit:GoldenBullet","floor":0},{"not_picked":["hermit:HighCaliber","hermit:HoleUp"],"picked":"hermit:TakeAim","floor":0},{"not_picked":["hermit:Coalescence","hermit:CalledShot"],"picked":"hermit:Headshot","floor":0},{"not_picked":["hermit:SprayPray","hermit:WideOpen"],"picked":"hermit:Roulette","floor":0},{"not_picked":["hermit:Headshot","hermit:Horror"],"picked":"hermit:Coalescence","floor":0},{"not_picked":["hermit:Desperado","hermit:Horror"],"picked":"hermit:Quickdraw","floor":0},{"not_picked":["hermit:Desperado","hermit:ItchyTrigger"],"picked":"hermit:BodyArmor","floor":0},{"not_picked":["hermit:HoleUp","hermit:Desperado"],"picked":"hermit:ItchyTrigger","floor":0},{"not_picked":["hermit:Roulette","hermit:Vantage"],"picked":"hermit:LowProfile","floor":0},{"not_picked":["hermit:Virtue","hermit:EyeOfTheStorm"],"picked":"hermit:Scavenge","floor":0},{"not_picked":["hermit:Glare","hermit:Manifest"],"picked":"hermit:ShadowCloak","floor":0},{"not_picked":["hermit:Snipe","hermit:Vantage"],"picked":"hermit:LuckOfTheDraw","floor":1},{"not_picked":["hermit:NoHoldsBarred","hermit:TrackingShot","hermit:Feint"],"picked":"SKIP","floor":4},{"not_picked":["hermit:Vantage","hermit:Ricochet"],"picked":"hermit:TakeCover","floor":5},{"not_picked":["hermit:BodyArmor","hermit:PistolWhip","hermit:CalledShot"],"picked":"SKIP","floor":6},{"not_picked":["hermit:Roughhouse","hermit:CalledShot"],"picked":"hermit:Quickdraw","floor":7},{"not_picked":["hermit:TrackingShot","hermit:Shortfuse","hermit:Dive"],"picked":"SKIP","floor":8},{"not_picked":["hermit:Dive","hermit:Roulette"],"picked":"hermit:CursedWeapon","floor":10},{"not_picked":["hermit:Shortfuse","hermit:Virtue"],"picked":"hermit:Snipe","floor":12},{"not_picked":["hermit:NoHoldsBarred","hermit:Misfire"],"picked":"hermit:FatalDesire","floor":13},{"not_picked":["hermit:CalledShot","hermit:SprayPray"],"picked":"hermit:Brawl","floor":14},{"not_picked":["hermit:HeroicBravado","hermit:Roughhouse"],"picked":"hermit:Reprieve","floor":16},{"not_picked":["Normality","Regret"],"picked":"Overencumbered","floor":17},{"not_picked":["Doubt","Writhe"],"picked":"Languid","floor":17},{"not_picked":["Shame","Replay:Hysterical Blindness"],"picked":"Clumsy","floor":17},{"not_picked":["hermit:Horror","hermit:Misfire","hermit:Brawl+1"],"picked":"SKIP","floor":18},{"not_picked":["hermit:Enervate","hermit:Virtue+1"],"picked":"hermit:FlashPowder+1","floor":20},{"not_picked":["hermit:WideOpen","hermit:Coalescence"],"picked":"hermit:Manifest+1","floor":21},{"not_picked":["hermit:BodyArmor","hermit:Combo"],"picked":"hermit:Snipe+1","floor":24},{"not_picked":["hermit:CalledShot","hermit:Ricochet"],"picked":"hermit:FromBeyond","floor":25},{"not_picked":["hermit:CursedWeapon","hermit:TakeAim"],"picked":"hermit:Determination","floor":27},{"not_picked":["hermit:LuckOfTheDraw","hermit:Dive"],"picked":"hermit:HoleUp+1","floor":29},{"not_picked":["hermit:SprayPray","hermit:Coalescence"],"picked":"hermit:TakeAim+1","floor":31},{"not_picked":["hermit:FinalCanter","hermit:Roughhouse"],"picked":"hermit:OverwhelmingPower","floor":33},{"not_picked":["hermit:LoneWolf","hermit:Snipe"],"picked":"hermit:Scavenge+1","floor":35},{"not_picked":["hermit:SprayPray+1","hermit:Ricochet+1","hermit:ItchyTrigger+1"],"picked":"SKIP","floor":38},{"not_picked":["hermit:HoleUp","hermit:Snipe","hermit:Horror"],"picked":"SKIP","floor":39},{"not_picked":["hermit:Ricochet","hermit:Malice"],"picked":"hermit:Vantage+1","floor":42},{"not_picked":["hermit:Manifest+1","hermit:DeadMansHand"],"picked":"hermit:BigShot","floor":45},{"not_picked":["hermit:GoldenBullet+1","hermit:LowProfile+1"],"picked":"hermit:Gambit","floor":46},{"not_picked":["hermit:Coalescence+1","hermit:SprayPray","hermit:TakeCover"],"picked":"SKIP","floor":47}],"player_experience":44564,"relics_obtained":[{"floor":2,"key":"Ring of Hypnosis"},{"floor":2,"key":"Ring of Searing"},{"floor":6,"key":"Pantograph"},{"floor":9,"key":"HollowMod:LifeEnderRelic"},{"floor":12,"key":"Grinning Jar"},{"floor":24,"key":"Akabeko"},{"floor":26,"key":"ReplayTheSpireMod:Shallot"},{"floor":37,"key":"Shovel"},{"floor":40,"key":"Replay:Rubber Ducky"},{"floor":42,"key":"CatCart"},{"floor":43,"key":"Chameleon Ring"},{"floor":47,"key":"Blue Candle"},{"floor":49,"key":"HollowMod:PaleOreRelic"}],"event_choices":[{"damage_healed":0,"gold_gain":175,"player_choice":"AGREE","damage_taken":0,"max_hp_gain":0,"max_hp_loss":0,"event_name":"Liars Game","floor":3,"gold_loss":0,"cards_obtained":["Doubt"]},{"damage_healed":0,"gold_gain":0,"player_choice":"Ignored","damage_taken":0,"max_hp_gain":0,"max_hp_loss":0,"event_name":"Vampires","floor":22,"gold_loss":0},{"damage_healed":0,"gold_gain":100,"player_choice":"Bet on Murderer","damage_taken":0,"max_hp_gain":0,"max_hp_loss":0,"event_name":"The Joust","floor":28,"gold_loss":50},{"damage_healed":0,"gold_gain":0,"player_choice":"Fight","damage_taken":0,"max_hp_gain":0,"max_hp_loss":0,"event_name":"MindBloom","floor":37,"gold_loss":0},{"damage_healed":0,"gold_gain":0,"player_choice":"Fight","damage_taken":0,"max_hp_gain":0,"max_hp_loss":0,"event_name":"OrinTheCat","floor":42,"gold_loss":0},{"cards_removed":["hermit:Roulette"],"damage_healed":0,"gold_gain":0,"player_choice":"Removed Attack","damage_taken":0,"max_hp_gain":0,"max_hp_loss":0,"event_name":"Falling","floor":48,"gold_loss":0}],"is_beta":false,"boss_relics":[{"not_picked":["Velvet Choker","Calling Bell"],"picked":"Replay:Ancient Bell"},{"not_picked":["hermit:RyeStalk","Boot"],"picked":"Juzu Bracelet"},{"not_picked":["Gremlin Horn","HollowMod:StagPassRelic"],"picked":"Golden Egg"},{"not_picked":["Dead Branch","Girya"],"picked":"Turnip"},{"not_picked":["hermit:ClaspedLocket","Busted Crown"],"picked":"Sozu"}],"items_purged_floors":[11,36],"is_endless":false,"potions_floor_spawned":[4,5,10,12,14,25,27,29,33,35],"ascension_level":0}}