{"host":"2ccem01eblg14btk","time":1611489644,"event":{"mods":["BaseMod","Colored Map","Minty Spire (QoL Compilation)","Quick Restart","Replay The Spire","StSLib"],"gold_per_floor":[365,365,39,90,127,162,162,224,224,224,242,12,90,124,124,200,200,267,267,302,321,420,420,450,482,506,545,594,12,61,61,61,61,61],"floor_reached":33,"language":"ENG","playtime":923,"items_purged":["Strike_R"],"score":527,"play_id":"236d5d6b-cee1-4c43-a2fa-2f24f066d630","local_time":"20210124130044","is_ascension_mode":true,"campfire_choices":[{"data":"Armaments","floor":7.0,"key":"SMITH"},{"floor":10.0,"key":"REST"},{"floor":15.0,"key":"REST"},{"floor":23.0,"key":"DIG"}],"circlet_count":0,"master_deck":["AscendersBane","Strike_R","Strike_R+1","Strike_R","Strike_R","Defend_R","Defend_R+1","Defend_R+1","Defend_R","Bash","Replay:Undeath\u0027s Touch","HandOfGreed","Replay:Undeath\u0027s Touch","Armaments+1","Twin Strike","Shrug It Off","Double Tap+1","Sword Boomerang","Limit Break","Whirlwind","Power Through+1","Exhume","Heavy Blade","Limit Break","Shrug It Off+1","Heavy Blade+1","Shame"],"relics":["Burning Blood","Red Skull","Shuriken","Pondfish Scales","War Paint","Ornamental Fan","Replay:Multitool","Fusion Hammer","Blue Doll","Bird Faced Urn","Simple Rune","Red Mask","Paper Frog","HandDrill","Art of War","Darkstone Periapt"],"acts_visited":["Exordium","TheCity"],"potions_floor_usage":[30,33],"damage_taken":[{"damage":6.0,"enemies":"Cultist","floor":1.0,"turns":4.0},{"damage":10.0,"enemies":"2 Louse","floor":4.0,"turns":4.0},{"damage":12.0,"enemies":"Small Slimes","floor":5.0,"turns":2.0},{"damage":35.0,"enemies":"Lagavulin","floor":6.0,"turns":5.0},{"damage":13.0,"enemies":"2 Fungi Beasts","floor":8.0,"turns":4.0},{"damage":11.0,"enemies":"Blue Slaver","floor":11.0,"turns":4.0},{"damage":24.0,"enemies":"Gremlin Nob","floor":14.0,"turns":4.0},{"damage":19.0,"enemies":"Hexaghost","floor":16.0,"turns":9.0},{"damage":5.0,"enemies":"3 Byrds","floor":18.0,"turns":5.0},{"damage":0.0,"enemies":"Spheric Guardian","floor":20.0,"turns":3.0},{"damage":21.0,"enemies":"Chosen and Byrds","floor":21.0,"turns":5.0},{"damage":27.0,"enemies":"Replay:Snechameleon","floor":24.0,"turns":4.0},{"damage":14.0,"enemies":"Sentry and Sphere","floor":25.0,"turns":4.0},{"damage":0.0,"enemies":"Snake Plant","floor":27.0,"turns":3.0},{"damage":9.0,"enemies":"Masked Bandits","floor":28.0,"turns":4.0},{"damage":8,"enemies":"Slavers","floor":30,"turns":6},{"damage":79,"enemies":"Automaton","floor":33,"turns":6}],"seed_played":"1759786018428397708","potions_obtained":[{"floor":2.0,"key":"SteroidPotion"},{"floor":2.0,"key":"BloodPotion"},{"floor":6.0,"key":"Strength Potion"},{"floor":16.0,"key":"Dexterity Potion"},{"floor":28.0,"key":"SkillPotion"}],"is_trial":false,"path_per_floor":["M","?","$","M","M","E","R","M","T","R","M","$","T","E","R","B",null,"M","?","M","M","?","R","E","M","T","M","?","$","E","$","R","B"],"character_chosen":"IRONCLAD","items_purchased":["HandOfGreed","Red Skull","War Paint","Paper Frog","Limit Break","HandDrill","Shrug It Off+1"],"campfire_rested":2,"item_purchase_floors":[3,3,12,29,29,29,29],"current_hp_per_floor":[68,68,68,64,58,29,29,22,22,42,37,37,37,19,39,26,58,59,59,65,50,50,50,29,21,21,27,37,37,35,35,41,0,0],"gold":61,"neow_bonus":"TWO_FIFTY_GOLD","is_daily":false,"chose_seed":false,"campfire_upgraded":1,"win_rate":0.0,"timestamp":1611489644,"path_taken":["M","?","$","M","M","E","R","?","T","R","M","$","?","E","R","BOSS","M","?","M","M","?","R","E","M","T","M","?","?","E","$","R","BOSS"],"items_purchased_type":["Card","Relic","Relic","Relic","Card","Relic","Card"],"build_version":"2020-12-22","purchased_purges":1,"victory":false,"max_hp_per_floor":[68,68,68,68,68,68,68,68,68,68,68,68,68,68,68,68,68,68,68,68,68,68,68,68,68,68,68,68,68,68,68,74,74,74],"card_choices":[{"not_picked":["Twin Strike","Blood for Blood"],"picked":"Replay:Undeath\u0027s Touch","floor":1.0},{"not_picked":["Uppercut","Cleave"],"picked":"Replay:Undeath\u0027s Touch","floor":4.0},{"not_picked":["ReplayReversal","Heavy Blade"],"picked":"Armaments","floor":5.0},{"not_picked":["Bloodletting","Massacre"],"picked":"Twin Strike","floor":6.0},{"not_picked":["ReplayTheSpireMod:Muscle Training","Pommel Strike"],"picked":"Shrug It Off","floor":8.0},{"not_picked":["Life Link","Clothesline"],"picked":"Double Tap","floor":11.0},{"not_picked":["Havoc","Second Wind"],"picked":"Sword Boomerang","floor":14.0},{"not_picked":["Eclipse","Fiend Fire"],"picked":"Limit Break","floor":16.0},{"not_picked":["Evolve","Replay:Undeath\u0027s Touch"],"picked":"Whirlwind","floor":18.0},{"not_picked":["Thunderclap","Seeing Red+1","Fire Breathing"],"picked":"SKIP","floor":20.0},{"not_picked":["Reckless Charge","Dual Wield"],"picked":"Power Through+1","floor":21.0},{"not_picked":["Whirlwind","Dark Embrace"],"picked":"Exhume","floor":24.0},{"not_picked":["Blood for Blood","Anger"],"picked":"Heavy Blade","floor":25.0},{"not_picked":["True Grit","Sever Soul","Run Through"],"picked":"SKIP","floor":27.0},{"not_picked":["Immolate","Headbutt"],"picked":"Heavy Blade+1","floor":30}],"player_experience":129779,"relics_obtained":[{"floor":6.0,"key":"Shuriken"},{"floor":9.0,"key":"Pondfish Scales"},{"floor":13.0,"key":"Ornamental Fan"},{"floor":14.0,"key":"Replay:Multitool"},{"floor":23.0,"key":"Blue Doll"},{"floor":24.0,"key":"Bird Faced Urn"},{"floor":26.0,"key":"Simple Rune"},{"floor":28.0,"key":"Red Mask"},{"floor":30,"key":"Art of War"}],"event_choices":[{"damage_healed":0.0,"max_hp_gain":0.0,"max_hp_loss":0.0,"gold_gain":0.0,"event_name":"Lab","player_choice":"Got Potions","floor":2.0,"gold_loss":0.0,"damage_taken":0.0},{"damage_healed":0.0,"max_hp_gain":0.0,"max_hp_loss":0.0,"gold_gain":0.0,"event_name":"Vampires","player_choice":"Ignored","floor":19.0,"gold_loss":0.0,"damage_taken":0.0},{"damage_healed":0.0,"max_hp_gain":0.0,"max_hp_loss":0.0,"gold_gain":99.0,"event_name":"Nest","player_choice":"Stole From Cult","floor":22.0,"gold_loss":0.0,"damage_taken":0.0},{"damage_healed":0.0,"max_hp_gain":0.0,"max_hp_loss":0.0,"gold_gain":0.0,"event_name":"Masked Bandits","player_choice":"Fought Bandits","floor":28.0,"gold_loss":0.0,"damage_taken":0.0},{"damage_healed":0,"gold_gain":0,"player_choice":"Stole Relic","damage_taken":0,"relics_obtained":["Darkstone Periapt"],"max_hp_gain":0,"max_hp_loss":0,"event_name":"Addict","floor":32,"gold_loss":0,"cards_obtained":["Shame"]}],"is_beta":false,"boss_relics":[{"not_picked":["Ooze Armor","Pandora\u0027s Box"],"picked":"Fusion Hammer"}],"items_purged_floors":[12],"is_endless":false,"potions_floor_spawned":[5,6,11,16,21,24,25,27,28],"killed_by":"Automaton","ascension_level":14}}