{"host":"x205naxbihvu3p76","time":1611506084,"event":{"mods":["AchievementEnabler","BaseMod","Minty Spire (QoL Compilation)","StSLib","SuperFastMode"],"gold_per_floor":[110,110,110,130,41,67,77,77,77],"floor_reached":8,"language":"KOR","playtime":83,"items_purged":[],"score":162,"play_id":"44822eb8-d9fe-4987-be96-48a952a6ba35","local_time":"20210125013444","is_ascension_mode":true,"campfire_choices":[],"circlet_count":0,"master_deck":["AscendersBane","Strike_B","Strike_B","Strike_B","Strike_B","Defend_B","Defend_B","Defend_B","Defend_B","Zap","Dualcast","White Noise","Chill","Sweeping Beam","Self Repair"],"relics":["Cracked Core","NeowsBlessing","GremlinMask","Mummified Hand"],"acts_visited":["Exordium"],"potions_floor_usage":[],"damage_taken":[{"damage":0,"enemies":"Jaw Worm","floor":1,"turns":1},{"damage":0,"enemies":"2 Louse","floor":4,"turns":1},{"damage":0,"enemies":"Lagavulin","floor":6,"turns":1},{"damage":0,"enemies":"Cultist","floor":7,"turns":3},{"damage":93,"enemies":"Gremlin Nob","floor":8,"turns":4}],"seed_played":"4290707856601513358","potions_obtained":[],"is_trial":false,"path_per_floor":["M","?","?","M","$","E","M","E"],"character_chosen":"DEFECT","items_purchased":["Chill"],"campfire_rested":0,"item_purchase_floors":[5],"current_hp_per_floor":[64,69,69,69,69,69,69,0,0],"gold":77,"neow_bonus":"THREE_ENEMY_KILL","is_daily":false,"chose_seed":false,"campfire_upgraded":0,"win_rate":0.0,"timestamp":1611506084,"path_taken":["M","?","?","?","$","E","M","E"],"items_purchased_type":["Card"],"build_version":"2020-12-22","purchased_purges":0,"victory":false,"max_hp_per_floor":[71,76,76,76,76,76,76,76,76],"card_choices":[{"not_picked":["Go for the Eyes","Steam"],"picked":"White Noise","floor":1},{"not_picked":["Gash","All For One","Barrage"],"picked":"SKIP","floor":4},{"not_picked":["Stack","Hologram"],"picked":"Sweeping Beam","floor":6},{"not_picked":["Rebound","Turbo"],"picked":"Self Repair","floor":7}],"player_experience":994839,"relics_obtained":[{"floor":6,"key":"Mummified Hand"}],"event_choices":[{"damage_healed":0,"gold_gain":0,"player_choice":"Donut","damage_taken":0,"max_hp_gain":5,"max_hp_loss":0,"event_name":"Big Fish","floor":2,"gold_loss":0},{"damage_healed":0,"gold_gain":0,"player_choice":"Trade","damage_taken":0,"relics_obtained":["GremlinMask"],"max_hp_gain":0,"max_hp_loss":0,"event_name":"FaceTrader","floor":3,"gold_loss":0}],"is_beta":false,"boss_relics":[],"items_purged_floors":[],"is_endless":false,"potions_floor_spawned":[],"killed_by":"Gremlin Nob","ascension_level":20}}