{"host":"ysj15tgd1sneq0s0","time":1611463974,"event":{"mods":["AchievementEnabler","BaseMod","DeckTracker","Highlight Path","Minty Spire (QoL Compilation)","Permanent Neow","Quick Restart","StSLib","SuperFastMode","everything is the same but u backflip on backflip"],"gold_per_floor":[110,122,133,57,76,76,88,106,185,185,185,58,71,102,102,199,199,210,227,80,97,116,116,116,31,31,31,31,41,41,55,55,55,55],"floor_reached":33,"language":"KOR","playtime":1272,"items_purged":["Strike_G","Strike_G"],"score":276,"play_id":"a1dd0ae3-c33f-4e0c-9a8d-0a6358e7d51f","local_time":"20210124135254","is_ascension_mode":false,"campfire_choices":[{"data":"Deadly Poison","floor":11,"key":"SMITH"},{"floor":15,"key":"REST"},{"floor":23,"key":"REST"},{"floor":28,"key":"REST"},{"data":"Noxious Fumes","floor":30,"key":"SMITH"},{"data":"Deadly Poison","floor":32,"key":"SMITH"}],"circlet_count":0,"master_deck":["Strike_G","Defend_G","Defend_G","Defend_G","Defend_G","Defend_G","Survivor","Neutralize","Slice","Dagger Spray","Deadly Poison+1","Infinite Blades","Deflect","Bane","Die Die Die","Blade Dance","Bane","Deadly Poison","Glass Knife","Deadly Poison+1","Sucker Punch","Deadly Poison","Prepared+1","Noxious Fumes+1","Infinite Blades+1"],"relics":["Ring of the Snake","Bronze Scales","Eternal Feather","Ancient Tea Set","Runic Dome","TungstenRod","Paper Crane","MutagenicStrength"],"acts_visited":["Exordium","TheCity"],"potions_floor_usage":[33,33,33],"damage_taken":[{"damage":3,"enemies":"Jaw Worm","floor":1,"turns":6},{"damage":0,"enemies":"Small Slimes","floor":2,"turns":4},{"damage":0,"enemies":"Cultist","floor":3,"turns":3},{"damage":2,"enemies":"Looter","floor":5,"turns":4},{"damage":9,"enemies":"Blue Slaver","floor":7,"turns":3},{"damage":10,"enemies":"3 Louse","floor":8,"turns":2},{"damage":8,"enemies":"Exordium Thugs","floor":13,"turns":4},{"damage":27,"enemies":"3 Sentries","floor":14,"turns":3},{"damage":36,"enemies":"Hexaghost","floor":16,"turns":7},{"damage":5,"enemies":"Spheric Guardian","floor":18,"turns":3},{"damage":17,"enemies":"2 Thieves","floor":19,"turns":3},{"damage":19,"enemies":"Cultist and Chosen","floor":21,"turns":5},{"damage":24,"enemies":"Snake Plant","floor":22,"turns":4},{"damage":14,"enemies":"3 Cultists","floor":29,"turns":4},{"damage":33,"enemies":"Centurion and Healer","floor":31,"turns":4},{"damage":69,"enemies":"Champ","floor":33,"turns":7}],"seed_played":"-9031102262638640383","potions_obtained":[{"floor":5,"key":"CunningPotion"},{"floor":16,"key":"Regen Potion"},{"floor":18,"key":"LiquidMemories"},{"floor":19,"key":"Poison Potion"}],"is_trial":false,"path_per_floor":["M","M","M","$","M","?","M","M","T","?","R","$","M","E","R","B",null,"M","M","$","M","M","R","?","?","T","?","R","M","R","M","R","B"],"character_chosen":"THE_SILENT","items_purchased":["Infinite Blades","Blade Dance","Deadly Poison"],"campfire_rested":3,"item_purchase_floors":[4,12,20],"current_hp_per_floor":[67,67,67,67,65,58,49,39,39,39,48,48,40,13,46,10,70,65,48,48,29,5,38,38,38,38,38,70,56,68,35,50,0,0],"gold":55,"neow_bonus":"RANDOM_COMMON_RELIC","is_daily":false,"chose_seed":false,"campfire_upgraded":3,"win_rate":0.0,"timestamp":1611463974,"path_taken":["M","M","M","$","M","?","M","M","T","?","R","?","M","E","R","BOSS","M","?","$","M","M","R","?","?","T","?","R","?","R","M","R","BOSS"],"items_purchased_type":["Card","Card","Card"],"build_version":"2020-12-22","purchased_purges":2,"victory":false,"max_hp_per_floor":[70,70,70,70,70,70,70,70,70,70,70,70,70,70,70,70,70,70,70,70,70,70,70,70,70,70,70,70,70,70,70,70,70,70],"card_choices":[{"not_picked":["Dagger Throw","Backflip"],"picked":"Slice","floor":1},{"not_picked":["Heel Hook","Flying Knee"],"picked":"Dagger Spray","floor":2},{"not_picked":["Slice","Acrobatics"],"picked":"Deadly Poison","floor":3},{"not_picked":["Calculated Gamble","Flechettes"],"picked":"Deflect","floor":5},{"not_picked":["Crippling Poison","Dodge and Roll"],"picked":"Bane","floor":7},{"not_picked":["Dodge and Roll","Endless Agony"],"picked":"Die Die Die","floor":8},{"not_picked":["Prepared","Reflex"],"picked":"Bane","floor":13},{"not_picked":["Footwork","Flying Knee"],"picked":"Deadly Poison","floor":14},{"not_picked":["Adrenaline","Night Terror"],"picked":"Glass Knife","floor":16},{"not_picked":["Underhanded Strike","PiercingWail"],"picked":"Deadly Poison","floor":18},{"not_picked":["Dash","Blur"],"picked":"Sucker Punch","floor":19},{"not_picked":["Flying Knee","Expertise","Blur"],"picked":"SKIP","floor":21},{"not_picked":["Underhanded Strike","Dodge and Roll"],"picked":"Prepared+1","floor":22},{"not_picked":["Quick Slash","Outmaneuver"],"picked":"Noxious Fumes","floor":29},{"not_picked":["Acrobatics+1","Masterful Stab"],"picked":"Infinite Blades+1","floor":31}],"player_experience":23244,"relics_obtained":[{"floor":9,"key":"Eternal Feather"},{"floor":14,"key":"Ancient Tea Set"},{"floor":26,"key":"Paper Crane"}],"event_choices":[{"cards_removed":["Strike_G"],"damage_healed":0,"gold_gain":0,"player_choice":"Card Removal","damage_taken":7,"max_hp_gain":0,"max_hp_loss":0,"event_name":"Golden Wing","floor":6,"gold_loss":0},{"damage_healed":0,"gold_gain":0,"player_choice":"Ignored","damage_taken":0,"max_hp_gain":0,"max_hp_loss":0,"event_name":"Liars Game","floor":10,"gold_loss":0},{"cards_removed":["Strike_G"],"damage_healed":0,"gold_gain":0,"player_choice":"Elegance","damage_taken":0,"max_hp_gain":0,"max_hp_loss":0,"event_name":"Back to Basics","floor":24,"gold_loss":0},{"damage_healed":0,"gold_gain":0,"player_choice":"Obtained Relic","damage_taken":0,"relics_obtained":["TungstenRod"],"max_hp_gain":0,"max_hp_loss":0,"event_name":"Addict","floor":25,"gold_loss":85},{"damage_healed":0,"gold_gain":0,"player_choice":"Inject Mutagens","damage_taken":0,"relics_obtained":["MutagenicStrength"],"max_hp_gain":0,"max_hp_loss":0,"event_name":"Drug Dealer","floor":27,"gold_loss":0}],"is_beta":false,"boss_relics":[{"not_picked":["Runic Pyramid","Black Star"],"picked":"Runic Dome"}],"items_purged_floors":[12,20],"is_endless":false,"potions_floor_spawned":[5,16,18,19,22,31],"killed_by":"Champ","ascension_level":0}}