{"host":"gc0hqzwg2gd3zszy","time":1611498860,"event":{"mods":["BaseMod","DeckTracker","Minty Spire (QoL Compilation)","Relic Stats","SuperFastMode"],"gold_per_floor":[116,133,45,62,79,113,113,113,113,138,158,177,195,24,24,95,95,109,124,134,134,49,49,49,68,68,68,68,83,96,21,21,21,21],"floor_reached":33,"language":"KOR","playtime":1155,"items_purged":["Machine Learning"],"score":522,"play_id":"64ece240-88c5-40ed-90be-28c70fbe6acf","local_time":"20210124233420","is_ascension_mode":true,"campfire_choices":[{"floor":8.0,"key":"REST"},{"floor":15.0,"key":"REST"},{"floor":23.0,"key":"REST"},{"floor":24.0,"key":"REST"},{"floor":27.0,"key":"REST"},{"floor":32.0,"key":"REST"}],"circlet_count":0,"master_deck":["AscendersBane","Strike_B","Strike_B","Strike_B","Defend_B","Defend_B","Defend_B","Zap","Dualcast","Stack","Streamline","Aggregate","Cold Snap","Beam Cell","Sunder","Hello World","Coolheaded","Defragment","Core Surge","Leap","Electrodynamics","Gash","BootSequence","Rebound","Coolheaded","Doom and Gloom","Turbo","Capacitor+1","Coolheaded"],"relics":["Cracked Core","InkBottle","Cables","Gremlin Horn","OrangePellets","Fusion Hammer","WingedGreaves","Letter Opener"],"acts_visited":["Exordium","TheCity"],"potions_floor_usage":[],"damage_taken":[{"damage":0.0,"enemies":"2 Louse","floor":1.0,"turns":3.0},{"damage":1.0,"enemies":"Cultist","floor":2.0,"turns":3.0},{"damage":13.0,"enemies":"Small Slimes","floor":4.0,"turns":4.0},{"damage":7.0,"enemies":"3 Louse","floor":5.0,"turns":4.0},{"damage":28.0,"enemies":"Lagavulin","floor":6.0,"turns":6.0},{"damage":6.0,"enemies":"Gremlin Nob","floor":10.0,"turns":3.0},{"damage":9.0,"enemies":"Red Slaver","floor":11.0,"turns":2.0},{"damage":7.0,"enemies":"Large Slime","floor":12.0,"turns":4.0},{"damage":11.0,"enemies":"2 Fungi Beasts","floor":13.0,"turns":3.0},{"damage":20.0,"enemies":"The Guardian","floor":16.0,"turns":10.0},{"damage":14.0,"enemies":"Spheric Guardian","floor":18.0,"turns":4.0},{"damage":23.0,"enemies":"2 Thieves","floor":19.0,"turns":3.0},{"damage":2.0,"enemies":"Centurion and Healer","floor":20.0,"turns":6.0},{"damage":19.0,"enemies":"Sentry and Sphere","floor":25.0,"turns":5.0},{"damage":1.0,"enemies":"Cultist and Chosen","floor":29.0,"turns":3.0},{"damage":25.0,"enemies":"Shelled Parasite and Fungi","floor":30.0,"turns":3.0},{"damage":51,"enemies":"Automaton","floor":33,"turns":8}],"seed_played":"1657135235250569698","potions_obtained":[{"floor":5.0,"key":"SteroidPotion"},{"floor":10.0,"key":"LiquidMemories"},{"floor":11.0,"key":"ColorlessPotion"},{"floor":13.0,"key":"BlessingOfTheForge"},{"floor":16.0,"key":"Dexterity Potion"},{"floor":20.0,"key":"Fire Potion"},{"floor":25.0,"key":"Explosive Potion"}],"is_trial":false,"path_per_floor":["M","M","$","M","M","E","?","R","T","E","M","M","M","$","R","B",null,"M","M","M","?","?","R","R","M","T","R","?","M","M","$","R","B"],"character_chosen":"DEFECT","items_purchased":["Aggregate","Cold Snap","OrangePellets"],"campfire_rested":6,"item_purchase_floors":[3,3,14],"current_hp_per_floor":[64,63,63,50,43,15,15,36,36,30,21,14,3,3,24,4,54,40,17,15,15,15,36,57,38,38,59,53,52,27,27,48,0,0],"gold":21,"neow_bonus":"ONE_RANDOM_RARE_CARD","is_daily":false,"chose_seed":false,"campfire_upgraded":0,"win_rate":0.0,"timestamp":1611498860,"path_taken":["M","M","$","M","M","E","?","R","T","E","M","?","?","?","R","BOSS","M","M","M","?","?","R","R","M","T","R","?","?","M","?","R","BOSS"],"items_purchased_type":["Card","Card","Relic"],"build_version":"2020-12-22","purchased_purges":1,"victory":false,"max_hp_per_floor":[71,71,71,71,71,71,71,71,71,71,71,71,71,71,71,71,71,71,71,71,71,71,71,71,71,71,71,71,71,71,71,71,71,71],"relic_stats":{"OrangePellets":[2],"Gremlin Horn":[9,9],"counters":[17,74],"Letter Opener":[51],"obtain_stats":[{"OrangePellets":14,"Gremlin Horn":10,"Fusion Hammer":17,"WingedGreaves":22,"Letter Opener":26,"Cracked Core":0,"InkBottle":6,"Cables":9},{"OrangePellets":9,"Gremlin Horn":6,"Fusion Hammer":10,"WingedGreaves":13,"Letter Opener":14,"Cracked Core":0,"InkBottle":5,"Cables":5},{"OrangePellets":32,"Gremlin Horn":23,"Fusion Hammer":42,"WingedGreaves":55,"Letter Opener":60,"Cracked Core":0,"InkBottle":20,"Cables":20}],"InkBottle":[21],"Cables":[46,35,10,1,0]},"card_choices":[{"not_picked":["Barrage","Hologram"],"picked":"Stack","floor":1.0},{"not_picked":["Chaos","Coolheaded"],"picked":"Streamline","floor":2.0},{"not_picked":["Turbo","Rebound"],"picked":"Beam Cell","floor":4.0},{"not_picked":["Redo","Loop"],"picked":"Sunder","floor":5.0},{"not_picked":["Chaos","Redo"],"picked":"Hello World","floor":6.0},{"not_picked":["Force Field","Reprogram"],"picked":"Coolheaded","floor":10.0},{"not_picked":["Beam Cell","Rebound"],"picked":"Defragment","floor":11.0},{"not_picked":["Sweeping Beam","Conserve Battery"],"picked":"Core Surge","floor":12.0},{"not_picked":["Gash","Streamline"],"picked":"Leap","floor":13.0},{"not_picked":["Hyperbeam","Echo Form"],"picked":"Electrodynamics","floor":16.0},{"not_picked":["Redo","Force Field"],"picked":"Gash","floor":18.0},{"not_picked":["Rip and Tear","Streamline"],"picked":"BootSequence","floor":19.0},{"not_picked":["Reinforced Body","Steam"],"picked":"Rebound","floor":20.0},{"not_picked":["Stack","Barrage"],"picked":"Turbo","floor":25.0},{"not_picked":["Lockon","Conserve Battery"],"picked":"Capacitor+1","floor":29.0},{"not_picked":["Machine Learning","Cold Snap"],"picked":"Coolheaded","floor":30.0}],"player_experience":1356589,"relics_obtained":[{"floor":6.0,"key":"InkBottle"},{"floor":9.0,"key":"Cables"},{"floor":10.0,"key":"Gremlin Horn"},{"floor":26.0,"key":"Letter Opener"}],"event_choices":[{"damage_healed":0.0,"max_hp_gain":0.0,"max_hp_loss":0.0,"gold_gain":0.0,"event_name":"Match and Keep!","player_choice":"0 cards matched","floor":7.0,"gold_loss":0.0,"damage_taken":0.0,"cards_obtained":[]},{"damage_healed":0.0,"max_hp_gain":0.0,"max_hp_loss":0.0,"gold_gain":0.0,"cards_transformed":["Strike_B","Defend_B"],"event_name":"Drug Dealer","player_choice":"Became Test Subject","floor":21.0,"gold_loss":0.0,"damage_taken":0.0,"cards_obtained":["Coolheaded","Doom and Gloom"]},{"damage_healed":0.0,"max_hp_gain":0.0,"max_hp_loss":0.0,"gold_gain":0.0,"event_name":"Addict","player_choice":"Obtained Relic","floor":22.0,"gold_loss":85.0,"damage_taken":0.0,"relics_obtained":["WingedGreaves"]},{"damage_healed":0.0,"max_hp_gain":0.0,"max_hp_loss":0.0,"gold_gain":0.0,"event_name":"Knowing Skull","player_choice":"","floor":28.0,"potions_obtained":[],"gold_loss":0.0,"damage_taken":6.0,"cards_obtained":[]}],"is_beta":false,"boss_relics":[{"not_picked":["Calling Bell","Black Star"],"picked":"Fusion Hammer"}],"items_purged_floors":[31],"is_endless":false,"potions_floor_spawned":[5,10,11,13,16,20,25],"killed_by":"Automaton","ascension_level":20}}