{"host":"Rich","time":1611528397,"event":{"mods":["AchievementEnabler","BaseMod","Highlight Path","Minty Spire (QoL Compilation)","Relic Stats"],"gold_per_floor":[115,265,277,8,18,46,46,59,82,82,82],"floor_reached":10,"language":"ENG","playtime":330,"items_purged":["Doubt"],"score":186,"play_id":"4be1a031-f2f4-420e-a88b-ba38d9cb8ae6","local_time":"20210124174637","is_ascension_mode":true,"campfire_choices":[{"data":"Biased Cognition","floor":7.0,"key":"SMITH"}],"circlet_count":0,"master_deck":["AscendersBane","Strike_B","Strike_B","Strike_B","Strike_B","Defend_B","Defend_B+1","Defend_B","Defend_B","Zap","Dualcast","Coolheaded","Sweeping Beam","Glacier+1","Biased Cognition+1","Cold Snap","Coolheaded","Glacier"],"relics":["Cracked Core","Oddly Smooth Stone","War Paint","Toy Ornithopter"],"acts_visited":["Exordium"],"potions_floor_usage":[10],"damage_taken":[{"damage":0.0,"enemies":"Jaw Worm","floor":1.0,"turns":4.0},{"damage":6.0,"enemies":"2 Louse","floor":3.0,"turns":3.0},{"damage":4.0,"enemies":"Small Slimes","floor":5.0,"turns":3.0},{"damage":0.0,"enemies":"Lagavulin","floor":6.0,"turns":9.0},{"damage":15,"enemies":"Gremlin Gang","floor":8,"turns":6},{"damage":44,"enemies":"Gremlin Nob","floor":10,"turns":6}],"seed_played":"-8741866324844019869","potions_obtained":[{"floor":1.0,"key":"Ancient Potion"},{"floor":6.0,"key":"Weak Potion"}],"is_trial":false,"path_per_floor":["M","?","M","$","M","E","R","M","T","E"],"character_chosen":"DEFECT","items_purchased":["Glacier","Biased Cognition"],"campfire_rested":0,"item_purchase_floors":[4,4],"current_hp_per_floor":[64,64,58,58,54,54,54,39,39,0,0],"gold":82,"neow_bonus":"RANDOM_COMMON_RELIC","is_daily":false,"chose_seed":false,"campfire_upgraded":1,"win_rate":0.0,"timestamp":1611528397,"path_taken":["M","?","M","$","M","E","R","M","T","E"],"items_purchased_type":["Card","Card"],"build_version":"2020-12-18","purchased_purges":1,"victory":false,"max_hp_per_floor":[71,71,71,71,71,71,71,71,71,71,71],"relic_stats":{"counters":[6,31],"War Paint":["Glacier","Defend_B"],"obtain_stats":[{"Oddly Smooth Stone":0,"War Paint":6,"Cracked Core":0,"Toy Ornithopter":9},{"Oddly Smooth Stone":0,"War Paint":4,"Cracked Core":0,"Toy Ornithopter":5},{"Oddly Smooth Stone":0,"War Paint":19,"Cracked Core":0,"Toy Ornithopter":25}],"Toy Ornithopter":5},"card_choices":[{"not_picked":["Double Energy","Static Discharge"],"picked":"Coolheaded","floor":1.0},{"not_picked":["Conserve Battery","Streamline"],"picked":"Sweeping Beam","floor":3.0},{"not_picked":["Leap","Go for the Eyes"],"picked":"Cold Snap","floor":5.0},{"not_picked":["Rebound","Stack"],"picked":"Coolheaded","floor":6.0},{"not_picked":["Redo","Sweeping Beam"],"picked":"Glacier","floor":8}],"player_experience":2015656,"relics_obtained":[{"floor":6.0,"key":"War Paint"},{"floor":9,"key":"Toy Ornithopter"}],"event_choices":[{"damage_healed":0.0,"max_hp_gain":0.0,"max_hp_loss":0.0,"gold_gain":150.0,"event_name":"Liars Game","player_choice":"AGREE","floor":2.0,"gold_loss":0.0,"damage_taken":0.0,"cards_obtained":["Doubt"]}],"is_beta":true,"boss_relics":[],"items_purged_floors":[4],"is_endless":false,"potions_floor_spawned":[1,6],"killed_by":"Gremlin Nob","ascension_level":20}}