{"host":"gxcrkmpoa14hk0os","time":1611450881,"event":{"mods":["AchievementEnabler","BaseMod","Better Third Choice","BetterRewards","Conspire","Hubris","Infinite Spire","Minty Spire (QoL Compilation)","Relic Stats","Replay The Spire","Shop Mod","StSLib"],"gold_per_floor":[111,127,139,139,152,152,178,178,178,178,207,224,259,279,279,375,375,386,485,68,68,68,68,93,110,134,148,176,176,189,204,204,299,299,337,337,374,413,158,158,174,174,174],"floor_reached":42,"language":"ENG","playtime":3402,"items_purged":["Hidden Blade+1"],"score":683,"play_id":"d074e3f8-ec2f-4657-bd5d-128f7ae40c5e","local_time":"20210123191441","is_ascension_mode":false,"campfire_choices":[{"data":"Defend_G","floor":6,"key":"SMITH"},{"floor":10,"key":"REST"},{"floor":15,"key":"REST"},{"data":"Noxious Fumes","floor":23,"key":"SMITH"},{"data":"Deadly Poison","floor":29,"key":"SMITH"},{"data":"After Image","floor":32,"key":"SMITH"},{"data":"Neutralize","floor":40,"key":"SMITH"}],"circlet_count":0,"master_deck":["Strike_G","Strike_G","Strike_G","Strike_G","Defend_G","Defend_G","Defend_G","Defend_G+1","Survivor","Neutralize+1","Blur","Blade Dance","Noxious Fumes+1","Deadly Poison+1","After Image+1","Corpse Explosion","infinitespire:Fortify","Deflect"],"relics":["Ring of the Snake","Orichalcum","PreservedInsect","Philosopher\u0027s Stone","Snake Skull","MerchantsRug","Matryoshka","conspire:SpecialSausage","ReplayFunnel","Lantern","Replay:Rubber Ducky","infinitespire:PuzzleCube","hubris:TenFootPole","infinitespire:EvilPickle"],"acts_visited":["Exordium","TheCity","TheBeyond"],"potions_floor_usage":[7,7,13,16,16,30,33,42],"damage_taken":[{"damage":0,"enemies":"Small Slimes","floor":1,"turns":3},{"damage":0,"enemies":"Jaw Worm","floor":2,"turns":5},{"damage":0,"enemies":"conspire:RoseBush","floor":3,"turns":3},{"damage":6,"enemies":"3 Louse","floor":5,"turns":5},{"damage":17,"enemies":"3 Sentries","floor":7,"turns":10},{"damage":7,"enemies":"Replay:BlueRogue","floor":11,"turns":6},{"damage":0,"enemies":"Large Slime","floor":12,"turns":4},{"damage":16,"enemies":"Lagavulin","floor":13,"turns":7},{"damage":10,"enemies":"2 Fungi Beasts","floor":14,"turns":4},{"damage":9,"enemies":"Fading Forest","floor":16,"turns":11},{"damage":27,"enemies":"conspire:FuzzyDice","floor":18,"turns":7},{"damage":0,"enemies":"Replay:Snechameleon","floor":24,"turns":5},{"damage":1,"enemies":"Shell Parasite","floor":25,"turns":5},{"damage":0,"enemies":"Cultist and Chosen","floor":27,"turns":5},{"damage":0,"enemies":"Book of Stabbing","floor":28,"turns":5},{"damage":1,"enemies":"Snecko","floor":30,"turns":4},{"damage":0,"enemies":"Centurion and Healer","floor":31,"turns":5},{"damage":31,"enemies":"Pondfish","floor":33,"turns":10},{"damage":3,"enemies":"3 Darklings","floor":35,"turns":4},{"damage":0,"enemies":"3 Shapes","floor":37,"turns":3},{"damage":32,"enemies":"Maw","floor":38,"turns":8},{"damage":51,"enemies":"Nemesis","floor":42,"turns":8}],"seed_played":"-4240993932128093287","potions_obtained":[{"floor":1,"key":"Explosive Potion"},{"floor":2,"key":"LiquidMemories"},{"floor":7,"key":"SkillPotion"},{"floor":13,"key":"Energy Potion"},{"floor":14,"key":"PowerPotion"},{"floor":18,"key":"SpeedPotion"},{"floor":25,"key":"Fire Potion"},{"floor":27,"key":"conspire:TimeTravelPotion"},{"floor":33,"key":"BlessingOfTheForge"},{"floor":35,"key":"PowerPotion"}],"is_trial":false,"path_per_floor":["M","M","M","?","M","R","E","?","T","R","E","M","E","M","R","B",null,"M","?","$","?","AVR","R","E","M","T","M","E","R","M","M","R","B",null,"M","?","M","M","$","R","$","E"],"character_chosen":"THE_SILENT","items_purchased":["Snake Skull","Corpse Explosion","MerchantsRug","Pear"],"campfire_rested":2,"item_purchase_floors":[20,20,20,39],"current_hp_per_floor":[49,49,49,49,43,43,26,26,26,47,40,40,24,14,35,26,70,43,43,43,43,43,43,43,42,42,42,42,42,41,41,41,10,70,67,67,67,35,45,45,45,0,0],"gold":174,"neow_bonus":"REMOVE_TWO","is_daily":false,"chose_seed":false,"campfire_upgraded":5,"win_rate":0.0,"timestamp":1611450881,"path_taken":["M","M","M","?","M","R","E","?","T","R","E","M","E","M","R","BOSS","M","?","$","?","AVR","R","E","M","T","M","E","R","M","M","R","BOSS","M","?","?","M","$","R","$","E"],"items_purchased_type":["Relic","Card","Relic","Relic"],"build_version":"2020-12-22","purchased_purges":1,"victory":false,"max_hp_per_floor":[70,70,70,70,70,70,70,70,70,70,70,70,70,70,70,70,70,70,70,70,70,70,70,70,70,70,70,70,70,70,70,70,70,70,70,70,70,70,80,80,80,80,80],"relic_stats":{"counters":[22,127],"PreservedInsect":124,"Snake Skull":[99],"Orichalcum":[90],"obtain_stats":[{"ReplayFunnel":22,"MerchantsRug":20,"Lantern":24,"Pear":39,"conspire:SpecialSausage":22,"PreservedInsect":13,"Snake Skull":20,"hubris:SlimyHat":7,"Orichalcum":11,"Replay:Rubber Ducky":26,"infinitespire:EvilPickle":33,"Matryoshka":21,"Philosopher\u0027s Stone":17,"hubris:TenFootPole":28,"infinitespire:PuzzleCube":26,"Ring of the Snake":0},{"ReplayFunnel":11,"MerchantsRug":11,"Lantern":12,"Pear":21,"conspire:SpecialSausage":11,"PreservedInsect":8,"Snake Skull":11,"hubris:SlimyHat":5,"Orichalcum":6,"Replay:Rubber Ducky":13,"infinitespire:EvilPickle":18,"Matryoshka":11,"Philosopher\u0027s Stone":10,"hubris:TenFootPole":15,"infinitespire:PuzzleCube":13,"Ring of the Snake":0},{"ReplayFunnel":65,"MerchantsRug":65,"Lantern":70,"Pear":119,"conspire:SpecialSausage":65,"PreservedInsect":43,"Snake Skull":65,"hubris:SlimyHat":26,"Orichalcum":32,"Replay:Rubber Ducky":75,"infinitespire:EvilPickle":104,"Matryoshka":65,"Philosopher\u0027s Stone":58,"hubris:TenFootPole":85,"infinitespire:PuzzleCube":75,"Ring of the Snake":0}],"Ring of the Snake":[44]},"card_choices":[{"not_picked":["Quick Slash","hubris:SlightOfHand"],"picked":"Blur","floor":1},{"not_picked":["ReplayTheSpireMod:Tripwire","Outmaneuver","Distraction"],"picked":"SKIP","floor":2},{"not_picked":["Concentrate","Predator"],"picked":"Hidden Blade","floor":3},{"not_picked":["ReplayTheSpireMod:Necrosis","Flechettes"],"picked":"Blade Dance","floor":5},{"not_picked":["hubris:TrickCloak","Prepared"],"picked":"Noxious Fumes","floor":7},{"not_picked":["Quick Slash","Poisoned Stab"],"picked":"Deadly Poison","floor":11},{"not_picked":["Blur","Backstab","ReplayTheSpireMod:Scrap Shanks"],"picked":"SKIP","floor":12},{"not_picked":["Flying Knee","Dagger Spray","Riddle With Holes"],"picked":"SKIP","floor":13},{"not_picked":["Fluid Movement","Unload","Blade Dance"],"picked":"SKIP","floor":14},{"not_picked":["Tools of the Trade","Glass Knife"],"picked":"After Image","floor":16},{"not_picked":["Blur","Deadly Poison+1","PiercingWail+1"],"picked":"SKIP","floor":18},{"not_picked":["Outmaneuver+1","Crippling Poison","Bane"],"picked":"SKIP","floor":24},{"not_picked":["Underhanded Strike","Escape Plan+1","Deflect"],"picked":"SKIP","floor":25},{"not_picked":["PiercingWail","Bane+1","Blade Dance"],"picked":"SKIP","floor":27},{"not_picked":["Deadly Poison","Flying Knee","Poisoned Stab+1"],"picked":"SKIP","floor":28},{"not_picked":["Venomology","Blur+1","hubris:SlightOfHand"],"picked":"SKIP","floor":30},{"not_picked":["Draining Mist","Dagger Spray+1","Dodge and Roll"],"picked":"SKIP","floor":31},{"not_picked":["PiercingWail+1","Dagger Spray+1","Outmaneuver"],"picked":"SKIP","floor":35},{"not_picked":["ReplayTheSpireMod:Speed Training","Flying Knee+1","Bane+1"],"picked":"SKIP","floor":37},{"not_picked":["Prepared+1","Flechettes+1"],"picked":"Deflect","floor":38}],"player_experience":587861,"relics_obtained":[{"floor":7,"key":"hubris:SlimyHat"},{"floor":11,"key":"Orichalcum"},{"floor":13,"key":"PreservedInsect"},{"floor":24,"key":"Lantern"},{"floor":26,"key":"Replay:Rubber Ducky"},{"floor":26,"key":"infinitespire:PuzzleCube"},{"floor":28,"key":"hubris:TenFootPole"}],"event_choices":[{"damage_healed":0,"gold_gain":0,"player_choice":"Ignored","damage_taken":0,"max_hp_gain":0,"max_hp_loss":0,"event_name":"Golden Wing","floor":8,"gold_loss":0},{"damage_healed":0,"gold_gain":99,"player_choice":"Steal","damage_taken":0,"max_hp_gain":0,"max_hp_loss":0,"event_name":"betterThird:BetterNest","floor":19,"gold_loss":0},{"damage_healed":0,"gold_gain":0,"player_choice":"Bought 0 Potions","damage_taken":0,"max_hp_gain":0,"max_hp_loss":0,"event_name":"The Woman in Blue","floor":36,"gold_loss":0}],"is_beta":false,"boss_relics":[{"not_picked":["Empty Cage","Velvet Choker"],"picked":"Philosopher\u0027s Stone"},{"not_picked":["ChewingGum","Fusion Hammer","Runic Pyramid"]}],"items_purged_floors":[22],"is_endless":false,"potions_floor_spawned":[1,2,7,13,14,18,25,27,33,35,38],"killed_by":"Nemesis","ascension_level":0}}