{"host":"1c17lcvl7acx821p","time":1611491373,"event":{"mods":["AchievementEnabler","BaseMod","Colored Map","Minty Spire (QoL Compilation)","StSLib"],"gold_per_floor":[117,117,117,2,21,21,47,47,47,79,99,99,114,139,139,139,139],"floor_reached":16,"language":"ENG","playtime":526,"items_purged":["Decay"],"score":215,"play_id":"38c86da5-d325-443f-a178-cfac5ef2fae9","local_time":"20210124142933","is_ascension_mode":true,"campfire_choices":[{"data":"Skewer","floor":6,"key":"SMITH"},{"floor":15,"key":"REST"}],"circlet_count":0,"master_deck":["AscendersBane","Strike_G","Strike_G","Strike_G","Strike_G","Strike_G","Defend_G","Defend_G","Defend_G","Defend_G","Defend_G","Survivor","Neutralize","Quick Slash","Skewer+1","Riddle With Holes","Heel Hook","Dodge and Roll","After Image","Flying Knee"],"relics":["Ring of the Snake","NeowsBlessing","Orichalcum","Unceasing Top","Tiny Chest","Bag of Marbles","Bottled Lightning","Peace Pipe"],"acts_visited":["Exordium"],"potions_floor_usage":[13,13,14,16],"damage_taken":[{"damage":0,"enemies":"Small Slimes","floor":1,"turns":1},{"damage":0,"enemies":"Cultist","floor":5,"turns":1},{"damage":0,"enemies":"Lagavulin","floor":7,"turns":1},{"damage":17,"enemies":"3 Sentries","floor":10,"turns":7},{"damage":0,"enemies":"Jaw Worm","floor":11,"turns":3},{"damage":5,"enemies":"3 Louse","floor":13,"turns":3},{"damage":19,"enemies":"Lagavulin","floor":14,"turns":7},{"damage":43,"enemies":"Hexaghost","floor":16,"turns":12}],"seed_played":"-6944373794873784983","potions_obtained":[{"floor":11,"key":"EntropicBrew"},{"floor":13,"key":"CunningPotion"},{"floor":14,"key":"ColorlessPotion"}],"is_trial":false,"path_per_floor":["M","?","?","$","M","R","E","$","T","E","M","T","M","E","R","B"],"character_chosen":"THE_SILENT","items_purchased":["Skewer"],"campfire_rested":1,"item_purchase_floors":[4],"current_hp_per_floor":[63,60,60,60,60,60,60,60,60,43,43,43,38,19,40,0,0],"gold":139,"neow_bonus":"THREE_ENEMY_KILL","is_daily":false,"chose_seed":false,"campfire_upgraded":1,"win_rate":0.0,"timestamp":1611491373,"path_taken":["M","?","?","$","?","R","E","$","T","E","M","?","M","E","R","BOSS"],"items_purchased_type":["Card"],"build_version":"2020-12-22","purchased_purges":1,"victory":false,"max_hp_per_floor":[70,70,70,70,70,70,70,70,70,70,70,70,70,70,70,70,70],"card_choices":[{"not_picked":["Sucker Punch","Bane"],"picked":"Quick Slash","floor":1},{"not_picked":["Cloak And Dagger","Prepared","Calculated Gamble"],"picked":"SKIP","floor":5},{"not_picked":["Quick Slash","Backflip"],"picked":"Riddle With Holes","floor":7},{"not_picked":["Expertise","Underhanded Strike"],"picked":"Heel Hook","floor":10},{"not_picked":["All Out Attack","Backflip"],"picked":"Dodge and Roll","floor":11},{"not_picked":["Cloak And Dagger","Deflect"],"picked":"After Image","floor":13},{"not_picked":["Tactician","Dash"],"picked":"Flying Knee","floor":14}],"player_experience":190286,"relics_obtained":[{"floor":7,"key":"Unceasing Top"},{"floor":9,"key":"Tiny Chest"},{"floor":10,"key":"Bag of Marbles"},{"floor":12,"key":"Bottled Lightning"},{"floor":14,"key":"Peace Pipe"}],"event_choices":[{"damage_healed":0,"gold_gain":0,"player_choice":"Success","damage_taken":3,"relics_obtained":["Orichalcum"],"max_hp_gain":0,"max_hp_loss":0,"event_name":"Scrap Ooze","floor":2,"gold_loss":0},{"damage_healed":0,"gold_gain":0,"player_choice":"Cursed","damage_taken":0,"max_hp_gain":0,"max_hp_loss":0,"event_name":"Wheel of Change","floor":3,"gold_loss":0,"cards_obtained":["Decay"]}],"is_beta":false,"boss_relics":[],"items_purged_floors":[4],"is_endless":false,"potions_floor_spawned":[11,13,14],"killed_by":"Hexaghost","ascension_level":10}}