{"host":"x730sfaw5rd1mxd8","time":1611456002,"event":{"mods":["BaseMod","BetterRewards","Colored Map","Colored Powertips","Highlight Path","Minty Spire (QoL Compilation)","Relic Sorter","Relic Stats","Replay The Spire","StSLib"],"gold_per_floor":[119,131,147,162,182,213,227,254,302,315,335,335,38,70,70,165,165,182,201,126,126,1,1,35,35,35,63,63,75,75,85,85,181,181,195,213,229,249,268,295,295,327,327,327,345,345,359,446,446,446,446,446,20,48,48],"floor_reached":56,"language":"ENG","playtime":3001,"items_purged":["Strike_R","Hallucinations","CommonCold","Strike_R"],"score":1954,"play_id":"9a728c7e-e45f-4138-b814-861a574d5cbd","local_time":"20210123214002","is_ascension_mode":true,"campfire_choices":[{"data":"Whirlwind","floor":15,"key":"SMITH"},{"data":"Barricade","floor":23,"key":"SMITH"},{"data":"True Grit","floor":25,"key":"SMITH"},{"data":"Inflame","floor":32,"key":"SMITH"},{"floor":41,"key":"RECALL"},{"data":"Juggernaut","floor":46,"key":"SMITH"},{"floor":49,"key":"REST"},{"data":"Corruption","floor":52,"key":"SMITH"}],"circlet_count":0,"master_deck":["Defend_R+1","Defend_R","Defend_R","Defend_R+1","Bash","Shrug It Off","Inflame+1","Combust","Battle Trance","Twin Strike","Twin Strike","Blind","True Grit+1","Whirlwind+1","Double Tap","Perfected Strike","Evolve","True Grit+1","ReplayTheSpireMod:Stacked","Barricade+1","Armaments+1","Seeing Red","Shrug It Off+1","Corruption+1","Juggernaut+1","Body Slam+1","Rage","Metallicize+1","Sentinel","Corruption+1","Battle Trance+1","Inflame"],"relics":["Burning Blood","PreservedInsect","ClockworkSouvenir","Mummified Hand","Gremlin Food","Iron Hammer","White Beast Statue","ReplayTheSpireMod:CursedCoin","Replay:Bottled Snecko","War Paint","ReplayFunnel","Dead Branch","StoneCalendar","Philosopher\u0027s Stone","Chameleon Ring","Akabeko","Mark of Pain","Replay:WaspNest","Another Sword","Mercury Hourglass","Bronze Scales","Anchor","Pantograph"],"acts_visited":["Exordium","TheCity","TheBeyond","TheEnding"],"potions_floor_usage":[2,14,14,27,40,47,50,54,55,55],"damage_taken":[{"damage":0,"enemies":"Small Slimes","floor":1,"turns":3},{"damage":0,"enemies":"Jaw Worm","floor":2,"turns":3},{"damage":0,"enemies":"Cultist","floor":3,"turns":2},{"damage":3,"enemies":"Exordium Wildlife","floor":4,"turns":3},{"damage":7,"enemies":"Lots of Slimes","floor":5,"turns":3},{"damage":6,"enemies":"3 Sentries","floor":6,"turns":3},{"damage":0,"enemies":"3 Louse","floor":7,"turns":2},{"damage":23,"enemies":"Lagavulin","floor":8,"turns":4},{"damage":8,"enemies":"Large Slime","floor":10,"turns":4},{"damage":9,"enemies":"Exordium Wildlife","floor":11,"turns":3},{"damage":5,"enemies":"Gremlin Nob","floor":14,"turns":3},{"damage":3,"enemies":"Slime Boss","floor":16,"turns":5},{"damage":2,"enemies":"3 Byrds","floor":18,"turns":4},{"damage":15,"enemies":"Spheric Guardian","floor":19,"turns":5},{"damage":2,"enemies":"Replay:Snechameleon","floor":24,"turns":4},{"damage":0,"enemies":"Slavers","floor":27,"turns":5},{"damage":4,"enemies":"Centurion and Healer","floor":29,"turns":5},{"damage":2,"enemies":"Snake Plant","floor":31,"turns":5},{"damage":38,"enemies":"Collector","floor":33,"turns":6},{"damage":0,"enemies":"3 Shapes","floor":35,"turns":4},{"damage":0,"enemies":"Orb Walker","floor":36,"turns":3},{"damage":0,"enemies":"Sphere and 2 Shapes","floor":37,"turns":3},{"damage":0,"enemies":"Jaw Worm Horde","floor":38,"turns":3},{"damage":16,"enemies":"4 Shapes","floor":39,"turns":1},{"damage":4,"enemies":"Nemesis","floor":40,"turns":5},{"damage":0,"enemies":"Reptomancer","floor":42,"turns":4},{"damage":27,"enemies":"Maw","floor":45,"turns":5},{"damage":12,"enemies":"3 Darklings","floor":47,"turns":3},{"damage":9,"enemies":"Time Eater","floor":50,"turns":7},{"damage":0,"enemies":"Shield and Spear","floor":54,"turns":2},{"damage":54,"enemies":"The Heart","floor":55,"turns":5}],"seed_played":"-3438839070908425393","potions_obtained":[{"floor":1,"key":"Fruit Juice"},{"floor":2,"key":"Strength Potion"},{"floor":3,"key":"SkillPotion"},{"floor":4,"key":"DistilledChaos"},{"floor":5,"key":"Dexterity Potion"},{"floor":7,"key":"Strength Potion"},{"floor":14,"key":"Fruit Juice"},{"floor":16,"key":"Elixir"},{"floor":19,"key":"LifebloodPotion"},{"floor":27,"key":"Swift Potion"},{"floor":35,"key":"LifebloodPotion"},{"floor":40,"key":"DuplicationPotion"},{"floor":42,"key":"PowerPotion"},{"floor":47,"key":"Adrenaline Potion"},{"floor":54,"key":"Adrenaline Potion"}],"is_trial":false,"path_per_floor":["M","M","M","M","M","E","M","E","T","M","M","?","$","E","R","B",null,"M","M","?","?","$","R","E","R","T","E","?","M","?","M","R","B",null,"M","M","M","M","M","E","R","E","T","?","M","R","M","?","R","B",null,"R","$","E","B",null],"character_chosen":"IRONCLAD","items_purchased":["PreservedInsect","Shrug It Off","Inflame","ClockworkSouvenir","Mummified Hand","Gremlin Food","Combust","Battle Trance","Iron Hammer","Twin Strike","White Beast Statue","ReplayTheSpireMod:CursedCoin","Blind","True Grit","Dead Branch","Anchor","Inflame","ColorlessPotion"],"campfire_rested":1,"item_purchase_floors":[0,0,0,0,0,0,0,0,0,0,0,0,0,0,13,53,53,53],"current_hp_per_floor":[80,85,85,85,84,84,85,68,68,66,63,56,56,62,62,65,84,88,79,79,79,79,79,83,83,83,89,89,90,90,90,90,58,82,88,90,90,90,80,82,82,88,88,88,67,67,61,61,88,85,89,89,89,90,42],"gold":48,"neow_bonus":"","is_daily":false,"chose_seed":false,"campfire_upgraded":6,"win_rate":0.0,"timestamp":1611456002,"path_taken":["M","M","M","M","M","E","M","E","T","M","M","?","$","E","R","BOSS","M","M","?","?","$","R","E","R","T","E","?","M","?","M","R","BOSS","M","M","?","M","M","E","R","E","T","?","?","R","M","?","R","BOSS","R","$","E","BOSS"],"items_purchased_type":["Relic","Card","Card","Relic","Relic","Relic","Card","Card","Relic","Card","Relic","Relic","Card","Card","Relic","Relic","Card","Potion"],"build_version":"2020-12-22","purchased_purges":4,"victory":true,"max_hp_per_floor":[80,85,85,85,85,85,85,85,85,85,85,85,85,90,90,90,90,90,90,90,90,90,90,90,90,90,90,90,90,90,90,90,90,90,90,90,90,90,90,90,90,90,90,90,90,90,90,90,90,90,90,90,90,90,90],"relic_stats":{"counters":[186,830],"Mummified Hand":[140],"Dead Branch":[176],"Bronze Scales":[69],"Pantograph":0,"StoneCalendar":[52],"PreservedInsect":331,"War Paint":["Defend_P","Protect","True Grit","Defend_R"],"obtain_stats":[{"Ice Cream":14,"Golden Egg":8,"Divine Protection":42,"Replay:Accelerometer":52,"Gremlin Horn":9,"CeramicFish":43,"Whetstone":14,"Boot":53,"Old Coin":47,"Blood Vial":20,"Centennial Puzzle":9,"Sundial":28,"Strawberry":28,"MealTicket":27,"Philosopher\u0027s Stone":17,"Iron Hammer":0,"Kunai":53,"Electric Blood":17,"Girya":19,"ReplayTheSpireMod:CursedCoin":0,"Blue Candle":30,"Dead Branch":13,"Oddly Smooth Stone":26,"Velvet Choker":19,"War Paint":8,"Akabeko":27,"SlaversCollar":17,"Replay:Baseball":38,"Shuriken":55,"Bronze Scales":12,"Bird Faced Urn":12,"Simple Rune":28,"Onion Ring":45,"Mark of Pain":0,"ReplayTheSpireMod:TigerMarble":13,"Grinning Jar":25,"Abe\u0027s Treasure":17,"Unceasing Top":49,"Pocketwatch":0,"Darkstone Periapt":5,"ReplayFunnel":19,"Singing Bowl":10,"Magic Flower":11,"Mango":6,"StoneCalendar":14,"Bag of Preparation":9,"Juzu Bracelet":42,"Incense Burner":12,"Replay:Mystery Machine":0,"Cursed Key":34,"Smiling Mask":24,"Burning Blood":0,"Pet Ghost":23,"Replay:Rubber Ducky":0,"ClockworkSouvenir":0,"Dream Catcher":43,"Nunchaku":38,"Replay:Bandana":0,"TheAbacus":0,"Matryoshka":0,"Shovel":46,"Chameleon Ring":24,"Mummified Hand":0,"Pantograph":23,"Gambling Chip":24,"Chemical X":41,"Replay:Bottled Snecko":6,"Replay:Bottled Eggs":27,"Red Skull":6,"Runic Pyramid":34,"Potion Belt":48,"Gremlin Food":0,"Golden Idol":11,"Self Forming Clay":7,"Quantum Egg":32,"Thread and Needle":50,"The Courier":14,"PreservedInsect":22,"Replay:WaspNest":0,"Frozen Egg 2":0,"MawBank":26,"White Beast Statue":0,"Mercury Hourglass":43,"Anchor":10,"CaptainsWheel":49,"Busted Crown":17,"Ornamental Fan":50,"Turnip":46,"Another Sword":42,"Art of War":40,"Snack Pack":8,"Garlic":32,"Champion Belt":56,"Membership Card":0,"Bottled Lightning":9,"ReplayTheSpireMod:Lightbulb":0},{"Ice Cream":23,"Golden Egg":68,"Divine Protection":148,"Replay:Accelerometer":153,"Gremlin Horn":20,"CeramicFish":115,"Whetstone":70,"Boot":153,"Old Coin":88,"Blood Vial":26,"Centennial Puzzle":5,"Sundial":108,"Strawberry":13,"MealTicket":58,"Philosopher\u0027s Stone":167,"Iron Hammer":155,"Kunai":153,"Electric Blood":51,"Girya":134,"ReplayTheSpireMod:CursedCoin":155,"Blue Candle":30,"Dead Branch":165,"Oddly Smooth Stone":57,"Velvet Choker":72,"War Paint":163,"Akabeko":138,"SlaversCollar":24,"Replay:Baseball":83,"Shuriken":91,"Bronze Scales":6,"Bird Faced Urn":22,"Simple Rune":78,"Onion Ring":116,"Mark of Pain":0,"ReplayTheSpireMod:TigerMarble":132,"Grinning Jar":137,"Abe\u0027s Treasure":102,"Unceasing Top":120,"Pocketwatch":41,"Darkstone Periapt":18,"ReplayFunnel":103,"Singing Bowl":21,"Magic Flower":49,"Mango":19,"StoneCalendar":166,"Bag of Preparation":68,"Juzu Bracelet":87,"Incense Burner":131,"Replay:Mystery Machine":93,"Cursed Key":31,"Smiling Mask":106,"Burning Blood":0,"Pet Ghost":56,"Replay:Rubber Ducky":93,"ClockworkSouvenir":123,"Dream Catcher":37,"Nunchaku":83,"Replay:Bandana":123,"TheAbacus":61,"Matryoshka":93,"Shovel":151,"Chameleon Ring":170,"Mummified Hand":155,"Pantograph":12,"Gambling Chip":27,"Chemical X":114,"Replay:Bottled Snecko":161,"Replay:Bottled Eggs":78,"Red Skull":47,"Runic Pyramid":142,"Potion Belt":119,"Gremlin Food":155,"Golden Idol":5,"Self Forming Clay":97,"Quantum Egg":80,"Thread and Needle":90,"The Courier":7,"PreservedInsect":11,"Replay:WaspNest":93,"Frozen Egg 2":14,"MawBank":106,"White Beast Statue":155,"Mercury Hourglass":181,"Anchor":69,"CaptainsWheel":152,"Busted Crown":8,"Ornamental Fan":120,"Turnip":38,"Another Sword":181,"Art of War":36,"Snack Pack":48,"Garlic":109,"Champion Belt":92,"Membership Card":93,"Bottled Lightning":129,"ReplayTheSpireMod:Lightbulb":93},{"Ice Cream":93,"Golden Egg":270,"Divine Protection":660,"Replay:Accelerometer":693,"Gremlin Horn":78,"CeramicFish":521,"Whetstone":276,"Boot":693,"Old Coin":374,"Blood Vial":107,"Centennial Puzzle":17,"Sundial":475,"Strawberry":48,"MealTicket":230,"Philosopher\u0027s Stone":751,"Iron Hammer":713,"Kunai":693,"Electric Blood":208,"Girya":598,"ReplayTheSpireMod:CursedCoin":713,"Blue Candle":123,"Dead Branch":743,"Oddly Smooth Stone":226,"Velvet Choker":287,"War Paint":736,"Akabeko":613,"SlaversCollar":100,"Replay:Baseball":343,"Shuriken":395,"Bronze Scales":20,"Bird Faced Urn":86,"Simple Rune":311,"Onion Ring":524,"Mark of Pain":0,"ReplayTheSpireMod:TigerMarble":589,"Grinning Jar":609,"Abe\u0027s Treasure":449,"Unceasing Top":539,"Pocketwatch":170,"Darkstone Periapt":65,"ReplayFunnel":454,"Singing Bowl":82,"Magic Flower":200,"Mango":73,"StoneCalendar":746,"Bag of Preparation":270,"Juzu Bracelet":367,"Incense Burner":585,"Replay:Mystery Machine":411,"Cursed Key":130,"Smiling Mask":466,"Burning Blood":0,"Pet Ghost":224,"Replay:Rubber Ducky":411,"ClockworkSouvenir":554,"Dream Catcher":151,"Nunchaku":343,"Replay:Bandana":554,"TheAbacus":244,"Matryoshka":411,"Shovel":679,"Chameleon Ring":764,"Mummified Hand":713,"Pantograph":44,"Gambling Chip":111,"Chemical X":510,"Replay:Bottled Snecko":730,"Replay:Bottled Eggs":311,"Red Skull":189,"Runic Pyramid":629,"Potion Belt":538,"Gremlin Food":713,"Golden Idol":17,"Self Forming Clay":425,"Quantum Egg":320,"Thread and Needle":385,"The Courier":25,"PreservedInsect":40,"Replay:WaspNest":411,"Frozen Egg 2":51,"MawBank":466,"White Beast Statue":713,"Mercury Hourglass":808,"Anchor":273,"CaptainsWheel":682,"Busted Crown":30,"Ornamental Fan":539,"Turnip":156,"Another Sword":808,"Art of War":146,"Snack Pack":196,"Garlic":481,"Champion Belt":400,"Membership Card":411,"Bottled Lightning":578,"ReplayTheSpireMod:Lightbulb":411}],"Burning Blood":775,"Mercury Hourglass":[78]},"card_choices":[{"not_picked":["Flex","Anger","ReplayTheSpireMod:Strike From Hell"],"picked":"SKIP","floor":1},{"not_picked":["Armaments","Thunderclap","ReplayTheSpireMod:Strike From Hell"],"picked":"SKIP","floor":2},{"not_picked":["ReplayTheSpireMod:Stacked","Body Slam"],"picked":"Whirlwind","floor":3},{"not_picked":["Anger","Shrug It Off"],"picked":"Double Tap","floor":4},{"not_picked":["Rage","Shockwave","Havoc"],"picked":"SKIP","floor":5},{"not_picked":["Replay:Undeath\u0027s Touch","Whirlwind"],"picked":"Perfected Strike","floor":6},{"not_picked":["Dark Embrace","Twin Strike","Armaments"],"picked":"SKIP","floor":7},{"not_picked":["Replay:Undeath\u0027s Touch","Hemogenesis","Twin Strike"],"picked":"SKIP","floor":8},{"not_picked":["Hemokinesis","ReplayTheSpireMod:Strike From Hell"],"picked":"Evolve","floor":10},{"not_picked":["Pommel Strike","Armaments"],"picked":"True Grit","floor":11},{"not_picked":["Pommel Strike","Blood for Blood"],"picked":"ReplayTheSpireMod:Stacked","floor":14},{"not_picked":["Demon Form","Impervious"],"picked":"Barricade","floor":16},{"not_picked":["Pommel Strike","ReplayTheSpireMod:Stacked","Heavy Blade"],"picked":"SKIP","floor":18},{"not_picked":["Dark Embrace+1","Clash"],"picked":"Armaments+1","floor":19},{"not_picked":["Run Through","Blood for Blood"],"picked":"Seeing Red","floor":24},{"not_picked":["Carnage","Hemokinesis"],"picked":"Shrug It Off+1","floor":27},{"not_picked":["Spot Weakness","Armaments+1"],"picked":"Corruption","floor":29},{"not_picked":["ReplayTheSpireMod:Strike From Hell+1","Searing Blow","Anger"],"picked":"SKIP","floor":31},{"not_picked":["Immolate","Barricade"],"picked":"Juggernaut","floor":33},{"not_picked":["ReplayReversal+1","Warcry","Armaments"],"picked":"SKIP","floor":35},{"not_picked":["Run Through+1","Fire Breathing+1","Replay:Undeath\u0027s Touch+1"],"picked":"SKIP","floor":36},{"not_picked":["Heavy Blade+1","Juggernaut","Flex+1"],"picked":"SKIP","floor":37},{"not_picked":["Perfected Strike","Warcry"],"picked":"Body Slam+1","floor":38},{"not_picked":["Body Slam","Armaments","Uppercut+1"],"picked":"SKIP","floor":39},{"not_picked":["ReplayTheSpireMod:Muscle Training","Rampage"],"picked":"Rage","floor":40},{"not_picked":["Pommel Strike","Body Slam+1"],"picked":"Metallicize+1","floor":42},{"not_picked":["Twin Strike","Thunderclap"],"picked":"Sentinel","floor":45},{"not_picked":["Anger+1","Body Slam","Havoc+1"],"picked":"SKIP","floor":47},{"not_picked":["ReplayTheSpireMod:Strike From Hell","Uppercut+1"],"picked":"Corruption","floor":48},{"not_picked":["Clothesline","Dropkick+1"],"picked":"Battle Trance+1","floor":48},{"not_picked":["Heavy Blade+1","ReplayTheSpireMod:Corrosion Curse+1","Fiend Fire"],"picked":"SKIP","floor":54}],"player_experience":4005501,"relics_obtained":[{"floor":6,"key":"Replay:Bottled Snecko"},{"floor":8,"key":"War Paint"},{"floor":9,"key":"ReplayFunnel"},{"floor":14,"key":"StoneCalendar"},{"floor":24,"key":"Chameleon Ring"},{"floor":27,"key":"Akabeko"},{"floor":40,"key":"Replay:WaspNest"},{"floor":42,"key":"Another Sword"},{"floor":43,"key":"Mercury Hourglass"},{"floor":48,"key":"Bronze Scales"},{"floor":54,"key":"Pantograph"}],"event_choices":[{"cards_removed":["Strike_R"],"damage_healed":0,"gold_gain":0,"player_choice":"Card Removal","damage_taken":7,"max_hp_gain":0,"max_hp_loss":0,"event_name":"Golden Wing","floor":12,"gold_loss":0},{"cards_removed":["Strike_R"],"damage_healed":0,"gold_gain":0,"player_choice":"Gave Gold","damage_taken":0,"max_hp_gain":0,"max_hp_loss":0,"event_name":"Beggar","floor":20,"gold_loss":75},{"damage_healed":0,"gold_gain":0,"player_choice":"Ignored","damage_taken":0,"max_hp_gain":0,"max_hp_loss":0,"event_name":"Ghosts","floor":28,"gold_loss":0},{"damage_healed":0,"gold_gain":0,"player_choice":"Forge","damage_taken":0,"max_hp_gain":0,"max_hp_loss":0,"event_name":"Accursed Blacksmith","floor":30,"gold_loss":0,"cards_upgraded":["Corruption"]},{"cards_removed":["Strike_R"],"damage_healed":0,"gold_gain":0,"player_choice":"Purged","damage_taken":0,"max_hp_gain":0,"max_hp_loss":0,"event_name":"Purifier","floor":44,"gold_loss":0}],"is_beta":false,"boss_relics":[{"not_picked":["Tiny House","Busted Crown"],"picked":"Philosopher\u0027s Stone"},{"not_picked":["Coffee Dripper","Honey Jar"],"picked":"Mark of Pain"}],"items_purged_floors":[0,0,22,53],"is_endless":false,"potions_floor_spawned":[1,2,3,4,5,6,7,8,10,11,14,16,18,19,24,27,29,31,33,35,36,37,38,39,40,42,45,47,54],"ascension_level":5}}