{"host":"bc298c4gavna5tx2","time":1611479226,"event":{"mods":["ATMod(阿瑾Mod)","Act Like it!","BaseMod","Challenge The Spire","Lobotomy","Minty Spire (QoL Compilation)","MostiFishMod","Quarter Circle Forward PUNCH!","Quick Restart","Replay The Spire","Spicy Shops","StSLib","【功能Mod】混沌之环修复补丁","【功能Mod】聪明的最终Boss","【遗物卡牌】REMEMod"],"gold_per_floor":[120,120,55,68,68,108,108,141,168,203,50,50,325,339,339,464,464,478,525,544,559,559,559],"floor_reached":22,"language":"ZHS","playtime":920,"items_purged":[],"score":238,"play_id":"257736ac-5201-4ce5-a518-2becb30ba36f","local_time":"20210124170706","is_ascension_mode":true,"campfire_choices":[],"circlet_count":0,"master_deck":["SpecialBullet","SpecialBullet","SpecialBullet","SpecialBullet","SpecialBullet","SpecialBullet","SpecialBullet","SpecialBullet","CentralCode","SecurityCode","ExtractionCode","AT_FamilyPortrait","MostiFishMod:Kaleido","ParadiseLost","InformationCode","BigBird","Regret","Mimicry","Yin"],"relics":["CogitoBucket","RabbitCall","AT_ATBox","DaveBox","REME_ComplimentaryCards","FeatherPendant","ReplayTheSpireMod:Lightbulb","SynthV:TestCard","Golden Idol","REME_PuzzleBoxRelic","CombinedTypeHook","Replay:Bottled Eggs","AT_SunfireAegis","SynthV","BehaviorAdjustment","Coffee Dripper","Anchor"],"acts_visited":["Exordium","TheCity"],"potions_floor_usage":[16],"damage_taken":[{"damage":0.0,"enemies":"Small Slimes","floor":1.0,"turns":3.0},{"damage":11.0,"enemies":"Jaw Worm","floor":4.0,"turns":3.0},{"damage":9.0,"enemies":"3 Sentries","floor":6.0,"turns":5.0},{"damage":14.0,"enemies":"Lagavulin","floor":8.0,"turns":4.0},{"damage":9.0,"enemies":"Replay:BlueRogue","floor":10.0,"turns":3.0},{"damage":0,"enemies":"Cultist","floor":14,"turns":1},{"damage":9,"enemies":"Fading Forest","floor":16,"turns":8},{"damage":1,"enemies":"Spheric Guardian","floor":18,"turns":1},{"damage":0,"enemies":"Shell Parasite","floor":20,"turns":1},{"damage":7,"enemies":"Sentry and Sphere","floor":21,"turns":3},{"damage":1,"enemies":"3 Cultists","floor":22,"turns":1}],"seed_played":"-2570381340140236958","potions_obtained":[{"floor":8.0,"key":"Fire Potion"},{"floor":10.0,"key":"SteroidPotion"},{"floor":18,"key":"DistilledChaos"}],"is_trial":false,"path_per_floor":["M","?","?","M","$","E","R","E","T","E","$","?","?","M","R","B",null,"M","T","M","M","M"],"character_chosen":"Angela","items_purchased":["SynthV"],"campfire_rested":0,"item_purchase_floors":[11],"current_hp_per_floor":[70,53,53,70,70,70,70,70,70,70,70,75,75,75,75,66,75,75,75,75,75,0,0],"gold":559,"neow_bonus":"RANDOM_COMMON_RELIC","is_daily":false,"chose_seed":false,"campfire_upgraded":0,"win_rate":0.0,"timestamp":1611479226,"path_taken":["M","?","?","?","?","E","R","E","T","E","?","?","?","M","R","BOSS","M","?","M","?","M"],"items_purchased_type":["Relic"],"build_version":"2020-12-22","purchased_purges":0,"victory":false,"max_hp_per_floor":[70,70,70,70,70,70,70,70,70,70,70,75,75,75,75,75,75,75,75,75,75,75,75],"card_choices":[{"not_picked":["Lantern","WristCuter"],"picked":"SKIP","floor":1.0},{"not_picked":["Beak","Justitia"],"picked":"SKIP","floor":1.0},{"not_picked":["ShedSkin","RapturousDream","Lamp","Ecstasy"],"picked":"SKIP","floor":4.0},{"not_picked":["WristCuter","FourthMatchFlame","BloodyDesire","RedEyes"],"picked":"SKIP","floor":4.0},{"not_picked":["Harmony","FourthMatchFlame","Ecstasy"],"picked":"ParadiseLost","floor":6.0},{"not_picked":["LifeForTheDareDevil","Wingbeat","CherryBlossom","SomewhereSpear"],"picked":"SKIP","floor":6.0},{"not_picked":["SolemnVow","CherryBlossom","BlackSwan_ego","Lamp"],"picked":"SKIP","floor":8.0},{"not_picked":["RapturousDream","FrostShard","Beak","Discord"],"picked":"SKIP","floor":8.0},{"not_picked":["Porccubus","WallGazer"],"picked":"BigBird","floor":10.0},{"not_picked":["Twilight","CherryBlossom","MagicBullet","RapturousDream"],"picked":"SKIP","floor":10.0},{"not_picked":["RedEyes","Justitia","Horn","CUTE"],"picked":"SKIP","floor":14},{"not_picked":["TheSmile","Justitia","Adoration","Twilight"],"picked":"Mimicry","floor":16},{"not_picked":["CUTE","Tough","FourthMatchFlame","Lantern","Laetitia_ego"],"picked":"SKIP","floor":18},{"not_picked":["RedEyes","WristCuter","SolemnVow+1","Wingbeat+1","Lantern"],"picked":"SKIP","floor":18},{"not_picked":["MeltingLove","PunishingBird"],"picked":"Yin","floor":20},{"not_picked":["Wingbeat","ShedSkin","FourthMatchFlame+1","RedEyes","CrimsonScar","CUTE"],"picked":"SKIP","floor":20},{"not_picked":["Laetitia_ego+1","TodaysExpression+1","GrinderMk4","SomewhereSpear","Logging"],"picked":"SKIP","floor":21},{"not_picked":["Hypocrisy","InTheNameOfLoveAndHate","TodaysExpression","SomewhereSpear","Lamp"],"picked":"SKIP","floor":21}],"player_experience":118415,"relics_obtained":[{"floor":1.0,"key":"SynthV:TestCard"},{"floor":6.0,"key":"CombinedTypeHook"},{"floor":8.0,"key":"Replay:Bottled Eggs"},{"floor":10.0,"key":"AT_SunfireAegis"},{"floor":19,"key":"Anchor"}],"event_choices":[{"damage_healed":0.0,"max_hp_gain":0.0,"max_hp_loss":0.0,"gold_gain":0.0,"event_name":"Golden Idol","player_choice":"Take Damage","floor":2.0,"gold_loss":0.0,"damage_taken":17.0,"relics_obtained":["Golden Idol"]},{"damage_healed":0.0,"max_hp_gain":0.0,"max_hp_loss":0.0,"gold_gain":0.0,"event_name":"WeMeetAgain","player_choice":"Paid Gold","floor":3.0,"gold_loss":65.0,"damage_taken":0.0,"relics_obtained":["REME_PuzzleBoxRelic"]},{"damage_healed":0,"gold_gain":0,"player_choice":"Donut","damage_taken":0,"max_hp_gain":5,"max_hp_loss":0,"event_name":"Big Fish","floor":12,"gold_loss":0},{"damage_healed":0,"gold_gain":275,"player_choice":"Desecrate","damage_taken":0,"max_hp_gain":0,"max_hp_loss":0,"event_name":"Golden Shrine","floor":13,"gold_loss":0,"cards_obtained":["Regret"]}],"is_beta":false,"boss_relics":[{"not_picked":["SynthV:MejaisSoulstealer","Kintsugi"],"picked":"Coffee Dripper"}],"items_purged_floors":[],"is_endless":false,"potions_floor_spawned":[8,10,14,18],"killed_by":"3 Cultists","ascension_level":1}}