{"host":"dv29tre2e7vje47n","time":1611498627,"event":{"mods":["AchievementEnabler","BaseMod","Colored Map","Colored Powertips","DeckTracker","Displayed Cursed Tome","Downfall","Friendly Minions","Googly Eyes","Highlight Path","Infinite Spire","Key Reminder","Minty Spire (QoL Compilation)","Quick Restart","Random Character Button","Rare Cards Sparkle","Relic Sorter","Relic Stats","Replay The Spire","Spire Arcade","Spire Birthday Party","StSLib","SuperFastMode","Unceasing Turn Reminder"],"gold_per_floor":[99,99,109,109,109,129,129,161,186,186,212,17,17,36,50,83,95,95,95,95],"floor_reached":18,"language":"ENG","playtime":960,"items_purged":[],"score":137,"play_id":"f24691ae-0822-42de-b68b-737c92946569","local_time":"20210124153027","is_ascension_mode":true,"campfire_choices":[{"data":"sneckomod:TailWhip","floor":1,"key":"SMITH"},{"data":"sneckomod:Nope","floor":10,"key":"SMITH"},{"data":"expansioncontent:QuickStudy","floor":13,"key":"SMITH"}],"circlet_count":0,"master_deck":["sneckomod:Strike","sneckomod:Strike","sneckomod:Strike","sneckomod:Defend","sneckomod:Defend","sneckomod:Defend","sneckomod:TailWhip+1","sneckomod:SnekBite","sneckomod:Unknown","sneckomod:Unknown","sneckomod:RainOfDice","sneckomod:Nope+1","Delirium","sneckomod:PureSnecko","sneckomod:UnknownStrength","expansioncontent:QuickStudy+1","sneckomod:SerpentMind","sneckomod:ImprovisedGuard"],"relics":["sneckomod:SneckoSoul","Guardian:GemstoneGun","hexamod:BolsterEngine","Regal Pillow","Mercury Hourglass","Gremlin Food"],"acts_visited":["Exordium"],"potions_floor_usage":[],"damage_taken":[{"damage":0,"enemies":"2 Louse","floor":3,"turns":1},{"damage":1,"enemies":"Small Slimes","floor":6,"turns":3},{"damage":7,"enemies":"Gremlin Nob","floor":8,"turns":4},{"damage":8,"enemies":"Replay:BlueRogue","floor":11,"turns":5},{"damage":5,"enemies":"downfall:FleeingMerchant","floor":12,"turns":4},{"damage":4,"enemies":"Jaw Worm","floor":14,"turns":4},{"damage":0,"enemies":"Large Slime","floor":15,"turns":3},{"damage":6,"enemies":"Gremlin Nob","floor":16,"turns":3},{"damage":15,"enemies":"Blue Slaver","floor":17,"turns":3},{"damage":20,"enemies":"SI_SHIV_ARCHETYPE","floor":18,"turns":5}],"seed_played":"-1710774050470063653","potions_obtained":[{"floor":6,"key":"Energy Potion"},{"floor":8,"key":"hexamod:SoulburnPotion"},{"floor":11,"key":"SpeedPotion"}],"is_trial":false,"path_per_floor":["R","?","M","PTL","PTL","M","?","E","T","R","E","$","R","M","M","E","M","B"],"character_chosen":"THE_SNECKO","items_purchased":["expansioncontent:QuickStudy"],"campfire_rested":0,"item_purchase_floors":[12],"current_hp_per_floor":[63,63,63,63,63,62,62,55,55,55,47,42,42,38,38,32,17,0,0,0],"gold":95,"neow_bonus":"ONE_RARE_RELIC","is_daily":false,"chose_seed":false,"campfire_upgraded":3,"win_rate":0.0,"timestamp":1611498627,"path_taken":["R","?","M","PTL","PTL","M","?","E","T","R","E","$","R","M","M","E","M","BOSS"],"items_purchased_type":["Card"],"build_version":"2020-12-22","purchased_purges":0,"victory":false,"max_hp_per_floor":[90,90,90,90,90,90,90,90,90,90,90,90,90,90,90,90,90,90,90,90],"relic_stats":{"Regal Pillow":0,"counters":[10,34],"obtain_stats":[{"Gremlin Food":16,"Regal Pillow":9,"Guardian:GemstoneGun":0,"hexamod:BolsterEngine":8,"sneckomod:SneckoSoul":0,"Mercury Hourglass":11},{"Gremlin Food":8,"Regal Pillow":3,"Guardian:GemstoneGun":0,"hexamod:BolsterEngine":3,"sneckomod:SneckoSoul":0,"Mercury Hourglass":4},{"Gremlin Food":27,"Regal Pillow":8,"Guardian:GemstoneGun":0,"hexamod:BolsterEngine":8,"sneckomod:SneckoSoul":0,"Mercury Hourglass":13}],"Mercury Hourglass":[51]},"card_choices":[{"not_picked":["sneckomod:DiceCrush","sneckomod:UnknownDraw"],"picked":"sneckomod:RainOfDice","floor":3},{"not_picked":["sneckomod:WideSting","sneckomod:DiceBlock"],"picked":"sneckomod:Nope","floor":6},{"not_picked":["sneckomod:SoulRoll","sneckomod:QuickBite","sneckomod:SoulDraw"],"picked":"SKIP","floor":8},{"not_picked":["sneckomod:DiceCrush","sneckomod:DiceBoulder"],"picked":"sneckomod:PureSnecko","floor":11},{"not_picked":["sneckomod:QuickBite","sneckomod:Unknown1Cost"],"picked":"sneckomod:UnknownStrength","floor":12},{"not_picked":["sneckomod:SnakeSap","sneckomod:Unknown2Cost"],"picked":"sneckomod:SerpentMind","floor":14},{"not_picked":["sneckomod:Nope","sneckomod:IronFang","sneckomod:UnknownVulnerable"],"picked":"SKIP","floor":15},{"not_picked":["sneckomod:Nope","sneckomod:IronFang","sneckomod:UnknownVulnerable"],"picked":"SKIP","floor":15},{"not_picked":["sneckomod:DiceBlock","sneckomod:UnknownDraw"],"picked":"sneckomod:ImprovisedGuard","floor":16},{"not_picked":["sneckomod:UnknownVulnerable","sneckomod:PureSnecko","sneckomod:UnknownCommonAttack"],"picked":"SKIP","floor":17}],"player_experience":124822,"relics_obtained":[{"floor":8,"key":"hexamod:BolsterEngine"},{"floor":9,"key":"Regal Pillow"},{"floor":11,"key":"Mercury Hourglass"},{"floor":16,"key":"Gremlin Food"}],"event_choices":[],"is_beta":false,"boss_relics":[],"items_purged_floors":[],"is_endless":false,"potions_floor_spawned":[6,8,11,16,17],"killed_by":"SI_SHIV_ARCHETYPE","ascension_level":1}}