{"host":"yvb207ks1sg3cxef","time":1611486267,"event":{"mods":["2.2 Compatiblity","BaseMod","Bestiary","Colored Powertips","Minty Spire (QoL Compilation)","Permanent Neow","Quick Restart","Relic Stats","StSLib"],"gold_per_floor":[109,123,134,14,30,58,58,87,87,117,117,131,56,56,56,146,146,166,166,166,191,210,244,244,244,244,262,262,262,262],"floor_reached":29,"language":"ENG","playtime":1415,"items_purged":[],"score":737,"play_id":"6a246d43-76cc-4d6b-b0de-bf4ea7efb715","local_time":"20210124163427","is_ascension_mode":true,"campfire_choices":[{"data":"EmptyFist","floor":7.0,"key":"SMITH"},{"data":"LikeWater","floor":11.0,"key":"SMITH"},{"data":"LikeWater","floor":15.0,"key":"SMITH"},{"floor":24.0,"key":"REST"},{"data":"CutThroughFate","floor":28.0,"key":"SMITH"}],"circlet_count":0,"master_deck":["AscendersBane","Strike_P","Defend_P","Defend_P","Defend_P","Defend_P","Eruption","Vigilance","FlyingSleeves","EmptyBody","EmptyFist+1","FearNoEvil","LikeWater+1","Tantrum","WindmillStrike","LikeWater+1","DevaForm","CutThroughFate+1","Evaluate","Protect","EmptyFist","FlurryOfBlows","FlurryOfBlows"],"relics":["PureWater","FossilizedHelix","Omamori","Smiling Mask","Toy Ornithopter","InkBottle","Golden Idol","Calling Bell","Calipers","Oddly Smooth Stone","StrikeDummy","Bottled Tornado","MealTicket","Gambling Chip"],"acts_visited":["Exordium","TheCity"],"potions_floor_usage":[],"damage_taken":[{"damage":0.0,"enemies":"Jaw Worm","floor":1.0,"turns":3.0},{"damage":0.0,"enemies":"2 Louse","floor":2.0,"turns":2.0},{"damage":0.0,"enemies":"Small Slimes","floor":3.0,"turns":3.0},{"damage":0.0,"enemies":"Blue Slaver","floor":5.0,"turns":3.0},{"damage":0.0,"enemies":"3 Sentries","floor":6.0,"turns":10.0},{"damage":0.0,"enemies":"Gremlin Nob","floor":8.0,"turns":3.0},{"damage":0.0,"enemies":"Lagavulin","floor":10.0,"turns":6.0},{"damage":0.0,"enemies":"3 Louse","floor":12.0,"turns":3.0},{"damage":0.0,"enemies":"Slime Boss","floor":16.0,"turns":7.0},{"damage":0.0,"enemies":"Chosen","floor":18.0,"turns":2.0},{"damage":12.0,"enemies":"2 Thieves","floor":21.0,"turns":4.0},{"damage":8.0,"enemies":"Snake Plant","floor":22.0,"turns":6.0},{"damage":51.0,"enemies":"Gremlin Leader","floor":23.0,"turns":8.0},{"damage":0.0,"enemies":"Sentry and Sphere","floor":27.0,"turns":8.0},{"damage":32,"enemies":"3 Cultists","floor":29,"turns":4}],"seed_played":"850247892460109201","potions_obtained":[{"floor":2.0,"key":"SpeedPotion"},{"floor":5.0,"key":"FearPotion"},{"floor":6.0,"key":"Energy Potion"},{"floor":18.0,"key":"Dexterity Potion"},{"floor":21.0,"key":"SkillPotion"}],"is_trial":false,"path_per_floor":["M","M","M","$","M","E","R","E","T","E","R","M","?","?","R","B",null,"M","?","?","M","M","E","R","T","T","M","R","M"],"character_chosen":"WATCHER","items_purchased":["FearNoEvil","LikeWater"],"campfire_rested":1,"item_purchase_floors":[4,4],"current_hp_per_floor":[61,61,61,61,61,61,61,61,61,61,61,61,61,40,40,40,57,57,57,57,50,47,1,19,19,19,19,19,0,0],"gold":262,"neow_bonus":"ONE_RARE_RELIC","is_daily":false,"chose_seed":false,"campfire_upgraded":4,"win_rate":0.0,"timestamp":1611486267,"path_taken":["M","M","M","$","M","E","R","E","T","E","R","M","?","?","R","BOSS","M","?","?","M","M","E","R","?","T","M","R","M"],"items_purchased_type":["Card","Card"],"build_version":"2020-12-22","purchased_purges":0,"victory":false,"max_hp_per_floor":[62,62,62,62,62,62,62,62,62,62,62,62,62,62,62,62,62,62,62,62,62,62,62,62,62,62,62,62,62,62],"relic_stats":{"counters":[15,72],"Golden Idol":42,"Gambling Chip":[8],"MealTicket":0,"Smiling Mask":0,"obtain_stats":[{"Calipers":17,"Golden Idol":14,"Oddly Smooth Stone":17,"Omamori":6,"Bottled Tornado":23,"Smiling Mask":8,"Calling Bell":17,"Gambling Chip":26,"MealTicket":25,"PureWater":0,"StrikeDummy":17,"FossilizedHelix":0,"Toy Ornithopter":9,"InkBottle":10},{"Calipers":9,"Golden Idol":8,"Oddly Smooth Stone":9,"Omamori":5,"Bottled Tornado":13,"Smiling Mask":6,"Calling Bell":9,"Gambling Chip":13,"MealTicket":13,"PureWater":0,"StrikeDummy":9,"FossilizedHelix":0,"Toy Ornithopter":6,"InkBottle":7},{"Calipers":40,"Golden Idol":33,"Oddly Smooth Stone":40,"Omamori":21,"Bottled Tornado":60,"Smiling Mask":24,"Calling Bell":40,"Gambling Chip":60,"MealTicket":60,"PureWater":0,"StrikeDummy":40,"FossilizedHelix":0,"Toy Ornithopter":24,"InkBottle":30}],"Toy Ornithopter":15,"InkBottle":[16]},"card_choices":[{"not_picked":["ThirdEye","FlyingSleeves","PathToVictory"],"picked":"SKIP","floor":1.0},{"not_picked":["ThirdEye","PathToVictory"],"picked":"FlyingSleeves","floor":1.0},{"not_picked":["Pray","ClearTheMind"],"picked":"EmptyBody","floor":2.0},{"not_picked":["FlyingSleeves","BowlingBash"],"picked":"EmptyFist","floor":3.0},{"not_picked":["Evaluate","BowlingBash"],"picked":"Tantrum","floor":5.0},{"not_picked":["Wireheading","Consecrate"],"picked":"WindmillStrike","floor":6.0},{"not_picked":["Weave","FlyingSleeves","SignatureMove"],"picked":"SKIP","floor":8.0},{"not_picked":["ForeignInfluence","FollowUp"],"picked":"LikeWater","floor":10.0},{"not_picked":["Pray","CrushJoints"],"picked":"DevaForm","floor":12.0},{"not_picked":["FollowUp","ThirdEye"],"picked":"CutThroughFate","floor":18.0},{"not_picked":["Omniscience","Crescendo"],"picked":"EmptyFist","floor":21.0},{"not_picked":["Wireheading","SandsOfTime"],"picked":"FlurryOfBlows","floor":22.0},{"not_picked":["EmptyFist","CutThroughFate"],"picked":"FlurryOfBlows","floor":23.0},{"not_picked":["Halt","FlyingSleeves","Evaluate"],"picked":"SKIP","floor":27.0}],"player_experience":435258,"relics_obtained":[{"floor":6.0,"key":"Omamori"},{"floor":8.0,"key":"Smiling Mask"},{"floor":9.0,"key":"Toy Ornithopter"},{"floor":10.0,"key":"InkBottle"},{"floor":17.0,"key":"Calipers"},{"floor":17.0,"key":"Oddly Smooth Stone"},{"floor":17.0,"key":"StrikeDummy"},{"floor":23.0,"key":"Bottled Tornado"},{"floor":25.0,"key":"MealTicket"},{"floor":26.0,"key":"Gambling Chip"}],"event_choices":[{"cards_removed":["Strike_P"],"damage_healed":0.0,"max_hp_gain":0.0,"max_hp_loss":0.0,"gold_gain":0.0,"event_name":"The Cleric","player_choice":"Card Removal","floor":13.0,"gold_loss":75.0,"damage_taken":0.0},{"damage_healed":0.0,"max_hp_gain":0.0,"max_hp_loss":0.0,"gold_gain":0.0,"event_name":"Golden Idol","player_choice":"Take Damage","floor":14.0,"gold_loss":0.0,"damage_taken":21.0,"relics_obtained":["Golden Idol"]},{"damage_healed":0.0,"max_hp_gain":0.0,"max_hp_loss":0.0,"gold_gain":0.0,"event_name":"Vampires","player_choice":"Ignored","floor":19.0,"gold_loss":0.0,"damage_taken":0.0},{"damage_healed":0.0,"max_hp_gain":0.0,"max_hp_loss":0.0,"gold_gain":0.0,"cards_transformed":["Strike_P","Strike_P"],"event_name":"Drug Dealer","player_choice":"Became Test Subject","floor":20.0,"gold_loss":0.0,"damage_taken":0.0,"cards_obtained":["Evaluate","Protect"]}],"is_beta":false,"boss_relics":[{"not_picked":["Runic Pyramid","Pandora\u0027s Box"],"picked":"Calling Bell"}],"items_purged_floors":[],"is_endless":false,"potions_floor_spawned":[2,5,6,18,21],"killed_by":"3 Cultists","ascension_level":18}}