{"host":"xp5rvh2jwe2ejyfm","time":1611525344,"event":{"mods":["BaseMod","Downfall","Duelist Mod","GifTheSpireLib","Gremlin Mod","Hermit","Hubris","Minty Spire (QoL Compilation)","Robot Space Explorer","StSLib","The Blackbeard","The Clintock","The Construct","The Cursed","The Disciple","The Forsaken","The Hierophant","The Necromancer","The Runesmith","The Servant 0.9.4"],"gold_per_floor":[115,45,59,73,88,121,141,63,63,90,90,90,90,90,90,189,189,199,43,56,106,106,106,106,106],"floor_reached":24,"language":"ENG","playtime":771,"items_purged":[],"score":206,"play_id":"02e9d6ed-7c48-42f7-b57d-79bc4acbd44f","local_time":"20210124165544","is_ascension_mode":false,"campfire_choices":[{"floor":13,"key":"REST"},{"floor":15,"key":"RECALL"},{"floor":23,"key":"REST"}],"circlet_count":0,"master_deck":["RobotSpaceExplorer:Strike","RobotSpaceExplorer:Strike","RobotSpaceExplorer:Strike","RobotSpaceExplorer:Strike","RobotSpaceExplorer:Defend","RobotSpaceExplorer:Defend","RobotSpaceExplorer:Defend","RobotSpaceExplorer:Defend","RobotSpaceExplorer:Scan","RobotSpaceExplorer:MiniLasers","RobotSpaceExplorer:StarLightning","RobotSpaceExplorer:Discharger","RobotSpaceExplorer:Electropulse","RobotSpaceExplorer:MetalStrike","RobotSpaceExplorer:GearShield","RobotSpaceExplorer:MetalStrike","RobotSpaceExplorer:Multitool","RobotSpaceExplorer:PowerGlove","RobotSpaceExplorer:Autoloader","Regret","RobotSpaceExplorer:BlastShield","CurseOfTheBell","RobotSpaceExplorer:Discharger+1","RobotSpaceExplorer:PowerCollector","RobotSpaceExplorer:GearShield"],"relics":["RobotSpaceExplorer:RoboCore","Pen Nib","Ginger","Potion Belt","StoneCalendar","Akabeko","Calling Bell","Slimebound:StickyStick","Runesmith:Nanobots","Toolbox"],"acts_visited":["Exordium","TheCity"],"potions_floor_usage":[6,10],"damage_taken":[{"damage":0,"enemies":"Small Slimes","floor":1,"turns":3},{"damage":3,"enemies":"2 Louse","floor":3,"turns":3},{"damage":1,"enemies":"Cultist","floor":4,"turns":3},{"damage":3,"enemies":"Large Slime","floor":5,"turns":5},{"damage":14,"enemies":"3 Sentries","floor":6,"turns":4},{"damage":4,"enemies":"Gremlin Gang","floor":7,"turns":3},{"damage":19,"enemies":"Lagavulin","floor":10,"turns":5},{"damage":20,"enemies":"The Guardian","floor":16,"turns":7},{"damage":15,"enemies":"Shell Parasite","floor":18,"turns":6},{"damage":18,"enemies":"Chosen","floor":20,"turns":5},{"damage":32,"enemies":"Sentry and Sphere","floor":22,"turns":5},{"damage":34,"enemies":"Shelled Parasite and Fungi","floor":24,"turns":4}],"seed_played":"8849017712536993564","potions_obtained":[{"floor":1,"key":"AttackPotion"},{"floor":3,"key":"Explosive Potion"},{"floor":4,"key":"Strength Potion"},{"floor":10,"key":"construct:ShiftPotion"},{"floor":16,"key":"SmokeBomb"},{"floor":18,"key":"Dexterity Potion"}],"is_trial":false,"path_per_floor":["M","$","M","M","M","E","M","$","T","E","?","?","R","?","R","B",null,"M","$","M","?","M","R","M"],"character_chosen":"RobotSpaceExplorer","items_purchased":["RobotSpaceExplorer:Discharger","RobotSpaceExplorer:PowerGlove","Toolbox"],"campfire_rested":2,"item_purchase_floors":[2,8,19],"current_hp_per_floor":[75,75,72,71,68,54,50,50,50,31,31,31,53,53,53,33,75,60,60,42,42,10,32,0,0],"gold":106,"neow_bonus":"RANDOM_COMMON_RELIC","is_daily":false,"chose_seed":false,"campfire_upgraded":0,"win_rate":0.0,"timestamp":1611525344,"path_taken":["M","$","M","M","M","E","M","$","T","E","?","?","R","?","R","BOSS","M","$","M","?","M","R","M"],"items_purchased_type":["Card","Card","Relic"],"build_version":"2020-12-22","purchased_purges":0,"victory":false,"max_hp_per_floor":[75,75,75,75,75,75,75,75,75,75,75,75,75,75,75,75,75,75,75,75,75,75,75,75,75],"card_choices":[{"not_picked":["RobotSpaceExplorer:Reload","RobotSpaceExplorer:GlueSpray"],"picked":"RobotSpaceExplorer:StarLightning","floor":1},{"not_picked":["RobotSpaceExplorer:SwiftStep","RobotSpaceExplorer:MiniDrones"],"picked":"RobotSpaceExplorer:Electropulse","floor":3},{"not_picked":["RobotSpaceExplorer:Ammunition","RobotSpaceExplorer:FreezingShield"],"picked":"RobotSpaceExplorer:MetalStrike","floor":4},{"not_picked":["RobotSpaceExplorer:Ammunition","RobotSpaceExplorer:SlimeMissile"],"picked":"RobotSpaceExplorer:GearShield","floor":5},{"not_picked":["RobotSpaceExplorer:ShovelStrike","RobotSpaceExplorer:IronShell"],"picked":"RobotSpaceExplorer:MetalStrike","floor":6},{"not_picked":["RobotSpaceExplorer:ShovelStrike","RobotSpaceExplorer:StunGrenade"],"picked":"RobotSpaceExplorer:Multitool","floor":7},{"not_picked":["RobotSpaceExplorer:SurgingShield","RobotSpaceExplorer:Blaster"],"picked":"RobotSpaceExplorer:Autoloader","floor":10},{"not_picked":["RobotSpaceExplorer:Asteroid","RobotSpaceExplorer:HighVoltage"],"picked":"RobotSpaceExplorer:BlastShield","floor":16},{"not_picked":["RobotSpaceExplorer:SelfCleaning","RobotSpaceExplorer:SlimeMissile"],"picked":"RobotSpaceExplorer:Discharger+1","floor":18},{"not_picked":["RobotSpaceExplorer:RigExplosive","RobotSpaceExplorer:ScrapToss"],"picked":"RobotSpaceExplorer:PowerCollector","floor":20},{"not_picked":["RobotSpaceExplorer:GlueShot","RobotSpaceExplorer:SurgingStrike"],"picked":"RobotSpaceExplorer:GearShield","floor":22}],"player_experience":311959,"relics_obtained":[{"floor":6,"key":"Ginger"},{"floor":9,"key":"Potion Belt"},{"floor":10,"key":"StoneCalendar"},{"floor":17,"key":"Slimebound:StickyStick"},{"floor":17,"key":"Runesmith:Nanobots"}],"event_choices":[{"damage_healed":0,"gold_gain":0,"player_choice":"Ignored","damage_taken":0,"max_hp_gain":0,"max_hp_loss":0,"event_name":"Golden Wing","floor":11,"gold_loss":0},{"damage_healed":0,"gold_gain":0,"player_choice":"Box","damage_taken":0,"relics_obtained":["Akabeko"],"max_hp_gain":0,"max_hp_loss":0,"event_name":"Big Fish","floor":14,"gold_loss":0,"cards_obtained":["Regret"]},{"damage_healed":0,"gold_gain":100,"player_choice":"Bet on Murderer","damage_taken":0,"max_hp_gain":0,"max_hp_loss":0,"event_name":"The Joust","floor":21,"gold_loss":50}],"is_beta":false,"boss_relics":[{"not_picked":["Busted Crown","hubris:HollowSoul"],"picked":"Calling Bell"}],"items_purged_floors":[],"is_endless":false,"potions_floor_spawned":[1,3,4,10,16,18],"killed_by":"Shelled Parasite and Fungi","ascension_level":0}}