{"host":"6xsbn6ynqlzwllfm","time":1611508378,"event":{"mods":["2.2 Compatiblity","BaseMod","Bestiary","Colored Map","Colored Powertips","Curses Come First","Highlight Path","Keyboard Shortcuts","Minty Spire (QoL Compilation)","Quick Restart","Relic Stats","Slay the Relics Exporter","StSLib","SuperFastMode"],"gold_per_floor":[113,133,58,71,71,71,99,99,175,199,199,231,231,231,231,231,231],"floor_reached":16,"language":"ENG","playtime":644,"items_purged":[],"score":262,"play_id":"19877d5a-04c9-4611-a32c-1382f59e899c","local_time":"20210124121258","is_ascension_mode":true,"campfire_choices":[{"data":"Spot Weakness","floor":6,"key":"SMITH"},{"data":"Metallicize","floor":8,"key":"SMITH"},{"data":"Double Tap","floor":11,"key":"SMITH"},{"floor":15,"key":"REST"}],"circlet_count":0,"master_deck":["AscendersBane","Strike_R","Defend_R","Defend_R","Defend_R","Defend_R+1","Bash","Corruption+1","Intimidate+1","Pommel Strike+1","Shrug It Off","Spot Weakness+1","Metallicize+1","Double Tap+1","Cleave","Dark Embrace+1"],"relics":["Astrolabe","Blue Candle","Blood Vial","Bottled Flame","Odd Mushroom","Magic Flower"],"acts_visited":["Exordium"],"potions_floor_usage":[7,12,12],"damage_taken":[{"damage":2,"enemies":"Cultist","floor":1,"turns":5},{"damage":5,"enemies":"2 Louse","floor":2,"turns":4},{"damage":0,"enemies":"Jaw Worm","floor":4,"turns":3},{"damage":25,"enemies":"3 Sentries","floor":7,"turns":8},{"damage":12,"enemies":"The Mushroom Lair","floor":10,"turns":6},{"damage":0,"enemies":"Lagavulin","floor":12,"turns":5},{"damage":37,"enemies":"The Guardian","floor":16,"turns":10}],"seed_played":"7303017299618070001","potions_obtained":[{"floor":2,"key":"Fire Potion"},{"floor":7,"key":"SneckoOil"},{"floor":10,"key":"Dexterity Potion"}],"is_trial":false,"path_per_floor":["M","M","?","M","T","R","E","R","T","?","R","E","?","?","R","B"],"character_chosen":"IRONCLAD","items_purchased":[],"campfire_rested":1,"item_purchase_floors":[],"current_hp_per_floor":[66,61,61,61,61,61,36,36,36,26,26,28,5,10,34,0,0],"gold":231,"neow_bonus":"BOSS_RELIC","is_daily":false,"chose_seed":false,"campfire_upgraded":3,"win_rate":0.0,"timestamp":1611508378,"path_taken":["M","?","?","M","?","R","E","R","T","?","R","E","?","?","R","BOSS"],"items_purchased_type":[],"build_version":"2020-12-22","purchased_purges":0,"victory":false,"max_hp_per_floor":[75,75,75,75,75,75,75,75,75,75,75,75,75,80,80,80,80],"relic_stats":{"Blood Vial":7,"counters":[7,41],"Astrolabe":["Corruption","Intimidate","Pommel Strike"],"Blue Candle":[0],"Magic Flower":[1],"obtain_stats":[{"Blood Vial":7,"Bottled Flame":9,"Astrolabe":0,"Blue Candle":5,"Magic Flower":12,"Odd Mushroom":10,"Burning Blood":0},{"Blood Vial":4,"Bottled Flame":4,"Astrolabe":0,"Blue Candle":3,"Magic Flower":6,"Odd Mushroom":5,"Burning Blood":0},{"Blood Vial":20,"Bottled Flame":20,"Astrolabe":0,"Blue Candle":12,"Magic Flower":31,"Odd Mushroom":26,"Burning Blood":0}]},"card_choices":[{"not_picked":["Armaments","Pummel"],"picked":"Shrug It Off","floor":1},{"not_picked":["Bloodletting","Armaments"],"picked":"Spot Weakness","floor":2},{"not_picked":["Infernal Blade","Body Slam"],"picked":"Metallicize","floor":4},{"not_picked":["Pummel","Inflame"],"picked":"Double Tap","floor":7},{"not_picked":["Pommel Strike","Armaments"],"picked":"Cleave","floor":10},{"not_picked":["Heavy Blade","Feed"],"picked":"Dark Embrace","floor":12}],"player_experience":1094022,"relics_obtained":[{"floor":5,"key":"Blue Candle"},{"floor":7,"key":"Blood Vial"},{"floor":9,"key":"Bottled Flame"},{"floor":10,"key":"Odd Mushroom"},{"floor":12,"key":"Magic Flower"}],"event_choices":[{"cards_removed":["Strike_R"],"damage_healed":0,"gold_gain":0,"player_choice":"Card Removal","damage_taken":0,"max_hp_gain":0,"max_hp_loss":0,"event_name":"The Cleric","floor":3,"gold_loss":75},{"damage_healed":0,"gold_gain":0,"player_choice":"Fought Mushrooms","damage_taken":0,"max_hp_gain":0,"max_hp_loss":0,"event_name":"Mushrooms","floor":10,"gold_loss":0},{"damage_healed":0,"gold_gain":0,"player_choice":"Entered Light","damage_taken":23,"max_hp_gain":0,"max_hp_loss":0,"event_name":"Shining Light","floor":13,"gold_loss":0,"cards_upgraded":["Dark Embrace","Defend_R"]},{"damage_healed":0,"gold_gain":0,"player_choice":"Donut","damage_taken":0,"max_hp_gain":5,"max_hp_loss":0,"event_name":"Big Fish","floor":14,"gold_loss":0}],"is_beta":false,"boss_relics":[],"items_purged_floors":[],"is_endless":false,"potions_floor_spawned":[2,7,10],"killed_by":"The Guardian","ascension_level":20}}