{"host":"wogey4gsknv4ot2d","time":1611523193,"event":{"mods":["2.2 Compatiblity","AchievementEnabler","BaseMod","Bestiary","Better Match","Better Third Choice","Colored Map","Colored Powertips","Key Reminder","Minty Spire (QoL Compilation)","Permanent Neow","Rare Cards Sparkle","Relic Stats","StSLib"],"gold_per_floor":[116,132,99,119,119,119,119,18,18,46,46,79,97,112,112,112,112],"floor_reached":16,"language":"ENG","playtime":399,"items_purged":[],"score":116,"play_id":"5848b58c-5f56-46e0-b9b9-26449e62d381","local_time":"20210124151953","is_ascension_mode":true,"campfire_choices":[{"floor":7,"key":"RECALL"},{"floor":11,"key":"REST"},{"floor":15,"key":"REST"}],"circlet_count":0,"master_deck":["Strike_G","Strike_G","Strike_G","Strike_G","Strike_G","Defend_G","Defend_G","Defend_G","Defend_G","Defend_G","Survivor","Neutralize","Backstab+1","Flying Knee","Caltrops","PiercingWail","Dagger Spray","Catalyst","Backflip","Deadly Poison","Crippling Poison"],"relics":["Ring of the Snake","NeowsBlessing","Kunai","keyreminder:keyreminder","Ice Cream","Bronze Scales"],"acts_visited":["Exordium"],"potions_floor_usage":[10,10],"damage_taken":[{"damage":0,"enemies":"Cultist","floor":1,"turns":1},{"damage":0,"enemies":"Small Slimes","floor":2,"turns":1},{"damage":0,"enemies":"2 Louse","floor":4,"turns":1},{"damage":18,"enemies":"3 Sentries","floor":10,"turns":6},{"damage":26,"enemies":"Gremlin Nob","floor":12,"turns":4},{"damage":6,"enemies":"Large Slime","floor":13,"turns":4},{"damage":7,"enemies":"Exordium Wildlife","floor":14,"turns":4},{"damage":48,"enemies":"Slime Boss","floor":16,"turns":10}],"seed_played":"-3265567709385380719","potions_obtained":[{"floor":1,"key":"LiquidBronze"},{"floor":4,"key":"Strength Potion"}],"is_trial":false,"path_per_floor":["M","M","$","M","?","?","R","$","T","E","R","E","M","M","R","B"],"character_chosen":"THE_SILENT","items_purchased":["Caltrops","Dagger Spray","Catalyst"],"campfire_rested":2,"item_purchase_floors":[3,8,8],"current_hp_per_floor":[70,70,70,70,70,61,61,61,61,43,64,38,32,25,46,0,0],"gold":112,"neow_bonus":"THREE_ENEMY_KILL","is_daily":false,"chose_seed":false,"campfire_upgraded":0,"win_rate":0.0,"timestamp":1611523193,"path_taken":["M","M","$","M","?","?","R","$","T","E","R","E","M","M","R","BOSS"],"items_purchased_type":["Card","Card","Card"],"build_version":"2020-12-22","purchased_purges":0,"victory":false,"max_hp_per_floor":[70,70,70,70,70,70,70,70,70,70,70,70,70,70,70,70,70],"relic_stats":{"counters":[8,31],"Bronze Scales":[39],"Kunai":[8],"obtain_stats":[{"keyreminder:keyreminder":7,"Ice Cream":10,"NeowsBlessing":0,"Bronze Scales":12,"Kunai":6,"Ring of the Snake":0},{"keyreminder:keyreminder":3,"Ice Cream":4,"NeowsBlessing":0,"Bronze Scales":5,"Kunai":3,"Ring of the Snake":0},{"keyreminder:keyreminder":3,"Ice Cream":9,"NeowsBlessing":0,"Bronze Scales":13,"Kunai":3,"Ring of the Snake":0}],"Ring of the Snake":[16]},"card_choices":[{"not_picked":["Cloak And Dagger","PiercingWail"],"picked":"Backstab","floor":1},{"not_picked":["Eviscerate","Dagger Throw"],"picked":"Flying Knee","floor":2},{"not_picked":["Dagger Throw","Infinite Blades"],"picked":"PiercingWail","floor":4},{"not_picked":["Outmaneuver","Terror"],"picked":"Backflip","floor":10},{"not_picked":["Bouncing Flask","Infinite Blades"],"picked":"Deadly Poison","floor":12},{"not_picked":["Backflip","Wraith Form v2","Reflex"],"picked":"SKIP","floor":13},{"not_picked":["Prepared","Blade Dance"],"picked":"Crippling Poison","floor":14}],"player_experience":83566,"relics_obtained":[{"floor":10,"key":"Ice Cream"},{"floor":12,"key":"Bronze Scales"}],"event_choices":[{"damage_healed":0,"gold_gain":0,"player_choice":"Grow","damage_taken":0,"max_hp_gain":0,"max_hp_loss":0,"event_name":"Living Wall","floor":5,"gold_loss":0,"cards_upgraded":["Backstab"]},{"damage_healed":0,"gold_gain":0,"player_choice":"Relic ","damage_taken":9,"max_hp_gain":0,"max_hp_loss":0,"event_name":"betterThird:BetterScrap","floor":6,"gold_loss":0,"cards_obtained":["FearNoEvil"]}],"is_beta":false,"boss_relics":[],"items_purged_floors":[],"is_endless":false,"potions_floor_spawned":[1,4],"killed_by":"Slime Boss","ascension_level":1}}