{"host":"kiczkwpc36uxnkg8","time":1611526957,"event":{"mods":["AchievementEnabler","Act Like it!","Aspiration","BaseMod","Colored Powertips","Energized Spire","GifTheSpireLib","Hubris","Infinite Spire","Koishi","Minty Spire (QoL Compilation)","Pale of the Ancients","Permanent Neow","Quick Restart","Relic Filter","Remilia??????","Replay The Spire","Spicy Shops","StSLib","Stuff the Spire","The Bug Knight","The Servant 0.9.4","Wandering Minibosses"],"gold_per_floor":[118,308,308,308,328,328,353,353,377,377,377],"floor_reached":10,"language":"ENG","playtime":849,"items_purged":[],"score":68,"play_id":"d41c7de5-3a9e-477f-9a2f-7e2e6000d6f6","local_time":"20210124222237","is_ascension_mode":true,"campfire_choices":[{"floor":6,"key":"REST"},{"data":"HollowMod:PureNailStrike","floor":8,"key":"SMITH"}],"circlet_count":0,"master_deck":["HollowMod:NailStrikeStart","HollowMod:NailStrikeStart","HollowMod:NailStrikeStart","HollowMod:NailStrikeStart","HollowMod:QuickDashStart","HollowMod:QuickDashStart","HollowMod:QuickDashStart","HollowMod:QuickDashStart","HollowMod:FocusHealStart","HollowMod:PogoStrike","HollowMod:DoubleDash","ReplayTheSpireMod:Splinters","HollowMod:PureNailStrike+1","Pot Of Greed","Pot Of Greed","Injury","HollowMod:ShadowDash+1"],"relics":["HollowMod:VesselMask","Grinning Jar","Toxic Egg 2","Ancient Tea Set","ScarletDevilRocket"],"acts_visited":["Exordium"],"potions_floor_usage":[],"damage_taken":[{"damage":3,"enemies":"2 Louse","floor":1,"turns":3},{"damage":24,"enemies":"Small Slimes","floor":5,"turns":4},{"damage":92,"enemies":"Fading Forest","floor":10,"turns":7}],"seed_played":"3522597197579981101","potions_obtained":[{"floor":1,"key":"SteroidPotion"}],"is_trial":false,"path_per_floor":["M","?","?","?","M","R","T","R","T","B"],"character_chosen":"THE_BUGKNIGHT","items_purchased":[],"campfire_rested":1,"item_purchase_floors":[],"current_hp_per_floor":[80,80,80,80,56,80,80,80,80,0,0],"gold":377,"neow_bonus":"RANDOM_EVENT","is_daily":false,"chose_seed":false,"campfire_upgraded":1,"win_rate":0.0,"timestamp":1611526957,"path_taken":["M","?","?","?","M","R","?","R","T","BOSS"],"items_purchased_type":[],"build_version":"2020-12-22","purchased_purges":0,"victory":false,"max_hp_per_floor":[80,80,80,80,80,80,80,80,80,80,80],"card_choices":[{"not_picked":["HollowMod:NewLittleFool","HollowMod:DashSlash"],"picked":"HollowMod:DoubleDash","floor":1},{"not_picked":["HollowMod:CloakDash","HollowMod:SiblingsSouls"],"picked":"HollowMod:PureNailStrike","floor":2},{"not_picked":["HollowMod:NewLittleFool","HollowMod:RecoilStrike"],"picked":"HollowMod:ShadowDash+1","floor":5}],"player_experience":639630,"relics_obtained":[{"floor":3,"key":"Grinning Jar"},{"floor":7,"key":"Ancient Tea Set"},{"floor":9,"key":"ScarletDevilRocket"}],"event_choices":[{"damage_healed":0,"gold_gain":0,"player_choice":"Donut","damage_taken":0,"max_hp_gain":5,"max_hp_loss":0,"event_name":"Big Fish","floor":0,"gold_loss":0}],"is_beta":false,"boss_relics":[],"items_purged_floors":[],"is_endless":false,"potions_floor_spawned":[1],"killed_by":"Fading Forest","ascension_level":5}}