{"host":"lvglfvqy3xrupc2a","time":1611519758,"event":{"mods":["Act Like it!","Aspiration","BaseMod","Better Altar","Better Match","Better Note","Better Sensory Stone","Better Skull","Better Third Choice","BetterRewards","Conspire","Dark Map","Friendly Minions","Gensokyo","Grow up Mod","GungeonMod","Hallownest","Hubris","HumanHunterMod(????mod)","Humility","Infinite Spire","Ironclad Rager","Lobotomy","LobotomyExtend","Mimic Mod","Minty Spire (QoL Compilation)","MostiFishMod","Remove Card Discount Mod","Replay The Spire","Reworked Bosses","Spicy Shops","StSLib","The Blue Laboratory","Uncapped","[IsaacMod]????","vexMod"],"gold_per_floor":[115,135,435,435,452,452,480,480,480,513,533,547,581,600,600,674,674,693,693,706,706,225,225,317,352,352,352],"floor_reached":26,"language":"ENG","playtime":2609,"items_purged":["BigBird","Regret","Writhe"],"score":484,"play_id":"6bb4fc9d-5070-4ca6-b00c-849c497e524e","local_time":"20210124142238","is_ascension_mode":true,"campfire_choices":[{"data":"Bash","floor":6,"key":"SMITH"},{"data":"Sword Boomerang","floor":8,"key":"SMITH"},{"data":"Perfected Strike","floor":15,"key":"SMITH"},{"data":"Barricade","floor":23,"key":"SMITH"}],"circlet_count":0,"master_deck":["LongBird","AscendersBane","Strike_R","Strike_R","Strike_R","Strike_R","Strike_R","Defend_R","Defend_R","Defend_R","Defend_R","Bash+1","UniverseFragment","Shrug It Off","MHz","Sword Boomerang+1","OldLady","Cleave","Thunderclap","Clothesline","OSAHOGD","Flame Barrier","WallGazer","Iron Wave","Rampage","Wellcheers","Perfected Strike+1","Barricade+1","ShyLook","Armaments+1","Flex","Infernal Blade","Flex+1"],"relics":["Black Blood","HushsDoor","DaveBox","CogitoBucket","RabbitCall","DoctorsRemote","The Courier","SynthV:TestCard","LetterFromLob","hubris:Metronome","Replay:Towering Pillar of Hats","Meat on the Bone","YumHeart","Lamp_r","aspiration:FrozenJewel","Akabeko","DemoMod:Antibody","SalivaCoin","BrkXgEgg","infinitespire:Joker Card","Justitia_r","vexMod:InvisibilityCloak"],"acts_visited":["Exordium","TheCity"],"potions_floor_usage":[12,18,24],"damage_taken":[{"damage":14,"enemies":"2 Louse","floor":1,"turns":3},{"damage":15,"enemies":"Cultist","floor":2,"turns":5},{"damage":4,"enemies":"conspire:RoseBush","floor":5,"turns":4},{"damage":73,"enemies":"Gremlin Nob","floor":7,"turns":5},{"damage":30,"enemies":"Lagavulin","floor":10,"turns":5},{"damage":62,"enemies":"Looter","floor":11,"turns":8},{"damage":19,"enemies":"conspire:2 RoseBushes","floor":12,"turns":3},{"damage":15,"enemies":"Replay:BlueRogue","floor":13,"turns":3},{"damage":8,"enemies":"Red Slaver","floor":14,"turns":3},{"damage":47,"enemies":"Fading Forest","floor":16,"turns":11},{"damage":69,"enemies":"2 Thieves","floor":18,"turns":15},{"damage":17,"enemies":"Chosen","floor":20,"turns":3},{"damage":42,"enemies":"Replay:Snechameleon","floor":24,"turns":8},{"damage":35,"enemies":"conspire:HollyBat","floor":25,"turns":5}],"seed_played":"-4107443882664192222","potions_obtained":[{"floor":1,"key":"Energy Potion"},{"floor":11,"key":"blueLaboratory:PyrophylliteBrew"},{"floor":12,"key":"LifebloodPotion"},{"floor":20,"key":"blueLaboratory:LouseDecoction"}],"is_trial":false,"path_per_floor":["M","M","?","?","M","R","E","R","T","E","M","M","E","M","R","B",null,"M","?","M","?","$","R","E","M","T"],"character_chosen":"IRONCLAD","items_purchased":["DemoMod:Antibody","SalivaCoin","BrkXgEgg"],"campfire_rested":0,"item_purchase_floors":[22,22,22],"current_hp_per_floor":[80,81,91,101,113,123,66,76,86,84,50,59,97,117,127,115,223,176,186,191,201,211,221,213,200,200,200],"gold":352,"neow_bonus":"","is_daily":false,"chose_seed":false,"campfire_upgraded":4,"win_rate":0.0,"timestamp":1611519758,"path_taken":["M","M","?","?","?","R","E","R","T","E","M","M","E","M","R","BOSS","M","?","M","?","$","R","E","M","T"],"items_purchased_type":["Relic","Relic","Relic"],"build_version":"2020-12-22","purchased_purges":3,"victory":false,"max_hp_per_floor":[95,105,115,125,135,145,155,165,175,185,195,205,215,225,235,245,255,265,275,285,295,305,315,325,335,335,335],"card_choices":[{"not_picked":["CrumblingArmor","MeatLantern"],"picked":"UniverseFragment","floor":1},{"not_picked":["ReplayTheSpireMod:Strike From Hell","Warcry"],"picked":"Shrug It Off","floor":1},{"not_picked":["WhitesApple","PunishingBird","CrumblingArmor"],"picked":"Singing Bowl","floor":2},{"not_picked":["PunishingBird","Scorched"],"picked":"MHz","floor":2},{"not_picked":["Dark Embrace","Pommel Strike","Run Through","ReplayTheSpireMod:LeadingStrike"],"picked":"Sword Boomerang","floor":2},{"not_picked":["PunishingBird","VoidDream","BlackSwan"],"picked":"Singing Bowl","floor":5},{"not_picked":["Scorched","PunishingBird"],"picked":"OldLady","floor":5},{"not_picked":["Bomb","Pommel Strike","True Grit","Sever Soul"],"picked":"Cleave","floor":5},{"not_picked":["Scorched","SpiderBud","GalaxyChild"],"picked":"Singing Bowl","floor":7},{"not_picked":["Disarm","Sword Boomerang","Sever Soul","Clash"],"picked":"Thunderclap","floor":7},{"not_picked":["CherryBlossoms","Scorched"],"picked":"BigBird","floor":10},{"not_picked":["Perfected Strike","MostiFishMod:UltimateDefense","Battle Trance","Havoc"],"picked":"Clothesline","floor":10},{"not_picked":["SpiderBud","BeautyBeast"],"picked":"OSAHOGD","floor":11},{"not_picked":["Iron Wave","Wild Strike","Perfected Strike","Replay:Undeath\u0027s Touch"],"picked":"Flame Barrier","floor":11},{"not_picked":["MeatLantern","Mercenary"],"picked":"WallGazer","floor":12},{"not_picked":["Double Tap","True Grit","Reckless Charge","ReplayTheSpireMod:Muscle Training"],"picked":"Iron Wave","floor":12},{"not_picked":["FairyFestival","BigBadWolf","Murderer"],"picked":"Singing Bowl","floor":13},{"not_picked":["Eclipse","Flex","Reckless Charge","Life Link"],"picked":"Rampage","floor":13},{"not_picked":["CherryBlossoms","SilentOrchestra"],"picked":"Wellcheers","floor":14},{"not_picked":["Shrug It Off","Life Link","Power Through","Reckless Charge"],"picked":"Perfected Strike","floor":14},{"not_picked":["FairyFestival","HappyTeddy","Mercenary"],"picked":"Singing Bowl","floor":16},{"not_picked":["Replay:Many Hands","MostiFishMod:RainCloud","conspire:Purge","MostiFishMod:DarkDeal"],"picked":"Barricade","floor":16},{"not_picked":["FairyFestival","VoidDream","BlackArmy"],"picked":"Singing Bowl","floor":18},{"not_picked":["Freischutz","VoidDream"],"picked":"ShyLook","floor":18},{"not_picked":["Rupture","Entrench","Havoc","Clash"],"picked":"Armaments+1","floor":18},{"not_picked":["SpiderBud","Murderer"],"picked":"LongBird","floor":20},{"not_picked":["MostiFishMod:RacingGame","Wild Strike","Combust","Second Wind"],"picked":"Flex","floor":20},{"not_picked":["CrumblingArmor","BigBird","PunishingBird"],"picked":"Singing Bowl","floor":24},{"not_picked":["ReplayTheSpireMod:Muscle Training+1","Sentinel","Cleave+1","hubris:ReadiedAction"],"picked":"Infernal Blade","floor":24},{"not_picked":["QueenBee","NothingThere","SpiderBud"],"picked":"Singing Bowl","floor":25},{"not_picked":["ReplayTheSpireMod:Strike From Hell","True Grit+1","Sword Boomerang","Clash"],"picked":"Flex+1","floor":25}],"player_experience":1049450,"relics_obtained":[{"floor":1,"key":"SynthV:TestCard"},{"floor":1,"key":"LetterFromLob"},{"floor":7,"key":"Replay:Towering Pillar of Hats"},{"floor":9,"key":"Meat on the Bone"},{"floor":10,"key":"YumHeart"},{"floor":13,"key":"aspiration:FrozenJewel"},{"floor":24,"key":"infinitespire:Joker Card"},{"floor":26,"key":"vexMod:InvisibilityCloak"}],"event_choices":[{"damage_healed":0,"gold_gain":0,"player_choice":"Box","damage_taken":0,"relics_obtained":["hubris:Metronome"],"max_hp_gain":0,"max_hp_loss":0,"event_name":"Big Fish","floor":4,"gold_loss":0,"cards_obtained":["Regret"]},{"cards_removed":["Armaments"],"damage_healed":0,"gold_gain":0,"player_choice":"Give","damage_taken":0,"max_hp_gain":0,"max_hp_loss":0,"event_name":"betterNote:BetterNote","floor":19,"gold_loss":0,"cards_obtained":["None"]},{"damage_healed":0,"gold_gain":0,"player_choice":"Opened","damage_taken":0,"relics_obtained":["Akabeko"],"max_hp_gain":0,"max_hp_loss":0,"event_name":"The Mausoleum","floor":21,"gold_loss":0,"cards_obtained":["Writhe"]}],"is_beta":false,"boss_relics":[{"not_picked":["Painkiller Herb","Fusion Hammer"],"picked":"Black Blood"},{"not_picked":[]}],"items_purged_floors":[22,22,22],"is_endless":false,"potions_floor_spawned":[1,11,12,13,16,20],"ascension_level":15}}