{"host":"yvb207ks1sg3cxef","time":1611482801,"event":{"mods":["2.2 Compatiblity","BaseMod","Bestiary","Colored Powertips","Minty Spire (QoL Compilation)","Permanent Neow","Quick Restart","Relic Stats","StSLib"],"gold_per_floor":[362,373,373,373,373,373,373,373,373,406,423,24,39,70,70,142,142,152,162,162,162,182,182,97,131,155,173,191,191,191],"floor_reached":29,"language":"ENG","playtime":1185,"items_purged":["Strike_P"],"score":481,"play_id":"a65e1369-a68e-4cc9-8b9b-ae28f81377c6","local_time":"20210124153641","is_ascension_mode":true,"campfire_choices":[{"data":"FlurryOfBlows","floor":6,"key":"SMITH"},{"data":"FlyingSleeves","floor":8,"key":"SMITH"},{"data":"Wallop","floor":15,"key":"SMITH"},{"data":"Devotion","floor":23,"key":"SMITH"}],"circlet_count":0,"master_deck":["AscendersBane","Defend_P","Defend_P","Defend_P","Defend_P","Eruption+1","Vigilance","FlyingSleeves+1","FlurryOfBlows+1","MentalFortress+1","ThirdEye+1","Wallop+1","Study","Protect+1","EmptyBody+1","Devotion+1","CutThroughFate","Halt+1","Prostrate+1","MentalFortress","WheelKick","Indignation+1","FlurryOfBlows+1"],"relics":["PureWater","Oddly Smooth Stone","Dream Catcher","Toxic Egg 2","Potion Belt","Ancient Tea Set","SacredBark","StoneCalendar","Lantern","Blood Vial"],"acts_visited":["Exordium","TheCity"],"potions_floor_usage":[10,16,19,25,27,28],"damage_taken":[{"damage":12,"enemies":"Small Slimes","floor":1,"turns":4},{"damage":0,"enemies":"2 Louse","floor":2,"turns":2},{"damage":16,"enemies":"Gremlin Nob","floor":10,"turns":3},{"damage":0,"enemies":"Cultist","floor":11,"turns":3},{"damage":2,"enemies":"3 Louse","floor":13,"turns":4},{"damage":1,"enemies":"3 Sentries","floor":14,"turns":8},{"damage":20,"enemies":"Slime Boss","floor":16,"turns":7},{"damage":0,"enemies":"Chosen","floor":18,"turns":5},{"damage":15,"enemies":"Shell Parasite","floor":19,"turns":3},{"damage":2,"enemies":"Sentry and Sphere","floor":22,"turns":5},{"damage":20,"enemies":"Gremlin Leader","floor":25,"turns":7},{"damage":1,"enemies":"Snake Plant","floor":27,"turns":4},{"damage":17,"enemies":"Snecko","floor":28,"turns":7},{"damage":8,"enemies":"Book of Stabbing","floor":29,"turns":2}],"seed_played":"-929164771953435979","potions_obtained":[{"floor":1,"key":"GamblersBrew"},{"floor":10,"key":"DuplicationPotion"},{"floor":16,"key":"LiquidMemories"},{"floor":18,"key":"LiquidBronze"},{"floor":25,"key":"StancePotion"},{"floor":27,"key":"SneckoOil"},{"floor":28,"key":"Fire Potion"}],"is_trial":false,"path_per_floor":["M","M","?","?","?","R","T","R","T","E","M","$","M","E","R","B",null,"M","M","?","?","M","R","?","E","T","M","M","E"],"character_chosen":"WATCHER","items_purchased":["Wallop","Potion Belt","Study"],"campfire_rested":0,"item_purchase_floors":[12,12,12],"current_hp_per_floor":[31,31,53,53,46,46,46,46,46,30,30,30,28,27,27,7,53,53,38,38,38,36,36,36,16,16,17,2,0,0],"gold":191,"neow_bonus":"TWO_FIFTY_GOLD","is_daily":false,"chose_seed":false,"campfire_upgraded":4,"win_rate":0.0,"timestamp":1611482801,"path_taken":["M","M","?","?","?","R","?","R","T","E","M","$","?","E","R","BOSS","M","M","?","?","?","R","?","E","T","M","M","E"],"items_purchased_type":["Card","Relic","Card"],"build_version":"2020-12-22","purchased_purges":1,"victory":false,"max_hp_per_floor":[68,68,68,68,68,68,68,68,68,68,68,68,68,68,68,68,68,68,68,68,68,68,68,68,68,68,68,68,68,68],"relic_stats":{"Blood Vial":6,"Dream Catcher":0,"counters":[14,64],"StoneCalendar":[94],"obtain_stats":[{"Potion Belt":12,"Blood Vial":26,"Dream Catcher":9,"Lantern":25,"SacredBark":17,"Oddly Smooth Stone":7,"StoneCalendar":24,"PureWater":0,"Toxic Egg 2":10,"Ancient Tea Set":14},{"Potion Belt":4,"Blood Vial":11,"Dream Catcher":2,"Lantern":11,"SacredBark":7,"Oddly Smooth Stone":2,"StoneCalendar":10,"PureWater":0,"Toxic Egg 2":3,"Ancient Tea Set":6},{"Potion Belt":12,"Blood Vial":51,"Dream Catcher":6,"Lantern":51,"SacredBark":31,"Oddly Smooth Stone":6,"StoneCalendar":44,"PureWater":0,"Toxic Egg 2":9,"Ancient Tea Set":24}]},"card_choices":[{"not_picked":["EmptyMind","FollowUp"],"picked":"FlyingSleeves","floor":1},{"not_picked":["PathToVictory","CutThroughFate"],"picked":"FlurryOfBlows","floor":2},{"not_picked":["ClearTheMind+1","Protect+1"],"picked":"MentalFortress","floor":10},{"not_picked":["Halt+1","Vengeance+1"],"picked":"ThirdEye+1","floor":11},{"not_picked":["SandsOfTime","Study"],"picked":"Protect+1","floor":13},{"not_picked":["CrushJoints","FlyingSleeves"],"picked":"EmptyBody+1","floor":14},{"not_picked":["DevaForm","Judgement+1"],"picked":"Devotion","floor":16},{"not_picked":["Consecrate","Conclude","Protect+1"],"picked":"SKIP","floor":18},{"not_picked":["Weave","BowlingBash"],"picked":"CutThroughFate","floor":19},{"not_picked":["ThirdEye+1","SashWhip"],"picked":"MentalFortress","floor":22},{"not_picked":["ThirdEye+1","WreathOfFlame+1"],"picked":"WheelKick","floor":25},{"not_picked":["CrushJoints","ThirdEye+1"],"picked":"Indignation+1","floor":27},{"not_picked":["Worship+1","Protect+1"],"picked":"FlurryOfBlows+1","floor":28}],"player_experience":433199,"relics_obtained":[{"floor":7,"key":"Oddly Smooth Stone"},{"floor":9,"key":"Dream Catcher"},{"floor":10,"key":"Toxic Egg 2"},{"floor":14,"key":"Ancient Tea Set"},{"floor":25,"key":"Lantern"},{"floor":26,"key":"Blood Vial"}],"event_choices":[{"damage_healed":22,"gold_gain":0,"player_choice":"Banana","damage_taken":0,"max_hp_gain":0,"max_hp_loss":0,"event_name":"Big Fish","floor":3,"gold_loss":0},{"damage_healed":0,"gold_gain":0,"player_choice":"Grow","damage_taken":0,"max_hp_gain":0,"max_hp_loss":0,"event_name":"Living Wall","floor":4,"gold_loss":0,"cards_upgraded":["Eruption"]},{"cards_removed":["Strike_P"],"damage_healed":0,"gold_gain":0,"player_choice":"Card Removal","damage_taken":7,"max_hp_gain":0,"max_hp_loss":0,"event_name":"Golden Wing","floor":5,"gold_loss":0},{"damage_healed":0,"gold_gain":0,"cards_transformed":["Strike_P","Strike_P"],"player_choice":"Became Test Subject","damage_taken":0,"max_hp_gain":0,"max_hp_loss":0,"event_name":"Drug Dealer","floor":20,"gold_loss":0,"cards_obtained":["Halt","Prostrate"]},{"damage_healed":0,"gold_gain":0,"player_choice":"Upgraded","damage_taken":0,"max_hp_gain":0,"max_hp_loss":0,"event_name":"Upgrade Shrine","floor":21,"gold_loss":0,"cards_upgraded":["MentalFortress"]},{"damage_healed":0,"gold_gain":0,"player_choice":"Obtained Relic","damage_taken":0,"relics_obtained":["StoneCalendar"],"max_hp_gain":0,"max_hp_loss":0,"event_name":"Addict","floor":24,"gold_loss":85}],"is_beta":false,"boss_relics":[{"not_picked":["Ectoplasm","Busted Crown"],"picked":"SacredBark"}],"items_purged_floors":[12],"is_endless":false,"potions_floor_spawned":[1,10,16,18,25,27,28],"killed_by":"Book of Stabbing","ascension_level":18}}