{"host":"delta","time":1611499208,"event":{"mods":["Act Like it!","BaseMod","Gensokyo","Hallownest","Marisa£®ÏF”Í°°ƒß¿Ì…≥£©","Minty Spire (QoL Compilation)","StSLib","The Bug Knight","[GremlinLeader]The Maniac"],"gold_per_floor":[119,119,119,119,137,171,171,203,250,250,263,263,109,109,109,209,209,229,245,245,345,345,345,345,420,420,436,447,463,498,498,498,598,598,610,520,520,539,557,557,410,410,487,510,510,536,555,566,566,566],"floor_reached":51,"language":"ZHS","playtime":2558,"items_purged":["Strike_MRS"],"score":947,"play_id":"5a21f491-9708-44aa-aa90-f97be88c39ab","local_time":"20210124224008","is_ascension_mode":true,"campfire_choices":[{"data":"Gensokyo:CrescentMoonSlash","floor":7.0,"key":"SMITH"},{"data":"MeteoricShower","floor":10.0,"key":"SMITH"},{"data":"MysteriousBeam","floor":12.0,"key":"SMITH"},{"data":"MillisecondPulsars","floor":15.0,"key":"SMITH"},{"data":"ManaRampage","floor":23.0,"key":"SMITH"},{"data":"FinalSpark","floor":32.0,"key":"SMITH"},{"data":"MagicChant","floor":40.0,"key":"SMITH"},{"data":"Gensokyo:PrivateSquare","floor":45,"key":"SMITH"},{"data":"CasketOfStar","floor":49,"key":"SMITH"}],"circlet_count":0,"master_deck":["Strike_MRS","Strike_MRS","Strike_MRS","Defend_MRS","Defend_MRS","Defend_MRS","Defend_MRS","UpSweep","OrrerysSun","Gensokyo:CrescentMoonSlash+1","OortCloud","ShootingEcho","MeteoricShower+1","MillisecondPulsars+1","FinalSpark+1","AsteroidBelt","MagicChant+1","ManaRampage+1","Acceleration","MagicChant+1","AsteroidBelt","Acceleration+1","CasketOfStar+1","Acceleration","Gensokyo:CustomPotion","MysteriousBeam+1","Acceleration+1","PulseMagic","Gensokyo:PrivateSquare+1","Pride","AlicesGift","PowerUp+1","GrandCross"],"relics":["MiniHakkero","NeowsBlessing","Gensokyo:Mercy","Gensokyo:LunaticRedEyes","Vajra","WingedGreaves","Orichalcum","Happy Flower","Coffee Dripper","Unceasing Top","Incense Burner","Gensokyo:ChorusOfJoy","Shuriken","Ancient Tea Set","Bag of Marbles","HollowMod:PaleOreRelic","Runic Pyramid","TungstenRod","Pear","Omamori","MagicBroom"],"acts_visited":["Gensokyo:Gensokyo","Gensokyo:Gensokyoer","Gensokyo:Gensokyoest"],"potions_floor_usage":[],"damage_taken":[{"damage":0.0,"enemies":"Gensokyo:2_Kodama","floor":1.0,"turns":1.0},{"damage":0.0,"enemies":"Gensokyo:3_Fairies","floor":5.0,"turns":1.0},{"damage":4.0,"enemies":"Gensokyo:Mamizou","floor":6.0,"turns":3.0},{"damage":4.0,"enemies":"Gensokyo:Cirno","floor":8.0,"turns":5.0},{"damage":1.0,"enemies":"Gensokyo:Gryphon","floor":11.0,"turns":2.0},{"damage":8.0,"enemies":"Gensokyo:Yukari","floor":16.0,"turns":7.0},{"damage":0.0,"enemies":"Gensokyo:Chomper","floor":18.0,"turns":3.0},{"damage":0.0,"enemies":"Gensokyo:2_Gloops","floor":19.0,"turns":3.0},{"damage":19.0,"enemies":"Gensokyo:2_Gloops","floor":21.0,"turns":5.0},{"damage":13.0,"enemies":"Gensokyo:Mirror_and_Dog","floor":27.0,"turns":3.0},{"damage":0.0,"enemies":"Gensokyo:Swordslinger","floor":28.0,"turns":1.0},{"damage":0.0,"enemies":"Gensokyo:Monolith_and_Dog","floor":29.0,"turns":4.0},{"damage":2.0,"enemies":"Gensokyo:Koishi","floor":30.0,"turns":3.0},{"damage":2.0,"enemies":"Gensokyo:Eiki","floor":33.0,"turns":6.0},{"damage":0.0,"enemies":"Gensokyo:3_Boulders","floor":35.0,"turns":2.0},{"damage":0.0,"enemies":"Gensokyo:3_Bats","floor":38.0,"turns":2.0},{"damage":0.0,"enemies":"Gensokyo:Sharpion","floor":39.0,"turns":2.0},{"damage":0,"enemies":"Gensokyo:Kasen","floor":46,"turns":2},{"damage":0,"enemies":"Gensokyo:Dusk_and_Dawn","floor":47,"turns":2},{"damage":0,"enemies":"Gensokyo:AtlasGolem","floor":48,"turns":3},{"damage":0,"enemies":"Gensokyo:Shinki","floor":50,"turns":4}],"seed_played":"3025315642080726280","potions_obtained":[{"floor":5.0,"key":"Weak Potion"},{"floor":8.0,"key":"Fruit Juice"},{"floor":11.0,"key":"DuplicationPotion"},{"floor":21.0,"key":"Strength Potion"},{"floor":29.0,"key":"FearPotion"},{"floor":30.0,"key":"DuplicationPotion"},{"floor":39.0,"key":"ShroomBrew"}],"is_trial":false,"path_per_floor":["M","?","?","?","M","E","R","E","T","R","M","R","$","?","R","B",null,"M","M","?","?","?","R","?","T","T","M","M","M","E","?","R","B",null,"M","?","?","M","M","R","$","?","T","T","R","E","M","M","R","B",null],"character_chosen":"MARISA","items_purchased":["Happy Flower","PulseMagic"],"campfire_rested":0,"item_purchase_floors":[13,41],"current_hp_per_floor":[75,75,75,64,64,60,60,56,56,56,55,55,55,55,55,47,75,75,75,75,56,56,56,56,56,56,43,43,43,46,46,46,44,74,74,74,45,45,45,45,45,45,55,55,55,55,55,55,55,55],"gold":566,"neow_bonus":"THREE_ENEMY_KILL","is_daily":false,"chose_seed":false,"campfire_upgraded":9,"win_rate":0.0,"timestamp":1611499208,"path_taken":["M","?","?","?","M","E","R","E","T","R","?","R","?","?","R","BOSS","M","M","?","?","?","R","?","?","T","M","?","M","E","?","R","BOSS","M","?","?","M","M","R","$","?","T","?","R","E","?","M","R","BOSS"],"items_purchased_type":["Relic","Card"],"build_version":"2020-12-18","purchased_purges":1,"victory":true,"max_hp_per_floor":[75,75,75,75,75,75,75,75,75,75,75,75,75,75,75,75,75,75,75,75,75,75,75,75,75,75,75,75,75,80,74,74,74,74,74,74,74,74,74,74,74,74,84,84,84,84,84,84,84,84],"card_choices":[{"not_picked":["LuminesStrike","SporeBomb"],"picked":"OrrerysSun","floor":1.0},{"not_picked":["GalacticHalo","LuminesStrike"],"picked":"OortCloud","floor":5.0},{"not_picked":["AsteroidBelt","SporeBomb"],"picked":"ShootingEcho","floor":6.0},{"not_picked":["DoubleSpark","MilkyWay"],"picked":"MeteoricShower","floor":8.0},{"not_picked":["WitchLeyline","MilkyWay"],"picked":"MysteriousBeam","floor":11.0},{"not_picked":["CasketOfStar","CollectingQuirk"],"picked":"FinalSpark","floor":16.0},{"not_picked":["GravityBeat+1","UnstableBomb"],"picked":"AsteroidBelt","floor":18.0},{"not_picked":["UnstableBomb+1","Acceleration+1"],"picked":"MagicChant+1","floor":19.0},{"not_picked":["GalacticHalo","DoubleSpark"],"picked":"Acceleration","floor":21.0},{"not_picked":["DC","TreasureHunter","WitchOfGreed"],"picked":"SKIP","floor":27.0},{"not_picked":["ManaConvection+1","GravityBeat"],"picked":"MagicChant","floor":28.0},{"not_picked":["MysteriousBeam","WitchOfGreed"],"picked":"AsteroidBelt","floor":29.0},{"not_picked":["DC","Occultation+1"],"picked":"Acceleration+1","floor":30.0},{"not_picked":["EscapeVelocity","FinalSpark"],"picked":"CasketOfStar","floor":33.0},{"not_picked":["Occultation+1","GrandCross"],"picked":"Acceleration","floor":35.0},{"not_picked":["NonDirectionalLaser+1","LuminesStrike"],"picked":"MysteriousBeam+1","floor":38.0},{"not_picked":["MagicChant","SprinkleStarSeal+1"],"picked":"Acceleration+1","floor":39.0},{"not_picked":["WitchOfGreed","OrrerysSun"],"picked":"AlicesGift","floor":46},{"not_picked":["Occultation","GravityBeat+1"],"picked":"PowerUp+1","floor":47},{"not_picked":["DarkSpark+1","Occultation"],"picked":"GrandCross","floor":48}],"player_experience":333990,"relics_obtained":[{"floor":6.0,"key":"Vajra"},{"floor":8.0,"key":"WingedGreaves"},{"floor":9.0,"key":"Orichalcum"},{"floor":21.0,"key":"Unceasing Top"},{"floor":21.0,"key":"Incense Burner"},{"floor":25.0,"key":"Shuriken"},{"floor":26.0,"key":"Ancient Tea Set"},{"floor":30.0,"key":"Bag of Marbles"},{"floor":43,"key":"Pear"},{"floor":44,"key":"Omamori"},{"floor":46,"key":"MagicBroom"}],"event_choices":[],"is_beta":true,"boss_relics":[{"not_picked":["Runic Dome","Sozu"],"picked":"Coffee Dripper"},{"not_picked":["BewitchedHakkero","Fusion Hammer"],"picked":"Runic Pyramid"}],"items_purged_floors":[41],"is_endless":false,"potions_floor_spawned":[5,8,11,21,29,30,39,47],"ascension_level":2}}