{"host":"3jpcvpprzj9sjffh","time":1611468761,"event":{"mods":["AchievementEnabler","BaseMod","Colored Map","Minty Spire (QoL Compilation)","Rare Cards Sparkle","SuperFastMode","everything is the same but u backflip on backflip"],"gold_per_floor":[116,116,116,134,150,150,169,169,223,267,291,291,316,330,330,451,451,472,495,188,113,138,138,179,194,269,285,285,285],"floor_reached":28,"language":"KOR","playtime":1110,"items_purged":["Pain"],"score":244,"play_id":"8f3dd841-2c08-4be0-bf4e-64a84c656caf","local_time":"20210124151241","is_ascension_mode":false,"campfire_choices":[{"data":"Fire Breathing","floor":6,"key":"SMITH"},{"data":"Pommel Strike","floor":8,"key":"SMITH"},{"floor":12,"key":"REST"},{"floor":15,"key":"REST"},{"floor":23,"key":"REST"}],"circlet_count":0,"master_deck":["Strike_R+1","Strike_R","Strike_R","Strike_R","Defend_R","Defend_R","Defend_R","Defend_R","Bash+1","Pommel Strike+1","Ghostly Armor","Fire Breathing+1","Reckless Charge","Cleave","Rupture","Spot Weakness","Metallicize","Impervious","CurseOfTheBell","True Grit","Pummel","Shrug It Off","Heavy Blade","Flex","Evolve","Body Slam"],"relics":["Burning Blood","NeowsBlessing","Golden Idol","WarpedTongs","Whetstone","Calling Bell","Omamori","StrikeDummy","Champion Belt","Happy Flower","Mango","Bottled Tornado"],"acts_visited":["Exordium","TheCity"],"potions_floor_usage":[13,16,19,24,24,24],"damage_taken":[{"damage":0,"enemies":"Small Slimes","floor":1,"turns":1},{"damage":1,"enemies":"Jaw Worm","floor":4,"turns":1},{"damage":0,"enemies":"Cultist","floor":5,"turns":1},{"damage":17,"enemies":"Looter","floor":7,"turns":4},{"damage":42,"enemies":"Lagavulin","floor":10,"turns":7},{"damage":16,"enemies":"Exordium Wildlife","floor":11,"turns":4},{"damage":22,"enemies":"Large Slime","floor":13,"turns":5},{"damage":5,"enemies":"2 Fungi Beasts","floor":14,"turns":3},{"damage":32,"enemies":"The Guardian","floor":16,"turns":8},{"damage":43,"enemies":"2 Thieves","floor":18,"turns":4},{"damage":20,"enemies":"Spheric Guardian","floor":19,"turns":6},{"damage":16,"enemies":"Snake Plant","floor":22,"turns":6},{"damage":25,"enemies":"Slavers","floor":24,"turns":5},{"damage":14,"enemies":"Cultist and Chosen","floor":25,"turns":6},{"damage":16,"enemies":"Sentry and Sphere","floor":27,"turns":6},{"damage":20,"enemies":"Centurion and Healer","floor":28,"turns":6}],"seed_played":"7409762623490644657","potions_obtained":[{"floor":4,"key":"Ancient Potion"},{"floor":10,"key":"AttackPotion"},{"floor":11,"key":"Block Potion"},{"floor":13,"key":"SneckoOil"},{"floor":18,"key":"FearPotion"},{"floor":19,"key":"EssenceOfSteel"},{"floor":22,"key":"AttackPotion"},{"floor":24,"key":"SteroidPotion"}],"is_trial":false,"path_per_floor":["M","?","?","M","M","R","M","R","T","E","M","R","M","M","R","B",null,"M","M","$","?","M","R","E","M","T","M","M"],"character_chosen":"IRONCLAD","items_purchased":["Pummel","Happy Flower","Shrug It Off"],"campfire_rested":3,"item_purchase_floors":[20,20,20],"current_hp_per_floor":[80,60,60,65,71,71,60,60,60,24,14,38,22,23,47,21,80,43,29,29,29,19,43,38,30,30,20,0,0],"gold":285,"neow_bonus":"THREE_ENEMY_KILL","is_daily":false,"chose_seed":false,"campfire_upgraded":2,"win_rate":0.0,"timestamp":1611468761,"path_taken":["M","?","?","M","?","R","M","R","T","E","M","R","M","M","R","BOSS","M","M","$","?","M","R","E","M","T","M","M"],"items_purchased_type":["Card","Relic","Card"],"build_version":"2020-12-22","purchased_purges":1,"victory":false,"max_hp_per_floor":[80,80,80,80,80,80,80,80,80,80,80,80,80,80,80,80,80,80,80,80,80,80,80,94,94,94,94,94,94],"card_choices":[{"not_picked":["Flex","Thunderclap"],"picked":"Pommel Strike","floor":1},{"not_picked":["Rampage","Warcry"],"picked":"Ghostly Armor","floor":4},{"not_picked":["Perfected Strike","Flex"],"picked":"Fire Breathing","floor":5},{"not_picked":["Perfected Strike","Ghostly Armor"],"picked":"Reckless Charge","floor":7},{"not_picked":["Thunderclap","Sword Boomerang"],"picked":"Cleave","floor":10},{"not_picked":["Headbutt","Iron Wave"],"picked":"Rupture","floor":11},{"not_picked":["Headbutt","Thunderclap"],"picked":"Spot Weakness","floor":13},{"not_picked":["Sword Boomerang","Impervious"],"picked":"Metallicize","floor":14},{"not_picked":["Corruption","Brutality"],"picked":"Impervious","floor":16},{"not_picked":["Whirlwind","Cleave","Hemokinesis"],"picked":"SKIP","floor":18},{"not_picked":["Whirlwind","Combust"],"picked":"True Grit","floor":19},{"not_picked":["Sword Boomerang+1","Iron Wave"],"picked":"Heavy Blade","floor":22},{"not_picked":["Shockwave","Rupture"],"picked":"Flex","floor":24},{"not_picked":["Fiend Fire","Perfected Strike+1"],"picked":"Evolve","floor":25},{"not_picked":["Havoc","Pommel Strike"],"picked":"Body Slam","floor":27}],"player_experience":295213,"relics_obtained":[{"floor":10,"key":"Whetstone"},{"floor":17,"key":"Omamori"},{"floor":17,"key":"StrikeDummy"},{"floor":17,"key":"Champion Belt"},{"floor":24,"key":"Mango"},{"floor":26,"key":"Bottled Tornado"}],"event_choices":[{"damage_healed":0,"gold_gain":0,"player_choice":"Take Damage","damage_taken":20,"relics_obtained":["Golden Idol"],"max_hp_gain":0,"max_hp_loss":0,"event_name":"Golden Idol","floor":2,"gold_loss":0},{"damage_healed":0,"gold_gain":0,"player_choice":"Rummage","damage_taken":0,"relics_obtained":["WarpedTongs"],"max_hp_gain":0,"max_hp_loss":0,"event_name":"Accursed Blacksmith","floor":3,"gold_loss":0,"cards_obtained":["Pain"]},{"cards_removed":["Strike_R"],"damage_healed":0,"gold_gain":0,"player_choice":"Gave Gold","damage_taken":0,"max_hp_gain":0,"max_hp_loss":0,"event_name":"Beggar","floor":21,"gold_loss":75}],"is_beta":false,"boss_relics":[{"not_picked":["Astrolabe","Cursed Key"],"picked":"Calling Bell"}],"items_purged_floors":[20],"is_endless":false,"potions_floor_spawned":[4,10,11,13,18,19,22,24],"killed_by":"Centurion and Healer","ascension_level":0}}