{"host":"8i58hvcssdezoe94","time":1611477610,"event":{"mods":["Act Like it!","BaseMod","BetterRewards","Colored Map","Colored Powertips","Conspire","Downfall","Gensokyo","Good Game Mod","KinomotoSakuraMod(木之本樱)","Marisa（F雨　魔理沙）","Minty Spire (QoL Compilation)","Quick Restart","Rare Cards Sparkle","Remilia（蕾米莉亚）","Replay The Spire","Shop Mod","StSLib","The Bug Knight","The Construct","The Cursed","The Hierophant","The Jungle","The Servant 0.9.4"],"gold_per_floor":[119,119,119,130,130,159,87,87,167,187,204,3,18,53,53,151,151,171,171,190,190,190],"floor_reached":21,"language":"ZHS","playtime":925,"items_purged":[],"score":189,"play_id":"df6cd195-9e1e-4884-a2a9-bc73a6fc9de5","local_time":"20210124164010","is_ascension_mode":false,"campfire_choices":[{"floor":8,"key":"RECALL"},{"data":"champ:StrikeOfGenius","floor":15,"key":"SMITH"}],"circlet_count":0,"master_deck":["Strike_R","Strike_R","Strike_R","Strike_R","Strike_R","Defend_R","Defend_R","Defend_R","Defend_R","Bash","champ:StrikeOfGenius+1","Blind","Cleave","Pommel Strike","ReplayTheSpireMod:Stacked","Headbutt","Ghostly Armor","Armaments+1","Combust","Flex","conspire:ExplosiveBarrier","Bandage Up","Thunderclap","Heavy Blade","Feed","Juggernaut","Pommel Strike+1","ReplayTheSpireMod:LeadingStrike+1","Metallicize+1"],"relics":["Burning Blood","REME:ComplimentaryCards","Prayer Wheel","ReplayTheSpireMod:Ninjato","Counterbalance","Membership Card","Tiny Chest","Smiling Mask","Black Star"],"acts_visited":["Gensokyo:Gensokyo","TheCity"],"potions_floor_usage":[],"damage_taken":[{"damage":12,"enemies":"Gensokyo:2_Kodama","floor":1,"turns":5},{"damage":3,"enemies":"Gensokyo:Gryphon","floor":4,"turns":4},{"damage":22,"enemies":"Gensokyo:Mamizou","floor":6,"turns":8},{"damage":4,"enemies":"Gensokyo:Python","floor":10,"turns":4},{"damage":7,"enemies":"Gensokyo:2_Rabbits","floor":11,"turns":4},{"damage":0,"enemies":"Gensokyo:VengefulSpirit","floor":13,"turns":4},{"damage":11,"enemies":"Gensokyo:Aya","floor":14,"turns":5},{"damage":42,"enemies":"Gensokyo:Yukari","floor":16,"turns":9},{"damage":13,"enemies":"Shell Parasite","floor":18,"turns":6},{"damage":61,"enemies":"conspire:FuzzyDice","floor":20,"turns":7},{"damage":35,"enemies":"Chosen and Byrds","floor":21,"turns":6}],"seed_played":"-5704852259979275741","potions_obtained":[{"floor":10,"key":"SteroidPotion"},{"floor":11,"key":"ColorlessPotion"},{"floor":13,"key":"GamblersBrew"}],"is_trial":false,"path_per_floor":["M","?","?","M","T","E","COS","R","T","M","M","$","M","E","R","B",null,"M","?","M","M"],"character_chosen":"IRONCLAD","items_purchased":["Blind","Prayer Wheel","Membership Card","Bandage Up"],"campfire_rested":0,"item_purchase_floors":[0,0,12,12],"current_hp_per_floor":[74,74,74,77,77,61,61,61,61,63,62,62,72,71,71,39,80,79,79,28,0,0],"gold":190,"neow_bonus":"","is_daily":false,"chose_seed":false,"campfire_upgraded":1,"win_rate":0.0,"timestamp":1611477610,"path_taken":["M","?","?","M","?","E","COS","R","T","M","M","?","M","E","R","BOSS","M","?","M","M"],"items_purchased_type":["Card","Relic","Relic","Card"],"build_version":"2020-12-22","purchased_purges":0,"victory":false,"max_hp_per_floor":[80,80,80,80,80,80,80,80,80,80,80,80,80,80,80,80,80,83,83,83,83,83],"card_choices":[{"not_picked":["Massacre","Intimidate"],"picked":"Cleave","floor":1},{"not_picked":["Clothesline","Anger"],"picked":"Pommel Strike","floor":1},{"not_picked":["True Grit","Headbutt"],"picked":"ReplayTheSpireMod:Stacked","floor":4},{"not_picked":["Replay:Undeath\u0027s Touch","True Grit"],"picked":"Headbutt","floor":4},{"not_picked":["Eclipse","Cleave"],"picked":"Ghostly Armor","floor":6},{"not_picked":["Twin Strike+1","Perfected Strike+1"],"picked":"Armaments+1","floor":10},{"not_picked":["ReplayTheSpireMod:Strike From Hell","Cleave"],"picked":"Combust","floor":10},{"not_picked":["Hemokinesis","Cleave"],"picked":"Flex","floor":10},{"not_picked":["ReplayTheSpireMod:Strike From Hell","Pommel Strike"],"picked":"conspire:ExplosiveBarrier","floor":11},{"not_picked":["Barricade","Clothesline","Inflame"],"picked":"SKIP","floor":11},{"not_picked":["Havoc","Reckless Charge"],"picked":"Thunderclap","floor":13},{"not_picked":["Thunderclap","Twin Strike"],"picked":"Heavy Blade","floor":13},{"not_picked":["conspire:ExplosiveBarrier","Flex"],"picked":"Feed","floor":14},{"not_picked":["Hemogenesis","Offering"],"picked":"Juggernaut","floor":16},{"not_picked":["Warcry+1","Evolve+1"],"picked":"Pommel Strike+1","floor":18},{"not_picked":["Headbutt","Hemokinesis"],"picked":"ReplayTheSpireMod:LeadingStrike+1","floor":18},{"not_picked":["Body Slam","Anger"],"picked":"Metallicize+1","floor":20},{"not_picked":["Anger","Eclipse","Fire Breathing"],"picked":"SKIP","floor":20}],"player_experience":51247,"relics_obtained":[{"floor":5,"key":"ReplayTheSpireMod:Ninjato"},{"floor":6,"key":"Counterbalance"},{"floor":14,"key":"Smiling Mask"}],"event_choices":[{"damage_healed":0,"gold_gain":0,"player_choice":"Ignored","damage_taken":0,"max_hp_gain":0,"max_hp_loss":0,"event_name":"Vampires","floor":19,"gold_loss":0}],"is_beta":false,"boss_relics":[{"not_picked":["Astrolabe","conspire:SlowCooker"],"picked":"Black Star"}],"items_purged_floors":[],"is_endless":false,"potions_floor_spawned":[10,11,13,20],"killed_by":"Chosen and Byrds","ascension_level":0}}