{"host":"snn1c4qsf0fj7fzf","time":1611512036,"event":{"mods":["AchievementEnabler","Aspiration","Astrologer","BaseMod","Colored Powertips","Downfall","Duelist Mod","GifTheSpireLib","Hermit","Hubris","Infinite Spire","Lobotomy","Marisa????????","Minty Spire (QoL Compilation)","Random Character Button","Rare Cards Sparkle","Reimu??????","Replay The Spire","Shop Mod","Spire Arcade","StSLib","The Administrix","The Cursed","The Gatherer","The Hierophant","The Poker Player","The Runesmith"],"gold_per_floor":[113,113,130,130,142,176,176,203,280,311,311,311,66,66,66],"floor_reached":14,"language":"ENG","playtime":1124,"items_purged":["Strike_B"],"score":138,"play_id":"85587295-fd98-4402-8aa3-ab7d0a82c5db","local_time":"20210125021356","is_ascension_mode":true,"campfire_choices":[{"data":"White Noise","floor":7,"key":"SMITH"},{"floor":12,"key":"REST"}],"circlet_count":0,"master_deck":["Strike_B","Strike_B","Defend_B","Defend_B","Defend_B","Defend_B","Zap","Dualcast","White Noise+1","Conserve Battery","hubris:PowerSurge","Capacitor","Time Bomb","Crystallizer","Dramatic Entrance","theDuelist:OrbMetronome"],"relics":["Cracked Core","hubris:Towel","Omamori","Boot","aspiration:StickyExplosives_weak","hubris:SlimyHat"],"acts_visited":["Exordium"],"potions_floor_usage":[3,8,14],"damage_taken":[{"damage":0,"enemies":"2 Louse","floor":1,"turns":4},{"damage":0,"enemies":"Jaw Worm","floor":3,"turns":3},{"damage":1,"enemies":"Cultist","floor":5,"turns":4},{"damage":36,"enemies":"Lagavulin","floor":6,"turns":8},{"damage":0,"enemies":"3 Sentries","floor":8,"turns":4},{"damage":33,"enemies":"Lagavulin","floor":10,"turns":8},{"damage":41,"enemies":"Gremlin Nob","floor":14,"turns":3}],"seed_played":"4704898080103877437","potions_obtained":[{"floor":1,"key":"Fire Potion"},{"floor":6,"key":"LifebloodPotion"},{"floor":8,"key":"Dexterity Potion"},{"floor":10,"key":"SkillPotion"}],"is_trial":false,"path_per_floor":["M","?","M","?","M","E","R","E","T","E","?","R","$","E"],"character_chosen":"DEFECT","items_purchased":["theDuelist:OrbMetronome"],"campfire_rested":1,"item_purchase_floors":[13],"current_hp_per_floor":[75,75,75,75,74,38,38,38,38,5,5,27,27,0,0],"gold":66,"neow_bonus":"TRANSFORM_CARD","is_daily":false,"chose_seed":false,"campfire_upgraded":1,"win_rate":0.0,"timestamp":1611512036,"path_taken":["M","?","M","?","M","E","R","E","T","E","?","R","$","E"],"items_purchased_type":["Card"],"build_version":"2020-12-22","purchased_purges":1,"victory":false,"max_hp_per_floor":[75,75,75,75,75,75,75,75,75,75,75,75,75,75,75],"card_choices":[{"not_picked":["Compile Driver","Leap"],"picked":"Conserve Battery","floor":1},{"not_picked":["Stack","Undo"],"picked":"hubris:PowerSurge","floor":3},{"not_picked":["Heatsinks","Beam Cell","Leap"],"picked":"SKIP","floor":5},{"not_picked":["Sweeping Beam","Chaos"],"picked":"Capacitor","floor":6},{"not_picked":["hubris:PowerSurge","Fission"],"picked":"Time Bomb","floor":8},{"not_picked":["Defragment","Gash"],"picked":"Crystallizer","floor":10}],"player_experience":311778,"relics_obtained":[{"floor":6,"key":"Omamori"},{"floor":8,"key":"Boot"},{"floor":9,"key":"aspiration:StickyExplosives_weak"},{"floor":10,"key":"hubris:SlimyHat"}],"event_choices":[{"damage_healed":0,"gold_gain":0,"player_choice":"1 cards matched","damage_taken":0,"max_hp_gain":0,"max_hp_loss":0,"event_name":"Match and Keep!","floor":11,"gold_loss":0,"cards_obtained":["Dramatic Entrance"]}],"is_beta":false,"boss_relics":[],"items_purged_floors":[13],"is_endless":false,"potions_floor_spawned":[1,6,8,10],"killed_by":"Gremlin Nob","ascension_level":1}}