{"host":"b4vwm7jq6jdk6nca","time":1611486930,"event":{"mods":["Act Like it!","BaseMod","Lobotomy","Minty Spire (QoL Compilation)","Quick Restart","StSLib","TestMod","The Cursed","[IsaacMod]以撒尖塔","vexMod"],"gold_per_floor":[116,291,310,385,385,414,414,255,279,310,310,345,345,380,380,484,484,527,537,587,228,245,245,275,288,288,323,260,260,260,33,33,138,138,152,198,242,119,137,165,165,165,182,202,177,194,237,266,285,285,339,178,178,178,158,158,158,158,158,158,84,84,84],"floor_reached":54,"language":"ZHS","playtime":2035,"items_purged":["Doubt","Strike_P","Defend_P","Defend_P","Strike_P","Strike_P","Strike_P+1"],"score":1164,"play_id":"9253b85c-c42d-488d-93f2-48a4644b8c44","local_time":"20210124191530","is_ascension_mode":true,"campfire_choices":[{"data":"Eruption","floor":7.0,"key":"SMITH"},{"floor":11.0,"key":"REST"},{"data":"TheCursedMod:OutForBlood","floor":13.0,"key":"SMITH"},{"data":"SignatureMove","floor":15.0,"key":"SMITH"},{"data":"ConjureBlade","floor":23.0,"key":"SMITH"},{"data":"Envenom","floor":30.0,"key":"SMITH"},{"floor":32.0,"key":"REST"},{"floor":41.0,"key":"RECALL"},{"data":"FearNoEvil","floor":42.0,"key":"SMITH"},{"data":"Blasphemy","floor":45.0,"key":"SMITH"},{"data":"Defend_P","floor":49.0,"key":"SMITH"}],"circlet_count":0,"master_deck":["Defend_P+1","Defend_P+1","Eruption+1","Vigilance+1","SignatureMove+1","FearNoEvil+1","LessonLearned+1","Tantrum+1","TheCursedMod:OutForBlood+1","Adaptation+1","ConjureBlade+1","Blasphemy+1","WreathOfFlame+1","FollowUp+1","Vault+1","EmptyFist+1","Envenom+1","Wallop+1","Clash+1","Wish+1","TalkToTheHand+1","EmptyBody+1","TheCursedMod:StunningStrike+1"],"relics":["testmod-TestBox","HushsDoor","SteamSale","testmod-HeartOfDaVinci","Sozu","Singing Bowl","vexMod:Dragonfruit","TheBean","TheCursedMod:BloodyHarpoon","PunchingBag","vexMod:TanglingVine","GuppysHead","Bottled Tornado","BookOfRevelations","testmod-TurbochargingSystem","Snake Skull","Shuriken","SharpPlug","OrangePellets","Red Skull","vexMod:MysteryBossChallenge","Coffee Dripper","JudasShadow","DeathBook","testmod-EqualTreatment","Kunai","Meat on the Bone","Black Star","Torii","Pen Nib","MealTicket","ClockworkSouvenir","TheCursedMod:SoulVessel","Whetstone","BFFS"],"acts_visited":["Exordium","TheCity","TheBeyond","TheEnding"],"potions_floor_usage":[],"damage_taken":[{"damage":5.0,"enemies":"2 Louse","floor":1.0,"turns":3.0},{"damage":0.0,"enemies":"Jaw Worm","floor":3.0,"turns":1.0},{"damage":11.0,"enemies":"Gremlin Nob","floor":6.0,"turns":3.0},{"damage":27.0,"enemies":"Lagavulin","floor":10.0,"turns":8.0},{"damage":0.0,"enemies":"Gremlin Nob","floor":12.0,"turns":2.0},{"damage":13.0,"enemies":"3 Sentries","floor":14.0,"turns":4.0},{"damage":0.0,"enemies":"Slime Boss","floor":16.0,"turns":3.0},{"damage":0.0,"enemies":"2 Thieves","floor":18.0,"turns":2.0},{"damage":1.0,"enemies":"Shell Parasite","floor":19.0,"turns":3.0},{"damage":2.0,"enemies":"Hiden Room Battle","floor":20.0,"turns":3.0},{"damage":1.0,"enemies":"Snake Plant","floor":22.0,"turns":2.0},{"damage":12.0,"enemies":"Gremlin Leader","floor":24.0,"turns":3.0},{"damage":8.0,"enemies":"Centurion and Healer","floor":25.0,"turns":3.0},{"damage":5.0,"enemies":"Book of Stabbing","floor":27.0,"turns":3.0},{"damage":0.0,"enemies":"Collector","floor":33.0,"turns":5.0},{"damage":16.0,"enemies":"3 Shapes","floor":35.0,"turns":1.0},{"damage":1.0,"enemies":"2 Orb Walkers","floor":36.0,"turns":2.0},{"damage":14.0,"enemies":"Orb Walker","floor":37.0,"turns":4.0},{"damage":0.0,"enemies":"Sphere and 2 Shapes","floor":39.0,"turns":1.0},{"damage":0.0,"enemies":"Reptomancer","floor":40.0,"turns":2.0},{"damage":0.0,"enemies":"3 Shapes","floor":35.0,"turns":1.0},{"damage":0.0,"enemies":"Orb Walker","floor":36.0,"turns":1.0},{"damage":0.0,"enemies":"Spire Growth","floor":38.0,"turns":1.0},{"damage":0.0,"enemies":"3 Darklings","floor":39.0,"turns":2.0},{"damage":0.0,"enemies":"Nemesis","floor":40.0,"turns":3.0},{"damage":0.0,"enemies":"4 Shapes","floor":41.0,"turns":1.0},{"damage":0.0,"enemies":"Awakened One","floor":50.0,"turns":6.0},{"damage":30,"enemies":"Shield and Spear","floor":54,"turns":2}],"seed_played":"5846166451202466294","potions_obtained":[],"is_trial":false,"path_per_floor":["M","?","M","?","?","E","R","$","T","E","R","E","R","E","R","B",null,"M","M","?","$","M","R","E","M","T","E","$","?","R","$","R","B",null,"M","?","M","$","M","E","R","E","M","M","?","M","M","E","M","R","T","$","R","T","?","?","R","B",null,"R","$","E"],"character_chosen":"WATCHER","items_purchased":["vexMod:Dragonfruit","JudasShadow","GuppysHead","Blasphemy","ForgetMeNow","testmod-TurbochargingSystem","Vault","OrangePellets","Red Skull","JudasShadow","DeathBook","Kunai","ClockworkSouvenir","BFFS"],"campfire_rested":2,"item_purchase_floors":[8,17,17,17,21,21,21,31,31,34,34,38,44,53],"current_hp_per_floor":[67,67,67,56,56,45,45,50,50,23,46,46,46,35,35,35,47,47,46,31,31,30,30,18,12,12,9,9,4,4,4,19,19,25,11,12,3,3,5,5,5,5,7,9,9,9,11,13,15,15,15,15,15,15,15,15,15,15,15,15,15,0,0],"gold":84,"neow_bonus":"BOSS_RELIC","is_daily":false,"chose_seed":false,"campfire_upgraded":8,"win_rate":0.0,"timestamp":1611486930,"path_taken":["M","?","M","?","?","E","R","?","T","E","R","E","R","E","R","BOSS","M","M","?","$","?","R","E","?","T","E","$","?","R","$","R","BOSS","M","?","M","?","?","E","R","E","M","M","?","M","?","E","M","R","T","$","R","?","?","?","R","BOSS","R","$","E"],"items_purchased_type":["Relic","Relic","Relic","Card","Relic","Relic","Card","Relic","Relic","Relic","Relic","Relic","Relic","Relic"],"build_version":"2020-12-22","purchased_purges":7,"victory":false,"max_hp_per_floor":[72,72,72,72,72,72,72,77,77,77,77,77,77,79,79,79,47,47,47,49,49,49,49,49,51,51,53,53,53,53,53,53,53,25,27,29,3,3,5,5,5,5,7,9,9,9,11,13,15,15,15,15,15,15,15,15,15,15,15,15,15,1,1],"card_choices":[{"not_picked":[],"picked":"ChaosCard","floor":0.0},{"not_picked":["JustLucky","DeceiveReality"],"picked":"SignatureMove","floor":1.0},{"not_picked":["EmptyFist","Consecrate"],"picked":"FearNoEvil","floor":3.0},{"not_picked":["BowlingBash","EmptyFist"],"picked":"LessonLearned","floor":6.0},{"not_picked":["Collect","Conclude"],"picked":"Tantrum","floor":10.0},{"not_picked":["PathToVictory","Vengeance"],"picked":"Adaptation","floor":12.0},{"not_picked":["Evaluate","Collect","ThirdEye"],"picked":"Singing Bowl","floor":14.0},{"not_picked":["Vault","DeusExMachina"],"picked":"ConjureBlade","floor":16.0},{"not_picked":["FearNoEvil","MentalFortress+1"],"picked":"WreathOfFlame","floor":18.0},{"not_picked":["ThirdEye","Protect"],"picked":"FollowUp+1","floor":19.0},{"not_picked":["Collect+1","Vengeance+1","Study"],"picked":"Singing Bowl","floor":20.0},{"not_picked":["BowlingBash","TalkToTheHand"],"picked":"EmptyFist+1","floor":22.0},{"not_picked":["Halt","SashWhip+1"],"picked":"Wallop","floor":24.0},{"not_picked":["ReachHeaven","EmptyFist","CrushJoints"],"picked":"Singing Bowl","floor":25.0},{"not_picked":["ClearTheMind","Evaluate","JustLucky"],"picked":"Singing Bowl","floor":27.0},{"not_picked":["ConjureBlade","Brilliance"],"picked":"Wish","floor":33.0},{"not_picked":["Prostrate","ThirdEye+1","Halt+1"],"picked":"Singing Bowl","floor":35.0},{"not_picked":["Prostrate","Evaluate","FollowUp"],"picked":"Singing Bowl","floor":36.0},{"not_picked":["JustLucky+1","CarveReality+1","ThirdEye"],"picked":"Singing Bowl","floor":37.0},{"not_picked":["FlyingSleeves","BowlingBash","Judgement"],"picked":"Singing Bowl","floor":39.0},{"not_picked":["Evaluate+1","LikeWater+1"],"picked":"TalkToTheHand","floor":40.0},{"not_picked":["Sanctity","SashWhip","Halt+1"],"picked":"Singing Bowl","floor":35.0},{"not_picked":["EmptyBody+1","Swivel","Prostrate"],"picked":"Singing Bowl","floor":36.0},{"not_picked":["ThirdEye+1","BowlingBash+1"],"picked":"EmptyBody+1","floor":38.0},{"not_picked":["Prostrate","Wish","WaveOfTheHand+1"],"picked":"Singing Bowl","floor":39.0},{"not_picked":["FlurryOfBlows","Halt+1","EmptyBody"],"picked":"Singing Bowl","floor":40.0},{"not_picked":["Evaluate","FlurryOfBlows+1","Halt"],"picked":"Singing Bowl","floor":41.0}],"player_experience":231971,"relics_obtained":[{"floor":6.0,"key":"Singing Bowl"},{"floor":10.0,"key":"TheBean"},{"floor":12.0,"key":"TheCursedMod:BloodyHarpoon"},{"floor":14.0,"key":"PunchingBag"},{"floor":20.0,"key":"Bottled Tornado"},{"floor":20.0,"key":"BookOfRevelations"},{"floor":24.0,"key":"Snake Skull"},{"floor":26.0,"key":"Shuriken"},{"floor":27.0,"key":"SharpPlug"},{"floor":36.0,"key":"testmod-EqualTreatment"},{"floor":40.0,"key":"Meat on the Bone"},{"floor":40.0,"key":"Torii"},{"floor":40.0,"key":"Pen Nib"},{"floor":43.0,"key":"MealTicket"},{"floor":46.0,"key":"TheCursedMod:SoulVessel"}],"event_choices":[{"damage_healed":0.0,"max_hp_gain":0.0,"max_hp_loss":0.0,"gold_gain":175.0,"event_name":"Liars Game","player_choice":"AGREE","floor":2.0,"gold_loss":0.0,"damage_taken":0.0,"cards_obtained":["Doubt"]},{"damage_healed":0.0,"max_hp_gain":0.0,"max_hp_loss":0.0,"gold_gain":75.0,"event_name":"World of Goop","player_choice":"Gather Gold","floor":4.0,"gold_loss":0.0,"damage_taken":11.0},{"damage_healed":0.0,"max_hp_gain":0.0,"max_hp_loss":0.0,"gold_gain":0.0,"event_name":"NoteForYourself","player_choice":"Ignored","floor":5.0,"gold_loss":0.0,"damage_taken":0.0},{"damage_healed":0.0,"max_hp_gain":0.0,"max_hp_loss":0.0,"gold_gain":0.0,"event_name":"HidenRoomEvent","player_choice":"Fight","floor":20.0,"gold_loss":0.0,"damage_taken":0.0},{"damage_healed":0.0,"max_hp_gain":0.0,"max_hp_loss":0.0,"gold_gain":0.0,"event_name":"Wheel of Change","player_choice":"Damaged","floor":29.0,"gold_loss":0.0,"damage_taken":5.0},{"damage_healed":0.0,"max_hp_gain":0.0,"max_hp_loss":0.0,"gold_gain":0.0,"event_name":"Mysterious Sphere","player_choice":"Fight","floor":36.0,"gold_loss":0.0,"damage_taken":0.0},{"damage_healed":0.0,"max_hp_gain":0.0,"max_hp_loss":0.0,"gold_gain":0.0,"event_name":"The Woman in Blue","player_choice":"Bought 1 Potion","floor":47.0,"gold_loss":0.0,"damage_taken":0.0},{"damage_healed":0.0,"max_hp_gain":0.0,"max_hp_loss":0.0,"gold_gain":0.0,"event_name":"给自己的盒子","player_choice":"Swap Relic","floor":48.0,"relics_lost":["JudasShadow"],"gold_loss":0.0,"damage_taken":0.0,"relics_obtained":["Whetstone"]}],"is_beta":false,"boss_relics":[{"not_picked":["Busted Crown","testmod-KeyOfTheVoid"],"picked":"vexMod:TanglingVine"},{"not_picked":[]},{"not_picked":["Tiny House","Runic Dome"],"picked":"vexMod:MysteryBossChallenge"},{"not_picked":[]}],"items_purged_floors":[8,17,21,28,31,34,44],"is_endless":false,"potions_floor_spawned":[1,10,14,16,19,20,25,27,37,39,35,36,39],"killed_by":"Shield and Spear","ascension_level":1}}