{"host":"nwd160me4iqdtr8u","time":1611448608,"event":{"mods":["AchievementEnabler","Act Like it!","BaseMod","Colored Map","DeckTracker","Minty Spire (QoL Compilation)","Rare Cards Sparkle","StSLib","SuperFastMode","everything is the same but u backflip on backflip"],"gold_per_floor":[115,131,144,17,17,45,45,45,69,69,79,114,189,206,206,311,311,330,349,362,362,378,378,394,428,479,404,424,424,438,438,452,452,557,557,567,567,583,411,260,260,8,8,8,26,44,63,83,83,83,83],"floor_reached":52,"language":"KOR","playtime":3838,"items_purged":["Strike_G","Strike_G"],"score":796,"play_id":"084b225d-959b-4834-b157-06d223366ce3","local_time":"20210124093648","is_ascension_mode":true,"campfire_choices":[{"floor":8.0,"key":"REST"},{"data":"Neutralize","floor":10.0,"key":"SMITH"},{"floor":15.0,"key":"REST"},{"floor":23,"key":"REST"},{"data":"Tactician","floor":29,"key":"SMITH"},{"floor":33,"key":"REST"},{"data":"Burst","floor":41,"key":"SMITH"},{"data":"Crippling Poison","floor":43,"key":"SMITH"},{"floor":50,"key":"REST"}],"circlet_count":0,"master_deck":["Strike_G","Defend_G","Defend_G+1","Defend_G+1","Defend_G","Survivor","Neutralize+1","Dagger Throw","Venomology+1","Predator","Backflip","Tactician+1","Poisoned Stab","Flechettes","Burst+1","Blade Dance+1","Heel Hook+1","Crippling Poison+1","Sucker Punch","Slice","Slice+1","Acrobatics","Well Laid Plans","Corpse Explosion","Blur","Noxious Fumes","Underhanded Strike","Prepared","Backflip+1","Leg Sweep+1","PiercingWail+1"],"relics":["Ring of the Snake","Juzu Bracelet","Orichalcum","Paper Crane","Pen Nib","Potion Belt","Empty Cage","War Paint","Tiny Chest","SacredBark","Art of War","Akabeko","The Courier","Dead Branch"],"acts_visited":["Exordium","TheCity","TheBeyond"],"potions_floor_usage":[20,20,20,20,22,24,24,25,25,25,28,28,30,34,34,34,36,45,45,46,46,48,48,51,51,51,51],"damage_taken":[{"damage":0.0,"enemies":"Cultist","floor":1.0,"turns":3.0},{"damage":0.0,"enemies":"Jaw Worm","floor":2.0,"turns":4.0},{"damage":3.0,"enemies":"Small Slimes","floor":3.0,"turns":4.0},{"damage":7.0,"enemies":"Gremlin Nob","floor":6.0,"turns":4.0},{"damage":6.0,"enemies":"3 Louse","floor":11.0,"turns":3.0},{"damage":10.0,"enemies":"Lagavulin","floor":12.0,"turns":8.0},{"damage":5.0,"enemies":"Blue Slaver","floor":14.0,"turns":4.0},{"damage":20.0,"enemies":"The Guardian","floor":16.0,"turns":11.0},{"damage":7.0,"enemies":"Shell Parasite","floor":18.0,"turns":8.0},{"damage":0.0,"enemies":"3 Byrds","floor":19.0,"turns":5.0},{"damage":6,"enemies":"Snake Plant","floor":20,"turns":4},{"damage":22,"enemies":"Sentry and Sphere","floor":22,"turns":6},{"damage":10,"enemies":"Snecko","floor":24,"turns":5},{"damage":12,"enemies":"Slavers","floor":25,"turns":4},{"damage":6,"enemies":"Snake Plant","floor":28,"turns":3},{"damage":7,"enemies":"Centurion and Healer","floor":30,"turns":5},{"damage":13,"enemies":"3 Cultists","floor":32,"turns":6},{"damage":24,"enemies":"Champ","floor":34,"turns":9},{"damage":8,"enemies":"Orb Walker","floor":36,"turns":4},{"damage":0,"enemies":"3 Shapes","floor":38,"turns":1},{"damage":32,"enemies":"Maw","floor":45,"turns":8},{"damage":4,"enemies":"3 Darklings","floor":46,"turns":3},{"damage":28,"enemies":"Spire Growth","floor":47,"turns":7},{"damage":0,"enemies":"Jaw Worm Horde","floor":48,"turns":2},{"damage":62,"enemies":"Awakened One","floor":51,"turns":14}],"seed_played":"8790263493154323328","potions_obtained":[{"floor":1.0,"key":"DistilledChaos"},{"floor":3.0,"key":"Block Potion"},{"floor":14.0,"key":"Block Potion"},{"floor":19.0,"key":"SteroidPotion"},{"floor":20,"key":"SteroidPotion"},{"floor":22,"key":"Fruit Juice"},{"floor":25,"key":"Strength Potion"},{"floor":32,"key":"Energy Potion"},{"floor":36,"key":"BlessingOfTheForge"},{"floor":37,"key":"Regen Potion"},{"floor":37,"key":"LiquidMemories"},{"floor":45,"key":"DistilledChaos"},{"floor":47,"key":"EssenceOfSteel"}],"is_trial":false,"path_per_floor":["M","M","M","$","?","E","?","R","T","R","M","E","?","M","R","B",null,"M","M","M","?","M","R","M","E","T","?","M","R","M","M","M","R","B",null,"M","?","M","$","$","R","$","R","T","M","M","M","M","T","R","B",null],"character_chosen":"THE_SILENT","items_purchased":["Backflip","Noxious Fumes","Art of War","Underhanded Strike","Akabeko","Prepared"],"campfire_rested":5,"item_purchase_floors":[4,39,40,42,42,42],"current_hp_per_floor":[70,70,67,67,67,60,27,48,48,48,42,32,21,16,37,17,70,63,63,57,44,27,51,53,41,41,41,35,35,28,28,15,39,15,80,72,72,72,72,72,72,72,72,72,40,55,27,27,27,51,39],"gold":83,"neow_bonus":"RANDOM_COMMON_RELIC","is_daily":false,"chose_seed":false,"campfire_upgraded":4,"win_rate":0.0,"timestamp":1611448608,"path_taken":["M","M","M","?","?","E","?","R","T","R","M","E","?","M","R","BOSS","M","M","M","?","M","R","M","E","T","?","M","R","M","M","M","R","BOSS","M","?","M","?","$","R","$","R","T","M","M","M","M","?","R","BOSS"],"items_purchased_type":["Card","Card","Relic","Card","Relic","Card"],"build_version":"2020-12-22","purchased_purges":2,"victory":true,"max_hp_per_floor":[70,70,70,70,70,70,70,70,70,70,70,70,70,70,70,70,70,70,70,70,75,80,80,80,80,80,80,80,80,80,80,80,80,80,80,80,80,80,80,80,80,80,80,80,80,80,80,80,80,80,80],"card_choices":[{"not_picked":["Dodge and Roll","Underhanded Strike"],"picked":"Dagger Throw","floor":1.0},{"not_picked":["Quick Slash","Outmaneuver"],"picked":"Venomology","floor":2.0},{"not_picked":["Dagger Throw","Deflect"],"picked":"Predator","floor":3.0},{"not_picked":["Choke","Setup","Bullet Time"],"picked":"SKIP","floor":6.0},{"not_picked":["Blade Dance","Endless Agony"],"picked":"Tactician","floor":11.0},{"not_picked":["Prepared","Infinite Blades"],"picked":"Poisoned Stab","floor":12.0},{"not_picked":["Accuracy","Infinite Blades"],"picked":"Flechettes","floor":14.0},{"not_picked":["Phantasmal Killer","Unload"],"picked":"Burst","floor":16.0},{"not_picked":["Predator","Quick Slash"],"picked":"Blade Dance+1","floor":18.0},{"not_picked":["Dodge and Roll","Deflect"],"picked":"Heel Hook+1","floor":19.0},{"not_picked":["Cloak And Dagger","Blade Dance"],"picked":"Crippling Poison","floor":20},{"not_picked":["Dagger Throw","Deadly Poison+1"],"picked":"Sucker Punch","floor":22},{"not_picked":["Sucker Punch","Tactician"],"picked":"Slice","floor":24},{"not_picked":["Predator","Underhanded Strike"],"picked":"Slice+1","floor":25},{"not_picked":["Crippling Poison","Tactician+1"],"picked":"Acrobatics","floor":28},{"not_picked":["Caltrops+1","Blade Dance+1"],"picked":"Well Laid Plans","floor":30},{"not_picked":["Well Laid Plans","Backstab","Caltrops"],"picked":"SKIP","floor":32},{"not_picked":["Envenom","Night Terror"],"picked":"Corpse Explosion","floor":34},{"not_picked":["Sucker Punch+1","Choke"],"picked":"Blur","floor":36},{"not_picked":["Acrobatics","Well Laid Plans+1","All Out Attack+1"],"picked":"SKIP","floor":38},{"not_picked":["Prepared","Underhanded Strike"],"picked":"Backflip+1","floor":45},{"not_picked":["Heel Hook","Prepared"],"picked":"Leg Sweep+1","floor":46},{"not_picked":["Dodge and Roll","Flying Knee","Choke+1"],"picked":"SKIP","floor":47},{"not_picked":["Escape Plan+1","Outmaneuver"],"picked":"PiercingWail+1","floor":48}],"player_experience":223519,"relics_obtained":[{"floor":6.0,"key":"Orichalcum"},{"floor":9.0,"key":"Pen Nib"},{"floor":12.0,"key":"Potion Belt"},{"floor":25,"key":"War Paint"},{"floor":26,"key":"Tiny Chest"},{"floor":44,"key":"The Courier"},{"floor":49,"key":"Dead Branch"}],"event_choices":[{"damage_healed":0.0,"max_hp_gain":0.0,"max_hp_loss":0.0,"gold_gain":0.0,"event_name":"Living Wall","player_choice":"Grow","floor":5.0,"gold_loss":0.0,"damage_taken":0.0,"cards_upgraded":["Venomology"]},{"damage_healed":0.0,"max_hp_gain":0.0,"max_hp_loss":0.0,"gold_gain":0.0,"event_name":"Scrap Ooze","player_choice":"Success","floor":7.0,"gold_loss":0.0,"damage_taken":33.0,"relics_obtained":["Paper Crane"]},{"damage_healed":0.0,"max_hp_gain":0.0,"max_hp_loss":0.0,"gold_gain":75.0,"event_name":"World of Goop","player_choice":"Gather Gold","floor":13.0,"gold_loss":0.0,"damage_taken":11.0},{"damage_healed":0,"gold_gain":0,"player_choice":"Shed Blood","damage_taken":18,"max_hp_gain":5,"max_hp_loss":0,"event_name":"Forgotten Altar","floor":21,"gold_loss":0},{"cards_removed":["Strike_G"],"damage_healed":0,"gold_gain":0,"player_choice":"Gave Gold","damage_taken":0,"max_hp_gain":0,"max_hp_loss":0,"event_name":"Beggar","floor":27,"gold_loss":75},{"damage_healed":0,"gold_gain":0,"player_choice":"Got Potions","damage_taken":0,"max_hp_gain":0,"max_hp_loss":0,"event_name":"Lab","floor":37,"gold_loss":0}],"is_beta":false,"boss_relics":[{"not_picked":["Ring of the Serpent","Calling Bell"],"picked":"Empty Cage"},{"not_picked":["Coffee Dripper","Sozu"],"picked":"SacredBark"}],"items_purged_floors":[4,39],"is_endless":false,"potions_floor_spawned":[1,3,14,19,20,22,25,32,36,38,45,47],"ascension_level":4}}