{"host":"zxkjcgzis4pm3za5","time":1611515513,"event":{"mods":["AchievementEnabler","Act Like it!","BaseMod","Colored Map","Colored Powertips","Friendly Minions","GifTheSpireLib","Minty Spire (QoL Compilation)","Quick Restart","RNG Fix","Random Character Button","Relic Filter Mod","Relic Sorter","Relic Stats","StSLib"],"gold_per_floor":[114,114,126,201,126,126,165,165,165,192,211,251,251,293,293,373,373,395,122,147,170,220,220,242,280,306,306,306,83,101,122,122,122,122],"floor_reached":33,"language":"ENG","playtime":903,"items_purged":["Strike_B","Strike_B","Strike_B"],"score":574,"play_id":"efbd75e3-be48-4151-9eda-b983af9cb255","local_time":"20210125004153","is_ascension_mode":true,"campfire_choices":[{"data":"Zap","floor":6,"key":"SMITH"},{"data":"Static Discharge","floor":8,"key":"SMITH"},{"data":"Biased Cognition","floor":13,"key":"SMITH"},{"data":"Consume","floor":15,"key":"SMITH"},{"data":"Seek","floor":23,"key":"SMITH"},{"floor":27,"key":"REST"},{"floor":32,"key":"REST"}],"circlet_count":0,"master_deck":["AscendersBane","Defend_B+1","Defend_B","Defend_B","Defend_B+1","Zap+1","Dualcast","Cold Snap","Leap","Static Discharge+1","Compile Driver","FTL","Biased Cognition+1","Consume+1","Seek+1","Undo","Ball Lightning","Glacier","Conserve Battery","Lockon+1","Seek","Reinforced Body"],"relics":["FrozenCore","NeowsBlessing","War Paint","CeramicFish","Ancient Tea Set","Turnip","Centennial Puzzle","Lee\u0027s Waffle","Smiling Mask","OrangePellets"],"acts_visited":["Exordium","TheCity"],"potions_floor_usage":[12,25,31],"damage_taken":[{"damage":0,"enemies":"2 Louse","floor":1,"turns":1},{"damage":0,"enemies":"Small Slimes","floor":3,"turns":1},{"damage":0,"enemies":"3 Sentries","floor":7,"turns":1},{"damage":0,"enemies":"Cultist","floor":10,"turns":4},{"damage":1,"enemies":"Looter","floor":11,"turns":3},{"damage":8,"enemies":"Gremlin Nob","floor":12,"turns":3},{"damage":8,"enemies":"Lagavulin","floor":14,"turns":4},{"damage":13,"enemies":"Hexaghost","floor":16,"turns":5},{"damage":33,"enemies":"2 Thieves","floor":18,"turns":3},{"damage":2,"enemies":"Chosen","floor":20,"turns":4},{"damage":11,"enemies":"Shelled Parasite and Fungi","floor":21,"turns":4},{"damage":28,"enemies":"3 Cultists","floor":24,"turns":7},{"damage":25,"enemies":"Slavers","floor":25,"turns":7},{"damage":0,"enemies":"Centurion and Healer","floor":30,"turns":7},{"damage":13,"enemies":"Shelled Parasite and Fungi","floor":31,"turns":4},{"damage":56,"enemies":"Collector","floor":33,"turns":6}],"seed_played":"-4147440704687313124","potions_obtained":[{"floor":3,"key":"FearPotion"},{"floor":10,"key":"Swift Potion"},{"floor":11,"key":"DuplicationPotion"},{"floor":16,"key":"Swift Potion"},{"floor":25,"key":"FearPotion"}],"is_trial":false,"path_per_floor":["M","?","M","?","$","R","E","R","T","M","M","E","R","E","R","B",null,"M","$","M","M","?","R","M","E","T","R","?","$","M","M","R","B"],"character_chosen":"DEFECT","items_purchased":["Lee\u0027s Waffle","Ball Lightning","OrangePellets"],"campfire_rested":2,"item_purchase_floors":[19,19,29],"current_hp_per_floor":[64,59,59,48,48,48,48,48,48,48,47,39,39,31,31,18,58,25,78,76,65,65,65,37,12,12,35,35,35,35,22,45,0,0],"gold":122,"neow_bonus":"THREE_ENEMY_KILL","is_daily":false,"chose_seed":false,"campfire_upgraded":5,"win_rate":0.0,"timestamp":1611515513,"path_taken":["M","?","M","?","$","R","E","R","T","?","M","E","R","E","R","BOSS","M","$","M","M","?","R","M","E","T","R","?","$","?","M","R","BOSS"],"items_purchased_type":["Relic","Card","Relic"],"build_version":"2020-12-22","purchased_purges":3,"victory":false,"max_hp_per_floor":[71,71,71,71,71,71,71,71,71,71,71,71,71,71,71,71,71,71,78,78,78,78,78,78,78,78,78,78,78,78,78,78,78,78],"relic_stats":{"OrangePellets":[2],"Centennial Puzzle":[24],"Lee\u0027s Waffle":53,"counters":[16,64],"CeramicFish":117,"Turnip":[9],"War Paint":["Defend_B","Defend_B"],"Smiling Mask":75,"obtain_stats":[{"OrangePellets":29,"Centennial Puzzle":14,"Lee\u0027s Waffle":19,"NeowsBlessing":0,"CeramicFish":7,"Turnip":12,"War Paint":2,"Cracked Core":0,"Ancient Tea Set":9,"Smiling Mask":25,"FrozenCore":17},{"OrangePellets":13,"Centennial Puzzle":7,"Lee\u0027s Waffle":9,"NeowsBlessing":0,"CeramicFish":3,"Turnip":6,"War Paint":1,"Cracked Core":0,"Ancient Tea Set":3,"Smiling Mask":13,"FrozenCore":8},{"OrangePellets":47,"Centennial Puzzle":17,"Lee\u0027s Waffle":25,"NeowsBlessing":0,"CeramicFish":3,"Turnip":13,"War Paint":1,"Cracked Core":0,"Ancient Tea Set":3,"Smiling Mask":47,"FrozenCore":22}],"FrozenCore":[11]},"card_choices":[{"not_picked":["Hologram","Aggregate"],"picked":"Cold Snap","floor":1},{"not_picked":["Turbo","Chill"],"picked":"Leap","floor":3},{"not_picked":["Barrage","Force Field"],"picked":"Static Discharge","floor":7},{"not_picked":["Go for the Eyes","Steam"],"picked":"Compile Driver","floor":10},{"not_picked":["Compile Driver","Redo"],"picked":"FTL","floor":11},{"not_picked":["Go for the Eyes","Sweeping Beam"],"picked":"Biased Cognition","floor":12},{"not_picked":["Hologram","Steam"],"picked":"Consume","floor":14},{"not_picked":["Fission","Reboot"],"picked":"Seek","floor":16},{"not_picked":["Go for the Eyes","Skim"],"picked":"Undo","floor":18},{"not_picked":["Stack","Coolheaded"],"picked":"Glacier","floor":20},{"not_picked":["Hologram","Auto Shields"],"picked":"Conserve Battery","floor":21},{"not_picked":["Steam Power","Beam Cell"],"picked":"Lockon+1","floor":24},{"not_picked":["Force Field","Rebound"],"picked":"Seek","floor":25},{"not_picked":["Go for the Eyes","Ball Lightning","Rebound"],"picked":"SKIP","floor":30},{"not_picked":["Streamline","Loop"],"picked":"Reinforced Body","floor":31}],"player_experience":267442,"relics_obtained":[{"floor":7,"key":"CeramicFish"},{"floor":9,"key":"Ancient Tea Set"},{"floor":12,"key":"Turnip"},{"floor":14,"key":"Centennial Puzzle"},{"floor":25,"key":"Smiling Mask"}],"event_choices":[{"damage_healed":0,"gold_gain":0,"player_choice":"Success","damage_taken":5,"relics_obtained":["War Paint"],"max_hp_gain":0,"max_hp_loss":0,"event_name":"Scrap Ooze","floor":2,"gold_loss":0},{"damage_healed":0,"gold_gain":75,"player_choice":"Gather Gold","damage_taken":11,"max_hp_gain":0,"max_hp_loss":0,"event_name":"World of Goop","floor":4,"gold_loss":0},{"damage_healed":0,"gold_gain":100,"player_choice":"Bet on Murderer","damage_taken":0,"max_hp_gain":0,"max_hp_loss":0,"event_name":"The Joust","floor":22,"gold_loss":50},{"cards_removed":["Strike_B"],"damage_healed":0,"gold_gain":0,"player_choice":"Elegance","damage_taken":0,"max_hp_gain":0,"max_hp_loss":0,"event_name":"Back to Basics","floor":28,"gold_loss":0}],"is_beta":false,"boss_relics":[{"not_picked":["SacredBark","Pandora\u0027s Box"],"picked":"FrozenCore"}],"items_purged_floors":[5,19,29],"is_endless":false,"potions_floor_spawned":[3,10,11,16,18,21,25],"killed_by":"Collector","ascension_level":17}}