{"host":"jumrmhf584hajrnz","time":1611510904,"event":{"mods":["BaseMod","Duelist Mod","GifTheSpireLib","Minty Spire (QoL Compilation)","Quick Restart","Replay The Spire","StSLib"],"gold_per_floor":[140,140,140,140,160,160,189,189,189,221,221,231,231,242,242,320,320,331,331,331],"floor_reached":19,"language":"ENG","playtime":1158,"items_purged":[],"score":350,"play_id":"ca2088fe-504a-48ca-86e5-7405d621ceea","local_time":"20210124185504","is_ascension_mode":true,"campfire_choices":[{"floor":6,"key":"RECALL"},{"floor":8,"key":"REST"},{"floor":11,"key":"REST"},{"floor":13,"key":"REST"},{"floor":15,"key":"REST"}],"circlet_count":0,"master_deck":["theDuelist:QueenDragunDjinn","theDuelist:MillenniumGolem","theDuelist:Yami","theDuelist:RainbowOverdragon","theDuelist:Sparks","theDuelist:Sparks","theDuelist:NeoMagic","theDuelist:NeoMagic","theDuelist:LordD","theDuelist:MysticalElf","theDuelist:Sparks","theDuelist:Nameless:Power:AllyJustice","AscendersBane","theDuelist:CastleWalls","theDuelist:Hinotama","theDuelist:MysticalElf","theDuelist:Hinotama+1","theDuelist:DarkMagician","theDuelist:RainbowMagician","theDuelist:TimeWizard+1"],"relics":["theDuelist:MillenniumPuzzle","theDuelist:CardPoolRelic","theDuelist:CardPoolBasicRelic","theDuelist:BoosterPackPoolRelic","theDuelist:CardPoolAddRelic","theDuelist:CardPoolMinusRelic","theDuelist:CardPoolSaveRelic","theDuelist:CardPoolOptionsRelic","theDuelist:NamelessWarRelicA","theDuelist:CursedHealer","theDuelist:SpellcasterOrb","ReplayTheSpireMod:Spearhead","theDuelist:MetronomeRelicD","Inserter"],"acts_visited":["Exordium","TheCity"],"potions_floor_usage":[7,14,19,19],"damage_taken":[{"damage":2,"enemies":"Jaw Worm","floor":1,"turns":4},{"damage":3,"enemies":"Small Slimes","floor":5,"turns":3},{"damage":33,"enemies":"3 Sentries","floor":7,"turns":8},{"damage":34,"enemies":"Lagavulin","floor":10,"turns":7},{"damage":0,"enemies":"2 Louse","floor":12,"turns":2},{"damage":21,"enemies":"Exordium Thugs","floor":14,"turns":4},{"damage":30,"enemies":"Hexaghost","floor":16,"turns":6},{"damage":23,"enemies":"Chosen","floor":18,"turns":4},{"damage":41,"enemies":"3 Byrds","floor":19,"turns":4}],"seed_played":"-3875078572436848713","potions_obtained":[{"floor":1,"key":"PowerPotion"},{"floor":7,"key":"Elixir"},{"floor":12,"key":"Elixir"},{"floor":14,"key":"EssenceOfSteel"}],"is_trial":false,"path_per_floor":["M","?","?","?","M","R","E","R","T","E","R","M","R","M","R","B",null,"M","M"],"character_chosen":"THE_DUELIST","items_purchased":[],"campfire_rested":4,"item_purchase_floors":[],"current_hp_per_floor":[61,51,70,62,59,59,26,47,47,13,34,34,55,34,55,25,59,36,0,0],"gold":331,"neow_bonus":"TRANSFORM_CARD","is_daily":false,"chose_seed":false,"campfire_upgraded":0,"win_rate":0.0,"timestamp":1611510904,"path_taken":["M","?","?","?","M","R","E","R","T","E","R","M","R","M","R","BOSS","M","M"],"items_purchased_type":[],"build_version":"2020-12-22","purchased_purges":0,"victory":false,"max_hp_per_floor":[70,70,70,70,70,70,70,70,70,70,70,70,70,70,70,70,70,70,70,70],"card_choices":[{"not_picked":["theDuelist:ApprenticeIllusionMagician","theDuelist:Cloning","theDuelist:MagicalStone+1","theDuelist:Wiretap"],"picked":"theDuelist:Hinotama+1","floor":1},{"not_picked":["theDuelist:DarkPaladin","theDuelist:VoidVanishment","theDuelist:RainbowMagician","theDuelist:RainbowDarkDragon"],"picked":"theDuelist:QueenDragunDjinn","floor":5},{"not_picked":["theDuelist:SangaThunder","theDuelist:DarkHorizon","theDuelist:MagicalBlast","theDuelist:FlyingSaucer"],"picked":"theDuelist:Yami","floor":7},{"not_picked":["theDuelist:GraniteLoyalist","theDuelist:GolemSentry","theDuelist:GilfordLegend","theDuelist:CastleDarkIllusions"],"picked":"theDuelist:Hinotama","floor":10},{"not_picked":["theDuelist:PreventRat","theDuelist:BigEye","theDuelist:DarkFactory","theDuelist:HaneHane"],"picked":"theDuelist:RainbowOverdragon","floor":12},{"not_picked":["theDuelist:EarthquakeGiant","theDuelist:Mudora","theDuelist:Sangan","theDuelist:RainbowOverdragon"],"picked":"theDuelist:MillenniumGolem","floor":14},{"not_picked":["theDuelist:IrisEarthMother","theDuelist:RainbowDarkDragon","theDuelist:RainbowKuriboh","theDuelist:RainbowOverdragon"],"picked":"theDuelist:RainbowMagician","floor":16},{"not_picked":["theDuelist:InjectionFairy","theDuelist:Mudballman","theDuelist:AncientElf","theDuelist:FlyingSaucer"],"picked":"theDuelist:TimeWizard+1","floor":18}],"player_experience":1522898,"relics_obtained":[{"floor":7,"key":"ReplayTheSpireMod:Spearhead"},{"floor":10,"key":"theDuelist:MetronomeRelicD"}],"event_choices":[{"power_reward":4,"total_magic_score":19,"gold_gain":0,"duelist":true,"damage_taken":10,"relics_obtained":["theDuelist:NamelessWarRelicA"],"points":5,"war_reward":1,"max_hp_gain":0,"max_hp_loss":0,"spent_points":{"magic":0,"greed":0,"war":1,"power":4,"hunger":0},"event_name":"Nameless Tomb","floor":2,"gold_loss":0,"cards_obtained":["theDuelist:Nameless:Power:AllyJustice"]},{"damage_healed":0,"gold_gain":0,"player_choice":"Succumb - +25HP/Cursed Relic","duelist":true,"damage_taken":0,"max_hp_gain":0,"max_hp_loss":0,"event_name":"Tomb of the Nameless","floor":3,"gold_loss":0},{"damage_healed":0,"gold_gain":0,"player_choice":"Dig - random Duelist relic","duelist":true,"damage_taken":0,"max_hp_gain":0,"max_hp_loss":0,"event_name":"Aknamkanon\u0027s Tomb","floor":4,"gold_loss":0}],"is_beta":false,"boss_relics":[{"not_picked":["theDuelist:HauntedRelic","Replay:Grab Bag"],"picked":"Inserter"}],"items_purged_floors":[],"is_endless":false,"potions_floor_spawned":[1,7,12,14],"killed_by":"3 Byrds","ascension_level":20}}