{"host":"dolejg1rjmkcifoo","time":1611469340,"event":{"mods":["ATMod(阿瑾Mod)","BaseMod","Conspire","HololiveMod","Koishi","LagranYue(拉格朗・月)","Lobotomy","LobotomyExtend","Luminous","Minty Spire (QoL Compilation)","Prisma Mod","Remilia（蕾米莉亚）","Replay The Spire","Spicy Shops","StSLib","The Animator"],"gold_per_floor":[114,114,132,145,220,220,248,260,260,285,305,305,380,226,226,330,330,330,330],"floor_reached":18,"language":"ZHS","playtime":13505,"items_purged":["OSAHOGD","LagranYue:BaseAttackCard"],"score":195,"play_id":"a4678cae-873c-44fc-b947-1565b6a1e2cd","local_time":"20210124142220","is_ascension_mode":false,"campfire_choices":[{"floor":6,"key":"REST"},{"floor":12,"key":"REST"},{"data":"LagranYue:AttackGoldCard","floor":15,"key":"SMITH"}],"circlet_count":0,"master_deck":["LagranYue:BaseAttackCard","LagranYue:BaseAttackCard","LagranYue:BaseAttackCard","LagranYue:BaseDefendCard","LagranYue:BaseDefendCard","LagranYue:BaseDefendCard","LagranYue:AttackTopazCard","LagranYue:SkillBrokenSwordCard","LagranYue:BaseDefendCard","LagranYue:AttackPurpleCard+1","QueenOfHatred","Dazed","LagranYue:AttackGoldCard+1","LagranYue:PowerBloodyTempleCard","Woodsman","LagranYue:AttackIceCard","LagranYue:PowerDarkTempleCard","BeautyBeast","LagranYue:SkillChiharaHoundCard","Porccubus","LagranYue:AttackGodArchCard","UniverseFragment"],"relics":["LagranYue:ArmsProficiencyRelics","AT_ATBox","LagranYue:RandomDrawCardRelic","CogitoBucket","LetterFromLob","conspire:BottledYoYo","Mirror","The Courier","RedMistMask","TreeSap","Mango","AT_TrinityForce"],"acts_visited":["Exordium","TheCity"],"potions_floor_usage":[7,16,16],"damage_taken":[{"damage":0,"enemies":"Small Slimes","floor":1,"turns":5},{"damage":15,"enemies":"Jaw Worm","floor":3,"turns":4},{"damage":5,"enemies":"Cultist","floor":4,"turns":4},{"damage":30,"enemies":"Lagavulin","floor":7,"turns":7},{"damage":7,"enemies":"Looter","floor":8,"turns":3},{"damage":46,"enemies":"3 Sentries","floor":10,"turns":9},{"damage":21,"enemies":"Blue Slaver","floor":11,"turns":5},{"damage":14,"enemies":"Hexaghost","floor":16,"turns":3}],"seed_played":"-3976744090980488842","potions_obtained":[{"floor":4,"key":"ColorlessPotion"},{"floor":10,"key":"Reflective Coating"},{"floor":11,"key":"DuplicationPotion"},{"floor":16,"key":"Block Potion"}],"is_trial":false,"path_per_floor":["M","?","M","M","?","R","E","M","T","E","M","R","?","$","R","B",null,"M"],"character_chosen":"LagranYueCharacter","items_purchased":["Mango"],"campfire_rested":2,"item_purchase_floors":[14],"current_hp_per_floor":[75,75,61,62,55,75,51,56,56,34,37,59,48,62,62,70,99,0,0],"gold":330,"neow_bonus":"","is_daily":false,"chose_seed":false,"campfire_upgraded":1,"win_rate":0.0,"timestamp":1611469340,"path_taken":["M","?","M","M","?","R","E","M","T","E","M","R","?","?","R","BOSS","M"],"items_purchased_type":["Relic"],"build_version":"2020-12-22","purchased_purges":2,"victory":false,"max_hp_per_floor":[75,75,75,75,75,75,75,75,75,75,75,75,75,89,89,99,99,99,99],"card_choices":[{"not_picked":["LagranYue:SkillWoodSpearCard","LagranYue:ForgingCard"],"picked":"LagranYue:AttackPurpleCard","floor":1},{"not_picked":["WallGazer","PunishingBird"],"picked":"QueenOfHatred","floor":1},{"not_picked":["LagranYue:AttackAerCard","LagranYue:AttackFireCard"],"picked":"LagranYue:AttackRavagedCard","floor":3},{"not_picked":["LagranYue:SkillVictorySwordCard","LagranYue:MultipleThornsCard"],"picked":"LagranYue:AttackGoldCard","floor":4},{"not_picked":["LagranYue:AttackRubyCard","LagranYue:SkillDevilKissCard"],"picked":"LagranYue:PowerBloodyTempleCard","floor":7},{"not_picked":["BeautyBeast","CrumblingArmor"],"picked":"Woodsman","floor":7},{"not_picked":["LagranYue:AttackMagicStarsCard","LagranYue:AttackBetterCard"],"picked":"LagranYue:AttackIceCard","floor":8},{"not_picked":["Porccubus","BigBird"],"picked":"OSAHOGD","floor":8},{"not_picked":["LagranYue:AttackFlintCard","LagranYue:SkillEightFeetJadeCard"],"picked":"LagranYue:PowerDarkTempleCard","floor":10},{"not_picked":["WallGazer","Wellcheers"],"picked":"BeautyBeast","floor":10},{"not_picked":["LagranYue:GoldForgingCard","LagranYue:EatTigerCard"],"picked":"LagranYue:SkillChiharaHoundCard","floor":11},{"not_picked":["MHz","Wellcheers"],"picked":"Porccubus","floor":11},{"not_picked":["LagranYue:SkillGanJiangMoYeSwordCard","LagranYue:SkillDisasterEquipmentCard"],"picked":"LagranYue:AttackGodArchCard","floor":16},{"not_picked":["CrumblingArmor","LaLuna"],"picked":"UniverseFragment","floor":16}],"player_experience":111983,"relics_obtained":[{"floor":1,"key":"LetterFromLob"},{"floor":7,"key":"conspire:BottledYoYo"},{"floor":9,"key":"Mirror"},{"floor":10,"key":"The Courier"},{"floor":11,"key":"RedMistMask"}],"event_choices":[{"damage_healed":0,"gold_gain":0,"player_choice":"Leave","damage_taken":0,"max_hp_gain":0,"max_hp_loss":0,"event_name":"The Cleric","floor":2,"gold_loss":0},{"damage_healed":0,"gold_gain":75,"player_choice":"Touch","damage_taken":7,"max_hp_gain":0,"max_hp_loss":0,"event_name":"FaceTrader","floor":5,"gold_loss":0},{"damage_healed":0,"gold_gain":75,"player_choice":"Gather Gold","damage_taken":11,"max_hp_gain":0,"max_hp_loss":0,"event_name":"World of Goop","floor":13,"gold_loss":0}],"is_beta":false,"boss_relics":[{"not_picked":["Sozu","conspire:SeveredTorchhead"],"picked":"AT_TrinityForce"}],"items_purged_floors":[14,14],"is_endless":false,"potions_floor_spawned":[4,10,11,16],"ascension_level":0}}