{"host":"4eao2pkwlmv012cz","time":1611468713,"event":{"mods":["BaseMod","Colored Powertips","Minty Spire (QoL Compilation)","Permanent Neow","Quick Restart","Random Character Button","StSLib"],"gold_per_floor":[118,136,61,74,85,85,85,85,85,116,135,135,135,169,169,169,169],"floor_reached":16,"language":"ENG","playtime":388,"items_purged":[],"score":220,"play_id":"57157a5c-77d3-4d29-b055-687f203ba379","local_time":"20210124011153","is_ascension_mode":true,"campfire_choices":[{"data":"Lockon","floor":6,"key":"SMITH"},{"data":"Zap","floor":8,"key":"SMITH"},{"floor":13,"key":"REST"},{"data":"Capacitor","floor":15,"key":"SMITH"}],"circlet_count":0,"master_deck":["AscendersBane","Strike_B","Strike_B","Strike_B","Defend_B","Defend_B","Defend_B","Defend_B","Zap+1","Dualcast","Sweeping Beam","Ball Lightning","Lockon+1","Ball Lightning","Reinforced Body","Injury","Self Repair","Compile Driver","Capacitor+1"],"relics":["Cracked Core","Golden Idol","Blue Candle","Smiling Mask","Dead Branch"],"acts_visited":["Exordium"],"potions_floor_usage":[10,10,11,14,16],"damage_taken":[{"damage":3,"enemies":"Small Slimes","floor":1,"turns":3},{"damage":9,"enemies":"2 Louse","floor":2,"turns":3},{"damage":4,"enemies":"Jaw Worm","floor":4,"turns":4},{"damage":6,"enemies":"Looter","floor":5,"turns":2},{"damage":27,"enemies":"Lagavulin","floor":10,"turns":6},{"damage":5,"enemies":"Gremlin Gang","floor":11,"turns":4},{"damage":11,"enemies":"Gremlin Nob","floor":14,"turns":3},{"damage":34,"enemies":"Hexaghost","floor":16,"turns":7}],"seed_played":"6645446932832156455","potions_obtained":[{"floor":2,"key":"EssenceOfDarkness"},{"floor":4,"key":"Strength Potion"},{"floor":10,"key":"Fire Potion"},{"floor":12,"key":"SteroidPotion"},{"floor":12,"key":"Explosive Potion"},{"floor":14,"key":"Strength Potion"}],"is_trial":false,"path_per_floor":["M","M","?","M","M","R","?","R","T","E","M","?","R","E","R","B"],"character_chosen":"DEFECT","items_purchased":[],"campfire_rested":1,"item_purchase_floors":[],"current_hp_per_floor":[61,52,52,48,42,42,42,42,42,15,17,17,38,34,34,0,0],"gold":169,"neow_bonus":"THREE_CARDS","is_daily":false,"chose_seed":false,"campfire_upgraded":3,"win_rate":0.0,"timestamp":1611468713,"path_taken":["M","M","?","M","M","R","?","R","T","E","?","?","R","E","R","BOSS"],"items_purchased_type":[],"build_version":"2020-12-22","purchased_purges":0,"victory":false,"max_hp_per_floor":[71,71,71,71,71,71,71,71,71,71,71,71,71,71,71,71,71],"card_choices":[{"not_picked":["Barrage","Streamline"],"picked":"Sweeping Beam","floor":0},{"not_picked":["Go for the Eyes","Gash"],"picked":"Ball Lightning","floor":1},{"not_picked":["Skim","Streamline"],"picked":"Lockon","floor":2},{"not_picked":["Blizzard","Redo"],"picked":"Ball Lightning","floor":4},{"not_picked":["Go for the Eyes","Redo"],"picked":"Reinforced Body","floor":5},{"not_picked":["Hologram","Recycle"],"picked":"Self Repair","floor":10},{"not_picked":["Coolheaded","Beam Cell"],"picked":"Compile Driver","floor":11},{"not_picked":["Darkness","Reprogram"],"picked":"Capacitor","floor":14}],"player_experience":2852277,"relics_obtained":[{"floor":9,"key":"Blue Candle"},{"floor":10,"key":"Smiling Mask"},{"floor":14,"key":"Dead Branch"}],"event_choices":[{"cards_removed":["Strike_B"],"damage_healed":0,"gold_gain":0,"player_choice":"Card Removal","damage_taken":0,"max_hp_gain":0,"max_hp_loss":0,"event_name":"The Cleric","floor":3,"gold_loss":75},{"damage_healed":0,"gold_gain":0,"player_choice":"Take Wound","damage_taken":0,"relics_obtained":["Golden Idol"],"max_hp_gain":0,"max_hp_loss":0,"event_name":"Golden Idol","floor":7,"gold_loss":0,"cards_obtained":["Injury"]},{"damage_healed":0,"gold_gain":0,"player_choice":"Got Potions","damage_taken":0,"max_hp_gain":0,"max_hp_loss":0,"event_name":"Lab","floor":12,"gold_loss":0}],"is_beta":false,"boss_relics":[],"items_purged_floors":[],"is_endless":false,"potions_floor_spawned":[2,4,10,14],"killed_by":"Hexaghost","ascension_level":20}}