{"host":"3y33rrrkia6pkpow","time":1611467169,"event":{"mods":["2.2 Compatiblity","AchievementEnabler","Act Like it!","BaseMod","BetterRewards","Block Reminder","Colored Map","Colored Powertips","DeckTracker","Faster Ascension Climbing","Gensokyo","Highlight Path","Infinite Spire","Minty Spire (QoL Compilation)","Quick Restart","Rare Cards Sparkle","Replay The Spire","Shop Mod","Spicy Shops","StSLib","Synergy Search","The Animator","The Blue Laboratory","Unknown Chances"],"gold_per_floor":[110,13,32,111,386,417,417,433,433,433,465,134,169,200,200,272,272,304,331,331,349,349,349,375,375,375,418,436,436,450,475,475,552,552,572,582,20,20,20,20,49,66,66,103,127,139,179,33,33,33,33],"floor_reached":52,"language":"ENG","playtime":6753,"items_purged":["animator:Strike","animator:Strike","Pain","Regret"],"score":2831,"play_id":"7caa8ade-f9ed-4741-8d84-e13f0de62c6b","local_time":"20210123234609","is_ascension_mode":true,"campfire_choices":[{"floor":7.0,"key":"REST"},{"data":"animator:AyaShameimaru","floor":10.0,"key":"SMITH"},{"floor":15,"key":"REST"},{"floor":23,"key":"REST"},{"data":"animator:AcuraShin","floor":25,"key":"SMITH"},{"floor":29,"key":"REST"},{"floor":32,"key":"REST"},{"floor":40,"key":"REST"},{"floor":46,"key":"REST"},{"floor":49,"key":"REST"}],"circlet_count":0,"master_deck":["AscendersBane","animator:Strike_HitsugiNoChaika","animator:Defend_HitsugiNoChaika","animator:AcuraAkari+1","animator:Gillette","animator:Hibiki","animator:WinryRockbell+1","animator:Sonic","animator:YuukaKazami","animator:Sonic","animator:Strike_AccelWorld","animator:Defend_Konosuba","animator:Defend_Elsword","animator:Defend_HitsugiNoChaika","animator:YuukaKazami","animator:WinryRockbell","animator:AcuraAkari+1","animator:AyaShameimaru+1","animator:ChaikaBohdan","animator:YoshinoHimekawa","animator:YoshinoHimekawa","animator:AcuraTooru","animator:Viivi","animator:Eve","animator:SilverFang","animator:Rena","animator:AcuraShin+1","animator:Elesis+1","animator:Ain+1","animator:UneriGinkaku","animator:YuukaKazami","animator:UneriGinkaku","animator:Sonic","animator:Biyorigo","animator:Sonic+1","animator:Geryuganshoop","animator:AyaShameimaru","animator:Envy+1","animator:Gillette","animator:Boros+1","animator:Emonzaemon","animator:AyaShameimaru+1","animator:Laby+1","animator:SilverFang"],"relics":["animator:LivingPicture","animator:TheMissingPiece","animator:PurgingStone","Replay:Bottled Eggs","Nunchaku","Ice Cream","Bag of Preparation","Paper Crane","Shuriken","Vajra","animator:CursedBlade","Red Mask","MutagenicStrength","Boot","Divine Protection","Art of War","Omamori","Mark of Pain","DataDisk","Pet Ghost","animator:ShionDessert","infinitespire:EvilPickle","Golden Egg","Dream Catcher","ReplayFunnel"],"acts_visited":["Exordium","TheCity","TheBeyond"],"potions_floor_usage":[33,33,44,51],"damage_taken":[{"damage":0.0,"enemies":"Small Slimes","floor":1.0,"turns":4.0},{"damage":2.0,"enemies":"Jaw Worm","floor":3.0,"turns":2.0},{"damage":9.0,"enemies":"Replay:BlueRogue","floor":6.0,"turns":6.0},{"damage":10.0,"enemies":"infinitespire:Voidling","floor":8.0,"turns":3.0},{"damage":3.0,"enemies":"Exordium Thugs","floor":11.0,"turns":4.0},{"damage":7,"enemies":"Gremlin Nob","floor":13,"turns":4},{"damage":18,"enemies":"Exordium Wildlife","floor":14,"turns":3},{"damage":4,"enemies":"Slime Boss","floor":16,"turns":5},{"damage":26,"enemies":"3 Byrds","floor":18,"turns":4},{"damage":4,"enemies":"Masked Bandits","floor":19,"turns":3},{"damage":0,"enemies":"2 Thieves","floor":21,"turns":2},{"damage":0,"enemies":"Replay:Snechameleon","floor":24,"turns":4},{"damage":22,"enemies":"Slavers","floor":27,"turns":5},{"damage":11,"enemies":"Centurion and Healer","floor":28,"turns":4},{"damage":0,"enemies":"Snecko","floor":30,"turns":1},{"damage":0,"enemies":"Replay:Snechameleon","floor":31,"turns":3},{"damage":43,"enemies":"Pondfish","floor":33,"turns":9},{"damage":1,"enemies":"3 Darklings","floor":35,"turns":6},{"damage":0,"enemies":"Orb Walker","floor":36,"turns":2},{"damage":17,"enemies":"Reptomancer","floor":41,"turns":5},{"damage":0,"enemies":"Sphere and 2 Shapes","floor":42,"turns":5},{"damage":4,"enemies":"Giant Head","floor":44,"turns":6},{"damage":5,"enemies":"3 Darklings","floor":45,"turns":5},{"damage":0,"enemies":"4 Shapes","floor":47,"turns":4},{"damage":0,"enemies":"Time Eater","floor":50,"turns":13},{"damage":0,"enemies":"infinitespire:MassOfShapes","floor":51,"turns":11}],"seed_played":"2151845087680732378","potions_obtained":[{"floor":3.0,"key":"blueLaboratory:PhilterOfMotion"},{"floor":4.0,"key":"EssenceOfSteel"},{"floor":4.0,"key":"blueLaboratory:StoneskinPotion"},{"floor":35,"key":"Death Potion"},{"floor":45,"key":"blueLaboratory:BottleOfVodka"}],"is_trial":false,"path_per_floor":["M","?","M","?","?","E","R","M","T","R","M","$","E","M","R","B",null,"M","?","?","M","?","R","E","R","T","E","M","R","M","E","R","B",null,"M","M","$","?","?","R","E","M","T","E","M","R","M","$","R_BF","B","B",null],"character_chosen":"THE_ANIMATOR","items_purchased":["animator:Hibiki","animator:WinryRockbell+1","Replay:Bottled Eggs","Nunchaku","Ice Cream","animator:Sonic","animator:YuukaKazami","animator:YoshinoHimekawa","DataDisk","Pet Ghost","animator:ShionDessert","blueLaboratory:Moonshine","animator:AyaShameimaru+1","animator:Laby"],"campfire_rested":8,"item_purchase_floors":[0,0,0,0,0,0,0,12,37,37,37,37,48,48],"current_hp_per_floor":[54,54,52,52,52,43,60,55,55,55,52,52,46,28,46,42,56,30,26,26,26,26,44,44,44,44,22,11,29,29,29,47,5,48,47,48,48,48,48,63,46,46,46,42,37,55,55,55,63,63,63],"gold":33,"neow_bonus":"","is_daily":false,"chose_seed":true,"campfire_upgraded":2,"win_rate":0.0,"timestamp":1611467169,"path_taken":["M","?","M","?","?","E","R","?","T","R","M","$","E","M","R","BOSS","M","?","?","?","?","R","E","R","T","E","M","R","M","E","R","BOSS","M","M","$","?","?","R","E","M","T","E","M","R","?","$","R_BF","BOSS","BOSS"],"items_purchased_type":["Card","Card","Relic","Relic","Relic","Card","Card","Card","Relic","Relic","Relic","Potion","Card","Card"],"build_version":"2020-12-22","purchased_purges":4,"victory":true,"max_hp_per_floor":[60,60,60,60,60,60,60,60,60,60,60,60,61,61,61,61,61,61,61,61,61,61,61,61,61,61,61,61,61,61,61,61,62,62,62,63,63,63,63,63,63,63,63,63,63,63,63,63,63,63,63],"card_choices":[{"not_picked":["animator:Viivi","animator:NiaHonjou"],"picked":"animator:Sonic","floor":1.0},{"not_picked":["animator:Vanir","animator:Aisha"],"picked":"animator:YuukaKazami","floor":3.0},{"not_picked":["animator:SanaeKochiya","animator:AcuraTooru"],"picked":"animator:WinryRockbell","floor":4.0},{"not_picked":["animator:Geryuganshoop","animator:MikuIzayoi"],"picked":"animator:AcuraAkari","floor":6.0},{"not_picked":["animator:SuikaIbuki","animator:ReimuHakurei"],"picked":"animator:AyaShameimaru","floor":8.0},{"not_picked":["animator:ReimuHakurei","animator:ElricAlphonse"],"picked":"animator:ChaikaBohdan","floor":11.0},{"not_picked":["animator:Shichika","animator:Geryuganshoop"],"picked":"animator:AcuraTooru","floor":13},{"not_picked":["animator:AliceMargatroid","animator:MikuIzayoi"],"picked":"animator:Viivi","floor":14},{"not_picked":["animator:HigakiRinne","animator:Greed"],"picked":"animator:Eve","floor":16},{"not_picked":["animator:Melzalgald","animator:MumenRider"],"picked":"animator:SilverFang","floor":18},{"not_picked":["animator:Ciel","animator:Guy"],"picked":"animator:Rena","floor":19},{"not_picked":["animator:CrowleyEusford","animator:SuikaIbuki"],"picked":"animator:Elesis","floor":21},{"not_picked":["animator:Melzalgald","animator:AliceMargatroid"],"picked":"animator:Ain+1","floor":24},{"not_picked":["animator:MikuIzayoi","animator:KrulTepes"],"picked":"animator:UneriGinkaku","floor":27},{"not_picked":["animator:AyaShameimaru","animator:SanaeKochiya"],"picked":"animator:YuukaKazami","floor":28},{"not_picked":["animator:SanaeKochiya","animator:Ara"],"picked":"animator:UneriGinkaku","floor":30},{"not_picked":["animator:Mikaela","animator:Guy+1"],"picked":"animator:Sonic","floor":31},{"not_picked":["animator:Envy","animator:ChaikaTrabant"],"picked":"animator:Biyorigo","floor":33},{"not_picked":["animator:Guy+1","animator:Ain"],"picked":"animator:Sonic+1","floor":35},{"not_picked":["animator:Tatsumaki","animator:Genos"],"picked":"animator:Geryuganshoop","floor":36},{"not_picked":["animator:Konayuki","animator:AyaShameimaru","animator:Elsword"],"picked":"SKIP","floor":41},{"not_picked":["animator:Konayuki","animator:Elsword"],"picked":"animator:AyaShameimaru","floor":41},{"not_picked":["animator:Hitei+1","animator:MaesHughes"],"picked":"animator:Envy","floor":42},{"not_picked":["animator:Verdia+1","animator:Yoichi"],"picked":"animator:Gillette","floor":44},{"not_picked":["animator:KaguyaHouraisan","animator:MarisaKirisame"],"picked":"animator:Boros","floor":46},{"not_picked":["animator:Shinoa","animator:Togame"],"picked":"animator:Emonzaemon","floor":47},{"not_picked":["animator:Togame","animator:Fredrika"],"picked":"animator:SilverFang","floor":49}],"player_experience":910792,"relics_obtained":[{"floor":4.0,"key":"Bag of Preparation"},{"floor":6.0,"key":"Paper Crane"},{"floor":9.0,"key":"Shuriken"},{"floor":13,"key":"Vajra"},{"floor":19,"key":"Red Mask"},{"floor":24,"key":"Boot"},{"floor":26,"key":"Divine Protection"},{"floor":27,"key":"Art of War"},{"floor":31,"key":"Omamori"},{"floor":41,"key":"Golden Egg"},{"floor":43,"key":"Dream Catcher"},{"floor":44,"key":"ReplayFunnel"}],"event_choices":[{"damage_healed":0.0,"max_hp_gain":0.0,"max_hp_loss":0.0,"gold_gain":275.0,"event_name":"Golden Shrine","player_choice":"Desecrate","floor":5.0,"gold_loss":0.0,"damage_taken":0.0,"cards_obtained":["Regret"]},{"damage_healed":0,"gold_gain":0,"player_choice":"Fought Bandits","damage_taken":0,"max_hp_gain":0,"max_hp_loss":0,"event_name":"Masked Bandits","floor":19,"gold_loss":0},{"damage_healed":0,"gold_gain":0,"player_choice":"Read","damage_taken":0,"max_hp_gain":0,"max_hp_loss":0,"event_name":"The Library","floor":20,"gold_loss":0,"cards_obtained":["animator:AcuraShin"]},{"damage_healed":0,"gold_gain":0,"player_choice":"Inject Mutagens","damage_taken":0,"relics_obtained":["MutagenicStrength"],"max_hp_gain":0,"max_hp_loss":0,"event_name":"Drug Dealer","floor":22,"gold_loss":0},{"damage_healed":0,"gold_gain":0,"player_choice":"Upgraded","damage_taken":0,"max_hp_gain":0,"max_hp_loss":0,"event_name":"Upgrade Shrine","floor":39,"gold_loss":0,"cards_upgraded":["animator:Elesis"]}],"is_beta":false,"boss_relics":[{"not_picked":["Calling Bell","Replay:Bronze Core"],"picked":"animator:CursedBlade"},{"not_picked":["SlaversCollar","Honey Jar"],"picked":"Mark of Pain"}],"items_purged_floors":[0,0,12,12],"is_endless":false,"potions_floor_spawned":[3,14,16,18,19,28,31,35,41,45],"ascension_level":20}}