{"host":"kda2p2afd6bvz6qo","time":1611518429,"event":{"mods":["BaseMod","Colored Map","Minty Spire (QoL Compilation)","Relic Stats"],"gold_per_floor":[111,12,26,26,101,137,137,198,198,222,222,222],"floor_reached":11,"language":"ENG","playtime":316,"items_purged":[],"score":212,"play_id":"8b2cfdac-dc32-48a8-bde7-a7985692ff7b","local_time":"20210124200029","is_ascension_mode":true,"campfire_choices":[],"circlet_count":0,"master_deck":["AscendersBane","Strike_G","Strike_G","Strike_G","Strike_G","Defend_G","Defend_G","Defend_G","Defend_G","Defend_G","Survivor","Neutralize","Poisoned Stab","Footwork","Acrobatics","Predator","A Thousand Cuts","Quick Slash"],"relics":["Ring of the Snake","NeowsBlessing","Golden Idol","Pantograph","Shuriken","Potion Belt"],"acts_visited":["Exordium"],"potions_floor_usage":[8,8,11],"damage_taken":[{"damage":0,"enemies":"Small Slimes","floor":1,"turns":1},{"damage":0,"enemies":"2 Louse","floor":3,"turns":1},{"damage":0,"enemies":"Gremlin Nob","floor":6,"turns":1},{"damage":6,"enemies":"Lagavulin","floor":8,"turns":8},{"damage":0,"enemies":"Cultist","floor":10,"turns":3},{"damage":19,"enemies":"3 Sentries","floor":11,"turns":5}],"seed_played":"1439474846115444885","potions_obtained":[{"floor":3,"key":"DistilledChaos"},{"floor":8,"key":"LiquidBronze"}],"is_trial":false,"path_per_floor":["M","$","M","?","?","E","?","E","T","M","E"],"character_chosen":"THE_SILENT","items_purchased":["Footwork","ColorlessPotion"],"campfire_rested":0,"item_purchase_floors":[2,2],"current_hp_per_floor":[59,59,59,36,25,25,25,19,19,19,0,0],"gold":222,"neow_bonus":"THREE_ENEMY_KILL","is_daily":false,"chose_seed":false,"campfire_upgraded":0,"win_rate":0.0,"timestamp":1611518429,"path_taken":["M","$","M","?","?","E","?","E","T","M","E"],"items_purchased_type":["Card","Potion"],"build_version":"2020-12-22","purchased_purges":0,"victory":false,"max_hp_per_floor":[66,66,66,66,66,66,66,66,66,66,66,66],"relic_stats":{"counters":[6,19],"Golden Idol":20,"Shuriken":[1],"Pantograph":0,"obtain_stats":[{"Potion Belt":9,"NeowsBlessing":0,"Golden Idol":4,"Shuriken":8,"Pantograph":6,"Ring of the Snake":0},{"Potion Belt":4,"NeowsBlessing":0,"Golden Idol":2,"Shuriken":4,"Pantograph":3,"Ring of the Snake":0},{"Potion Belt":11,"NeowsBlessing":0,"Golden Idol":2,"Shuriken":11,"Pantograph":3,"Ring of the Snake":0}],"Ring of the Snake":[12]},"card_choices":[{"not_picked":["Deadly Poison","Outmaneuver"],"picked":"Poisoned Stab","floor":1},{"not_picked":["Underhanded Strike","Bane"],"picked":"Acrobatics","floor":3},{"not_picked":["Blade Dance","Deflect"],"picked":"Predator","floor":6},{"not_picked":["Dash","Prepared"],"picked":"A Thousand Cuts","floor":8},{"not_picked":["Setup","Noxious Fumes"],"picked":"Quick Slash","floor":10}],"player_experience":158292,"relics_obtained":[{"floor":6,"key":"Pantograph"},{"floor":8,"key":"Shuriken"},{"floor":9,"key":"Potion Belt"}],"event_choices":[{"damage_healed":0,"gold_gain":0,"player_choice":"Take Damage","damage_taken":23,"relics_obtained":["Golden Idol"],"max_hp_gain":0,"max_hp_loss":0,"event_name":"Golden Idol","floor":4,"gold_loss":0},{"damage_healed":0,"gold_gain":75,"player_choice":"Gather Gold","damage_taken":11,"max_hp_gain":0,"max_hp_loss":0,"event_name":"World of Goop","floor":5,"gold_loss":0},{"cards_removed":["Strike_G"],"damage_healed":0,"gold_gain":0,"player_choice":"Purged","damage_taken":0,"max_hp_gain":0,"max_hp_loss":0,"event_name":"Purifier","floor":7,"gold_loss":0}],"is_beta":false,"boss_relics":[],"items_purged_floors":[],"is_endless":false,"potions_floor_spawned":[3,8],"killed_by":"3 Sentries","ascension_level":20}}