{"host":"6xsbn6ynqlzwllfm","time":1611513856,"event":{"mods":["2.2 Compatiblity","BaseMod","Bestiary","Colored Map","Colored Powertips","Curses Come First","Highlight Path","Keyboard Shortcuts","Minty Spire (QoL Compilation)","Quick Restart","Relic Stats","Slay the Relics Exporter","StSLib","SuperFastMode"],"gold_per_floor":[114,39,39,56,56,82,82,111,186,199,228,198,231,248,248,327,327,345,19,38,52,52,82,100,134,134,134,146,46,46,73,73,152,152,169,70,70,1069,410,410,428,428,428,456,456,486,486,504,504,504,504,504],"floor_reached":51,"language":"ENG","playtime":1910,"items_purged":["Strike_R","Strike_R","Normality"],"score":1603,"play_id":"898e3896-a94d-49f5-b012-f14906ad09ae","local_time":"20210124134416","is_ascension_mode":true,"campfire_choices":[{"data":"Bash","floor":7,"key":"SMITH"},{"data":"Clothesline","floor":15,"key":"SMITH"},{"data":"Uppercut","floor":27,"key":"SMITH"},{"data":"Corruption","floor":30,"key":"SMITH"},{"floor":32,"key":"REST"},{"data":"Double Tap","floor":40,"key":"SMITH"},{"data":"Disarm","floor":42,"key":"SMITH"},{"floor":47,"key":"RECALL"},{"floor":49,"key":"REST"}],"circlet_count":0,"master_deck":["AscendersBane","Strike_R","Strike_R","Strike_R","Defend_R","Defend_R","Defend_R","Bash+1","Iron Wave","Cleave+1","Clothesline+1","Dropkick","Twin Strike","Pummel","Pummel+1","Corruption+1","Disarm+1","Thunderclap","Sword Boomerang+1","Uppercut+1","Flex+1","Sword Boomerang+1","Double Tap+1","Mind Blast","Dark Embrace","Carnage+1","Injury","Heavy Blade","Evolve"],"relics":["Burning Blood","NeowsBlessing","Red Skull","Toy Ornithopter","Self Forming Clay","Omamori","Oddly Smooth Stone","Cursed Key","Brimstone","Regal Pillow","HornCleat","Dream Catcher","White Beast Statue","Matryoshka","Snecko Eye","Ornamental Fan","Orichalcum","Letter Opener","Lantern","Whetstone"],"acts_visited":["Exordium","TheCity","TheBeyond"],"potions_floor_usage":[13,16,23,24,25,44,44,46,48],"damage_taken":[{"damage":0,"enemies":"2 Louse","floor":1,"turns":1},{"damage":0,"enemies":"Cultist","floor":4,"turns":1},{"damage":0,"enemies":"Lagavulin","floor":6,"turns":1},{"damage":37,"enemies":"Gremlin Nob","floor":8,"turns":5},{"damage":1,"enemies":"Small Slimes","floor":10,"turns":3},{"damage":28,"enemies":"Lagavulin","floor":11,"turns":6},{"damage":0,"enemies":"Gremlin Nob","floor":13,"turns":2},{"damage":2,"enemies":"Looter","floor":14,"turns":2},{"damage":33,"enemies":"Hexaghost","floor":16,"turns":7},{"damage":10,"enemies":"3 Byrds","floor":18,"turns":6},{"damage":24,"enemies":"2 Thieves","floor":20,"turns":2},{"damage":6,"enemies":"Snecko","floor":21,"turns":3},{"damage":35,"enemies":"Slavers","floor":23,"turns":3},{"damage":0,"enemies":"Shelled Parasite and Fungi","floor":24,"turns":1},{"damage":4,"enemies":"Gremlin Leader","floor":25,"turns":4},{"damage":0,"enemies":"Sentry and Sphere","floor":28,"turns":3},{"damage":12,"enemies":"Book of Stabbing","floor":31,"turns":3},{"damage":39,"enemies":"Automaton","floor":33,"turns":5},{"damage":6,"enemies":"Orb Walker","floor":35,"turns":2},{"damage":0,"enemies":"3 Shapes","floor":41,"turns":2},{"damage":45,"enemies":"Reptomancer","floor":44,"turns":4},{"damage":20,"enemies":"Nemesis","floor":46,"turns":3},{"damage":16,"enemies":"Sphere and 2 Shapes","floor":48,"turns":2},{"damage":50,"enemies":"Time Eater","floor":50,"turns":5},{"damage":15,"enemies":"Awakened One","floor":51,"turns":1}],"seed_played":"4253639424368011611","potions_obtained":[{"floor":6,"key":"Dexterity Potion"},{"floor":8,"key":"FairyPotion"},{"floor":11,"key":"DistilledChaos"},{"floor":13,"key":"EssenceOfSteel"},{"floor":14,"key":"LiquidBronze"},{"floor":16,"key":"Regen Potion"},{"floor":23,"key":"DistilledChaos"},{"floor":24,"key":"DistilledChaos"},{"floor":28,"key":"LiquidMemories"},{"floor":35,"key":"SteroidPotion"},{"floor":44,"key":"PowerPotion"},{"floor":46,"key":"Explosive Potion"},{"floor":48,"key":"Ancient Potion"}],"is_trial":false,"path_per_floor":["M","$","?","M","?","E","R","E","T","M","E","?","E","M","R","B",null,"M","$","M","M","$","E","M","E","T","R","M","$","R","E","R","B",null,"M","$","?","?","$","R","M","R","T","E","?","E","R","M","R","B","B"],"character_chosen":"IRONCLAD","items_purchased":["Brimstone","Regal Pillow","Mind Blast","Dark Embrace","Ornamental Fan","Orichalcum"],"campfire_rested":2,"item_purchase_floors":[19,19,36,39,39,39],"current_hp_per_floor":[74,74,67,73,73,75,75,44,44,49,27,27,38,42,42,20,61,57,57,39,39,39,24,35,42,42,42,48,48,48,42,75,42,67,67,67,67,67,67,67,71,71,71,32,32,23,23,18,54,10,0,0],"gold":504,"neow_bonus":"THREE_ENEMY_KILL","is_daily":false,"chose_seed":false,"campfire_upgraded":6,"win_rate":0.0,"timestamp":1611513856,"path_taken":["M","$","?","M","?","E","R","E","T","M","E","?","E","?","R","BOSS","M","$","M","M","?","E","M","E","T","R","M","$","R","E","R","BOSS","M","$","?","?","$","R","?","R","T","E","?","E","R","M","R","BOSS","BOSS"],"items_purchased_type":["Relic","Relic","Card","Card","Relic","Relic"],"build_version":"2020-12-22","purchased_purges":3,"victory":false,"max_hp_per_floor":[75,75,75,75,75,75,75,75,75,75,75,75,75,75,75,75,75,75,75,75,75,75,75,75,75,75,75,75,75,75,75,75,75,75,75,75,71,71,71,71,71,71,71,71,71,71,71,71,71,71,71,71],"relic_stats":{"Regal Pillow":26,"counters":[25,77],"Self Forming Clay":[138],"Letter Opener":[20],"Whetstone":["Pummel","Cleave"],"Orichalcum":[24],"Cursed Key":2,"Burning Blood":138,"Dream Catcher":2,"Ornamental Fan":[32],"Snecko Eye":[32,39,29,30],"obtain_stats":[{"Regal Pillow":19,"Lantern":44,"NeowsBlessing":0,"Self Forming Clay":9,"Oddly Smooth Stone":13,"Omamori":11,"Letter Opener":43,"Whetstone":46,"Orichalcum":39,"Cursed Key":17,"Burning Blood":0,"White Beast Statue":26,"Dream Catcher":25,"HornCleat":23,"Matryoshka":31,"Brimstone":19,"Ornamental Fan":39,"Snecko Eye":34,"Red Skull":6,"Toy Ornithopter":8},{"Regal Pillow":10,"Lantern":21,"NeowsBlessing":0,"Self Forming Clay":4,"Oddly Smooth Stone":7,"Omamori":6,"Letter Opener":20,"Whetstone":22,"Orichalcum":19,"Cursed Key":9,"Burning Blood":0,"White Beast Statue":15,"Dream Catcher":15,"HornCleat":13,"Matryoshka":17,"Brimstone":10,"Ornamental Fan":19,"Snecko Eye":18,"Red Skull":3,"Toy Ornithopter":4},{"Regal Pillow":34,"Lantern":66,"NeowsBlessing":0,"Self Forming Clay":8,"Oddly Smooth Stone":19,"Omamori":17,"Letter Opener":62,"Whetstone":69,"Orichalcum":60,"Cursed Key":28,"Burning Blood":0,"White Beast Statue":47,"Dream Catcher":47,"HornCleat":42,"Matryoshka":53,"Brimstone":34,"Ornamental Fan":60,"Snecko Eye":58,"Red Skull":3,"Toy Ornithopter":8}],"Toy Ornithopter":35},"card_choices":[{"not_picked":["Thunderclap","Heavy Blade"],"picked":"Iron Wave","floor":1},{"not_picked":["Entrench","Feel No Pain"],"picked":"Cleave","floor":4},{"not_picked":["Anger","Clash"],"picked":"Clothesline","floor":6},{"not_picked":["Flex","Havoc"],"picked":"Dropkick","floor":8},{"not_picked":["Intimidate","Clothesline","Warcry"],"picked":"SKIP","floor":10},{"not_picked":["Iron Wave","Shockwave"],"picked":"Twin Strike","floor":11},{"not_picked":["Combust","Impervious"],"picked":"Pummel","floor":13},{"not_picked":["Clash","Flex"],"picked":"Pummel","floor":14},{"not_picked":["Berserk","Exhume"],"picked":"Corruption","floor":16},{"not_picked":["Seeing Red","Sword Boomerang"],"picked":"Disarm","floor":18},{"not_picked":["Twin Strike+1","Iron Wave"],"picked":"Thunderclap","floor":20},{"not_picked":["Wild Strike","Havoc"],"picked":"Sword Boomerang+1","floor":21},{"not_picked":["Exhume","Perfected Strike"],"picked":"Uppercut","floor":23},{"not_picked":["Pommel Strike","Intimidate+1","Flex"],"picked":"SKIP","floor":24},{"not_picked":["Ghostly Armor","Shrug It Off","Sword Boomerang"],"picked":"SKIP","floor":25},{"not_picked":["Thunderclap","Bloodletting"],"picked":"Flex+1","floor":28},{"not_picked":["Rage","Cleave","Clothesline"],"picked":"SKIP","floor":31},{"not_picked":["Perfected Strike","Evolve"],"picked":"Sword Boomerang+1","floor":32},{"not_picked":["Impervious","Berserk"],"picked":"Double Tap","floor":33},{"not_picked":["Ghostly Armor+1","Headbutt","Clash"],"picked":"SKIP","floor":35},{"not_picked":["Havoc","Rage"],"picked":"Carnage+1","floor":41},{"not_picked":["Exhume","Flex","Rupture"],"picked":"SKIP","floor":44},{"not_picked":["Rupture","Sword Boomerang"],"picked":"Heavy Blade","floor":46},{"not_picked":["Wild Strike","Burning Pact"],"picked":"Evolve","floor":48}],"player_experience":1094022,"relics_obtained":[{"floor":6,"key":"Red Skull"},{"floor":8,"key":"Toy Ornithopter"},{"floor":9,"key":"Self Forming Clay"},{"floor":11,"key":"Omamori"},{"floor":13,"key":"Oddly Smooth Stone"},{"floor":23,"key":"HornCleat"},{"floor":25,"key":"Dream Catcher"},{"floor":26,"key":"White Beast Statue"},{"floor":31,"key":"Matryoshka"},{"floor":43,"key":"Letter Opener"},{"floor":44,"key":"Lantern"},{"floor":46,"key":"Whetstone"}],"event_choices":[{"cards_removed":["Defend_R"],"damage_healed":0,"gold_gain":0,"player_choice":"Card Removal","damage_taken":7,"max_hp_gain":0,"max_hp_loss":0,"event_name":"Golden Wing","floor":3,"gold_loss":0},{"damage_healed":0,"gold_gain":0,"player_choice":"Leave","damage_taken":0,"max_hp_gain":0,"max_hp_loss":0,"event_name":"The Cleric","floor":5,"gold_loss":0},{"damage_healed":0,"gold_gain":0,"player_choice":"Bought 2 Potions","damage_taken":0,"max_hp_gain":0,"max_hp_loss":0,"event_name":"The Woman in Blue","floor":12,"gold_loss":0},{"damage_healed":0,"gold_gain":0,"player_choice":"Max HP","damage_taken":0,"max_hp_gain":0,"max_hp_loss":4,"event_name":"Winding Halls","floor":37,"gold_loss":0},{"damage_healed":0,"gold_gain":999,"player_choice":"Gold","damage_taken":0,"max_hp_gain":0,"max_hp_loss":0,"event_name":"MindBloom","floor":38,"gold_loss":0,"cards_obtained":["Normality","Normality"]},{"damage_healed":0,"gold_gain":0,"player_choice":"Ignored","damage_taken":0,"max_hp_gain":0,"max_hp_loss":0,"event_name":"The Moai Head","floor":45,"gold_loss":0}],"is_beta":false,"boss_relics":[{"not_picked":["SacredBark","Busted Crown"],"picked":"Cursed Key"},{"not_picked":["Mark of Pain","Runic Dome"],"picked":"Snecko Eye"}],"items_purged_floors":[2,29,39],"is_endless":false,"potions_floor_spawned":[6,8,11,13,14,16,23,24,28,31,33,35,41,44,46,48],"killed_by":"Awakened One","ascension_level":20}}