{"host":"18wi9kpcl4eah7pe","time":1611526490,"event":{"mods":["BaseMod","Colored Powertips","Downfall","Minty Spire (QoL Compilation)","StSLib"],"gold_per_floor":[99,99,99,99,99,99,99,132,149,172,185,185,220,235,251,251,251,251],"floor_reached":16,"language":"ENG","playtime":467,"items_purged":[],"score":100,"play_id":"32f9beb2-de81-4a12-8f99-7a665e5c6d45","local_time":"20210124161450","is_ascension_mode":false,"campfire_choices":[{"floor":6,"key":"RECALL"}],"circlet_count":0,"master_deck":["sneckomod:Strike","sneckomod:Strike","sneckomod:Strike","sneckomod:Defend","sneckomod:Defend","sneckomod:Defend","sneckomod:TailWhip","sneckomod:SnekBite","sneckomod:Unknown","Madness","sneckomod:UnknownClassPURPLE","sneckomod:UnknownClassTHE_BRONZE_AUTOMATON","sneckomod:SnekBeam","sneckomod:ImprovisedAttack+1","sneckomod:UnknownColorless","sneckomod:CheapStock","sneckomod:ImprovisedAttack+1","Slimebound:Recollect","Mind Blast+1","sneckomod:UnknownClassBLUE","sneckomod:UnknownClassTHE_BRONZE_AUTOMATON","sneckomod:UnknownClassGUARDIAN","sneckomod:UnknownClassSLIMEBOUND"],"relics":["sneckomod:SneckoSoul","downfall:HeartsMalice","downfall:BrokenWingStatue","Molten Egg 2","Ornamental Fan","Odd Mushroom"],"acts_visited":["Exordium"],"potions_floor_usage":[10,11,13],"damage_taken":[{"damage":0,"enemies":"2 Louse","floor":2,"turns":1},{"damage":0,"enemies":"Cultist","floor":4,"turns":1},{"damage":0,"enemies":"Small Slimes","floor":5,"turns":1},{"damage":30,"enemies":"Gremlin Nob","floor":8,"turns":4},{"damage":16,"enemies":"2 Fungi Beasts","floor":9,"turns":3},{"damage":10,"enemies":"The Mushroom Lair","floor":10,"turns":3},{"damage":3,"enemies":"Blue Slaver","floor":11,"turns":4},{"damage":6,"enemies":"Large Slime","floor":13,"turns":5},{"damage":1,"enemies":"3 Louse","floor":14,"turns":3},{"damage":0,"enemies":"Exordium Wildlife","floor":15,"turns":1},{"damage":31,"enemies":"DF_ARCHETYPE_STREAMLINE","floor":16,"turns":4}],"seed_played":"6839933374024705806","potions_obtained":[{"floor":8,"key":"Energy Potion"},{"floor":9,"key":"hexamod:SoulburnPotion"},{"floor":11,"key":"EssenceOfSteel"},{"floor":13,"key":"GamblersBrew"},{"floor":14,"key":"SpeedPotion"}],"is_trial":false,"path_per_floor":["R","M","?","M","M","R","T","E","M","?","M","?","M","M","M","B"],"character_chosen":"THE_SNECKO","items_purchased":[],"campfire_rested":0,"item_purchase_floors":[],"current_hp_per_floor":[90,90,90,90,90,90,90,60,44,34,31,31,25,28,28,0,0,0],"gold":251,"neow_bonus":"THREE_ENEMY_KILL","is_daily":false,"chose_seed":false,"campfire_upgraded":0,"win_rate":0.0,"timestamp":1611526490,"path_taken":["R","M","?","M","M","R","T","E","M","?","M","?","M","?","M","BOSS"],"items_purchased_type":[],"build_version":"2020-12-22","purchased_purges":0,"victory":false,"max_hp_per_floor":[90,90,90,90,90,90,90,90,90,90,90,90,90,90,90,90,90,90],"card_choices":[{"not_picked":["sneckomod:SoulCleanse","sneckomod:UnknownCommonSkill"],"picked":"sneckomod:UnknownClassPURPLE","floor":2},{"not_picked":["sneckomod:QuickBite","sneckomod:UnknownDexterity"],"picked":"sneckomod:UnknownClassTHE_BRONZE_AUTOMATON","floor":4},{"not_picked":["sneckomod:SoulCleanse","sneckomod:SoulRoll"],"picked":"sneckomod:SnekBeam","floor":5},{"not_picked":["sneckomod:Unknown2Cost","sneckomod:DiceBlock"],"picked":"sneckomod:ImprovisedAttack+1","floor":8},{"not_picked":["sneckomod:UnknownClassSLIMEBOUND","sneckomod:UnknownCommonSkill"],"picked":"sneckomod:UnknownColorless","floor":9},{"not_picked":["sneckomod:UnknownX","sneckomod:Cheat"],"picked":"sneckomod:CheapStock","floor":10},{"not_picked":["sneckomod:WideSting+1","sneckomod:UnknownUncommonPower"],"picked":"sneckomod:ImprovisedAttack+1","floor":11},{"not_picked":["sneckomod:UnknownClassSLIMEBOUND","sneckomod:SoulRoll"],"picked":"sneckomod:UnknownClassTHE_BRONZE_AUTOMATON","floor":13},{"not_picked":["sneckomod:RainOfDice+1","sneckomod:QuickBite+1"],"picked":"sneckomod:UnknownClassGUARDIAN","floor":14},{"not_picked":["sneckomod:SnekBeam+1","sneckomod:UnknownDraw"],"picked":"sneckomod:UnknownClassSLIMEBOUND","floor":15}],"player_experience":951355,"relics_obtained":[{"floor":7,"key":"Molten Egg 2"},{"floor":8,"key":"Ornamental Fan"},{"floor":10,"key":"Odd Mushroom"}],"event_choices":[{"damage_healed":0,"gold_gain":0,"player_choice":"Fought Mushrooms","damage_taken":0,"max_hp_gain":0,"max_hp_loss":0,"event_name":"Mushrooms","floor":10,"gold_loss":0}],"is_beta":false,"boss_relics":[],"items_purged_floors":[],"is_endless":false,"potions_floor_spawned":[8,9,11,13,14],"killed_by":"DF_ARCHETYPE_STREAMLINE","ascension_level":0}}