{"host":"8rqsnaeml9gxb0kp","time":1611459877,"event":{"mods":["AchievementEnabler","BaseMod","Dark Map","Minty Spire (QoL Compilation)","StSLib"],"gold_per_floor":[113,124,137,152,162,162,178,203,230,250,250,276,276,276,276,407,407,420,188,211,234,82,123,123,143,143,43,43,64,88,132,132,132,132],"floor_reached":33,"language":"ENG","playtime":1523,"items_purged":["Strike_R","Strike_R"],"score":401,"play_id":"0bdc1b7e-28d8-48c8-9633-304611b0e83f","local_time":"20210123194437","is_ascension_mode":false,"campfire_choices":[{"data":"Whirlwind","floor":6,"key":"SMITH"},{"data":"Whirlwind","floor":11,"key":"SMITH"},{"data":"Pommel Strike","floor":13,"key":"SMITH"},{"data":"Pommel Strike","floor":15,"key":"SMITH"},{"data":"Flex","floor":32,"key":"SMITH"}],"circlet_count":0,"master_deck":["Defend_R","Defend_R","Defend_R","Defend_R","Bash","Headbutt","Pommel Strike+1","Whirlwind+1","Flame Barrier","Fire Breathing","Pommel Strike+1","Headbutt","Whirlwind+1","Pummel","Brutality","Flex+1","Headbutt+1","Dual Wield","Spot Weakness+1","Bash","Flex+1","Bite","Bite","Bite","Bite","Bite","Flex"],"relics":["Snecko Eye","Bird Faced Urn","Blood Vial","Orichalcum","Golden Idol","Cursed Key","Lee\u0027s Waffle","Bag of Preparation","Vajra","Nunchaku"],"acts_visited":["Exordium","TheCity"],"potions_floor_usage":[8,16,16,16,23,33,33,33],"damage_taken":[{"damage":0,"enemies":"Cultist","floor":1,"turns":3},{"damage":1,"enemies":"Jaw Worm","floor":2,"turns":3},{"damage":7,"enemies":"Small Slimes","floor":3,"turns":3},{"damage":6,"enemies":"Exordium Wildlife","floor":4,"turns":2},{"damage":0,"enemies":"3 Louse","floor":5,"turns":2},{"damage":0,"enemies":"Looter","floor":7,"turns":3},{"damage":0,"enemies":"3 Sentries","floor":8,"turns":1},{"damage":0,"enemies":"2 Fungi Beasts","floor":10,"turns":1},{"damage":0,"enemies":"Gremlin Nob","floor":12,"turns":3},{"damage":16,"enemies":"Slime Boss","floor":16,"turns":4},{"damage":10,"enemies":"2 Thieves","floor":18,"turns":4},{"damage":6,"enemies":"Spheric Guardian","floor":20,"turns":3},{"damage":0,"enemies":"Snecko","floor":21,"turns":3},{"damage":19,"enemies":"Book of Stabbing","floor":23,"turns":4},{"damage":6,"enemies":"Centurion and Healer","floor":25,"turns":4},{"damage":18,"enemies":"Snake Plant","floor":29,"turns":3},{"damage":26,"enemies":"Shelled Parasite and Fungi","floor":30,"turns":5},{"damage":0,"enemies":"Gremlin Leader","floor":31,"turns":4},{"damage":66,"enemies":"Automaton","floor":33,"turns":8}],"seed_played":"-3259876624557836925","potions_obtained":[{"floor":2,"key":"FearPotion"},{"floor":4,"key":"Energy Potion"},{"floor":5,"key":"EssenceOfSteel"},{"floor":8,"key":"Strength Potion"},{"floor":16,"key":"Dexterity Potion"},{"floor":20,"key":"SkillPotion"},{"floor":21,"key":"BloodPotion"},{"floor":31,"key":"Weak Potion"}],"is_trial":false,"path_per_floor":["M","M","M","M","M","R","M","E","T","M","R","E","R","?","R","B",null,"M","$","M","M","$","E","?","M","T","$","?","M","M","E","R","B"],"character_chosen":"IRONCLAD","items_purchased":["Lee\u0027s Waffle","Bag of Preparation"],"campfire_rested":0,"item_purchase_floors":[19,22],"current_hp_per_floor":[80,79,72,66,66,66,66,66,66,68,68,70,70,70,70,56,74,64,81,75,77,77,62,62,60,60,60,56,40,30,36,36,0,0],"gold":132,"neow_bonus":"BOSS_RELIC","is_daily":false,"chose_seed":false,"campfire_upgraded":5,"win_rate":0.0,"timestamp":1611459877,"path_taken":["M","M","M","M","M","R","M","E","T","M","R","E","R","?","R","BOSS","M","$","M","M","$","E","?","?","T","?","?","M","M","E","R","BOSS"],"items_purchased_type":["Relic","Relic"],"build_version":"2020-12-22","purchased_purges":2,"victory":false,"max_hp_per_floor":[80,80,80,80,80,80,80,80,80,80,80,80,80,74,74,74,74,74,81,81,81,81,81,81,81,81,81,56,56,56,56,56,56,56],"card_choices":[{"not_picked":["Heavy Blade","Dark Embrace"],"picked":"Headbutt","floor":1},{"not_picked":["Evolve","Metallicize"],"picked":"Pommel Strike","floor":2},{"not_picked":["Cleave","Brutality"],"picked":"Whirlwind","floor":3},{"not_picked":["Cleave","Sever Soul"],"picked":"Flame Barrier","floor":4},{"not_picked":["Battle Trance","Infernal Blade"],"picked":"Fire Breathing","floor":5},{"not_picked":["Body Slam","Evolve"],"picked":"Pommel Strike","floor":7},{"not_picked":["Body Slam","Wild Strike"],"picked":"Headbutt","floor":8},{"not_picked":["Iron Wave","Wild Strike"],"picked":"Whirlwind","floor":10},{"not_picked":["Infernal Blade","Anger"],"picked":"Pummel","floor":12},{"not_picked":["Fiend Fire","Barricade"],"picked":"Brutality","floor":16},{"not_picked":["Armaments","Wild Strike"],"picked":"Flex","floor":18},{"not_picked":["Burning Pact","Pommel Strike"],"picked":"Headbutt+1","floor":20},{"not_picked":["True Grit","Dark Embrace+1"],"picked":"Dual Wield","floor":21},{"not_picked":["Flame Barrier","Reckless Charge"],"picked":"Spot Weakness+1","floor":23},{"not_picked":["True Grit","Shrug It Off"],"picked":"Flex+1","floor":25},{"not_picked":["Sword Boomerang","Body Slam+1","Cleave"],"picked":"SKIP","floor":29},{"not_picked":["Metallicize","Anger"],"picked":"Flex","floor":30},{"not_picked":["Berserk","Perfected Strike","Wild Strike"],"picked":"SKIP","floor":31}],"player_experience":126968,"relics_obtained":[{"floor":8,"key":"Bird Faced Urn"},{"floor":9,"key":"Blood Vial"},{"floor":12,"key":"Orichalcum"},{"floor":23,"key":"Vajra"},{"floor":31,"key":"Nunchaku"}],"event_choices":[{"damage_healed":0,"gold_gain":0,"player_choice":"Lose Max HP","damage_taken":0,"relics_obtained":["Golden Idol"],"max_hp_gain":0,"max_hp_loss":6,"event_name":"Golden Idol","floor":14,"gold_loss":0},{"damage_healed":0,"gold_gain":0,"player_choice":"1 cards matched","damage_taken":0,"max_hp_gain":0,"max_hp_loss":0,"event_name":"Match and Keep!","floor":24,"gold_loss":0,"cards_obtained":["Bash"]},{"damage_healed":0,"gold_gain":0,"player_choice":"Became a vampire","damage_taken":0,"max_hp_gain":0,"max_hp_loss":25,"event_name":"Vampires","floor":28,"gold_loss":0,"cards_obtained":["Bite","Bite","Bite","Bite","Bite"]}],"is_beta":false,"boss_relics":[{"not_picked":["Empty Cage","Runic Pyramid"],"picked":"Cursed Key"}],"items_purged_floors":[19,27],"is_endless":false,"potions_floor_spawned":[2,4,5,8,16,20,21,31],"killed_by":"Automaton","ascension_level":0}}