{"host":"test","time":1611483855,"event":{"mods":["BaseMod","Colored Map","Colored Powertips","Minty Spire (QoL Compilation)","Relic Stats","Slay the Relics Exporter","SpireBot","StSLib","ojb\u0027s Better Paths Mod","ojb\u0027s Info Mod"],"gold_per_floor":[128,140,165,189,213,256,278,19,19,19,33,33,33,44,44,116,116,127,71,88,88,88,115,115,125,150,150,65,65,98,116,116,116,116],"floor_reached":33,"language":"JPN","playtime":1589,"items_purged":["Strike_G"],"score":574,"play_id":"cb70d291-c309-46b4-8838-427c2f5e22cd","local_time":"20210124192415","is_ascension_mode":true,"campfire_choices":[{"data":"Bouncing Flask","floor":12.0,"key":"SMITH"},{"data":"Footwork","floor":15.0,"key":"SMITH"},{"data":"Footwork","floor":27.0,"key":"SMITH"},{"data":"Adrenaline","floor":29.0,"key":"SMITH"},{"data":"Ghostly","floor":32,"key":"SMITH"}],"circlet_count":0,"master_deck":["AscendersBane","Strike_G+1","Defend_G+1","Defend_G+1","Defend_G+1","Defend_G+1","Defend_G+1","Survivor","Neutralize","Bouncing Flask+1","Dagger Throw","Dagger Spray","Deadly Poison","Skewer","Footwork+1","Footwork+1","Backstab","Acrobatics","Adrenaline+1","Poisoned Stab+1","PiercingWail","Ghostly+1","Ghostly","Ghostly","Backflip","Catalyst+1","Well Laid Plans"],"relics":["Ring of the Snake","MawBank","Oddly Smooth Stone","Meat on the Bone","Sundial","Empty Cage","Bottled Flame","White Beast Statue","MealTicket"],"acts_visited":["Exordium","TheCity"],"potions_floor_usage":[30,33],"damage_taken":[{"damage":1.0,"enemies":"Small Slimes","floor":1.0,"turns":4.0},{"damage":0.0,"enemies":"Cultist","floor":3.0,"turns":5.0},{"damage":6.0,"enemies":"Jaw Worm","floor":4.0,"turns":6.0},{"damage":4.0,"enemies":"Large Slime","floor":5.0,"turns":5.0},{"damage":44.0,"enemies":"Gremlin Nob","floor":6.0,"turns":4.0},{"damage":3.0,"enemies":"2 Fungi Beasts","floor":7.0,"turns":4.0},{"damage":2.0,"enemies":"Looter","floor":11.0,"turns":3.0},{"damage":7.0,"enemies":"3 Louse","floor":14.0,"turns":3.0},{"damage":2.0,"enemies":"The Guardian","floor":16.0,"turns":8.0},{"damage":16.0,"enemies":"Shell Parasite","floor":18.0,"turns":5.0},{"damage":16.0,"enemies":"Chosen","floor":20.0,"turns":5.0},{"damage":19.0,"enemies":"Book of Stabbing","floor":23.0,"turns":6.0},{"damage":14.0,"enemies":"Shelled Parasite and Fungi","floor":25.0,"turns":7.0},{"damage":8,"enemies":"Slavers","floor":30,"turns":7},{"damage":21,"enemies":"Chosen and Byrds","floor":31,"turns":7},{"damage":20,"enemies":"Collector","floor":33,"turns":5}],"seed_played":"5671705373749771209","potions_obtained":[{"floor":1.0,"key":"DuplicationPotion"},{"floor":4.0,"key":"SteroidPotion"},{"floor":16.0,"key":"Regen Potion"},{"floor":25.0,"key":"EssenceOfSteel"},{"floor":30,"key":"AttackPotion"},{"floor":31,"key":"Swift Potion"}],"is_trial":false,"path_per_floor":["M","?","M","M","M","E","M","$","T","?","M","R","?","M","R","B",null,"M","$","M","?","?","E","?","M","T","R","?","R","E","M","R","B"],"character_chosen":"THE_SILENT","items_purchased":["Footwork","GhostInAJar","Fire Potion"],"campfire_rested":0,"item_purchase_floors":[8,8,19],"current_hp_per_floor":[58,58,58,52,48,4,13,13,13,13,23,23,16,21,21,31,57,56,56,40,40,33,26,26,24,24,24,24,24,28,19,19,0,0],"gold":116,"neow_bonus":"RANDOM_COMMON_RELIC","is_daily":false,"chose_seed":true,"campfire_upgraded":5,"win_rate":0.0,"timestamp":1611483855,"path_taken":["M","?","M","M","?","E","M","$","T","?","M","R","?","M","R","BOSS","M","$","M","?","?","E","?","M","T","R","?","R","E","M","R","BOSS"],"items_purchased_type":["Card","Potion","Potion"],"build_version":"2020-12-18","purchased_purges":1,"victory":false,"max_hp_per_floor":[66,66,66,66,66,66,66,66,66,66,66,66,66,66,66,66,66,66,66,66,66,33,33,33,33,33,33,33,33,33,33,33,33,33],"relic_stats":{"counters":[16,84],"Sundial":[6],"MealTicket":0,"MawBank":96,"obtain_stats":[{"Bottled Flame":23,"Sundial":9,"Oddly Smooth Stone":2,"MealTicket":30,"MawBank":0,"Empty Cage":17,"White Beast Statue":28,"Ring of the Snake":0,"Meat on the Bone":6},{"Bottled Flame":12,"Sundial":6,"Oddly Smooth Stone":1,"MealTicket":14,"MawBank":0,"Empty Cage":9,"White Beast Statue":13,"Ring of the Snake":0,"Meat on the Bone":5},{"Bottled Flame":58,"Sundial":28,"Oddly Smooth Stone":4,"MealTicket":72,"MawBank":0,"Empty Cage":42,"White Beast Statue":65,"Ring of the Snake":0,"Meat on the Bone":24}],"Ring of the Snake":[32],"Meat on the Bone":96},"card_choices":[{"not_picked":["Finisher","Slice"],"picked":"Bouncing Flask","floor":1.0},{"not_picked":["Deflect","Dodge and Roll"],"picked":"Dagger Throw","floor":3.0},{"not_picked":["Expertise","Slice"],"picked":"Dagger Spray","floor":4.0},{"not_picked":["Cloak And Dagger","Slice"],"picked":"Deadly Poison","floor":5.0},{"not_picked":["Concentrate","Infinite Blades"],"picked":"Skewer","floor":6.0},{"not_picked":["Reflex","Flying Knee"],"picked":"Footwork","floor":7.0},{"not_picked":["Deflect","Flying Knee"],"picked":"Backstab","floor":11.0},{"not_picked":["Slice","Tactician"],"picked":"Acrobatics","floor":14.0},{"not_picked":["A Thousand Cuts","Doppelganger"],"picked":"Adrenaline","floor":16.0},{"not_picked":["Heel Hook","Reflex"],"picked":"Poisoned Stab+1","floor":18.0},{"not_picked":["Deadly Poison","Backstab"],"picked":"PiercingWail","floor":20.0},{"not_picked":["Acrobatics","Finisher"],"picked":"Backflip","floor":23.0},{"not_picked":["Reflex","Leg Sweep"],"picked":"Catalyst+1","floor":25.0},{"not_picked":["Prepared","Underhanded Strike"],"picked":"Well Laid Plans","floor":30},{"not_picked":["Slice","Backflip","Accuracy"],"picked":"SKIP","floor":31}],"player_experience":1962653,"relics_obtained":[{"floor":2.0,"key":"Oddly Smooth Stone"},{"floor":6.0,"key":"Meat on the Bone"},{"floor":9.0,"key":"Sundial"},{"floor":23.0,"key":"Bottled Flame"},{"floor":30,"key":"MealTicket"}],"event_choices":[{"damage_healed":0.0,"max_hp_gain":0.0,"max_hp_loss":0.0,"gold_gain":0.0,"event_name":"Wheel of Change","player_choice":"Relic","floor":2.0,"gold_loss":0.0,"damage_taken":0.0},{"damage_healed":0.0,"max_hp_gain":0.0,"max_hp_loss":0.0,"gold_gain":0.0,"event_name":"Scrap Ooze","player_choice":"Fled","floor":10.0,"gold_loss":0.0,"damage_taken":0.0},{"cards_removed":["Strike_G"],"damage_healed":0.0,"max_hp_gain":0.0,"max_hp_loss":0.0,"gold_gain":0.0,"event_name":"Golden Wing","player_choice":"Card Removal","floor":13.0,"gold_loss":0.0,"damage_taken":7.0},{"damage_healed":0.0,"max_hp_gain":0.0,"max_hp_loss":0.0,"gold_gain":0.0,"event_name":"Back to Basics","player_choice":"Simplicity","floor":21.0,"gold_loss":0.0,"damage_taken":0.0,"cards_upgraded":["Strike_G","Defend_G","Defend_G","Defend_G","Defend_G","Defend_G"]},{"damage_healed":0.0,"max_hp_gain":0.0,"max_hp_loss":33.0,"gold_gain":0.0,"event_name":"Ghosts","player_choice":"Became a Ghost","floor":22.0,"gold_loss":0.0,"damage_taken":0.0,"cards_obtained":["Ghostly","Ghostly","Ghostly"]},{"damage_healed":0.0,"max_hp_gain":0.0,"max_hp_loss":0.0,"gold_gain":0.0,"event_name":"Vampires","player_choice":"Ignored","floor":24.0,"gold_loss":0.0,"damage_taken":0.0},{"damage_healed":0.0,"max_hp_gain":0.0,"max_hp_loss":0.0,"gold_gain":0.0,"event_name":"Addict","player_choice":"Obtained Relic","floor":28.0,"gold_loss":85.0,"damage_taken":0.0,"relics_obtained":["White Beast Statue"]}],"is_beta":true,"boss_relics":[{"not_picked":["SacredBark","Velvet Choker"],"picked":"Empty Cage"}],"items_purged_floors":[8],"is_endless":false,"potions_floor_spawned":[1,4,11,16,20,25,30,31],"killed_by":"Collector","ascension_level":20}}