{"host":"vumwfieg2b2mnrfl","time":1611465377,"event":{"mods":["AchievementEnabler","BaseMod","Minty Spire (QoL Compilation)","Rare Cards Sparkle","Relic Stats"],"gold_per_floor":[15,33,33,33,52,80,80,108,108,108,137,137,170,170,170,241,241,251,263,95,95,113,113,113],"floor_reached":23,"language":"ENG","playtime":707,"items_purged":[],"score":401,"play_id":"0f3a833f-d65c-4d57-a372-299b4bec048e","local_time":"20210123231617","is_ascension_mode":true,"campfire_choices":[{"data":"Armaments","floor":7,"key":"SMITH"},{"data":"Uppercut","floor":10,"key":"SMITH"},{"floor":12,"key":"REST"},{"floor":15,"key":"REST"}],"circlet_count":0,"master_deck":["AscendersBane","Strike_R","Strike_R","Defend_R","Defend_R","Defend_R","Bash","Fiend Fire","Armaments+1","Spot Weakness+1","Anger","Uppercut+1","Whirlwind","Pommel Strike+1","Spot Weakness","Barricade","Shockwave","Armaments","Evolve","Blood for Blood","Feel No Pain"],"relics":["Burning Blood","Orichalcum","Ornamental Fan","Blue Candle","Smiling Mask","Incense Burner","Orrery"],"acts_visited":["Exordium","TheCity"],"potions_floor_usage":[6],"damage_taken":[{"damage":0,"enemies":"Cultist","floor":1,"turns":2},{"damage":2,"enemies":"Jaw Worm","floor":2,"turns":3},{"damage":6,"enemies":"2 Louse","floor":5,"turns":2},{"damage":15,"enemies":"3 Sentries","floor":6,"turns":6},{"damage":16,"enemies":"Gremlin Nob","floor":8,"turns":4},{"damage":32,"enemies":"Lagavulin","floor":11,"turns":7},{"damage":10,"enemies":"Gremlin Nob","floor":13,"turns":4},{"damage":24,"enemies":"Hexaghost","floor":16,"turns":8},{"damage":26,"enemies":"3 Byrds","floor":18,"turns":5},{"damage":0,"enemies":"Chosen","floor":19,"turns":5},{"damage":18,"enemies":"Centurion and Healer","floor":22,"turns":6},{"damage":40,"enemies":"Book of Stabbing","floor":23,"turns":5}],"seed_played":"-1819134748662080135","potions_obtained":[{"floor":2,"key":"DistilledChaos"},{"floor":8,"key":"EssenceOfSteel"},{"floor":13,"key":"Fire Potion"}],"is_trial":false,"path_per_floor":["M","M","?","?","M","E","R","E","T","R","E","R","E","?","R","B",null,"M","M","$","?","M","E"],"character_chosen":"IRONCLAD","items_purchased":["Orrery"],"campfire_rested":2,"item_purchase_floors":[20],"current_hp_per_floor":[74,75,75,75,75,66,66,56,56,56,30,52,48,25,47,29,64,44,50,50,50,38,0,0],"gold":113,"neow_bonus":"THREE_RARE_CARDS","is_daily":false,"chose_seed":false,"campfire_upgraded":2,"win_rate":0.0,"timestamp":1611465377,"path_taken":["M","M","?","?","?","E","R","E","T","R","E","R","E","?","R","BOSS","M","M","$","?","M","E"],"items_purchased_type":["Relic"],"build_version":"2020-12-22","purchased_purges":0,"victory":false,"max_hp_per_floor":[75,75,75,75,75,75,75,75,75,75,75,75,75,75,75,75,75,75,75,75,75,75,75,75],"relic_stats":{"counters":[12,57],"Ornamental Fan":[20],"Blue Candle":[0],"Orichalcum":[78],"Smiling Mask":0,"obtain_stats":[{"Ornamental Fan":8,"Blue Candle":9,"Orrery":20,"Incense Burner":13,"Orichalcum":6,"Smiling Mask":11,"Burning Blood":0},{"Ornamental Fan":5,"Blue Candle":5,"Orrery":10,"Incense Burner":7,"Orichalcum":4,"Smiling Mask":6,"Burning Blood":0},{"Ornamental Fan":17,"Blue Candle":17,"Orrery":46,"Incense Burner":28,"Orichalcum":13,"Smiling Mask":24,"Burning Blood":0}],"Burning Blood":63},"card_choices":[{"not_picked":["Juggernaut","Exhume"],"picked":"Fiend Fire","floor":0},{"not_picked":["Body Slam","Thunderclap"],"picked":"Armaments","floor":1},{"not_picked":["Disarm","Sword Boomerang"],"picked":"Spot Weakness","floor":2},{"not_picked":["Body Slam","Second Wind","Dark Embrace"],"picked":"SKIP","floor":5},{"not_picked":["Shrug It Off","Bludgeon"],"picked":"Uppercut","floor":6},{"not_picked":["Cleave","Blood for Blood"],"picked":"Whirlwind","floor":8},{"not_picked":["Clash","Hemokinesis"],"picked":"Pommel Strike","floor":11},{"not_picked":["Warcry","Clash"],"picked":"Spot Weakness","floor":13},{"not_picked":["Reaper","Feed"],"picked":"Barricade","floor":16},{"not_picked":["Hemokinesis","Iron Wave"],"picked":"Shockwave","floor":18},{"not_picked":["Wild Strike","Rage","Havoc"],"picked":"SKIP","floor":19},{"not_picked":["Carnage","Anger"],"picked":"Armaments","floor":20},{"not_picked":["Carnage","Uppercut"],"picked":"Evolve","floor":20},{"not_picked":["Warcry","Pommel Strike+1","Corruption"],"picked":"SKIP","floor":22}],"player_experience":453572,"relics_obtained":[{"floor":6,"key":"Orichalcum"},{"floor":8,"key":"Ornamental Fan"},{"floor":9,"key":"Blue Candle"},{"floor":11,"key":"Smiling Mask"},{"floor":13,"key":"Incense Burner"}],"event_choices":[{"damage_healed":0,"gold_gain":0,"cards_transformed":["Strike_R"],"player_choice":"Change","damage_taken":0,"max_hp_gain":0,"max_hp_loss":0,"event_name":"Living Wall","floor":3,"gold_loss":0,"cards_obtained":["Anger"]},{"cards_removed":["Strike_R"],"damage_healed":0,"gold_gain":0,"player_choice":"Purged","damage_taken":0,"max_hp_gain":0,"max_hp_loss":0,"event_name":"Purifier","floor":4,"gold_loss":0},{"damage_healed":0,"gold_gain":0,"player_choice":"Entered Light","damage_taken":23,"max_hp_gain":0,"max_hp_loss":0,"event_name":"Shining Light","floor":14,"gold_loss":0,"cards_upgraded":["Pommel Strike","Spot Weakness"]},{"damage_healed":0,"gold_gain":0,"cards_transformed":["Defend_R","Strike_R"],"player_choice":"Became Test Subject","damage_taken":0,"max_hp_gain":0,"max_hp_loss":0,"event_name":"Drug Dealer","floor":21,"gold_loss":0,"cards_obtained":["Blood for Blood","Feel No Pain"]}],"is_beta":false,"boss_relics":[{"not_picked":[]}],"items_purged_floors":[],"is_endless":false,"potions_floor_spawned":[2,8,13,19],"killed_by":"Book of Stabbing","ascension_level":17}}