{"host":"szzymzkf8nw8othj","time":1611531432,"event":{"mods":["AchievementEnabler","BaseMod","Downfall","Minty Spire (QoL Compilation)","Replay The Spire","StSLib","The Animator"],"gold_per_floor":[99,111,96,109,125,231,256,269,285,185,214,227,227,227,240,336,336,236,255,255,270,54,68,95,95,107,107,107,134,34,19,29,128,128,128,139,150,250,250,250,296,296,316,316,76,195,212,283,293,293,293,293,293,293],"floor_reached":52,"language":"ENG","playtime":4232,"items_purged":["champ:Strike","Writhe"],"score":674,"play_id":"b5858c66-d589-4358-a0a8-273339d37705","local_time":"20210124183712","is_ascension_mode":false,"campfire_choices":[{"floor":1,"key":"RECALL"},{"floor":10,"key":"REST"},{"data":"champ:EnchantCrown","floor":18,"key":"SMITH"},{"floor":30,"key":"REST"},{"data":"champ:FanOfKnives","floor":42,"key":"SMITH"},{"data":"champ:HoldFirm","floor":44,"key":"SMITH"}],"circlet_count":0,"master_deck":["champ:Strike","champ:Strike","champ:Defend","champ:Defend","champ:Defend","champ:Execute","champ:Taunt","champ:LastStand","champ:AdrenalArmor","champ:FanOfKnives+1","champ:GladiatorStyle","champ:FaceSlap+1","champ:BringItOn+1","champ:EnchantCrown+1","champ:GladiatorStyle","champ:Lariat","champ:FanOfKnives+1","champ:DeathBlow","champ:HoldFirm+1","champ:SwordThrow","champ:GladiatorForm","champ:EnchantCrown+1"],"relics":["champ:ChampionCrown","Regal Pillow","downfall:HeartBlessingRed","Tiny Chest","expansioncontent:StudyCardRelic","downfall:HeartBlessingGreen","BargainBundle","sneckomod:BlankCard","MutagenicStrength","Strawberry","Du-Vu Doll","downfall:HeartBlessingBlue","sneckomod:SneckoTalon","Durian","CeramicFish","DollysMirror","Garlic","Mummified Hand"],"acts_visited":["Exordium","TheCity","TheBeyond","TheEnding"],"potions_floor_usage":[8,16,16,21,22,23,23,26,31,33,36,37,43,47,50],"damage_taken":[{"damage":10,"enemies":"2 Louse","floor":2,"turns":2},{"damage":10,"enemies":"downfall:FleeingMerchant","floor":3,"turns":4},{"damage":25,"enemies":"Small Slimes","floor":4,"turns":5},{"damage":10,"enemies":"Jaw Worm","floor":5,"turns":5},{"damage":25,"enemies":"3 Louse","floor":8,"turns":4},{"damage":16,"enemies":"Large Slime","floor":9,"turns":4},{"damage":36,"enemies":"Gremlin Nob","floor":11,"turns":5},{"damage":10,"enemies":"Red Slaver","floor":12,"turns":3},{"damage":10,"enemies":"3 Louse","floor":15,"turns":2},{"damage":40,"enemies":"WA_ARCHETYPE_RETAIN","floor":16,"turns":6},{"damage":20,"enemies":"Chosen","floor":19,"turns":4},{"damage":19,"enemies":"Snecko","floor":21,"turns":4},{"damage":35,"enemies":"downfall:FleeingMerchant","floor":22,"turns":4},{"damage":10,"enemies":"Snake Plant","floor":23,"turns":2},{"damage":0,"enemies":"Shelled Parasite and Fungi","floor":26,"turns":4},{"damage":44,"enemies":"Slavers","floor":29,"turns":4},{"damage":20,"enemies":"downfall:FleeingMerchant","floor":31,"turns":4},{"damage":22,"enemies":"Snecko","floor":32,"turns":4},{"damage":43,"enemies":"DF_ARCHETYPE_CLAW","floor":33,"turns":8},{"damage":10,"enemies":"3 Darklings","floor":36,"turns":2},{"damage":10,"enemies":"3 Shapes","floor":37,"turns":4},{"damage":49,"enemies":"Transient","floor":43,"turns":5},{"damage":7,"enemies":"downfall:FleeingMerchant","floor":45,"turns":4},{"damage":10,"enemies":"downfall:FleeingMerchant","floor":46,"turns":1},{"damage":20,"enemies":"Sphere and 2 Shapes","floor":47,"turns":5},{"damage":32,"enemies":"3 Darklings","floor":49,"turns":4},{"damage":73,"enemies":"IC_BLOCK_ARCHETYPE","floor":50,"turns":10},{"damage":145,"enemies":"downfall:CharBossMerchant","floor":52,"turns":8}],"seed_played":"7587720002937070190","potions_obtained":[{"floor":4,"key":"champ:OpenerPotion"},{"floor":11,"key":"Adrenaline Potion"},{"floor":12,"key":"Strength Potion"},{"floor":16,"key":"Swift Potion"},{"floor":21,"key":"Swift Potion"},{"floor":26,"key":"bronze:BurnAndBuffPotion"},{"floor":32,"key":"Energy Potion"},{"floor":33,"key":"PowerPotion"},{"floor":35,"key":"Toxic Potion"},{"floor":35,"key":"BlessingOfTheForge"},{"floor":36,"key":"Adrenaline Potion"},{"floor":43,"key":"ColorlessPotion"}],"is_trial":false,"path_per_floor":["R","M","$","M","M","?","T","M","M","R","E","M","?","?","M","B",null,"R","M","?","M","$","M","T","T","M","?","?","E","R","$","M","B",null,"R","M","M","?","T","?","T","R","M","R","$","$","M","T","M","B",null,"E"],"character_chosen":"THE_CHAMP","items_purchased":["BargainBundle","DuplicationPotion","Slimebound:ThreeZeroPotion","LifebloodPotion","DollysMirror","Garlic"],"campfire_rested":2,"item_purchase_floors":[22,22,22,22,45,46],"current_hp_per_floor":[90,90,90,85,85,49,49,44,38,80,44,44,44,44,44,34,90,90,90,90,86,71,71,71,71,81,81,88,54,107,107,105,80,107,107,107,107,107,112,112,112,112,94,94,97,97,97,97,85,107,112,0,0,0],"gold":293,"neow_bonus":"ONE_RANDOM_RARE_CARD","is_daily":false,"chose_seed":false,"campfire_upgraded":3,"win_rate":0.0,"timestamp":1611531432,"path_taken":["R","M","$","M","M","?","T","M","M","R","E","M","?","?","M","BOSS","R","M","?","M","$","M","T","?","M","?","?","E","R","$","M","BOSS","R","M","M","?","?","?","T","R","?","R","?","$","M","?","M","BOSS","E"],"items_purchased_type":["Relic","Potion","Potion","Potion","Relic","Relic"],"build_version":"2020-12-22","purchased_purges":2,"victory":false,"max_hp_per_floor":[90,90,90,90,90,90,90,90,90,90,90,90,90,90,90,90,90,90,90,90,90,90,90,90,90,90,90,97,97,107,107,107,107,107,107,107,107,107,112,112,112,112,112,112,112,112,112,112,112,112,112,112,112,112],"card_choices":[{"not_picked":["champ:FlashCut","champ:DefensiveShout"],"picked":"champ:AdrenalArmor","floor":2},{"not_picked":["champ:ShieldSigil","champ:TornadoPunch"],"picked":"champ:FanOfKnives","floor":3},{"not_picked":["champ:RapidStrikes","champ:EnGarde"],"picked":"champ:GladiatorStyle","floor":4},{"not_picked":["champ:PerfectedStrike","champ:Shatter"],"picked":"champ:FaceSlap","floor":5},{"not_picked":["champ:BladeFlurry","champ:BerserkersShout"],"picked":"champ:BringItOn","floor":6},{"not_picked":["champ:ShieldSigil","champ:Lariat"],"picked":"champ:EnchantCrown","floor":6},{"not_picked":["champ:Circumvent","champ:BerserkersShout"],"picked":"champ:GladiatorStyle","floor":8},{"not_picked":["champ:BerserkersShout","champ:CrownThrow"],"picked":"champ:Lariat","floor":9},{"not_picked":["champ:GutPunch","champ:CalledShot"],"picked":"champ:FanOfKnives","floor":11},{"not_picked":["champ:BerserkersShout","champ:TornadoPunch","champ:EnchantCrown"],"picked":"SKIP","floor":12},{"not_picked":["champ:Endure","champ:AdrenalArmor"],"picked":"champ:DeathBlow","floor":15},{"not_picked":["champ:ShieldThrow","champ:EnchantSword"],"picked":"champ:HoldFirm","floor":16},{"not_picked":["champ:Circumvent","champ:Shatter","champ:AdrenalArmor+1"],"picked":"SKIP","floor":19},{"not_picked":["champ:Backstep","champ:FlashCut","champ:DefensiveShout"],"picked":"SKIP","floor":21},{"not_picked":["champ:EnchantShield","champ:Circumvent+1","champ:FlashCut"],"picked":"SKIP","floor":22},{"not_picked":["champ:BerserkersShout+1","champ:FocusedDefense","champ:SetATrap"],"picked":"SKIP","floor":23},{"not_picked":["champ:BladeFlurry","champ:EndlessRage","champ:StanceDance"],"picked":"SKIP","floor":26},{"not_picked":["champ:DefensiveShout+1","champ:EnGarde","champ:PreciseThrust"],"picked":"SKIP","floor":29},{"not_picked":["champ:EnragedBash","champ:Parry+1","champ:Backstep+1"],"picked":"SKIP","floor":31},{"not_picked":["champ:BerserkersShout","champ:CrownThrow","champ:Haymaker"],"picked":"SKIP","floor":32},{"not_picked":["champ:CheapShot","champ:DancingMaster"],"picked":"champ:SwordThrow","floor":33},{"not_picked":["champ:Shatter","champ:BerserkersShout+1","champ:FanOfKnives"],"picked":"SKIP","floor":36},{"not_picked":["champ:ShieldSlam","champ:BladeFlurry","champ:BringItOn+1"],"picked":"SKIP","floor":37},{"not_picked":["champ:GutPunch+1","champ:BringItOn","champ:PreemptiveStrike+1"],"picked":"SKIP","floor":43},{"not_picked":["champ:RapidStrikes+1","champ:FaceSlap+1"],"picked":"champ:GladiatorForm","floor":45},{"not_picked":["champ:PreciseThrust+1","champ:SwordSigil","champ:IronFortress"],"picked":"SKIP","floor":46},{"not_picked":["champ:ShieldSigil","champ:EndlessRage","champ:DefensiveShout+1"],"picked":"SKIP","floor":47},{"not_picked":["champ:RecklessLeap+1","champ:StanceDance+1","champ:DefensiveStyle+1"],"picked":"SKIP","floor":49}],"player_experience":791913,"relics_obtained":[{"floor":7,"key":"Regal Pillow"},{"floor":11,"key":"Tiny Chest"},{"floor":24,"key":"sneckomod:BlankCard"},{"floor":29,"key":"Du-Vu Doll"},{"floor":39,"key":"Durian"},{"floor":41,"key":"CeramicFish"},{"floor":48,"key":"Mummified Hand"}],"event_choices":[{"damage_healed":0,"gold_gain":0,"player_choice":"Inject Mutagens","damage_taken":0,"relics_obtained":["MutagenicStrength"],"max_hp_gain":0,"max_hp_loss":0,"event_name":"Drug Dealer","floor":27,"gold_loss":0},{"cards_removed":["champ:Defend"],"damage_healed":0,"gold_gain":0,"player_choice":"Removed Skill","damage_taken":0,"max_hp_gain":0,"max_hp_loss":0,"event_name":"Falling","floor":40,"gold_loss":0}],"is_beta":false,"boss_relics":[{"not_picked":["Empty Cage","Pandora\u0027s Box"],"picked":"expansioncontent:StudyCardRelic"},{"not_picked":["Astrolabe","Replay:Ancient Bell"],"picked":"sneckomod:SneckoTalon"}],"items_purged_floors":[22,45],"is_endless":false,"potions_floor_spawned":[4,11,12,16,21,26,32,33,36,43,49],"killed_by":"downfall:CharBossMerchant","ascension_level":0}}