{"host":"om3vwxs2fz5vu4gd","time":1611491595,"event":{"mods":["BaseMod","Downfall","Minty Spire (QoL Compilation)","Robot Space Explorer","StSLib"],"gold_per_floor":[99,113,128,143,2,2,2,27,59,100,126,156,199,211,237,350,412,324,353,365,396,428,470,482,394,420,449,477,515,527,568,600,714,726,638,662,674,686,713,725,787,815,232,242,72,72,72,57,71,71,71,100,74,74,74,74,74,74],"floor_reached":56,"language":"ENG","playtime":7358,"items_purged":["champ:Strike","champ:Strike"],"score":848,"play_id":"6b5f81c0-b863-442c-ba95-8bbcb5a5895d","local_time":"20210124233315","is_ascension_mode":false,"campfire_choices":[{"data":"champ:Execute","floor":1.0,"key":"SMITH"},{"data":"champ:GladiatorForm","floor":18.0,"key":"SMITH"},{"data":"champ:StrikeOfGenius","floor":25.0,"key":"SMITH"},{"floor":30.0,"key":"RECALL"},{"data":"champ:DancingMaster","floor":35.0,"key":"SMITH"},{"data":"champ:GladiatorForm","floor":40.0,"key":"SMITH"},{"data":"champ:Lariat","floor":46.0,"key":"SMITH"},{"data":"champ:StanceDance","floor":54,"key":"SMITH"}],"circlet_count":0,"master_deck":["champ:Defend","champ:Defend","champ:Defend","champ:Defend+1","champ:Execute+1","champ:Taunt","champ:AdrenalArmor+1","champ:StanceDance","champ:FancyFootwork","champ:BringItOn","champ:IronFortress","champ:BerserkersShout","champ:Backstep","champ:IronFortress","champ:ShieldWall","champ:GladiatorForm+1","champ:CalledShot","champ:ArenaPreparation+1","champ:StrikeOfGenius+1","champ:EnragedBash","champ:GutPunch","champ:DancingMaster+1","champ:SteelEdge","champ:GladiatorForm+1","champ:Lariat+1","Mayhem","champ:StanceDance+1"],"relics":["champ:ChampionCrown","PreservedInsect","HornCleat","MawBank","Vajra","Ginger","Tiny House","downfall:HeartBlessingGreen","FossilizedHelix","downfall:HeartBlessingBlue","Peace Pipe","Pantograph","Black Star","downfall:HeartBlessingRed","Oddly Smooth Stone","champ:FightingForDummies","Ancient Tea Set","Art of War","Dead Branch","Shuriken"],"acts_visited":["Exordium","TheCity","TheBeyond","TheEnding"],"potions_floor_usage":[49,55,56],"damage_taken":[{"damage":11.0,"enemies":"Cultist","floor":2.0,"turns":4.0},{"damage":12.0,"enemies":"2 Louse","floor":3.0,"turns":3.0},{"damage":10.0,"enemies":"Jaw Worm","floor":4.0,"turns":4.0},{"damage":10.0,"enemies":"downfall:FleeingMerchant","floor":5.0,"turns":4.0},{"damage":23.0,"enemies":"Exordium Wildlife","floor":9.0,"turns":5.0},{"damage":24.0,"enemies":"3 Sentries","floor":10.0,"turns":7.0},{"damage":22.0,"enemies":"2 Fungi Beasts","floor":11.0,"turns":4.0},{"damage":36.0,"enemies":"Large Slime","floor":12.0,"turns":4.0},{"damage":37.0,"enemies":"Gremlin Nob","floor":13.0,"turns":5.0},{"damage":10.0,"enemies":"Lots of Slimes","floor":15.0,"turns":4.0},{"damage":34.0,"enemies":"IC_STATUS_ARCHETYPE","floor":16.0,"turns":8.0},{"damage":29.0,"enemies":"Spheric Guardian","floor":19.0,"turns":6.0},{"damage":18.0,"enemies":"3 Byrds","floor":21.0,"turns":7.0},{"damage":20.0,"enemies":"Snake Plant","floor":22.0,"turns":4.0},{"damage":45.0,"enemies":"Book of Stabbing","floor":23.0,"turns":5.0},{"damage":26.0,"enemies":"Shelled Parasite and Fungi","floor":26.0,"turns":4.0},{"damage":35.0,"enemies":"Snecko","floor":27.0,"turns":5.0},{"damage":20.0,"enemies":"Cultist and Chosen","floor":28.0,"turns":6.0},{"damage":78.0,"enemies":"Slavers","floor":29.0,"turns":6.0},{"damage":45.0,"enemies":"Book of Stabbing","floor":31.0,"turns":6.0},{"damage":40.0,"enemies":"Centurion and Healer","floor":32.0,"turns":7.0},{"damage":60.0,"enemies":"WA_ARCHETYPE_CALM","floor":33.0,"turns":9.0},{"damage":24.0,"enemies":"Orb Walker","floor":36.0,"turns":4.0},{"damage":40.0,"enemies":"3 Darklings","floor":39.0,"turns":7.0},{"damage":55.0,"enemies":"Jaw Worm Horde","floor":42.0,"turns":5.0},{"damage":25.0,"enemies":"downfall:FleeingMerchant","floor":43.0,"turns":4.0},{"damage":40.0,"enemies":"Sphere and 2 Shapes","floor":44.0,"turns":7.0},{"damage":55.0,"enemies":"downfall:FleeingMerchant","floor":45.0,"turns":4.0},{"damage":25.0,"enemies":"downfall:FleeingMerchant","floor":48.0,"turns":4.0},{"damage":97,"enemies":"Transient","floor":49,"turns":5},{"damage":126,"enemies":"DF_ARCHETYPE_ORBS","floor":50,"turns":7},{"damage":148,"enemies":"downfall:CharBossMerchant","floor":52,"turns":6},{"damage":144,"enemies":"downfall:NeowBoss","floor":55,"turns":10},{"damage":116,"enemies":"downfall:NeowBossFinal","floor":56,"turns":5}],"seed_played":"-1647580293599518976","potions_obtained":[{"floor":2.0,"key":"EntropicBrew"},{"floor":9.0,"key":"Slimebound:ThreeZeroPotion"},{"floor":10.0,"key":"FairyPotion"},{"floor":15.0,"key":"LiquidMemories"},{"floor":16.0,"key":"CultistPotion"},{"floor":23.0,"key":"BlessingOfTheForge"},{"floor":32.0,"key":"EssenceOfSteel"},{"floor":42.0,"key":"DuplicationPotion"},{"floor":49,"key":"AttackPotion"}],"is_trial":false,"path_per_floor":["R","M","M","M","$","?","T","T","M","E","M","M","E","?","M","B",null,"R","M","?","M","M","E","T","R","M","M","M","E","R","E","M","B",null,"R","M","?","?","M","R","T","M","$","M","?","R","?","$","M","B",null,"E","$","R","B","B"],"character_chosen":"THE_CHAMP","items_purchased":["champ:BringItOn","champ:FightingForDummies","Mayhem","Ancient Tea Set","Art of War","champ:StanceDance"],"campfire_rested":0,"item_purchase_floors":[5,43,43,43,45,53],"current_hp_per_floor":[99,98,96,96,96,78,78,78,75,71,69,63,61,61,61,57,104,104,100,100,97,97,87,87,97,96,101,106,88,88,93,88,114,114,114,105,105,97,82,82,82,72,82,72,77,77,77,82,55,69,114,86,86,86,85,0,0,0],"gold":74,"neow_bonus":"TEN_PERCENT_HP_BONUS","is_daily":false,"chose_seed":false,"campfire_upgraded":7,"win_rate":0.0,"timestamp":1611491595,"path_taken":["R","M","M","M","?","?","T","?","?","E","M","M","E","?","M","BOSS","R","M","?","M","M","E","T","R","M","M","M","E","R","E","M","BOSS","R","M","?","?","M","R","T","M","$","?","?","R","?","$","M","BOSS","E","$","R","BOSS","BOSS"],"items_purchased_type":["Card","Relic","Card","Relic","Relic","Card"],"build_version":"2020-12-22","purchased_purges":2,"victory":false,"max_hp_per_floor":[99,99,99,99,99,99,99,99,99,99,99,99,99,99,99,99,104,104,104,104,104,104,104,104,114,114,114,114,114,114,114,114,114,114,114,114,114,114,114,114,114,114,114,114,114,114,114,114,114,114,114,114,114,114,114,114,114,114],"card_choices":[{"not_picked":["champ:PreciseThrust","champ:Parry"],"picked":"champ:AdrenalArmor","floor":2.0},{"not_picked":["champ:PreciseThrust","champ:FlashCut","champ:PerfectedStrike"],"picked":"SKIP","floor":3.0},{"not_picked":["champ:EndlessRage","champ:PreciseThrust"],"picked":"champ:StanceDance","floor":4.0},{"not_picked":["champ:AdrenalArmor","champ:PerfectedStrike"],"picked":"champ:FancyFootwork","floor":5.0},{"not_picked":["champ:Duel","champ:FanOfKnives"],"picked":"champ:IronFortress","floor":9.0},{"not_picked":["champ:PreciseThrust","champ:FocusedDefense"],"picked":"champ:BerserkersShout","floor":10.0},{"not_picked":["champ:AdrenalArmor","champ:CrownThrow"],"picked":"champ:Backstep","floor":11.0},{"not_picked":["champ:BringItOn","champ:Circumvent"],"picked":"champ:IronFortress","floor":12.0},{"not_picked":["champ:EndlessRage","champ:BladeFlurry"],"picked":"champ:ShieldWall","floor":13.0},{"not_picked":["champ:AdrenalArmor","champ:PreemptiveStrike","champ:BerserkersShout"],"picked":"SKIP","floor":15.0},{"not_picked":["champ:TripleStrike","champ:Devastate"],"picked":"champ:GladiatorForm","floor":16.0},{"not_picked":["champ:PreciseThrust","champ:Shatter"],"picked":"champ:CalledShot","floor":17.0},{"not_picked":["champ:StanceDance","champ:FocusedDefense"],"picked":"champ:ArenaPreparation+1","floor":19.0},{"not_picked":["champ:FlashCut","champ:TornadoPunch","champ:FanOfKnives"],"picked":"SKIP","floor":21.0},{"not_picked":["champ:AdrenalArmor+1","champ:BerserkersShout"],"picked":"champ:StrikeOfGenius","floor":22.0},{"not_picked":["champ:Shatter+1","champ:EnGarde+1"],"picked":"champ:EnragedBash","floor":23.0},{"not_picked":["champ:StanceDance","champ:CrownThrow","champ:RecklessLeap"],"picked":"SKIP","floor":26.0},{"not_picked":["champ:Shatter","champ:StanceDance","champ:SetATrap"],"picked":"SKIP","floor":27.0},{"not_picked":["champ:BladeFlurry","champ:CalledShot"],"picked":"champ:GutPunch","floor":28.0},{"not_picked":["champ:CrookedStrike+1","champ:RapidStrikes+1","champ:PerfectedStrike"],"picked":"SKIP","floor":29.0},{"not_picked":["champ:FanOfKnives","champ:Backstep+1"],"picked":"champ:DancingMaster","floor":31.0},{"not_picked":["champ:PerfectedStrike","champ:BerserkersShout+1"],"picked":"champ:SteelEdge","floor":32.0},{"not_picked":["champ:ShieldThrow","champ:IgnorePain"],"picked":"champ:GladiatorForm","floor":33.0},{"not_picked":["champ:Shatter","champ:EndlessRage","champ:GladiatorStyle"],"picked":"SKIP","floor":36.0},{"not_picked":["champ:ArenaPreparation","champ:PreciseThrust+1"],"picked":"champ:Lariat","floor":39.0},{"not_picked":["champ:EnGarde","champ:CrookedStrike+1","champ:PerfectedStrike+1"],"picked":"SKIP","floor":42.0},{"not_picked":["champ:BladeFlurry+1","champ:FalseCounter+1","champ:BerserkersShout"],"picked":"SKIP","floor":43.0},{"not_picked":["champ:AdrenalArmor+1","champ:PreciseThrust+1","champ:PerfectedStrike"],"picked":"SKIP","floor":44.0},{"not_picked":["champ:RecklessLeap","champ:FocusedDefense+1","champ:FlashCut"],"picked":"SKIP","floor":45.0},{"not_picked":["champ:HeartStrike","champ:FocusedDefense+1","champ:EnragedBash+1"],"picked":"SKIP","floor":48.0},{"not_picked":["champ:Circumvent+1","champ:EnragedBash+1","champ:BladeFlurry"],"picked":"SKIP","floor":49},{"not_picked":["champ:DefensiveShout","champ:EnGarde+1","champ:HeartStrike"],"picked":"SKIP","floor":52}],"player_experience":417557,"relics_obtained":[{"floor":7.0,"key":"HornCleat"},{"floor":8.0,"key":"MawBank"},{"floor":10.0,"key":"Vajra"},{"floor":13.0,"key":"Ginger"},{"floor":23.0,"key":"FossilizedHelix"},{"floor":29.0,"key":"Peace Pipe"},{"floor":31.0,"key":"Pantograph"},{"floor":41.0,"key":"Oddly Smooth Stone"},{"floor":52,"key":"Dead Branch"},{"floor":52,"key":"Shuriken"}],"event_choices":[{"damage_healed":0.0,"max_hp_gain":0.0,"max_hp_loss":0.0,"gold_gain":0.0,"event_name":"Scrap Ooze","player_choice":"Success","floor":6.0,"gold_loss":0.0,"damage_taken":18.0,"relics_obtained":["PreservedInsect"]},{"damage_healed":0.0,"max_hp_gain":0.0,"max_hp_loss":0.0,"gold_gain":0.0,"event_name":"Lab","player_choice":"Got Potions","floor":47.0,"gold_loss":0.0,"damage_taken":0.0}],"is_beta":false,"boss_relics":[{"not_picked":["Runic Dome","Empty Cage"],"picked":"Tiny House"},{"not_picked":["Astrolabe","Velvet Choker"],"picked":"Black Star"}],"items_purged_floors":[5,43],"is_endless":false,"potions_floor_spawned":[2,9,10,15,16,23,27,31,32,33,42,49,52],"killed_by":"downfall:NeowBossFinal","ascension_level":0}}