{"host":"yqm","time":1611462836,"event":{"mods":["ATMod(°¢èªMod)","BaseMod","Challenge The Spire","Colored Map","Colored Powertips","DeckTracker","Good Game Mod","Minty Spire (QoL Compilation)","MostiFishMod","Quick Restart","Relic Filter","Relic Stats","Remove Card Discount Mod","StSLib","noobMod","óô»ðÖ¸ÄÏ"],"gold_per_floor":[110,120,133,160,1,1,29,104,104,104,132,146,166,195,100,175,175,190,215,226,224,224,258,258,258,258,293,393,409,409,439,439,516,516,532,532,550,570,580,915,915,913,913,925,925,950,950,985,985,985,985,985,493,479,707,807],"floor_reached":57,"language":"ZHS","playtime":5169,"items_purged":["Strike_G","Strike_G","Strike_G","Strike_G","Strike_G","Defend_G","Defend_G","Defend_G","Defend_G","Defend_G","Calculated Gamble","Calculated Gamble","Deadly Poison","MostiFishMod:ThornCasing","Outmaneuver","Quick Slash","Endless Agony","Thinking Ahead","Good Instincts"],"score":3707,"play_id":"aa1e800a-764e-4c45-9919-e8940204c981","local_time":"20210124123356","is_ascension_mode":true,"campfire_choices":[{"data":"Neutralize","floor":6,"key":"SMITH"},{"data":"MostiFishMod:Dislodge","floor":25,"key":"SMITH"},{"data":"Tools of the Trade","floor":30,"key":"SMITH"},{"data":"Well Laid Plans","floor":32,"key":"SMITH"},{"data":"MostiFishMod:Neurotoxin","floor":41,"key":"SMITH"},{"data":"AT_KneejerkReflex","floor":45,"key":"SMITH"},{"data":"MostiFishMod:WinterMarkForm","floor":47,"key":"SMITH"},{"floor":49,"key":"RECALL"}],"circlet_count":0,"master_deck":["AscendersBane","Survivor","Neutralize+1","AT_KingSlayer+1","Heel Hook+1","Acrobatics+1","Prepared+1","Heel Hook+1","AT_KneejerkReflex+1","Tools of the Trade+1","MostiFishMod:Dislodge+1","MostiFishMod:Neurotoxin+1","Calculated Gamble+1","Sadistic Nature+1","Backflip+1","Well Laid Plans+1","MostiFishMod:WinterMarkForm+1","Escape Plan+1","Flash of Steel"],"relics":["Ring of the Serpent","REME:ComplimentaryCards","ice","DaveBox","AT_ATBox","NeowsBlessing","ImprovedEquipment","SynthV:TestCard","PreservedInsect","DiscerningMonocle","StrikeDummy","Shuriken","AT_RedTearstoneRing","Meat on the Bone","Potion Belt","Bag of Preparation","Happy Flower","Frozen Eye","AT_GoldPhoenixTree","Kunai","Orichalcum","AT_Kusabimaru","AT_BellowingDragoncrestRing","Akabeko","RhineSuit","Old Coin","Sundial","Paper Crane","BirthdayGift-Tetrahedron","Dream Catcher","AT_RedNoBalance","Sling","AT_TheCollector","Calipers","AT_SilvercatRing","White Beast Statue"],"acts_visited":["Exordium","TheCity","TheBeyond","TheEnding"],"potions_floor_usage":[28],"damage_taken":[{"damage":0,"enemies":"Cultist","floor":1,"turns":1},{"damage":0,"enemies":"Small Slimes","floor":2,"turns":1},{"damage":0,"enemies":"2 Louse","floor":3,"turns":2},{"damage":57,"enemies":"Gremlin Nob","floor":7,"turns":6},{"damage":24,"enemies":"3 Sentries","floor":11,"turns":8},{"damage":0,"enemies":"Red Slaver","floor":12,"turns":3},{"damage":4,"enemies":"2 Fungi Beasts","floor":13,"turns":5},{"damage":4,"enemies":"Gremlin Nob","floor":14,"turns":3},{"damage":0,"enemies":"The Guardian","floor":16,"turns":2},{"damage":0,"enemies":"Spheric Guardian","floor":18,"turns":3},{"damage":0,"enemies":"2 Thieves","floor":20,"turns":3},{"damage":0,"enemies":"Book of Stabbing","floor":23,"turns":2},{"damage":0,"enemies":"Gremlin Leader","floor":27,"turns":1},{"damage":0,"enemies":"Colosseum Slavers","floor":28,"turns":1},{"damage":0,"enemies":"Colosseum Nobs","floor":28,"turns":2},{"damage":0,"enemies":"Centurion and Healer","floor":29,"turns":2},{"damage":0,"enemies":"Book of Stabbing","floor":31,"turns":1},{"damage":0,"enemies":"Automaton","floor":33,"turns":2},{"damage":0,"enemies":"3 Shapes","floor":35,"turns":2},{"damage":0,"enemies":"3 Darklings","floor":37,"turns":1},{"damage":0,"enemies":"Maw","floor":38,"turns":2},{"damage":0,"enemies":"Transient","floor":39,"turns":2},{"damage":0,"enemies":"Nemesis","floor":40,"turns":1},{"damage":0,"enemies":"Jaw Worm Horde","floor":44,"turns":1},{"damage":7,"enemies":"Giant Head","floor":46,"turns":2},{"damage":0,"enemies":"Reptomancer","floor":48,"turns":1},{"damage":7,"enemies":"Awakened One","floor":50,"turns":2},{"damage":7,"enemies":"Time Eater","floor":51,"turns":2},{"damage":0,"enemies":"Shield and Spear","floor":55,"turns":1},{"damage":17,"enemies":"The Heart","floor":56,"turns":3}],"seed_played":"734294699045365625","potions_obtained":[{"floor":2,"key":"ColorlessPotion"},{"floor":3,"key":"PowerPotion"},{"floor":28,"key":"Fire Potion"},{"floor":46,"key":"Ancient Potion"},{"floor":48,"key":"LiquidMemories"}],"is_trial":false,"path_per_floor":["M","M","M","T","$","R","E","?","T","?","E","M","M","E","R","B",null,"M","T","M","$","?","E","?","R","T","E","?","M","R","E","R","B",null,"M","?","M","M","M","E","R","$","T","M","R","E","R","E","R","B","B",null,"R","$","E","B",null],"character_chosen":"THE_SILENT","items_purchased":["DiscerningMonocle","AT_KneejerkReflex","Calculated Gamble","Bag of Preparation","Happy Flower","Energy Potion","Frozen Eye","Ancient Potion","Sadistic Nature","Sundial","Paper Crane","BirthdayGift-Tetrahedron","Flash of Steel","Sling","AT_TheCollector","Calipers","AT_SilvercatRing","Deadly Poison","MostiFishMod:ThornCasing","Outmaneuver","Quick Slash","Endless Agony","Thinking Ahead","Good Instincts"],"campfire_rested":0,"item_purchase_floors":[5,5,15,21,21,21,21,21,21,42,42,42,42,53,53,54,54,54,54,54,54,54,54,54],"current_hp_per_floor":[59,59,59,59,59,59,2,66,66,66,42,42,38,34,34,46,72,72,72,72,72,72,72,72,72,72,72,72,72,72,72,72,72,84,84,84,84,84,84,84,84,84,84,84,84,77,77,77,77,50,50,80,80,80,57,52],"gold":807,"neow_bonus":"THREE_ENEMY_KILL","is_daily":false,"chose_seed":false,"campfire_upgraded":7,"win_rate":0.0,"timestamp":1611462836,"path_taken":["M","M","?","?","$","R","E","?","T","?","E","M","M","E","R","BOSS","M","?","M","$","?","E","?","R","T","E","?","M","R","E","R","BOSS","M","?","M","M","?","E","R","$","T","M","R","E","R","E","R","BOSS","BOSS","R","$","E","BOSS"],"items_purchased_type":["Relic","Card","Card","Relic","Relic","Potion","Relic","Potion","Card","Relic","Relic","Relic","Card","Relic","Relic","Relic","Relic","Card","Card","Card","Card","Card","Card","Card"],"build_version":"2020-12-18","purchased_purges":19,"victory":true,"max_hp_per_floor":[66,66,66,66,66,66,66,66,66,66,73,75,79,80,80,80,80,81,81,84,84,84,86,86,86,86,86,87,88,88,88,88,88,88,88,88,88,88,89,89,89,89,89,89,89,90,90,90,90,90,90,90,90,90,90,186],"relic_stats":{"Dream Catcher":0,"Happy Flower":[10],"counters":[30,68],"Shuriken":[63],"Sundial":[16],"PreservedInsect":575,"Bag of Preparation":[38],"Kunai":[42],"Orichalcum":[0],"obtain_stats":[{"AT_ATBox":0,"Calipers":54,"DaveBox":0,"DiscerningMonocle":5,"RhineSuit":34,"ice":0,"Bag of Preparation":21,"Sling":53,"Old Coin":40,"Frozen Eye":21,"Dream Catcher":46,"AT_Kusabimaru":28,"Sundial":42,"Kunai":26,"AT_RedNoBalance":55,"BirthdayGift-Tetrahedron":42,"Ring of the Snake":0,"Potion Belt":19,"AT_RedTearstoneRing":11,"NeowsBlessing":0,"Happy Flower":21,"ImprovedEquipment":0,"AT_GoldPhoenixTree":23,"PreservedInsect":4,"AT_SilverBalance":48,"Orichalcum":27,"Paper Crane":42,"AT_SilvercatRing":54,"Akabeko":31,"White Beast Statue":55,"REME:ComplimentaryCards":0,"SynthV:TestCard":1,"AT_BellowingDragoncrestRing":28,"Shuriken":9,"AT_TheCollector":53,"StrikeDummy":7,"Ring of the Serpent":17,"Meat on the Bone":14},{"AT_ATBox":0,"Calipers":28,"DaveBox":0,"DiscerningMonocle":3,"RhineSuit":18,"ice":0,"Bag of Preparation":11,"Sling":28,"Old Coin":23,"Frozen Eye":11,"Dream Catcher":25,"AT_Kusabimaru":15,"Sundial":23,"Kunai":12,"AT_RedNoBalance":29,"BirthdayGift-Tetrahedron":23,"Ring of the Snake":0,"Potion Belt":10,"AT_RedTearstoneRing":5,"NeowsBlessing":0,"Happy Flower":11,"ImprovedEquipment":0,"AT_GoldPhoenixTree":12,"PreservedInsect":3,"AT_SilverBalance":26,"Orichalcum":13,"Paper Crane":23,"AT_SilvercatRing":28,"Akabeko":17,"White Beast Statue":29,"REME:ComplimentaryCards":0,"SynthV:TestCard":1,"AT_BellowingDragoncrestRing":15,"Shuriken":4,"AT_TheCollector":28,"StrikeDummy":4,"Ring of the Serpent":9,"Meat on the Bone":8},{"AT_ATBox":0,"Calipers":64,"DaveBox":0,"DiscerningMonocle":4,"RhineSuit":48,"ice":0,"Bag of Preparation":37,"Sling":64,"Old Coin":56,"Frozen Eye":37,"Dream Catcher":59,"AT_Kusabimaru":43,"Sundial":56,"Kunai":39,"AT_RedNoBalance":64,"BirthdayGift-Tetrahedron":56,"Ring of the Snake":0,"Potion Belt":34,"AT_RedTearstoneRing":18,"NeowsBlessing":0,"Happy Flower":37,"ImprovedEquipment":0,"AT_GoldPhoenixTree":39,"PreservedInsect":4,"AT_SilverBalance":60,"Orichalcum":40,"Paper Crane":56,"AT_SilvercatRing":64,"Akabeko":46,"White Beast Statue":65,"REME:ComplimentaryCards":0,"SynthV:TestCard":1,"AT_BellowingDragoncrestRing":43,"Shuriken":10,"AT_TheCollector":64,"StrikeDummy":10,"Ring of the Serpent":31,"Meat on the Bone":29}],"Meat on the Bone":60},"card_choices":[{"not_picked":["Blade Dance","Endless Agony"],"picked":"Acrobatics","floor":1},{"not_picked":["Outmaneuver","Setup","Accuracy","Poisoned Stab"],"picked":"Prepared","floor":2},{"not_picked":["Backflip","AT_Desolate","AT_TinkerSharpsword","Footwork"],"picked":"Heel Hook","floor":3},{"not_picked":["MostiFishMod:InvigoratingSolution","Dagger Spray","Slice","Footwork"],"picked":"Tools of the Trade","floor":7},{"not_picked":["Noxious Fumes","Expertise","Heel Hook","MostiFishMod:FrostNova"],"picked":"MostiFishMod:Dislodge","floor":11},{"not_picked":["Setup","Predator","AT_TwilightShroud","Deflect","Flying Knee"],"picked":"SKIP","floor":12},{"not_picked":["Slice","Distraction","Prepared","Flying Knee","Dash"],"picked":"SKIP","floor":13},{"not_picked":["PiercingWail","Accuracy","Caltrops","AT_WomanClash"],"picked":"Tools of the Trade","floor":14},{"not_picked":["MostiFishMod:AdrenalineArouse","Envenom","Malaise","MostiFishMod:Confrontation"],"picked":"MostiFishMod:Neurotoxin","floor":16},{"not_picked":["Blur","Cloak And Dagger+1","MostiFishMod:ThornCasing","Dagger Spray","Underhanded Strike"],"picked":"SKIP","floor":18},{"not_picked":["MostiFishMod:FrostNova","Corpse Explosion","Dagger Spray","AT_WomanClash"],"picked":"Calculated Gamble+1","floor":20},{"not_picked":["Malaise","Dagger Spray","Distraction","Dash","Choke"],"picked":"SKIP","floor":23},{"not_picked":["Footwork+1","Quick Slash","Cloak And Dagger","PiercingWail"],"picked":"Backflip","floor":27},{"not_picked":["Terror","MostiFishMod:PoisonShield","Sucker Punch","AT_Desolate","Poisoned Stab+1"],"picked":"SKIP","floor":29},{"not_picked":["Blade Dance","MostiFishMod:PreservedThorns","Bane","PiercingWail"],"picked":"Well Laid Plans","floor":31},{"not_picked":["Envenom","Burst","Doppelganger","AT_EssenceShift"],"picked":"MostiFishMod:WinterMarkForm","floor":33},{"not_picked":["Poisoned Stab+1","Quick Slash","Infinite Blades","Dagger Throw","AT_WindFlip"],"picked":"SKIP","floor":35},{"not_picked":["Slice","MostiFishMod:PreservedThorns","AT_WindRun","Deflect","Deadly Poison"],"picked":"SKIP","floor":37},{"not_picked":["Setup","MostiFishMod:PerfectParry","Calculated Gamble","Poisoned Stab+1","Dagger Spray+1"],"picked":"SKIP","floor":38},{"not_picked":["AT_TwilightShroud","PiercingWail","MostiFishMod:ShivMaster","Dagger Spray","Backstab"],"picked":"SKIP","floor":39},{"not_picked":["Quick Slash","Dagger Spray","Flying Knee","Endless Agony"],"picked":"Escape Plan+1","floor":40},{"not_picked":["Deflect","MostiFishMod:InvigoratingSolution","Masterful Stab","Infinite Blades","Acrobatics"],"picked":"SKIP","floor":44},{"not_picked":["Leg Sweep","Crippling Poison","AT_ShadowStep","PiercingWail","Setup+1"],"picked":"SKIP","floor":46},{"not_picked":["Eviscerate","Wraith Form v2","Finisher","Storm of Steel","MostiFishMod:LethalBlade"],"picked":"SKIP","floor":48},{"not_picked":["Backstab","Blade Dance+1","Bouncing Flask","AT_WindRun","Choke"],"picked":"SKIP","floor":55}],"player_experience":831689,"relics_obtained":[{"floor":1,"key":"SynthV:TestCard"},{"floor":4,"key":"PreservedInsect"},{"floor":7,"key":"StrikeDummy"},{"floor":9,"key":"Shuriken"},{"floor":11,"key":"AT_RedTearstoneRing"},{"floor":14,"key":"Meat on the Bone"},{"floor":19,"key":"Potion Belt"},{"floor":23,"key":"AT_GoldPhoenixTree"},{"floor":26,"key":"Kunai"},{"floor":27,"key":"Orichalcum"},{"floor":28,"key":"AT_Kusabimaru"},{"floor":28,"key":"AT_BellowingDragoncrestRing"},{"floor":31,"key":"Akabeko"},{"floor":40,"key":"Old Coin"},{"floor":46,"key":"Dream Catcher"},{"floor":48,"key":"AT_SilverBalance"},{"floor":55,"key":"White Beast Statue"}],"event_choices":[{"damage_healed":0,"gold_gain":75,"player_choice":"Gather Gold","damage_taken":11,"max_hp_gain":0,"max_hp_loss":0,"event_name":"World of Goop","floor":8,"gold_loss":0},{"damage_healed":0,"gold_gain":0,"player_choice":"Got Potions","damage_taken":0,"max_hp_gain":0,"max_hp_loss":0,"event_name":"Lab","floor":10,"gold_loss":0},{"damage_healed":0,"gold_gain":0,"player_choice":"Ignored","damage_taken":0,"max_hp_gain":0,"max_hp_loss":0,"event_name":"Vampires","floor":22,"gold_loss":0},{"damage_healed":0,"gold_gain":0,"player_choice":"Ignored","damage_taken":0,"max_hp_gain":0,"max_hp_loss":0,"event_name":"Ghosts","floor":24,"gold_loss":0},{"damage_healed":0,"gold_gain":0,"player_choice":"Fight","damage_taken":0,"max_hp_gain":0,"max_hp_loss":0,"event_name":"Colosseum","floor":28,"gold_loss":0},{"damage_healed":0,"gold_gain":0,"player_choice":"Fought Nobs","damage_taken":0,"max_hp_gain":0,"max_hp_loss":0,"event_name":"Colosseum","floor":28,"gold_loss":0},{"damage_healed":0,"gold_gain":0,"cards_transformed":["Tools of the Trade"],"player_choice":"Transformed","damage_taken":0,"max_hp_gain":0,"max_hp_loss":0,"event_name":"Transmorgrifier","floor":36,"gold_loss":0,"cards_obtained":["Calculated Gamble"]}],"is_beta":true,"boss_relics":[{"not_picked":["SlaversCollar","PatriotShield"],"picked":"Ring of the Serpent"},{"not_picked":["Runic Dome","Transparent"],"picked":"RhineSuit"}],"items_purged_floors":[5,15,15,15,15,15,15,15,15,15,21,42,54,54,54,54,54,54,54],"is_endless":false,"potions_floor_spawned":[2,3,7,16,18,28,31,33,35,38,44,46,48,55],"ascension_level":20}}