{"host":"iqi2f1z1yw5mc6j3","time":1611469417,"event":{"mods":["BaseMod","Colored Powertips","Minty Spire (QoL Compilation)"],"gold_per_floor":[117,127,35,51,1,1,16,16,16,28,28,41,41,54,54,152,152,164,164,177,177,22,54,54,64,64,64,81,81,99,112,112,112,112],"floor_reached":33,"language":"ENG","playtime":2734,"items_purged":["Strike_R"],"score":261,"play_id":"bb452096-9941-408c-9bac-5b1bbf5c9b9a","local_time":"20210124012337","is_ascension_mode":false,"campfire_choices":[{"data":"Armaments","floor":6,"key":"SMITH"},{"data":"Infernal Blade","floor":15,"key":"SMITH"},{"floor":27,"key":"REST"},{"floor":29,"key":"REST"},{"data":"Rage","floor":32,"key":"SMITH"}],"circlet_count":0,"master_deck":["Strike_R","Strike_R","Strike_R","Strike_R","Defend_R","Defend_R","Defend_R","Bash","Fiend Fire","Infernal Blade+1","Armaments+1","Shrug It Off","Body Slam","Cleave","Metallicize","Warcry","Uppercut","Heavy Blade","Double Tap","Perfected Strike","Pummel+1","Rage+1","Shockwave","Pommel Strike","Sword Boomerang+1","Thunderclap","Flex"],"relics":["Burning Blood","StoneCalendar","Bag of Marbles","Velvet Choker","MutagenicStrength","Ice Cream","Gremlin Horn"],"acts_visited":["Exordium","TheCity"],"potions_floor_usage":[16,16,16,23,30,33],"damage_taken":[{"damage":1,"enemies":"Cultist","floor":1,"turns":3},{"damage":0,"enemies":"Jaw Worm","floor":2,"turns":1},{"damage":0,"enemies":"Small Slimes","floor":4,"turns":3},{"damage":11,"enemies":"Exordium Thugs","floor":7,"turns":5},{"damage":12,"enemies":"Blue Slaver","floor":10,"turns":3},{"damage":0,"enemies":"2 Fungi Beasts","floor":12,"turns":3},{"damage":1,"enemies":"Exordium Thugs","floor":14,"turns":3},{"damage":30,"enemies":"Hexaghost","floor":16,"turns":9},{"damage":5,"enemies":"Chosen","floor":18,"turns":4},{"damage":27,"enemies":"3 Byrds","floor":20,"turns":7},{"damage":27,"enemies":"Slavers","floor":23,"turns":5},{"damage":32,"enemies":"Centurion and Healer","floor":25,"turns":6},{"damage":0,"enemies":"Snake Plant","floor":28,"turns":1},{"damage":0,"enemies":"Cultist and Chosen","floor":30,"turns":4},{"damage":1,"enemies":"Snecko","floor":31,"turns":3},{"damage":78,"enemies":"Collector","floor":33,"turns":9}],"seed_played":"1528983563004949527","potions_obtained":[{"floor":1,"key":"SpeedPotion"},{"floor":2,"key":"Energy Potion"},{"floor":7,"key":"Strength Potion"},{"floor":8,"key":"EssenceOfSteel"},{"floor":20,"key":"Swift Potion"},{"floor":25,"key":"Block Potion"},{"floor":28,"key":"Fire Potion"}],"is_trial":false,"path_per_floor":["M","M","$","M","?","R","M","?","T","M","?","M","T","M","R","B",null,"M","?","M","?","$","E","?","M","T","R","M","R","M","M","R","B"],"character_chosen":"IRONCLAD","items_purchased":["Shrug It Off","Body Slam","Rage"],"campfire_rested":2,"item_purchase_floors":[3,3,22],"current_hp_per_floor":[80,80,80,80,80,80,75,75,75,69,80,80,80,80,80,56,80,80,80,59,59,59,38,38,12,12,36,42,66,72,77,77,0,0],"gold":112,"neow_bonus":"ONE_RANDOM_RARE_CARD","is_daily":false,"chose_seed":false,"campfire_upgraded":3,"win_rate":0.0,"timestamp":1611469417,"path_taken":["M","?","$","M","?","R","M","?","T","?","?","M","?","M","R","BOSS","M","?","M","?","$","E","?","M","T","R","?","R","M","M","R","BOSS"],"items_purchased_type":["Card","Card","Card"],"build_version":"2020-12-22","purchased_purges":1,"victory":false,"max_hp_per_floor":[80,80,80,80,80,80,80,80,80,80,80,80,80,80,80,80,80,80,80,80,80,80,80,80,80,80,80,80,80,80,80,80,80,80],"card_choices":[{"not_picked":["Anger","Headbutt"],"picked":"Infernal Blade","floor":1},{"not_picked":["Clash","Flex"],"picked":"Armaments","floor":2},{"not_picked":["Disarm","Flame Barrier"],"picked":"Cleave","floor":4},{"not_picked":["Armaments","Heavy Blade"],"picked":"Metallicize","floor":7},{"not_picked":["Brutality","Metallicize"],"picked":"Warcry","floor":10},{"not_picked":["Metallicize","Carnage"],"picked":"Uppercut","floor":12},{"not_picked":["Uppercut","Headbutt"],"picked":"Heavy Blade","floor":14},{"not_picked":["Feed","Corruption"],"picked":"Double Tap","floor":16},{"not_picked":["Heavy Blade","Cleave+1"],"picked":"Perfected Strike","floor":18},{"not_picked":["True Grit","Cleave"],"picked":"Pummel+1","floor":20},{"not_picked":["Anger","Shrug It Off"],"picked":"Shockwave","floor":23},{"not_picked":["True Grit","Bludgeon"],"picked":"Pommel Strike","floor":25},{"not_picked":["Combust","Cleave"],"picked":"Sword Boomerang+1","floor":28},{"not_picked":["True Grit","Twin Strike+1"],"picked":"Thunderclap","floor":30},{"not_picked":["Inflame","Feel No Pain"],"picked":"Flex","floor":31}],"player_experience":30708,"relics_obtained":[{"floor":9,"key":"StoneCalendar"},{"floor":13,"key":"Bag of Marbles"},{"floor":23,"key":"Ice Cream"},{"floor":26,"key":"Gremlin Horn"}],"event_choices":[{"cards_removed":["Defend_R"],"damage_healed":0,"gold_gain":0,"player_choice":"Card Removal","damage_taken":0,"max_hp_gain":0,"max_hp_loss":0,"event_name":"The Cleric","floor":5,"gold_loss":50},{"damage_healed":0,"gold_gain":0,"player_choice":"Got Potions","damage_taken":0,"max_hp_gain":0,"max_hp_loss":0,"event_name":"Lab","floor":8,"gold_loss":0},{"damage_healed":26,"gold_gain":0,"player_choice":"Banana","damage_taken":0,"max_hp_gain":0,"max_hp_loss":0,"event_name":"Big Fish","floor":11,"gold_loss":0},{"damage_healed":0,"gold_gain":0,"player_choice":"Inject Mutagens","damage_taken":0,"relics_obtained":["MutagenicStrength"],"max_hp_gain":0,"max_hp_loss":0,"event_name":"Drug Dealer","floor":19,"gold_loss":0},{"damage_healed":0,"gold_gain":0,"player_choice":"Ignored","damage_taken":0,"max_hp_gain":0,"max_hp_loss":0,"event_name":"Vampires","floor":21,"gold_loss":0},{"damage_healed":0,"gold_gain":0,"player_choice":"Ignored","damage_taken":0,"max_hp_gain":0,"max_hp_loss":0,"event_name":"Ghosts","floor":24,"gold_loss":0}],"is_beta":false,"boss_relics":[{"not_picked":["Sozu","Coffee Dripper"],"picked":"Velvet Choker"}],"items_purged_floors":[22],"is_endless":false,"potions_floor_spawned":[1,2,7,20,25,28],"killed_by":"Collector","ascension_level":0}}