{"host":"ygfasg9u7olr7skw","time":1611507304,"event":{"mods":["AchievementEnabler","BaseMod","Better Note","Better Vampires","Colored Powertips","Minty Spire (QoL Compilation)","Replay The Spire","Spicy Shops","StSLib","The IronCluck"],"gold_per_floor":[113,123,134,153,24,24,43,43,43,62,75,89,14,30,30,127,127,117,136,136],"floor_reached":19,"language":"ENG","playtime":1193,"items_purged":["Strike_B"],"score":209,"play_id":"1854b0d1-1a3f-45c0-9334-7af88891a84b","local_time":"20210124115504","is_ascension_mode":true,"campfire_choices":[{"data":"Zap","floor":6,"key":"SMITH"},{"data":"Dualcast","floor":8,"key":"SMITH"},{"floor":15,"key":"REST"}],"circlet_count":0,"master_deck":["Strike_B","Strike_B","Strike_B","Defend_B","Defend_B","Defend_B","Defend_B","Zap+1","Dualcast+1","Cold Snap","Chaos","Compile Driver","Capacitor","Electrodynamics","Loop","Static Discharge"],"relics":["Cracked Core","Replay:Accelerometer","Boot","Prayer Wheel"],"acts_visited":["Exordium","TheCity"],"potions_floor_usage":[10,16,16,19],"damage_taken":[{"damage":0,"enemies":"Small Slimes","floor":1,"turns":2},{"damage":2,"enemies":"Jaw Worm","floor":2,"turns":3},{"damage":0,"enemies":"Cultist","floor":3,"turns":3},{"damage":0,"enemies":"Large Slime","floor":4,"turns":5},{"damage":8,"enemies":"Exordium Wildlife","floor":7,"turns":3},{"damage":9,"enemies":"Looter","floor":10,"turns":2},{"damage":4,"enemies":"2 Fungi Beasts","floor":11,"turns":4},{"damage":0,"enemies":"3 Louse","floor":12,"turns":1},{"damage":15,"enemies":"Red Slaver","floor":14,"turns":4},{"damage":24,"enemies":"Fading Forest","floor":16,"turns":11},{"damage":29,"enemies":"2 Thieves","floor":18,"turns":4},{"damage":28,"enemies":"Shell Parasite","floor":19,"turns":6}],"seed_played":"-4063507664079566378","potions_obtained":[{"floor":2,"key":"Weak Potion"},{"floor":3,"key":"ColorlessPotion"},{"floor":7,"key":"Cursed Concoction"},{"floor":10,"key":"Adrenaline Potion"},{"floor":18,"key":"Weak Potion"}],"is_trial":false,"path_per_floor":["M","M","M","M","$","R","M","R","T","M","M","M","$","M","R","B",null,"M","M"],"character_chosen":"DEFECT","items_purchased":["Capacitor","Boot"],"campfire_rested":1,"item_purchase_floors":[5,13],"current_hp_per_floor":[82,80,80,80,80,80,72,72,72,63,59,59,59,44,68,52,75,46,18,18],"gold":136,"neow_bonus":"TEN_PERCENT_HP_BONUS","is_daily":false,"chose_seed":false,"campfire_upgraded":2,"win_rate":0.0,"timestamp":1611507304,"path_taken":["M","M","M","M","$","R","M","R","T","M","M","M","$","M","R","BOSS","M","M"],"items_purchased_type":["Card","Relic"],"build_version":"2020-12-22","purchased_purges":1,"victory":false,"max_hp_per_floor":[82,82,82,82,82,82,82,82,82,82,82,82,82,82,82,82,82,82,82,82],"card_choices":[{"not_picked":["Sweeping Beam","Rip and Tear","Crystallizer"],"picked":"SKIP","floor":1},{"not_picked":["Double Energy","Panic Button"],"picked":"Cold Snap","floor":2},{"not_picked":["Compile Driver","Barrage"],"picked":"Chaos","floor":3},{"not_picked":["BootSequence","Turbo"],"picked":"Compile Driver","floor":4},{"not_picked":["Crystallizer","Coolheaded","Stack"],"picked":"SKIP","floor":7},{"not_picked":["Rebound","Hologram","Beam Cell"],"picked":"SKIP","floor":10},{"not_picked":["Hologram","Ball Lightning"],"picked":"Electrodynamics","floor":11},{"not_picked":["Turbo","Conserve Battery"],"picked":"Loop","floor":12},{"not_picked":["Gash","Rebound","Double Energy"],"picked":"SKIP","floor":14},{"not_picked":["Seek","Reboot"],"picked":"ReplayTheSpireMod:Fabricate Wheel","floor":16},{"not_picked":["Leap","Sweeping Beam"],"picked":"Static Discharge","floor":18},{"not_picked":["ReplayTheSpireMod:Reroute Power","Gash","Sweeping Beam"],"picked":"SKIP","floor":18}],"player_experience":354864,"relics_obtained":[{"floor":9,"key":"Replay:Accelerometer"}],"event_choices":[],"is_beta":false,"boss_relics":[{"not_picked":["Kintsugi","Snecko Eye","Ectoplasm"]}],"items_purged_floors":[5],"is_endless":false,"potions_floor_spawned":[2,3,7,10,11,18],"killed_by":"Shell Parasite","ascension_level":5}}