{"host":"clf2hd4adhiiw0zf","time":1611478294,"event":{"mods":["AchievementEnabler","BaseMod","Beaked The Cultist","Bestiary","Dark Map","Downfall","Gremlin Mod","Hermit","Jorbs\u0027s Wanderer Trilogy","Marisa????????","Minty Spire (QoL Compilation)","Shop Mod","StSLib","The Cursed","The Servant 0.9.4","UnlockEverythingMod"],"gold_per_floor":[99,163,163,206,273,342,342,342,410,410,449,474,491,491,532,532,532,532],"floor_reached":16,"language":"ENG","playtime":539,"items_purged":[],"score":117,"play_id":"591a9eff-e7d4-474c-9195-0428263d1874","local_time":"20210124015134","is_ascension_mode":true,"campfire_choices":[{"data":"HandOfGreed","floor":1.0,"key":"SMITH"}],"circlet_count":0,"master_deck":["champ:Strike","champ:Strike","champ:Strike","champ:Strike","champ:Defend","champ:Defend","champ:Defend","champ:Defend","champ:Execute","champ:Taunt","downfall:Bewildered","HandOfGreed+1","champ:TornadoPunch","champ:BladeFlurry","champ:Endure","champ:BringItOn","champ:VampiricStrike","champ:TornadoPunch","champ:Encircle","champ:AdrenalArmor","champ:EndlessRage"],"relics":["champ:ChampionCrown","Incense Burner","Bottled Flame","Ancient Tea Set","Mummified Hand","Girya"],"acts_visited":["Exordium"],"potions_floor_usage":[16,16,16],"damage_taken":[{"damage":3.0,"enemies":"2 Louse","floor":2.0,"turns":6.0},{"damage":11.0,"enemies":"Cultist","floor":4.0,"turns":4.0},{"damage":12.0,"enemies":"Small Slimes","floor":5.0,"turns":5.0},{"damage":11.0,"enemies":"Exordium Wildlife","floor":6.0,"turns":5.0},{"damage":6.0,"enemies":"Exordium Thugs","floor":9.0,"turns":5.0},{"damage":4.0,"enemies":"2 Fungi Beasts","floor":11.0,"turns":4.0},{"damage":25.0,"enemies":"Gremlin Nob","floor":12.0,"turns":4.0},{"damage":11.0,"enemies":"Blue Slaver","floor":13.0,"turns":3.0},{"damage":0.0,"enemies":"2 Fungi Beasts","floor":15.0,"turns":2.0},{"damage":54,"enemies":"DF_ARCHETYPE_STREAMLINE","floor":16,"turns":6}],"seed_played":"8462682473177984808","potions_obtained":[{"floor":2.0,"key":"FearPotion"},{"floor":5.0,"key":"Fruit Juice"},{"floor":6.0,"key":"BlessingOfTheForge"}],"is_trial":false,"path_per_floor":["R","M","?","M","M","M","T","?","M","?","M","E","M","T","M","B"],"character_chosen":"THE_CHAMP","items_purchased":[],"campfire_rested":0,"item_purchase_floors":[],"current_hp_per_floor":[90,87,87,86,74,63,63,58,62,55,51,36,25,25,25,0,0,0],"gold":532,"neow_bonus":"RANDOM_COLORLESS_2","is_daily":false,"chose_seed":false,"campfire_upgraded":1,"win_rate":0.0,"timestamp":1611478294,"path_taken":["R","M","?","M","M","M","T","?","?","?","M","E","M","?","M","BOSS"],"items_purchased_type":[],"build_version":"2020-12-22","purchased_purges":0,"victory":false,"max_hp_per_floor":[90,90,90,90,90,90,90,90,90,90,90,90,90,90,90,95,95,95],"card_choices":[{"not_picked":["Mayhem","Metamorphosis"],"picked":"HandOfGreed","floor":0.0},{"not_picked":["champ:GutPunch","champ:DefensiveStyle"],"picked":"champ:TornadoPunch","floor":2.0},{"not_picked":["champ:Encircle","champ:StanceDance"],"picked":"champ:BladeFlurry","floor":4.0},{"not_picked":["champ:RapidStrikes","champ:BerserkersShout"],"picked":"champ:Endure","floor":5.0},{"not_picked":["champ:Backstep","champ:AdrenalArmor"],"picked":"champ:BringItOn","floor":6.0},{"not_picked":["champ:GutPunch","champ:StanceDance"],"picked":"champ:VampiricStrike","floor":9.0},{"not_picked":["champ:RapidStrikes","champ:CrookedStrike"],"picked":"champ:TornadoPunch","floor":11.0},{"not_picked":["champ:FanOfKnives","champ:Parry"],"picked":"champ:Encircle","floor":12.0},{"not_picked":["champ:FocusedBerserking","champ:CrownThrow"],"picked":"champ:AdrenalArmor","floor":13.0},{"not_picked":["champ:SetATrap","champ:AdrenalArmor"],"picked":"champ:EndlessRage","floor":15.0}],"player_experience":100616,"relics_obtained":[{"floor":7.0,"key":"Bottled Flame"},{"floor":12.0,"key":"Mummified Hand"},{"floor":14.0,"key":"Girya"}],"event_choices":[{"damage_healed":0.0,"max_hp_gain":0.0,"max_hp_loss":0.0,"gold_gain":0.0,"event_name":"Scrap Ooze","player_choice":"Success","floor":10.0,"gold_loss":0.0,"damage_taken":7.0,"relics_obtained":["Ancient Tea Set"]}],"is_beta":false,"boss_relics":[],"items_purged_floors":[],"is_endless":false,"potions_floor_spawned":[2,5,6,15],"killed_by":"DF_ARCHETYPE_STREAMLINE","ascension_level":2}}