{"host":"zxkjcgzis4pm3za5","time":1611499671,"event":{"mods":["AchievementEnabler","Act Like it!","BaseMod","Colored Map","Colored Powertips","Friendly Minions","GifTheSpireLib","Minty Spire (QoL Compilation)","Quick Restart","RNG Fix","Random Character Button","Relic Sorter","Relic Stats","StSLib"],"gold_per_floor":[117,89,89,89,14,44,44,78,78,78,78,113,125,142,142,219,219,236,236,253,253,253,253,287,287,287,316,316,336,365,365,365,365,365],"floor_reached":33,"language":"ENG","playtime":892,"items_purged":[],"score":771,"play_id":"f8261a6e-d7b1-4cef-a903-ac8b162a36bb","local_time":"20210124201751","is_ascension_mode":true,"campfire_choices":[{"data":"Adaptation","floor":11.0,"key":"SMITH"},{"data":"Vigilance","floor":15.0,"key":"SMITH"},{"floor":23.0,"key":"RECALL"},{"floor":25.0,"key":"REST"},{"floor":28.0,"key":"REST"},{"floor":32.0,"key":"REST"}],"circlet_count":0,"master_deck":["AscendersBane","Strike_P","Strike_P","Strike_P+1","Strike_P+1","Defend_P+1","Defend_P+1","Defend_P","Defend_P","Eruption+1","Vigilance+1","Adaptation+1","EmptyBody+1","Conclude+1","DeusExMachina+1","LessonLearned+1","ThirdEye+1","Tantrum+1","CrushJoints+1","Blasphemy+1","LikeWater+1","TalkToTheHand+1","BowlingBash+1","InnerPeace","JustLucky+1"],"relics":["PureWater","NeowsBlessing","TeardropLocket","Bottled Tornado","Centennial Puzzle","Molten Egg 2","Busted Crown","Strawberry","Bird Faced Urn","PreservedInsect"],"acts_visited":["Exordium","TheCity"],"potions_floor_usage":[],"damage_taken":[{"damage":0.0,"enemies":"2 Louse","floor":1.0,"turns":1.0},{"damage":0.0,"enemies":"Gremlin Nob","floor":6.0,"turns":1.0},{"damage":0.0,"enemies":"3 Sentries","floor":8.0,"turns":1.0},{"damage":13.0,"enemies":"Gremlin Nob","floor":12.0,"turns":3.0},{"damage":0.0,"enemies":"Jaw Worm","floor":13.0,"turns":5.0},{"damage":0.0,"enemies":"Cultist","floor":14.0,"turns":3.0},{"damage":0.0,"enemies":"Slime Boss","floor":16.0,"turns":3.0},{"damage":0.0,"enemies":"Spheric Guardian","floor":18.0,"turns":1.0},{"damage":17.0,"enemies":"2 Thieves","floor":20.0,"turns":3.0},{"damage":7.0,"enemies":"Book of Stabbing","floor":24.0,"turns":5.0},{"damage":29.0,"enemies":"Slavers","floor":27.0,"turns":6.0},{"damage":28.0,"enemies":"Chosen and Byrds","floor":29.0,"turns":4.0},{"damage":27.0,"enemies":"Gremlin Leader","floor":30.0,"turns":3.0},{"damage":45,"enemies":"Automaton","floor":33,"turns":4}],"seed_played":"-2434526194990307824","potions_obtained":[{"floor":1.0,"key":"Ancient Potion"},{"floor":6.0,"key":"FairyPotion"},{"floor":12.0,"key":"SpeedPotion"}],"is_trial":false,"path_per_floor":["M","$","?","$","$","E","?","E","T","?","R","E","M","M","R","B",null,"M","?","M","?","?","R","E","R","T","E","R","M","E","?","R","B"],"character_chosen":"WATCHER","items_purchased":["EmptyBody","Conclude"],"campfire_rested":3,"item_purchase_floors":[2,5],"current_hp_per_floor":[61,61,61,61,61,61,41,41,41,46,46,33,33,33,33,33,63,63,63,46,46,46,46,46,70,70,41,65,39,16,16,40,0,0],"gold":365,"neow_bonus":"THREE_ENEMY_KILL","is_daily":false,"chose_seed":false,"campfire_upgraded":2,"win_rate":0.0,"timestamp":1611499671,"path_taken":["M","$","?","?","$","E","?","E","T","?","R","E","M","M","R","BOSS","M","?","M","?","?","R","E","R","T","E","R","?","E","?","R","BOSS"],"items_purchased_type":["Card","Card"],"build_version":"2020-12-22","purchased_purges":0,"victory":false,"max_hp_per_floor":[68,68,68,68,68,68,68,68,68,73,73,73,73,73,73,73,73,73,73,73,73,73,73,80,80,80,80,80,80,80,80,80,80,80],"relic_stats":{"Centennial Puzzle":[21],"Busted Crown":12,"counters":[14,43],"Bird Faced Urn":[10],"PreservedInsect":0,"obtain_stats":[{"Centennial Puzzle":9,"Busted Crown":17,"NeowsBlessing":0,"Strawberry":24,"Bird Faced Urn":27,"Molten Egg 2":12,"PreservedInsect":30,"TeardropLocket":6,"PureWater":0,"Bottled Tornado":8},{"Centennial Puzzle":3,"Busted Crown":7,"NeowsBlessing":0,"Strawberry":10,"Bird Faced Urn":11,"Molten Egg 2":4,"PreservedInsect":13,"TeardropLocket":2,"PureWater":0,"Bottled Tornado":3},{"Centennial Puzzle":3,"Busted Crown":17,"NeowsBlessing":0,"Strawberry":26,"Bird Faced Urn":32,"Molten Egg 2":6,"PreservedInsect":39,"TeardropLocket":2,"PureWater":0,"Bottled Tornado":3}]},"card_choices":[{"not_picked":["CrushJoints","Halt"],"picked":"Adaptation","floor":1.0},{"not_picked":["ThirdEye","WindmillStrike"],"picked":"DeusExMachina","floor":6.0},{"not_picked":["Prostrate","Nirvana"],"picked":"LessonLearned","floor":8.0},{"not_picked":["Protect","WaveOfTheHand"],"picked":"ThirdEye","floor":12.0},{"not_picked":["BattleHymn","ThirdEye"],"picked":"Tantrum+1","floor":13.0},{"not_picked":["Tantrum+1","FollowUp+1"],"picked":"CrushJoints+1","floor":14.0},{"not_picked":["Omniscience","Judgement"],"picked":"Blasphemy","floor":16.0},{"not_picked":[],"picked":"LikeWater+1","floor":18.0},{"not_picked":["Halt"],"picked":"SKIP","floor":20.0},{"not_picked":[],"picked":"BowlingBash+1","floor":24.0},{"not_picked":["Worship"],"picked":"SKIP","floor":27.0},{"not_picked":[],"picked":"InnerPeace","floor":29.0},{"not_picked":[],"picked":"JustLucky+1","floor":30.0}],"player_experience":265364,"relics_obtained":[{"floor":6.0,"key":"TeardropLocket"},{"floor":8.0,"key":"Bottled Tornado"},{"floor":9.0,"key":"Centennial Puzzle"},{"floor":12.0,"key":"Molten Egg 2"},{"floor":24.0,"key":"Strawberry"},{"floor":27.0,"key":"Bird Faced Urn"},{"floor":30.0,"key":"PreservedInsect"}],"event_choices":[{"damage_healed":0.0,"max_hp_gain":0.0,"max_hp_loss":0.0,"gold_gain":0.0,"event_name":"Living Wall","player_choice":"Grow","floor":3.0,"gold_loss":0.0,"damage_taken":0.0,"cards_upgraded":["Eruption"]},{"damage_healed":0.0,"max_hp_gain":0.0,"max_hp_loss":0.0,"gold_gain":0.0,"event_name":"Shining Light","player_choice":"Entered Light","floor":7.0,"gold_loss":0.0,"damage_taken":20.0,"cards_upgraded":["DeusExMachina","Conclude"]},{"damage_healed":0.0,"max_hp_gain":5.0,"max_hp_loss":0.0,"gold_gain":0.0,"event_name":"Big Fish","player_choice":"Donut","floor":10.0,"gold_loss":0.0,"damage_taken":0.0},{"damage_healed":0.0,"max_hp_gain":0.0,"max_hp_loss":0.0,"gold_gain":0.0,"event_name":"Accursed Blacksmith","player_choice":"Forge","floor":19.0,"gold_loss":0.0,"damage_taken":0.0,"cards_upgraded":["Blasphemy"]},{"damage_healed":0.0,"max_hp_gain":0.0,"max_hp_loss":0.0,"gold_gain":0.0,"event_name":"Ghosts","player_choice":"Ignored","floor":21.0,"gold_loss":0.0,"damage_taken":0.0},{"damage_healed":0.0,"max_hp_gain":0.0,"max_hp_loss":0.0,"gold_gain":0.0,"event_name":"The Library","player_choice":"Read","floor":22.0,"gold_loss":0.0,"damage_taken":0.0,"cards_obtained":["TalkToTheHand"]},{"damage_healed":0.0,"max_hp_gain":0.0,"max_hp_loss":0.0,"gold_gain":0.0,"event_name":"Match and Keep!","player_choice":"0 cards matched","floor":31.0,"gold_loss":0.0,"damage_taken":0.0,"cards_obtained":[]}],"is_beta":false,"boss_relics":[{"not_picked":["Coffee Dripper","Runic Dome"],"picked":"Busted Crown"}],"items_purged_floors":[],"is_endless":false,"potions_floor_spawned":[1,6,12,20],"killed_by":"Automaton","ascension_level":17}}