{"host":"minbhrtlkaoly5f0","time":1611526170,"event":{"mods":["Act Like it!","BaseMod","Colored Map","Minty Spire (QoL Compilation)","Quick Restart","StSLib"],"gold_per_floor":[115,115,130,130,56,75,91,15,15,48,48,66,89,89,101,244,256,284,310,322,354,387,399,108,108,133,149,149,49,49,62,62,183,183,208,221,242,256,271,271,287,287,287,308,308,323,323,346,346,346,346,346,19,53,53,53],"floor_reached":55,"language":"ZHS","playtime":2097,"items_purged":["Strike_B","Defend_B"],"score":627,"play_id":"5bfe6921-409a-42d4-81dd-3d229a13400d","local_time":"20210125060930","is_ascension_mode":false,"campfire_choices":[{"floor":11.0,"key":"REST"},{"floor":15.0,"key":"REST"},{"data":"Hello World","floor":23.0,"key":"SMITH"},{"data":"Machine Learning","floor":25.0,"key":"SMITH"},{"data":"Storm","floor":28.0,"key":"SMITH"},{"floor":30.0,"key":"RECALL"},{"data":"Biased Cognition","floor":32.0,"key":"SMITH"},{"floor":40.0,"key":"REST"},{"floor":42.0,"key":"REST"},{"floor":45.0,"key":"REST"},{"floor":49.0,"key":"REST"},{"floor":52,"key":"REST"}],"circlet_count":0,"master_deck":["Strike_B+1","Strike_B+1","Defend_B+1","Defend_B+1","Defend_B+1","Zap+1","Dualcast+1","Beam Cell+1","Hello World+1","Self Repair+1","Storm+1","Machine Learning+1","White Noise+1","Biased Cognition+1","Capacitor+1","Biased Cognition+1","Creative AI+1","Capacitor+1","Steam+1","Defragment+1","Steam Power+1","Amplify+1","Force Field+1"],"relics":["Cracked Core","NeowsBlessing","Golden Idol","HornCleat","Meat on the Bone","MawBank","SlaversCollar","ClockworkSouvenir","Bag of Preparation","Inserter","Mark of the Bloom","OrangePellets","InkBottle"],"acts_visited":["Exordium","TheCity","TheBeyond","TheEnding"],"potions_floor_usage":[50,50,50,54,54,55],"damage_taken":[{"damage":0.0,"enemies":"Small Slimes","floor":1.0,"turns":1.0},{"damage":0.0,"enemies":"2 Louse","floor":3.0,"turns":1.0},{"damage":0.0,"enemies":"Cultist","floor":6.0,"turns":1.0},{"damage":12.0,"enemies":"Blue Slaver","floor":7.0,"turns":3.0},{"damage":36.0,"enemies":"3 Sentries","floor":10.0,"turns":6.0},{"damage":8.0,"enemies":"Red Slaver","floor":12.0,"turns":3.0},{"damage":7.0,"enemies":"Gremlin Gang","floor":13.0,"turns":5.0},{"damage":28.0,"enemies":"The Guardian","floor":16.0,"turns":10.0},{"damage":25.0,"enemies":"Shell Parasite","floor":18.0,"turns":6.0},{"damage":21.0,"enemies":"3 Byrds","floor":19.0,"turns":4.0},{"damage":21.0,"enemies":"Snake Plant","floor":21.0,"turns":4.0},{"damage":10.0,"enemies":"Centurion and Healer","floor":22.0,"turns":4.0},{"damage":0.0,"enemies":"Snecko","floor":27.0,"turns":4.0},{"damage":18.0,"enemies":"Shelled Parasite and Fungi","floor":31.0,"turns":3.0},{"damage":11.0,"enemies":"Collector","floor":33.0,"turns":5.0},{"damage":29.0,"enemies":"3 Darklings","floor":35.0,"turns":3.0},{"damage":53.0,"enemies":"3 Shapes","floor":36.0,"turns":4.0},{"damage":18.0,"enemies":"3 Darklings","floor":37.0,"turns":5.0},{"damage":8.0,"enemies":"Jaw Worm Horde","floor":38.0,"turns":3.0},{"damage":16.0,"enemies":"Maw","floor":39.0,"turns":5.0},{"damage":16.0,"enemies":"3 Darklings","floor":41.0,"turns":3.0},{"damage":34.0,"enemies":"4 Shapes","floor":44.0,"turns":4.0},{"damage":6.0,"enemies":"Maw","floor":46.0,"turns":5.0},{"damage":10.0,"enemies":"Spire Growth","floor":48.0,"turns":4.0},{"damage":21,"enemies":"Time Eater","floor":50,"turns":3},{"damage":29,"enemies":"Shield and Spear","floor":54,"turns":3},{"damage":6,"enemies":"The Heart","floor":55,"turns":2}],"seed_played":"5008318387616317614","potions_obtained":[{"floor":3.0,"key":"PowerPotion"},{"floor":6.0,"key":"Block Potion"},{"floor":7.0,"key":"BlessingOfTheForge"},{"floor":12.0,"key":"Strength Potion"},{"floor":18.0,"key":"Explosive Potion"},{"floor":20.0,"key":"Fruit Juice"},{"floor":20.0,"key":"EntropicBrew"},{"floor":20.0,"key":"EssenceOfDarkness"},{"floor":31.0,"key":"Fire Potion"},{"floor":33.0,"key":"PotionOfCapacity"},{"floor":37.0,"key":"SkillPotion"},{"floor":41.0,"key":"EssenceOfSteel"},{"floor":44.0,"key":"SteroidPotion"},{"floor":48.0,"key":"LiquidBronze"},{"floor":54,"key":"Explosive Potion"}],"is_trial":false,"path_per_floor":["M","?","M","?","$","M","M","$","T","E","R","M","M","?","R","B",null,"M","M","?","M","M","R","$","R","T","M","R","$","R","M","R","B",null,"M","M","M","M","M","R","M","R","T","M","R","M","?","M","R","B",null,"R","$","E","B"],"character_chosen":"DEFECT","items_purchased":["Hello World","Self Repair","Capacitor","ClockworkSouvenir","OrangePellets","EssenceOfSteel","Dexterity Potion","PowerPotion"],"campfire_rested":7,"item_purchase_floors":[5,8,24,24,53,53,53,53],"current_hp_per_floor":[75,57,57,57,57,57,45,45,45,16,38,49,49,24,46,37,75,57,55,60,58,55,55,55,55,55,62,62,62,62,51,51,59,80,58,24,18,22,25,49,45,69,69,47,71,65,65,55,55,34,34,34,34,5,0,0],"gold":53,"neow_bonus":"THREE_ENEMY_KILL","is_daily":false,"chose_seed":false,"campfire_upgraded":4,"win_rate":0.0,"timestamp":1611526170,"path_taken":["M","?","M","?","$","M","M","$","T","E","R","?","M","?","R","BOSS","M","M","?","?","M","R","$","R","T","M","R","$","R","M","R","BOSS","M","M","M","M","?","R","M","R","T","M","R","M","?","M","R","BOSS","R","$","E","BOSS"],"items_purchased_type":["Card","Card","Card","Relic","Relic","Potion","Potion","Potion"],"build_version":"2020-12-22","purchased_purges":2,"victory":false,"max_hp_per_floor":[75,75,75,75,75,75,75,75,75,75,75,75,75,75,75,75,75,75,75,80,80,80,80,80,80,80,80,80,80,80,80,80,80,80,80,80,80,80,80,80,80,80,80,80,80,80,80,80,80,80,80,80,80,80,80,80],"card_choices":[{"not_picked":["Cold Snap","Stack"],"picked":"Beam Cell","floor":1.0},{"not_picked":["Leap","Cold Snap","Reprogram"],"picked":"SKIP","floor":3.0},{"not_picked":["Barrage","Sweeping Beam","Cold Snap"],"picked":"SKIP","floor":6.0},{"not_picked":["Cold Snap","Sweeping Beam","Hologram"],"picked":"SKIP","floor":7.0},{"not_picked":["Sunder","Steam","Melter"],"picked":"SKIP","floor":10.0},{"not_picked":["Stack","Consume","Go for the Eyes"],"picked":"SKIP","floor":12.0},{"not_picked":["Sunder","Glacier"],"picked":"Storm","floor":13.0},{"not_picked":["Buffer","Meteor Strike"],"picked":"Machine Learning","floor":16.0},{"not_picked":["Hologram","Turbo","Compile Driver+1"],"picked":"SKIP","floor":18.0},{"not_picked":["Conserve Battery+1","Rebound+1"],"picked":"White Noise","floor":19.0},{"not_picked":["Reprogram+1","Redo"],"picked":"Biased Cognition","floor":21.0},{"not_picked":["Barrage","Cold Snap","Hologram+1"],"picked":"SKIP","floor":22.0},{"not_picked":["Scrape+1","Cold Snap"],"picked":"Biased Cognition","floor":27.0},{"not_picked":["Sunder+1","Ball Lightning","Go for the Eyes+1"],"picked":"SKIP","floor":31.0},{"not_picked":["Amplify","Biased Cognition"],"picked":"Creative AI","floor":33.0},{"not_picked":["Rip and Tear+1","Beam Cell+1"],"picked":"Capacitor+1","floor":35.0},{"not_picked":["Leap+1","Sweeping Beam+1","Redo"],"picked":"SKIP","floor":36.0},{"not_picked":["Meteor Strike","Leap"],"picked":"Steam+1","floor":37.0},{"not_picked":["Consume","Redo"],"picked":"Defragment","floor":38.0},{"not_picked":["Streamline","Leap+1","Redo"],"picked":"SKIP","floor":39.0},{"not_picked":["Streamline+1","Darkness"],"picked":"Steam Power+1","floor":41.0},{"not_picked":["Redo+1","Streamline+1"],"picked":"Amplify","floor":44.0},{"not_picked":["Ball Lightning+1","Barrage","Capacitor"],"picked":"SKIP","floor":46.0},{"not_picked":["Chaos","Go for the Eyes","Beam Cell"],"picked":"SKIP","floor":48.0},{"not_picked":["Cold Snap","Gash"],"picked":"Force Field+1","floor":54}],"player_experience":26791,"relics_obtained":[{"floor":9.0,"key":"HornCleat"},{"floor":10.0,"key":"Meat on the Bone"},{"floor":26.0,"key":"Bag of Preparation"},{"floor":54,"key":"InkBottle"}],"event_choices":[{"damage_healed":0.0,"max_hp_gain":0.0,"max_hp_loss":0.0,"gold_gain":0.0,"event_name":"Golden Idol","player_choice":"Take Damage","floor":2.0,"gold_loss":0.0,"damage_taken":18.0,"relics_obtained":["Golden Idol"]},{"cards_removed":["Strike_B"],"damage_healed":0.0,"max_hp_gain":0.0,"max_hp_loss":0.0,"gold_gain":0.0,"event_name":"Bonfire Elementals","player_choice":"Offered Basic","floor":4.0,"gold_loss":0.0,"damage_taken":0.0},{"damage_healed":0.0,"max_hp_gain":0.0,"max_hp_loss":0.0,"gold_gain":0.0,"event_name":"Scrap Ooze","player_choice":"Success","floor":14.0,"gold_loss":0.0,"damage_taken":25.0,"relics_obtained":["MawBank"]},{"damage_healed":0.0,"max_hp_gain":0.0,"max_hp_loss":0.0,"gold_gain":0.0,"event_name":"Lab","player_choice":"Got Potions","floor":20.0,"gold_loss":0.0,"damage_taken":0.0},{"damage_healed":0.0,"max_hp_gain":0.0,"max_hp_loss":0.0,"gold_gain":0.0,"event_name":"MindBloom","player_choice":"Upgrade","floor":47.0,"gold_loss":0.0,"damage_taken":0.0,"cards_upgraded":["Strike_B","Strike_B","Defend_B","Defend_B","Defend_B","Zap","Dualcast","Beam Cell","Self Repair","White Noise","Capacitor","Biased Cognition","Creative AI","Defragment","Amplify"],"relics_obtained":["Mark of the Bloom"]}],"is_beta":false,"boss_relics":[{"not_picked":["SacredBark","Cursed Key"],"picked":"SlaversCollar"},{"not_picked":["Sozu","Calling Bell"],"picked":"Inserter"}],"items_purged_floors":[24,29],"is_endless":false,"potions_floor_spawned":[3,6,7,12,18,27,31,33,37,41,44,48,54],"killed_by":"The Heart","ascension_level":0}}