{"host":"o9ks9zgjwk1fcyk2","time":1611515832,"event":{"mods":["A Magickal Journey","AchievementEnabler","Aspiration","BaseMod","BetterRewards","Colored Map","Colored Powertips","Conspire","DeckTracker","Downfall","Friendly Minions","GifTheSpireLib","Halation","Highlight Path","Hubris","Infinite Spire","Ironclad Rager","Minty Spire (QoL Compilation)","Permanent Neow","Quarter Circle Forward PUNCH!","Quick Restart","READ ME - Guardian Mod","Relic Sorter","Replay The Spire","StSLib","Stuff the Spire","The Alterego","The Construct","The Cursed","The Disciple","The Forsaken","The Jungle","The Marked","The Mystic","vexMod"],"gold_per_floor":[100,119,134,154,329,356,433,333,90,106,125,225,239,270,288,386,386,386,403,403,43,54,54,54,82,82,82,82,99,115,115,134,134,134],"floor_reached":33,"language":"ENG","playtime":1970,"items_purged":["Doubt","hubris:Greed"],"score":320,"play_id":"259f3aca-a103-42db-8573-8a6334191a20","local_time":"20210124191712","is_ascension_mode":true,"campfire_choices":[{"data":"alterego_mod:BrynhildrsRune","floor":1,"key":"SMITH"},{"data":"alterego_mod:Venus","floor":18,"key":"SMITH"},{"data":"1","floor":26,"key":"LIFT"},{"data":"2","floor":28,"key":"LIFT"}],"circlet_count":0,"master_deck":["alterego_mod:Strike","alterego_mod:Strike","alterego_mod:Strike","alterego_mod:Strike","alterego_mod:Defend","alterego_mod:Defend","alterego_mod:Defend","alterego_mod:Defend","alterego_mod:Impale+1","alterego_mod:BigMeatyClaws","alterego_mod:BrynhildrsRune+1","alterego_mod:IndependentAction","alterego_mod:SakuraFive","alterego_mod:BustOut+1","Ghostly","alterego_mod:Birthday","alterego_mod:Birthday","alterego_mod:Weigh+1","alterego_mod:RidiculouslyBig","alterego_mod:Venus+1","alterego_mod:Pet","alterego_mod:Bounce","alterego_mod:Mirror+1"],"relics":["alterego_mod:MasochisticConstitution","Replay:Bottled Flurry","Bronze Scales","Juzu Bracelet","theForsaken:PaleLantern","aspiration:StickyExplosives_weak","Girya","Replay:Towering Pillar of Hats","halation:EternalFortune"],"acts_visited":["Exordium","TheCity"],"potions_floor_usage":[16,27],"damage_taken":[{"damage":1,"enemies":"Small Slimes","floor":2,"turns":4},{"damage":2,"enemies":"2 Louse","floor":3,"turns":5},{"damage":1,"enemies":"Jaw Worm","floor":4,"turns":4},{"damage":40,"enemies":"3 Sentries","floor":6,"turns":14},{"damage":0,"enemies":"downfall:FleeingMerchant","floor":9,"turns":4},{"damage":2,"enemies":"2 Fungi Beasts","floor":10,"turns":3},{"damage":11,"enemies":"Lots of Slimes","floor":11,"turns":3},{"damage":9,"enemies":"Large Slime","floor":13,"turns":9},{"damage":13,"enemies":"Gremlin Nob","floor":14,"turns":4},{"damage":4,"enemies":"Exordium Thugs","floor":15,"turns":5},{"damage":42,"enemies":"WA_ARCHETYPE_RETAIN","floor":16,"turns":12},{"damage":0,"enemies":"3 Byrds","floor":19,"turns":4},{"damage":0,"enemies":"downfall:FleeingMerchant","floor":21,"turns":4},{"damage":9,"enemies":"Snake Plant","floor":22,"turns":2},{"damage":63,"enemies":"Slavers","floor":25,"turns":7},{"damage":0,"enemies":"Centurion and Healer","floor":27,"turns":1},{"damage":4,"enemies":"Snecko","floor":29,"turns":4},{"damage":9,"enemies":"Cultist and Chosen","floor":30,"turns":5},{"damage":15,"enemies":"Centurion and Healer","floor":32,"turns":4},{"damage":63,"enemies":"IC_MUSHROOM_ARCHETYPE","floor":33,"turns":7}],"seed_played":"3680769790874450683","potions_obtained":[{"floor":2,"key":"FearPotion"},{"floor":6,"key":"Weak Potion"},{"floor":10,"key":"Dexterity Potion"},{"floor":14,"key":"SmokeBomb"},{"floor":16,"key":"bronze:BurnAndBuffPotion"},{"floor":32,"key":"FearPotion"}],"is_trial":false,"path_per_floor":["R","M","M","M","?","E","T","?","$","M","M","?","M","E","M","B",null,"R","M","?","$","M","?","T","E","R","M","R","M","M","?","M","B"],"character_chosen":"The_Alterego","items_purchased":["Bronze Scales","aspiration:StickyExplosives_weak"],"campfire_rested":0,"item_purchase_floors":[9,21],"current_hp_per_floor":[70,70,70,70,70,38,38,38,38,39,33,33,49,41,63,26,80,80,80,80,80,72,72,72,28,28,32,32,43,39,42,30,0,0],"gold":134,"neow_bonus":"UPGRADE_CARD","is_daily":false,"chose_seed":false,"campfire_upgraded":2,"win_rate":0.0,"timestamp":1611515832,"path_taken":["R","M","M","M","?","E","T","?","?","M","M","?","?","E","M","BOSS","R","M","?","?","M","?","T","E","R","M","R","M","M","?","M","BOSS"],"items_purchased_type":["Relic","Relic"],"build_version":"2020-12-22","purchased_purges":2,"victory":false,"max_hp_per_floor":[70,71,72,73,73,74,74,74,74,75,76,76,77,78,79,80,80,80,80,80,80,81,81,81,82,82,82,82,83,84,87,88,88,88],"card_choices":[{"not_picked":["alterego_mod:Undulate","alterego_mod:Punishment"],"picked":"alterego_mod:IndependentAction","floor":2},{"not_picked":["alterego_mod:GoddessCore","alterego_mod:DiscoLights","alterego_mod:HighServant"],"picked":"SKIP","floor":3},{"not_picked":["alterego_mod:BiFurious","alterego_mod:Cycle"],"picked":"alterego_mod:SakuraFive","floor":4},{"not_picked":["alterego_mod:IndependentAction","alterego_mod:Smother"],"picked":"alterego_mod:BustOut","floor":6},{"not_picked":["alterego_mod:Jiggle","alterego_mod:BiFurious"],"picked":"alterego_mod:Birthday","floor":9},{"not_picked":["alterego_mod:Pet","alterego_mod:MagicResistance"],"picked":"alterego_mod:Birthday","floor":10},{"not_picked":["alterego_mod:DustData","alterego_mod:DestructionOfProperty"],"picked":"alterego_mod:Weigh","floor":11},{"not_picked":["alterego_mod:DestructionOfProperty","alterego_mod:Clap","alterego_mod:MagicResistance"],"picked":"SKIP","floor":13},{"not_picked":["alterego_mod:ChallengeComplete","alterego_mod:Belle"],"picked":"alterego_mod:RidiculouslyBig","floor":14},{"not_picked":["alterego_mod:Maid","alterego_mod:BiFurious","alterego_mod:BeGentle"],"picked":"SKIP","floor":15},{"not_picked":["alterego_mod:Vow","alterego_mod:RingBreak"],"picked":"alterego_mod:Venus","floor":16},{"not_picked":["alterego_mod:Pet","alterego_mod:Punishment","alterego_mod:BeGentle"],"picked":"SKIP","floor":19},{"not_picked":["alterego_mod:ClassAdvantage","alterego_mod:Complex","alterego_mod:Cycle+1"],"picked":"SKIP","floor":21},{"not_picked":["alterego_mod:DustData","alterego_mod:BiFurious","alterego_mod:Undulate"],"picked":"SKIP","floor":22},{"not_picked":["alterego_mod:RidiculouslyBig","alterego_mod:Tantrum","alterego_mod:Exercise"],"picked":"SKIP","floor":25},{"not_picked":["alterego_mod:Santa","alterego_mod:Smother"],"picked":"alterego_mod:Bounce","floor":29},{"not_picked":["alterego_mod:Lingerie+1","alterego_mod:Cycle+1"],"picked":"alterego_mod:Mirror+1","floor":30},{"not_picked":["alterego_mod:DiscoLights+1","alterego_mod:RidiculouslyBig","alterego_mod:BoobPocket+1"],"picked":"SKIP","floor":32}],"player_experience":331302,"relics_obtained":[{"floor":6,"key":"Replay:Bottled Flurry"},{"floor":14,"key":"Juzu Bracelet"},{"floor":24,"key":"Girya"},{"floor":25,"key":"Replay:Towering Pillar of Hats"}],"event_choices":[{"damage_healed":0,"gold_gain":0,"player_choice":"Argue","damage_taken":0,"max_hp_gain":0,"max_hp_loss":0,"event_name":"conspire:LoneGhost","floor":8,"gold_loss":0},{"damage_healed":0,"gold_gain":0,"player_choice":"Read","damage_taken":0,"max_hp_gain":0,"max_hp_loss":0,"event_name":"The Library","floor":23,"gold_loss":0,"cards_obtained":["alterego_mod:Pet"]}],"is_beta":false,"boss_relics":[{"not_picked":["hubris:BlackHole","infinitespire:Cupcake"],"picked":"theForsaken:PaleLantern"}],"items_purged_floors":[9,21],"is_endless":false,"potions_floor_spawned":[2,6,10,14,16,22,25,32],"killed_by":"IC_MUSHROOM_ARCHETYPE","ascension_level":1}}