{"host":"ph0jbnuejdorxbrg","time":1611515768,"event":{"mods":["AchievementEnabler","BaseMod","Block Reminder","Minty Spire (QoL Compilation)","Permanent Neow","Quick Restart","Rare Cards Sparkle","Synergy Search"],"gold_per_floor":[110,122,102,120,160,160,189,189,216,244,244,244,257,132,132,232,232,252,4,4,18,29,29,54,65,65,65,94,94,106,141,141,243,243,260,260,277,277,287,316,316,344,344,566,0,0,18,30,30,30,30],"floor_reached":50,"language":"ENG","playtime":4603,"items_purged":["Strike_R","Strike_R","Strike_R"],"score":878,"play_id":"c8489872-4cdc-41a9-8203-3742dfe772ed","local_time":"20210124141608","is_ascension_mode":true,"campfire_choices":[{"data":"True Grit","floor":6.0,"key":"SMITH"},{"data":"Shockwave","floor":8.0,"key":"SMITH"},{"data":"Ghostly Armor","floor":12.0,"key":"SMITH"},{"data":"Whirlwind","floor":15.0,"key":"SMITH"},{"data":"Spot Weakness","floor":23.0,"key":"SMITH"},{"data":"Shrug It Off","floor":27.0,"key":"SMITH"},{"data":"Feed","floor":29.0,"key":"SMITH"},{"floor":32.0,"key":"REST"},{"floor":41.0,"key":"REST"},{"data":"Body Slam","floor":46.0,"key":"SMITH"},{"data":"Blood for Blood","floor":49,"key":"SMITH"}],"circlet_count":0,"master_deck":["AscendersBane","Strike_R","Defend_R","Defend_R","Defend_R","Defend_R+1","Bash","Disarm+1","Shockwave+1","Iron Wave","True Grit+1","Ghostly Armor+1","Whirlwind+1","Feed+1","Shrug It Off+1","Spot Weakness+1","Reaper","Body Slam+1","Shrug It Off+1","Juggernaut","Finesse","Sadistic Nature","Blood for Blood+1","Body Slam+1"],"relics":["Burning Blood","War Paint","Bronze Scales","Anchor","Philosopher\u0027s Stone","Regal Pillow","Boot","Bottled Flame","Red Mask","Ginger","Runic Dome","Lantern","Dream Catcher","Juzu Bracelet","Bag of Marbles"],"acts_visited":["TheCity","TheBeyond"],"potions_floor_usage":[50],"damage_taken":[{"damage":9.0,"enemies":"Jaw Worm","floor":1.0,"turns":7.0},{"damage":10.0,"enemies":"Cultist","floor":2.0,"turns":5.0},{"damage":2.0,"enemies":"Small Slimes","floor":4.0,"turns":4.0},{"damage":3.0,"enemies":"3 Louse","floor":5.0,"turns":4.0},{"damage":15.0,"enemies":"3 Sentries","floor":7.0,"turns":8.0},{"damage":18.0,"enemies":"Lagavulin","floor":10.0,"turns":8.0},{"damage":9.0,"enemies":"Exordium Wildlife","floor":13.0,"turns":5.0},{"damage":19.0,"enemies":"Hexaghost","floor":16.0,"turns":13.0},{"damage":2.0,"enemies":"Shell Parasite","floor":18.0,"turns":6.0},{"damage":3.0,"enemies":"Chosen","floor":21.0,"turns":6.0},{"damage":5.0,"enemies":"3 Cultists","floor":22.0,"turns":2.0},{"damage":35.0,"enemies":"Slavers","floor":24.0,"turns":5.0},{"damage":12.0,"enemies":"Cultist and Chosen","floor":25.0,"turns":8.0},{"damage":0.0,"enemies":"Masked Bandits","floor":28.0,"turns":2.0},{"damage":15.0,"enemies":"Snake Plant","floor":30.0,"turns":5.0},{"damage":2.0,"enemies":"Book of Stabbing","floor":31.0,"turns":6.0},{"damage":60.0,"enemies":"Champ","floor":33.0,"turns":15.0},{"damage":27.0,"enemies":"3 Darklings","floor":35.0,"turns":5.0},{"damage":10.0,"enemies":"3 Shapes","floor":37.0,"turns":4.0},{"damage":22.0,"enemies":"Sphere and 2 Shapes","floor":39.0,"turns":4.0},{"damage":38.0,"enemies":"Reptomancer","floor":40.0,"turns":6.0},{"damage":35.0,"enemies":"Nemesis","floor":42.0,"turns":6.0},{"damage":0.0,"enemies":"Jaw Worm Horde","floor":47.0,"turns":1.0},{"damage":0,"enemies":"Maw","floor":48,"turns":7},{"damage":98,"enemies":"Time Eater","floor":50,"turns":11}],"seed_played":"-3582554464334430492","potions_obtained":[{"floor":1.0,"key":"Strength Potion"},{"floor":3.0,"key":"ColorlessPotion"},{"floor":5.0,"key":"PowerPotion"},{"floor":7.0,"key":"ColorlessPotion"},{"floor":13.0,"key":"Ancient Potion"},{"floor":24.0,"key":"Strength Potion"},{"floor":30.0,"key":"DuplicationPotion"},{"floor":31.0,"key":"FearPotion"},{"floor":35.0,"key":"BlessingOfTheForge"},{"floor":39.0,"key":"Swift Potion"},{"floor":47.0,"key":"SmokeBomb"}],"is_trial":false,"path_per_floor":["M","M","?","M","M","R","E","R","T","E","?","R","M","$","R","B",null,"M","$","?","M","M","R","E","M","T","R","?","R","M","E","R","B",null,"M","?","M","?","M","E","R","E","T","?","$","R","M","M","R","B"],"character_chosen":"IRONCLAD","items_purchased":["BlessingOfTheForge","Regal Pillow","Finesse","Sadistic Nature","Bag of Marbles","Blood for Blood"],"campfire_rested":2,"item_purchase_floors":[14,19,45,45,45,45],"current_hp_per_floor":[77,73,73,77,80,80,71,71,71,59,52,52,49,49,49,36,75,82,82,82,85,86,86,57,54,54,54,63,63,54,62,101,47,88,85,85,81,81,65,48,93,69,69,69,69,69,75,85,85,0,0],"gold":30,"neow_bonus":"TEN_PERCENT_HP_BONUS","is_daily":false,"chose_seed":false,"campfire_upgraded":9,"win_rate":0.0,"timestamp":1611515768,"path_taken":["M","M","?","?","M","R","E","R","T","E","?","R","M","$","R","BOSS","M","$","?","M","M","R","E","M","T","R","?","R","M","E","R","BOSS","M","?","?","?","M","E","R","E","T","?","$","R","M","M","R","BOSS"],"items_purchased_type":["Potion","Relic","Card","Card","Relic","Card"],"build_version":"2020-12-22","purchased_purges":3,"victory":false,"max_hp_per_floor":[88,88,88,88,88,88,88,88,88,88,88,88,88,88,88,88,88,91,91,91,91,91,91,91,94,94,94,97,97,97,101,101,101,101,101,101,101,101,101,101,101,101,101,101,101,101,101,105,105,105,105],"card_choices":[{"not_picked":["Clash","True Grit"],"picked":"Disarm","floor":1.0},{"not_picked":["Sever Soul","Sentinel"],"picked":"Shockwave","floor":2.0},{"not_picked":["Perfected Strike","Bloodletting"],"picked":"Iron Wave","floor":4.0},{"not_picked":["Wild Strike","Thunderclap"],"picked":"True Grit","floor":5.0},{"not_picked":["Thunderclap","Wild Strike","Brutality"],"picked":"SKIP","floor":7.0},{"not_picked":["Twin Strike","Searing Blow"],"picked":"Ghostly Armor","floor":10.0},{"not_picked":["Perfected Strike","Flex"],"picked":"Whirlwind","floor":13.0},{"not_picked":["Fiend Fire","Limit Break"],"picked":"Feed","floor":16.0},{"not_picked":["Pommel Strike","Sword Boomerang+1"],"picked":"Shrug It Off","floor":18.0},{"not_picked":["Perfected Strike","Second Wind","Sentinel"],"picked":"SKIP","floor":21.0},{"not_picked":["Wild Strike","Sword Boomerang"],"picked":"Spot Weakness","floor":22.0},{"not_picked":["Spot Weakness","Flex","Clothesline"],"picked":"SKIP","floor":24.0},{"not_picked":["Sentinel","Anger","Clash"],"picked":"SKIP","floor":25.0},{"not_picked":["Fire Breathing","Dark Embrace","Perfected Strike"],"picked":"SKIP","floor":30.0},{"not_picked":["Bludgeon","Warcry","Second Wind"],"picked":"SKIP","floor":31.0},{"not_picked":["Bludgeon","Immolate"],"picked":"Reaper","floor":33.0},{"not_picked":["Warcry","Heavy Blade"],"picked":"Body Slam","floor":35.0},{"not_picked":["Sword Boomerang","Reckless Charge","Clash+1"],"picked":"SKIP","floor":37.0},{"not_picked":["Dual Wield","Flame Barrier+1","Headbutt+1"],"picked":"SKIP","floor":39.0},{"not_picked":["Whirlwind+1","Clash+1","Havoc+1"],"picked":"SKIP","floor":40.0},{"not_picked":["Whirlwind+1","Clash+1","Havoc+1"],"picked":"SKIP","floor":40.0},{"not_picked":["Second Wind","Dropkick+1"],"picked":"Juggernaut","floor":42.0},{"not_picked":["Headbutt","Seeing Red+1"],"picked":"Body Slam+1","floor":47.0},{"not_picked":["Iron Wave+1","Armaments+1","Clash"],"picked":"SKIP","floor":48}],"player_experience":128725,"relics_obtained":[{"floor":7.0,"key":"War Paint"},{"floor":9.0,"key":"Bronze Scales"},{"floor":10.0,"key":"Anchor"},{"floor":24.0,"key":"Boot"},{"floor":26.0,"key":"Bottled Flame"},{"floor":28.0,"key":"Red Mask"},{"floor":31.0,"key":"Ginger"},{"floor":40.0,"key":"Lantern"},{"floor":42.0,"key":"Dream Catcher"},{"floor":43.0,"key":"Juzu Bracelet"}],"event_choices":[{"damage_healed":0.0,"max_hp_gain":0.0,"max_hp_loss":0.0,"gold_gain":0.0,"event_name":"The Woman in Blue","player_choice":"Bought 1 Potion","floor":3.0,"gold_loss":0.0,"damage_taken":0.0},{"cards_removed":["Strike_R"],"damage_healed":0.0,"max_hp_gain":0.0,"max_hp_loss":0.0,"gold_gain":0.0,"event_name":"Golden Wing","player_choice":"Card Removal","floor":11.0,"gold_loss":0.0,"damage_taken":7.0},{"damage_healed":0.0,"max_hp_gain":0.0,"max_hp_loss":0.0,"gold_gain":0.0,"event_name":"The Mausoleum","player_choice":"Ignored","floor":20.0,"gold_loss":0.0,"damage_taken":0.0},{"damage_healed":0.0,"max_hp_gain":0.0,"max_hp_loss":0.0,"gold_gain":0.0,"event_name":"Masked Bandits","player_choice":"Fought Bandits","floor":28.0,"gold_loss":0.0,"damage_taken":0.0},{"damage_healed":0.0,"max_hp_gain":0.0,"max_hp_loss":0.0,"gold_gain":0.0,"event_name":"Duplicator","player_choice":"Copied","floor":36.0,"gold_loss":0.0,"damage_taken":0.0,"cards_obtained":["Shrug It Off"]},{"damage_healed":0.0,"max_hp_gain":0.0,"max_hp_loss":0.0,"gold_gain":0.0,"event_name":"Mysterious Sphere","player_choice":"Ignored","floor":38.0,"gold_loss":0.0,"damage_taken":0.0},{"damage_healed":0.0,"max_hp_gain":0.0,"max_hp_loss":0.0,"gold_gain":222.0,"event_name":"Tomb of Lord Red Mask","player_choice":"Wore Mask","floor":44.0,"gold_loss":0.0,"damage_taken":0.0}],"is_beta":false,"boss_relics":[{"not_picked":["Black Star","Empty Cage"],"picked":"Philosopher\u0027s Stone"},{"not_picked":["Runic Cube","Black Blood"],"picked":"Runic Dome"}],"items_purged_floors":[14,19,45],"is_endless":false,"potions_floor_spawned":[1,5,7,13,16,22,24,30,31,35,39,47],"killed_by":"Time Eater","ascension_level":11}}