{"host":"ga4s3hj9m6nkn6gp","time":1611519286,"event":{"mods":["AchievementEnabler","BaseMod","Bestiary","Colored Powertips","Highlight Path","Minty Spire (QoL Compilation)","Relic Stats","everything is the same but u backflip on backflip"],"gold_per_floor":[115,115,132,112,127,157,157,173,173,173,173,173],"floor_reached":11,"language":"ENG","playtime":380,"items_purged":[],"score":120,"play_id":"e3077c35-d087-499d-8590-f4d4d8ffecee","local_time":"20210124211446","is_ascension_mode":true,"campfire_choices":[{"data":"Redo","floor":7,"key":"SMITH"},{"data":"Dualcast","floor":10,"key":"SMITH"}],"circlet_count":0,"master_deck":["AscendersBane","Strike_B","Strike_B","Defend_B","Defend_B","Defend_B","Defend_B","Zap","Dualcast+1","BootSequence","All For One","Darkness","Turbo","Melter","Redo+1","FTL"],"relics":["Cracked Core","Letter Opener","WingedGreaves","Unceasing Top"],"acts_visited":["Exordium"],"potions_floor_usage":[11,11],"damage_taken":[{"damage":5,"enemies":"Small Slimes","floor":1,"turns":3},{"damage":1,"enemies":"Cultist","floor":3,"turns":4},{"damage":3,"enemies":"2 Louse","floor":5,"turns":3},{"damage":36,"enemies":"Gremlin Nob","floor":6,"turns":4},{"damage":10,"enemies":"Exordium Wildlife","floor":8,"turns":2},{"damage":15,"enemies":"Lagavulin","floor":11,"turns":4}],"seed_played":"-8019837173060839567","potions_obtained":[{"floor":3,"key":"Energy Potion"},{"floor":4,"key":"Explosive Potion"}],"is_trial":false,"path_per_floor":["M","?","M","?","M","E","R","M","T","R","E"],"character_chosen":"DEFECT","items_purchased":[],"campfire_rested":0,"item_purchase_floors":[],"current_hp_per_floor":[63,60,59,59,56,20,20,10,10,10,0,0],"gold":173,"neow_bonus":"TRANSFORM_TWO_CARDS","is_daily":false,"chose_seed":false,"campfire_upgraded":2,"win_rate":0.0,"timestamp":1611519286,"path_taken":["M","?","M","?","?","E","R","M","T","R","E"],"items_purchased_type":[],"build_version":"2020-12-22","purchased_purges":0,"victory":false,"max_hp_per_floor":[68,68,68,68,68,68,68,68,68,68,68,68],"relic_stats":{"counters":[6,20],"Letter Opener":[26],"obtain_stats":[{"WingedGreaves":6,"Letter Opener":2,"Cracked Core":0,"Unceasing Top":9},{"WingedGreaves":4,"Letter Opener":1,"Cracked Core":0,"Unceasing Top":5},{"WingedGreaves":14,"Letter Opener":3,"Cracked Core":0,"Unceasing Top":16}],"Unceasing Top":[3]},"card_choices":[{"not_picked":["Leap","Hologram"],"picked":"Darkness","floor":1},{"not_picked":["Consume","Coolheaded"],"picked":"Turbo","floor":3},{"not_picked":["Undo","Ball Lightning"],"picked":"Melter","floor":5},{"not_picked":["Defragment","Coolheaded"],"picked":"Redo","floor":6},{"not_picked":["Compile Driver","Barrage"],"picked":"FTL","floor":8}],"player_experience":683254,"relics_obtained":[{"floor":6,"key":"WingedGreaves"},{"floor":9,"key":"Unceasing Top"}],"event_choices":[{"damage_healed":0,"gold_gain":0,"player_choice":"Success","damage_taken":3,"relics_obtained":["Letter Opener"],"max_hp_gain":0,"max_hp_loss":0,"event_name":"Scrap Ooze","floor":2,"gold_loss":0},{"damage_healed":0,"gold_gain":0,"player_choice":"Bought 1 Potion","damage_taken":0,"max_hp_gain":0,"max_hp_loss":0,"event_name":"The Woman in Blue","floor":4,"gold_loss":0}],"is_beta":false,"boss_relics":[],"items_purged_floors":[],"is_endless":false,"potions_floor_spawned":[3],"killed_by":"Lagavulin","ascension_level":13}}