{"host":"test","time":1611454882,"event":{"mods":["BaseMod","Colored Map","Colored Powertips","Minty Spire (QoL Compilation)","Relic Stats","Slay the Relics Exporter","SpireBot","StSLib","ojb\u0027s Better Paths Mod","ojb\u0027s Info Mod"],"gold_per_floor":[111,126,137,154,74,100,119,119,119],"floor_reached":8,"language":"JPN","playtime":386,"items_purged":[],"score":120,"play_id":"2c7eda28-2b1b-4390-803d-14ba9e3702f6","local_time":"20210124112122","is_ascension_mode":true,"campfire_choices":[],"circlet_count":0,"master_deck":["AscendersBane","Strike_G","Strike_G","Strike_G","Strike_G","Strike_G","Defend_G","Defend_G","Defend_G","Defend_G","Defend_G","Survivor","Neutralize","A Thousand Cuts","Poisoned Stab","Bane","Slice","Calculated Gamble","Cloak And Dagger","Dagger Throw","Quick Slash"],"relics":["Ring of the Snake","Tiny Chest"],"acts_visited":["Exordium"],"potions_floor_usage":[6],"damage_taken":[{"damage":3.0,"enemies":"Cultist","floor":1.0,"turns":5.0},{"damage":10.0,"enemies":"Jaw Worm","floor":2.0,"turns":5.0},{"damage":3.0,"enemies":"2 Louse","floor":3.0,"turns":4.0},{"damage":5.0,"enemies":"Red Slaver","floor":4.0,"turns":3.0},{"damage":32,"enemies":"Lagavulin","floor":6,"turns":9},{"damage":4,"enemies":"2 Fungi Beasts","floor":7,"turns":4},{"damage":3,"enemies":"Gremlin Nob","floor":8,"turns":2}],"seed_played":"1536719389188254638","potions_obtained":[{"floor":4.0,"key":"Ancient Potion"},{"floor":6,"key":"Explosive Potion"}],"is_trial":false,"path_per_floor":["M","M","M","M","$","E","M","E"],"character_chosen":"THE_SILENT","items_purchased":["Cloak And Dagger","Energy Potion"],"campfire_rested":0,"item_purchase_floors":[5,5],"current_hp_per_floor":[56,46,43,38,38,6,2,0,0],"gold":119,"neow_bonus":"ONE_RANDOM_RARE_CARD","is_daily":false,"chose_seed":true,"campfire_upgraded":0,"win_rate":0.0,"timestamp":1611454882,"path_taken":["M","M","M","M","$","E","?","E"],"items_purchased_type":["Card","Potion"],"build_version":"2020-12-18","purchased_purges":0,"victory":false,"max_hp_per_floor":[66,66,66,66,66,66,66,66,66],"relic_stats":{"counters":[7,32],"Tiny Chest":0,"obtain_stats":[{"Tiny Chest":6,"Ring of the Snake":0},{"Tiny Chest":5,"Ring of the Snake":0},{"Tiny Chest":26,"Ring of the Snake":0}],"Ring of the Snake":[14]},"card_choices":[{"not_picked":["Dodge and Roll","Underhanded Strike"],"picked":"Poisoned Stab","floor":1.0},{"not_picked":["Choke","Dodge and Roll"],"picked":"Bane","floor":2.0},{"not_picked":["Underhanded Strike","Escape Plan"],"picked":"Slice","floor":3.0},{"not_picked":["Reflex","Outmaneuver"],"picked":"Calculated Gamble","floor":4.0},{"not_picked":["Prepared","Underhanded Strike"],"picked":"Dagger Throw","floor":6},{"not_picked":["Backflip","Infinite Blades"],"picked":"Quick Slash","floor":7}],"player_experience":1956705,"relics_obtained":[{"floor":6,"key":"Tiny Chest"}],"event_choices":[],"is_beta":true,"boss_relics":[],"items_purged_floors":[],"is_endless":false,"potions_floor_spawned":[4,6],"killed_by":"Gremlin Nob","ascension_level":20}}