{"host":"2se5dq1do2gp0x9k","time":1611466155,"event":{"mods":["AchievementEnabler","BaseMod","Block Reminder","Colored Map","Colored Powertips","Minty Spire (QoL Compilation)","Relic Stats","StSLib","SuperFastMode"],"gold_per_floor":[19,19,19,34,34,48,48,48],"floor_reached":7,"language":"ENG","playtime":233,"items_purged":[],"score":82,"play_id":"a0b01bf1-1614-4946-a299-fa42dcefc6fa","local_time":"20210123212915","is_ascension_mode":true,"campfire_choices":[],"circlet_count":0,"master_deck":["AscendersBane","Strike_G","Strike_G","Strike_G","Strike_G","Defend_G","Defend_G","Defend_G","Defend_G","Defend_G","Survivor","Neutralize","Terror","Crippling Poison","Pain","Riddle With Holes","PiercingWail"],"relics":["Ring of the Snake","Ginger","WarpedTongs"],"acts_visited":["Exordium"],"potions_floor_usage":[7],"damage_taken":[{"damage":8,"enemies":"Jaw Worm","floor":1,"turns":8},{"damage":2,"enemies":"Small Slimes","floor":4,"turns":3},{"damage":7,"enemies":"Cultist","floor":6,"turns":4},{"damage":48,"enemies":"Lagavulin","floor":7,"turns":11}],"seed_played":"-4958294845926953756","potions_obtained":[{"floor":1,"key":"SpeedPotion"}],"is_trial":false,"path_per_floor":["M","?","?","M","?","M","E"],"character_chosen":"THE_SILENT","items_purchased":[],"campfire_rested":0,"item_purchase_floors":[],"current_hp_per_floor":[51,51,51,49,49,42,0,0],"gold":48,"neow_bonus":"ONE_RARE_RELIC","is_daily":false,"chose_seed":false,"campfire_upgraded":0,"win_rate":0.0,"timestamp":1611466155,"path_taken":["M","?","?","?","?","M","E"],"items_purchased_type":[],"build_version":"2020-12-22","purchased_purges":0,"victory":false,"max_hp_per_floor":[66,66,66,66,66,66,66,66],"relic_stats":{"counters":[4,26],"Ginger":[0],"obtain_stats":[{"Ginger":0,"Ring of the Snake":0,"WarpedTongs":3},{"Ginger":0,"Ring of the Snake":0,"WarpedTongs":1},{"Ginger":0,"Ring of the Snake":0,"WarpedTongs":8}],"Ring of the Snake":[8],"WarpedTongs":[18]},"card_choices":[{"not_picked":["PiercingWail","Well Laid Plans"],"picked":"Terror","floor":1},{"not_picked":["Dodge and Roll","Deadly Poison"],"picked":"Riddle With Holes","floor":4},{"not_picked":["Bane","Deadly Poison"],"picked":"PiercingWail","floor":6}],"player_experience":3948844,"relics_obtained":[],"event_choices":[{"damage_healed":0,"gold_gain":0,"cards_transformed":["Strike_G"],"player_choice":"Change","damage_taken":0,"max_hp_gain":0,"max_hp_loss":0,"event_name":"Living Wall","floor":2,"gold_loss":0,"cards_obtained":["Crippling Poison"]},{"damage_healed":0,"gold_gain":0,"player_choice":"Rummage","damage_taken":0,"relics_obtained":["WarpedTongs"],"max_hp_gain":0,"max_hp_loss":0,"event_name":"Accursed Blacksmith","floor":3,"gold_loss":0,"cards_obtained":["Pain"]},{"damage_healed":0,"gold_gain":0,"player_choice":"Ignored","damage_taken":0,"max_hp_gain":0,"max_hp_loss":0,"event_name":"Liars Game","floor":5,"gold_loss":0}],"is_beta":false,"boss_relics":[],"items_purged_floors":[],"is_endless":false,"potions_floor_spawned":[1],"killed_by":"Lagavulin","ascension_level":20}}