{"host":"jjgyg020kc87m30c","time":1611483532,"event":{"mods":["BaseMod","Colored Map","Minty Spire (QoL Compilation)","Permanent Neow"],"gold_per_floor":[19,294,313,324,499,499,499,514,561,219,237,237,257,271,271,271,271],"floor_reached":16,"language":"ENG","playtime":1134,"items_purged":["Regret"],"score":158,"play_id":"233cdf79-3b38-4c97-804d-8431e8b844e1","local_time":"20210124191852","is_ascension_mode":true,"campfire_choices":[{"data":"Choke","floor":6,"key":"SMITH"},{"data":"Infinite Blades","floor":12,"key":"SMITH"},{"data":"Prepared","floor":15,"key":"SMITH"}],"circlet_count":0,"master_deck":["Strike_G","Strike_G","Strike_G","Strike_G+1","Strike_G","Defend_G","Defend_G","Defend_G","Defend_G","Defend_G+1","Survivor","Neutralize","Panache","Choke+1","Prepared+1","Doubt","Predator","Infinite Blades+1","Backflip","Underhanded Strike","Eviscerate","Acrobatics"],"relics":["Ring of the Snake","Bag of Marbles","Lee\u0027s Waffle"],"acts_visited":["Exordium"],"potions_floor_usage":[],"damage_taken":[{"damage":0,"enemies":"Cultist","floor":1,"turns":5},{"damage":26,"enemies":"Jaw Worm","floor":3,"turns":6},{"damage":0,"enemies":"2 Louse","floor":4,"turns":3},{"damage":6,"enemies":"Looter","floor":8,"turns":5},{"damage":0,"enemies":"Exordium Thugs","floor":11,"turns":4},{"damage":20,"enemies":"Exordium Wildlife","floor":13,"turns":5},{"damage":0,"enemies":"Large Slime","floor":14,"turns":3}],"seed_played":"1886520938179859176","potions_obtained":[{"floor":1,"key":"Explosive Potion"},{"floor":13,"key":"LiquidMemories"}],"is_trial":false,"path_per_floor":["M","?","M","M","?","R","?","M","T","$","M","R","M","M","R","B"],"character_chosen":"THE_SILENT","items_purchased":["Lee\u0027s Waffle","Infinite Blades","Backflip"],"campfire_rested":0,"item_purchase_floors":[10,10,10],"current_hp_per_floor":[70,70,44,44,44,44,30,24,24,77,77,77,57,57,57,0,0],"gold":271,"neow_bonus":"RANDOM_COLORLESS_2","is_daily":false,"chose_seed":false,"campfire_upgraded":3,"win_rate":0.0,"timestamp":1611483532,"path_taken":["M","?","?","M","?","R","?","M","T","$","M","R","M","M","R","BOSS"],"items_purchased_type":["Relic","Card","Card"],"build_version":"2020-12-22","purchased_purges":1,"victory":false,"max_hp_per_floor":[70,70,70,70,70,70,70,70,70,77,77,77,77,77,77,77,77],"card_choices":[{"not_picked":["Chrysalis","Transmutation"],"picked":"Panache","floor":0},{"not_picked":["Caltrops","Poisoned Stab"],"picked":"Choke","floor":1},{"not_picked":["Acrobatics","Underhanded Strike"],"picked":"Prepared","floor":3},{"not_picked":["Blur","Dodge and Roll","Sucker Punch"],"picked":"SKIP","floor":4},{"not_picked":["Terror","Bane"],"picked":"Predator","floor":8},{"not_picked":["Dagger Spray","PiercingWail"],"picked":"Underhanded Strike","floor":11},{"not_picked":["Dash","Riddle With Holes"],"picked":"Eviscerate","floor":13},{"not_picked":["Dagger Throw","Bane"],"picked":"Acrobatics","floor":14}],"player_experience":22568,"relics_obtained":[{"floor":9,"key":"Bag of Marbles"}],"event_choices":[{"damage_healed":0,"gold_gain":275,"player_choice":"Desecrate","damage_taken":0,"max_hp_gain":0,"max_hp_loss":0,"event_name":"Golden Shrine","floor":2,"gold_loss":0,"cards_obtained":["Regret"]},{"damage_healed":0,"gold_gain":175,"player_choice":"AGREE","damage_taken":0,"max_hp_gain":0,"max_hp_loss":0,"event_name":"Liars Game","floor":5,"gold_loss":0,"cards_obtained":["Doubt"]},{"damage_healed":0,"gold_gain":0,"player_choice":"Entered Light","damage_taken":14,"max_hp_gain":0,"max_hp_loss":0,"event_name":"Shining Light","floor":7,"gold_loss":0,"cards_upgraded":["Strike_G","Defend_G"]}],"is_beta":false,"boss_relics":[],"items_purged_floors":[10],"is_endless":false,"potions_floor_spawned":[1,13],"killed_by":"The Guardian","ascension_level":2}}