{"host":"0dsi8ju7ih3zb7n8","time":1611518950,"event":{"mods":["2.2 Compatiblity","Act Like it!","BaseMod","Downfall","Hermit","Minty Spire (QoL Compilation)","Robot Space Explorer","Spicy Shops","StSLib","The Cursed","The Marked"],"gold_per_floor":[99,109,284,284,384,396,445,445,70,70,520,105,136,170,189,287,287,287,300,400,109,109,94,94,126,126,154,154,170,170,198,209,304,304,304,324,339,376,376,76,101,151,151,186,186,186,186,186,205,205,205,235,132,132,132,132],"floor_reached":57,"language":"ENG","playtime":4110,"items_purged":[],"score":1688,"play_id":"6c8d081f-0ea6-43ee-8acd-54e617aba59d","local_time":"20210124210910","daily_mods":["SealedDeck","Heirloom","Flight"],"is_ascension_mode":false,"campfire_choices":[{"floor":1,"key":"RECALL"},{"data":"TheCursedMod:Neurasthenia","floor":8,"key":"SMITH"},{"data":"TheCursedMod:LuckyCharm","floor":10,"key":"SMITH"},{"data":"TheCursedMod:AntiAging","floor":18,"key":"SMITH"},{"data":"TheCursedMod:AntiAging","floor":26,"key":"SMITH"},{"data":"TheCursedMod:AntiAging","floor":28,"key":"SMITH"},{"data":"TheCursedMod:ShockAndAwe","floor":30,"key":"SMITH"},{"floor":35,"key":"REST"},{"floor":40,"key":"REST"},{"floor":43,"key":"REST"},{"floor":45,"key":"REST"},{"floor":54,"key":"REST"}],"circlet_count":0,"master_deck":["TheCursedMod:Hemoplague","TheCursedMod:AbyssShockwave+1","TheCursedMod:CursedAmulet+1","TheCursedMod:WearCloak+1","TheCursedMod:Hemoplague","TheCursedMod:CursedArmor+1","TheCursedMod:StingEye+1","TheCursedMod:CursedBlade","TheCursedMod:SpitefulPray","Doubt","Regret","TheCursedMod:CleanUpWorkshop+1","TheCursedMod:Obscuration","TheCursedMod:BlessingInDisguise","TheCursedMod:Neurasthenia+1","Mind Blast","TheCursedMod:LuckyCharm+1","TheCursedMod:SurpriseAttack+1","downfall:Icky","downfall:Icky","downfall:Icky","TheCursedMod:AntiAging+1","TheCursedMod:PrepareRite+1","TheCursedMod:ShockAndAwe+1","TheCursedMod:SpitefulStrike","TheCursedMod:AntiAging+1","TheCursedMod:ReleasedStrength","TheCursedMod:ForbiddenAlchemy","TheCursedMod:AntiAging+1","TheCursedMod:SoulReap","TheCursedMod:CollectTribute+1","TheCursedMod:SpitefulPray+1","TheCursedMod:CursedShiv+1","TheCursedMod:VoidForm","TheCursedMod:Hemoplague+1","TheCursedMod:LuckyCharm+1","expansioncontent:LastStand+1","Normality","TheCursedMod:TroublousMinions","TheCursedMod:VoidForm","TheCursedMod:Mangle+1"],"relics":["TheCursedMod:BlackMagic101","Dead Branch","Singing Bowl","downfall:GremlinSack","champ:Barbells","FossilizedHelix","TheCursedMod:BloodyHarpoon","Oddly Smooth Stone","Slimebound:StickyStick","bronze:MakeshiftBattery","bronze:DonusWashers","Mercury Hourglass","bronze:DecasWashers","Guardian:GemstoneGun","Darkstone Periapt","Dream Catcher","Fusion Hammer","hexamod:CandleOfCauterizing","Regal Pillow","downfall:TeleportStone","downfall:HeartBlessingRed","downfall:HeartBlessingGreen","downfall:HeartBlessingBlue","Juzu Bracelet","Thread and Needle","HornCleat","StrikeDummy","Lizard Tail"],"acts_visited":["Exordium","TheCity","TheBeyond","TheEnding"],"potions_floor_usage":[14,21,31,32,38,42,49,50,55,55,55,55,56,56,56,56,56,56,56,56],"damage_taken":[{"damage":0,"enemies":"2 Louse","floor":2,"turns":3},{"damage":12,"enemies":"2 Louse","floor":5,"turns":4},{"damage":0,"enemies":"Jaw Worm","floor":6,"turns":2},{"damage":0,"enemies":"downfall:FleeingMerchant","floor":9,"turns":4},{"damage":0,"enemies":"downfall:FleeingMerchant","floor":12,"turns":4},{"damage":0,"enemies":"Lagavulin","floor":13,"turns":8},{"damage":5,"enemies":"Gremlin Nob","floor":14,"turns":4},{"damage":0,"enemies":"Cultist","floor":15,"turns":2},{"damage":8,"enemies":"IC_STATUS_ARCHETYPE","floor":16,"turns":6},{"damage":3,"enemies":"Spheric Guardian","floor":19,"turns":4},{"damage":5,"enemies":"downfall:FleeingMerchant","floor":21,"turns":4},{"damage":14,"enemies":"downfall:FleeingMerchant","floor":23,"turns":4},{"damage":0,"enemies":"Slavers","floor":25,"turns":4},{"damage":0,"enemies":"Book of Stabbing","floor":27,"turns":4},{"damage":0,"enemies":"Chosen","floor":29,"turns":2},{"damage":2,"enemies":"Slavers","floor":31,"turns":4},{"damage":0,"enemies":"Centurion and Healer","floor":32,"turns":6},{"damage":0,"enemies":"WA_ARCHETYPE_CALM","floor":33,"turns":7},{"damage":0,"enemies":"3 Darklings","floor":36,"turns":3},{"damage":10,"enemies":"Orb Walker","floor":37,"turns":2},{"damage":1,"enemies":"downfall:FleeingMerchant","floor":38,"turns":3},{"damage":21,"enemies":"downfall:FleeingMerchant","floor":42,"turns":4},{"damage":0,"enemies":"Giant Head","floor":44,"turns":4},{"damage":8,"enemies":"Jaw Worm Horde","floor":49,"turns":3},{"damage":3,"enemies":"DF_ARCHETYPE_ORBS","floor":50,"turns":4},{"damage":39,"enemies":"downfall:CharBossMerchant","floor":52,"turns":5},{"damage":10,"enemies":"downfall:NeowBoss","floor":55,"turns":8},{"damage":6,"enemies":"downfall:NeowBossFinal","floor":56,"turns":7}],"seed_played":"95660188606882275","potions_obtained":[{"floor":2,"key":"DistilledChaos"},{"floor":5,"key":"BlessingOfTheForge"},{"floor":13,"key":"LiquidMemories"},{"floor":15,"key":"FearPotion"},{"floor":19,"key":"SkillPotion"},{"floor":25,"key":"Block Potion"},{"floor":31,"key":"Swift Potion"},{"floor":42,"key":"Slimebound:ThreeZeroPotion"},{"floor":49,"key":"champ:CounterPotion"}],"is_trial":true,"path_per_floor":["R","M","?","?","?","M","T","R","$","R","?","$","E","E","M","B",null,"R","M","?","$","?","$","T","E","R","E","R","M","R","E","M","B",null,"R","M","M","$","?","R","T","?","R","E","R","?","?","?","M","B",null,"E","$","R","B","B",null],"character_chosen":"THE_CURSED","items_purchased":["champ:Barbells","FossilizedHelix","TheCursedMod:BloodyHarpoon","TheCursedMod:AntiAging","bronze:DonusWashers","Mercury Hourglass","hexamod:CandleOfCauterizing","Regal Pillow","TheCursedMod:VoidForm"],"campfire_rested":5,"item_purchase_floors":[9,9,12,12,21,21,38,38,53],"current_hp_per_floor":[75,75,75,75,65,65,65,65,65,65,65,67,69,66,66,60,85,85,89,89,88,88,77,77,82,82,92,92,100,100,101,117,126,145,147,153,146,161,161,176,176,166,187,193,193,193,187,193,190,200,214,181,181,220,216,222],"gold":132,"neow_bonus":"","is_daily":false,"chose_seed":false,"campfire_upgraded":6,"win_rate":0.0,"timestamp":1611518950,"path_taken":["R","M","?","?","?","?","T","R","$","R","?","$","E","E","M","BOSS","R","M","?","$","?","?","T","E","R","E","R","?","R","E","M","BOSS","R","M","M","?","?","R","T","?","R","E","R","?","?","?","M","BOSS","E","$","R","BOSS","BOSS"],"items_purchased_type":["Relic","Relic","Relic","Card","Relic","Relic","Relic","Relic","Card"],"build_version":"2020-12-22","purchased_purges":0,"victory":true,"max_hp_per_floor":[75,75,75,75,77,77,77,77,77,77,77,79,81,83,83,85,85,85,92,92,96,96,99,99,104,104,114,114,122,122,125,136,145,145,147,153,156,164,164,176,176,187,187,193,193,193,197,203,208,214,214,220,220,220,226,229],"card_choices":[{"not_picked":["TheCursedMod:CircleOfFlame","TheCursedMod:CursedBlade"],"picked":"TheCursedMod:SpitefulPray","floor":2},{"not_picked":["TheCursedMod:Torture","TheCursedMod:BlessingInDisguise","TheCursedMod:Obscuration"],"picked":"Singing Bowl","floor":5},{"not_picked":["TheCursedMod:CursedShiv","TheCursedMod:PrepareRite"],"picked":"TheCursedMod:LuckyCharm","floor":6},{"not_picked":["TheCursedMod:LuckyCharm","TheCursedMod:SpitefulStrike"],"picked":"TheCursedMod:SurpriseAttack","floor":9},{"not_picked":["TheCursedMod:RavingStaff","TheCursedMod:CircleOfFlame","TheCursedMod:VitalStrike"],"picked":"Singing Bowl","floor":12},{"not_picked":["TheCursedMod:CircleOfCorruption","TheCursedMod:SoulCrush"],"picked":"TheCursedMod:PrepareRite","floor":13},{"not_picked":["TheCursedMod:CircleOfCorruption","TheCursedMod:Wield"],"picked":"TheCursedMod:ShockAndAwe","floor":14},{"not_picked":["TheCursedMod:AbyssShockwave","TheCursedMod:Stretching"],"picked":"TheCursedMod:SpitefulStrike","floor":15},{"not_picked":["TheCursedMod:ShockAndAwe","TheCursedMod:OutForBlood"],"picked":"TheCursedMod:AntiAging","floor":16},{"not_picked":["TheCursedMod:CursedBlade","TheCursedMod:Torture+1","TheCursedMod:Obscuration"],"picked":"Singing Bowl","floor":19},{"not_picked":["TheCursedMod:BloodBarrier","TheCursedMod:CursedMace","TheCursedMod:FleshFromBone"],"picked":"Singing Bowl","floor":21},{"not_picked":["TheCursedMod:CursedArmor","TheCursedMod:RavingStaff"],"picked":"TheCursedMod:ForbiddenAlchemy","floor":23},{"not_picked":["TheCursedMod:CircleOfWindfury","TheCursedMod:CursedShiv"],"picked":"TheCursedMod:AntiAging","floor":25},{"not_picked":["TheCursedMod:Torture","TheCursedMod:Wield","TheCursedMod:AbyssShockwave"],"picked":"Singing Bowl","floor":27},{"not_picked":["TheCursedMod:CursedBoomerang","TheCursedMod:CircleOfCorruption","TheCursedMod:CursedAmulet"],"picked":"Singing Bowl","floor":29},{"not_picked":["TheCursedMod:CircleOfFlame","TheCursedMod:RavingStaff"],"picked":"TheCursedMod:SoulReap","floor":31},{"not_picked":["TheCursedMod:ParallelWorld","TheCursedMod:SpitefulPlan","TheCursedMod:CircleOfFlame"],"picked":"Singing Bowl","floor":32},{"not_picked":["TheCursedMod:ShockAndAwe","TheCursedMod:DemonicPact"],"picked":"TheCursedMod:CollectTribute","floor":33},{"not_picked":["TheCursedMod:Torture","TheCursedMod:VitalStrike+1","TheCursedMod:RavingStaff+1"],"picked":"Singing Bowl","floor":35},{"not_picked":["TheCursedMod:DoubleShield+1","TheCursedMod:FleshFromBone+1"],"picked":"TheCursedMod:SpitefulPray+1","floor":36},{"not_picked":["TheCursedMod:WearCloak+1","TheCursedMod:CursedArmor"],"picked":"TheCursedMod:CursedShiv+1","floor":37},{"not_picked":["TheCursedMod:SpitefulStrike","TheCursedMod:RavingStaff+1","TheCursedMod:RapidMovement"],"picked":"Singing Bowl","floor":38},{"not_picked":["TheCursedMod:CircleOfFlame+1","TheCursedMod:CursedMace","TheCursedMod:CursedBlade"],"picked":"Singing Bowl","floor":40},{"not_picked":["TheCursedMod:SurpriseAttack","TheCursedMod:SmokeScreen","TheCursedMod:VitalStrike"],"picked":"Singing Bowl","floor":42},{"not_picked":["TheCursedMod:Hemoplague+1","TheCursedMod:SmokeScreen+1"],"picked":"TheCursedMod:VoidForm","floor":43},{"not_picked":["TheCursedMod:RavingStaff","TheCursedMod:CursedAmulet"],"picked":"TheCursedMod:Hemoplague+1","floor":44},{"not_picked":["TheCursedMod:CircleOfCorruption+1","TheCursedMod:RapidMovement"],"picked":"TheCursedMod:LuckyCharm+1","floor":45},{"not_picked":["expansioncontent:PrepareCrush","expansioncontent:YouAreMine","expansioncontent:AwakenDeath"],"picked":"Singing Bowl","floor":47},{"not_picked":["expansioncontent:AwakenDeath","expansioncontent:Chronoboost"],"picked":"expansioncontent:LastStand","floor":47},{"not_picked":["expansioncontent:GuardianWhirl","expansioncontent:PrepareCrush","expansioncontent:YouAreMine"],"picked":"Singing Bowl","floor":47},{"not_picked":["TheCursedMod:FleshFromBone+1","TheCursedMod:CircleOfFlame+1","TheCursedMod:TacticalStrike+1"],"picked":"Singing Bowl","floor":49},{"not_picked":["TheCursedMod:CircleOfCorruption","TheCursedMod:CursedBoomerang+1"],"picked":"TheCursedMod:TroublousMinions","floor":52},{"not_picked":["TheCursedMod:Stretching+1","TheCursedMod:SoulReap+1"],"picked":"TheCursedMod:Mangle+1","floor":54}],"player_experience":876755,"relics_obtained":[{"floor":5,"key":"downfall:GremlinSack"},{"floor":13,"key":"Oddly Smooth Stone"},{"floor":14,"key":"Slimebound:StickyStick"},{"floor":24,"key":"bronze:DecasWashers"},{"floor":25,"key":"Guardian:GemstoneGun"},{"floor":27,"key":"Darkstone Periapt"},{"floor":31,"key":"Dream Catcher"},{"floor":41,"key":"Juzu Bracelet"},{"floor":42,"key":"Thread and Needle"},{"floor":44,"key":"HornCleat"},{"floor":46,"key":"StrikeDummy"},{"floor":52,"key":"Lizard Tail"}],"event_choices":[{"damage_healed":0,"gold_gain":0,"player_choice":"Box","damage_taken":0,"relics_obtained":["Singing Bowl"],"max_hp_gain":0,"max_hp_loss":0,"event_name":"Big Fish","floor":4,"gold_loss":0,"cards_obtained":["Regret"]},{"damage_healed":0,"gold_gain":0,"player_choice":"Read","damage_taken":0,"max_hp_gain":0,"max_hp_loss":0,"event_name":"The Library","floor":22,"gold_loss":0,"cards_obtained":["TheCursedMod:ReleasedStrength"]}],"is_beta":false,"boss_relics":[{"not_picked":["Runic Pyramid","expansioncontent:StudyCardRelic"],"picked":"bronze:MakeshiftBattery"},{"not_picked":["Black Star","Coffee Dripper"],"picked":"Fusion Hammer"}],"items_purged_floors":[],"is_endless":false,"potions_floor_spawned":[2,5,13,15,16,19,25,31,33,37,42,49],"ascension_level":0}}