{"host":"Koishi","time":1611532208,"event":{"mods":["2.2 Compatiblity","AchievementEnabler","Act Like it!","BaseMod","Better Match","Better Note","Better Sensory Stone","Better Third Choice","Colored Powertips","Gensokyo","Hermit","Koishi","Lobotomy","LobotomyExtend","MarisaÅiñ∂âJÅ@ñÇóùçπÅj","Minty Spire (QoL Compilation)","Quick Restart","Rare Cards Sparkle","ReimuÅiîé??öÎÅj","Relic Filter Mod","Relic Stats","Spicy Shops","StSLib","The Construct","Åy?ï®?îvÅzREMEMod"],"gold_per_floor":[109,129,139,139,150,150,178,6,54,54,54,54,54,54],"floor_reached":13,"language":"ENG","playtime":613,"items_purged":[],"score":87,"play_id":"6cbda8c2-9bc1-485e-bea5-07eebb293d48","local_time":"20210124185008","is_ascension_mode":true,"campfire_choices":[{"data":"hermit:FullyLoaded","floor":6,"key":"SMITH"},{"data":"hermit:Showdown","floor":12,"key":"SMITH"}],"circlet_count":0,"master_deck":["hermit:Strike_Hermit","hermit:Strike_Hermit","hermit:Strike_Hermit","hermit:Strike_Hermit","hermit:Defend_Hermit","hermit:Defend_Hermit","hermit:Defend_Hermit","hermit:Snapshot","hermit:Covet","hermit:HighCaliber+1","hermit:Showdown+1","Pain","hermit:FullyLoaded+1","hermit:Glare+1","Gensokyo:TarnishedGold"],"relics":["hermit:Momento","REME_ComplimentaryCards","CogitoBucket","LetterFromLob","Gensokyo:LunaticRedEyes","Meat on the Bone","HandDrill","Juzu Bracelet","MagicBullet_r","Gensokyo:YoukaiFlower"],"acts_visited":["Gensokyo:Gensokyo"],"potions_floor_usage":[13,13],"damage_taken":[{"damage":6,"enemies":"Gensokyo:Python","floor":1,"turns":3},{"damage":0,"enemies":"Gensokyo:2_Kodama","floor":2,"turns":2},{"damage":7,"enemies":"Gensokyo:Gryphon","floor":3,"turns":3},{"damage":10,"enemies":"Gensokyo:5_Fairies","floor":5,"turns":5},{"damage":14,"enemies":"Gensokyo:Aya","floor":7,"turns":3},{"damage":59,"enemies":"Gensokyo:Cirno","floor":13,"turns":8}],"seed_played":"-3077370867267007947","potions_obtained":[{"floor":5,"key":"hermit:Tonic"},{"floor":7,"key":"SkillPotion"}],"is_trial":false,"path_per_floor":["M","M","M","?","M","R","E","COS","T","?","?","R","E"],"character_chosen":"HERMIT","items_purchased":[],"campfire_rested":0,"item_purchase_floors":[],"current_hp_per_floor":[69,69,62,62,52,52,38,38,38,38,38,38,0,0],"gold":54,"neow_bonus":"","is_daily":false,"chose_seed":false,"campfire_upgraded":2,"win_rate":0.0,"timestamp":1611532208,"path_taken":["M","M","M","?","M","R","E","COS","T","?","?","R","E"],"items_purchased_type":[],"build_version":"2020-12-18","purchased_purges":0,"victory":false,"max_hp_per_floor":[75,75,75,75,75,75,75,75,75,75,75,75,75,75],"relic_stats":{"counters":[6,24],"HandDrill":[0],"Juzu Bracelet":1,"obtain_stats":[{"CogitoBucket":0,"MagicBullet_r":10,"Gensokyo:YoukaiFlower":11,"LetterFromLob":1,"HandDrill":8,"Juzu Bracelet":9,"hermit:Momento":0,"Gensokyo:LunaticRedEyes":4,"REME_ComplimentaryCards":0,"Meat on the Bone":7},{"CogitoBucket":0,"MagicBullet_r":5,"Gensokyo:YoukaiFlower":5,"LetterFromLob":1,"HandDrill":5,"Juzu Bracelet":5,"hermit:Momento":0,"Gensokyo:LunaticRedEyes":3,"REME_ComplimentaryCards":0,"Meat on the Bone":5},{"CogitoBucket":0,"MagicBullet_r":16,"Gensokyo:YoukaiFlower":16,"LetterFromLob":3,"HandDrill":16,"Juzu Bracelet":16,"hermit:Momento":0,"Gensokyo:LunaticRedEyes":8,"REME_ComplimentaryCards":0,"Meat on the Bone":16}],"Meat on the Bone":0},"card_choices":[{"not_picked":["FairyFestival","Scarecrow","HappyTeddy"],"picked":"Singing Bowl","floor":1},{"not_picked":["hermit:Coalescence","hermit:Dive","hermit:LoneWolf"],"picked":"SKIP","floor":1},{"not_picked":["hermit:Quickdraw","hermit:Ricochet"],"picked":"hermit:HighCaliber","floor":2},{"not_picked":["Bloodbath","ShyLook","Wellcheers"],"picked":"Singing Bowl","floor":2},{"not_picked":["hermit:Glare","hermit:Virtue"],"picked":"hermit:Showdown","floor":3},{"not_picked":["CherryBlossoms","PunishingBird","OSAHOGD"],"picked":"Singing Bowl","floor":3},{"not_picked":["hermit:Gestalt","hermit:SprayPray"],"picked":"hermit:FullyLoaded","floor":5},{"not_picked":["FieryBird","CherryBlossoms","PunishingBird"],"picked":"Singing Bowl","floor":5},{"not_picked":["hermit:NoHoldsBarred","hermit:Virtue"],"picked":"hermit:Glare","floor":7},{"not_picked":["DespairKnight","HeroicMonk","WhitesApple"],"picked":"Singing Bowl","floor":7}],"player_experience":201901,"relics_obtained":[{"floor":1,"key":"LetterFromLob"},{"floor":7,"key":"Meat on the Bone"},{"floor":9,"key":"Juzu Bracelet"}],"event_choices":[],"is_beta":true,"boss_relics":[],"items_purged_floors":[],"is_endless":false,"potions_floor_spawned":[5,7],"killed_by":"Gensokyo:Cirno","ascension_level":1}}