{"host":"aqym1xxr3lb31d9m","time":1611515025,"event":{"mods":["BaseMod","Block Reminder","Colored Map","Colored Powertips","DeckTracker","Highlight Path","Minty Spire (QoL Compilation)","Quick Restart","Random Character Button","StSLib","SuperFastMode","UnlockEverythingMod"],"gold_per_floor":[118,118,134,154,154,154,154,154,154,166,179,239,253,265,265,344,344,361,374,299,299,58,58,58],"floor_reached":23,"language":"JPN","playtime":795,"items_purged":[],"score":366,"play_id":"1064396f-3d8e-4db0-aea5-2b304db8b43f","local_time":"20210125040345","is_ascension_mode":true,"campfire_choices":[{"data":"Zap","floor":6,"key":"SMITH"},{"data":"Go for the Eyes","floor":8,"key":"SMITH"},{"data":"Defragment","floor":15,"key":"SMITH"}],"circlet_count":0,"master_deck":["AscendersBane","Strike_B","Strike_B","Strike_B","Defend_B","Defend_B","Defend_B","Defend_B","Zap+1","Dualcast","Darkness+1","Go for the Eyes+1","Glacier","Defragment+1","Redo","Coolheaded","Biased Cognition","CurseOfTheBell","Melter","Glacier","Sunder"],"relics":["Cracked Core","Bird Faced Urn","Anchor","White Beast Statue","Calling Bell","Blood Vial","Sundial","Thread and Needle","Pen Nib"],"acts_visited":["Exordium","TheCity"],"potions_floor_usage":[12,16,23],"damage_taken":[{"damage":9,"enemies":"Jaw Worm","floor":1,"turns":4},{"damage":0,"enemies":"Cultist","floor":3,"turns":3},{"damage":2,"enemies":"Small Slimes","floor":4,"turns":3},{"damage":1,"enemies":"Exordium Wildlife","floor":10,"turns":5},{"damage":7,"enemies":"Exordium Thugs","floor":11,"turns":5},{"damage":17,"enemies":"Lagavulin Event","floor":12,"turns":4},{"damage":0,"enemies":"Looter","floor":13,"turns":3},{"damage":0,"enemies":"Blue Slaver","floor":14,"turns":5},{"damage":8,"enemies":"The Guardian","floor":16,"turns":10},{"damage":10,"enemies":"Chosen","floor":18,"turns":5},{"damage":3,"enemies":"Shell Parasite","floor":19,"turns":3},{"damage":59,"enemies":"Gremlin Leader","floor":23,"turns":4}],"seed_played":"-729880769681286589","potions_obtained":[{"floor":1,"key":"DuplicationPotion"},{"floor":10,"key":"LiquidBronze"},{"floor":12,"key":"Regen Potion"},{"floor":13,"key":"PowerPotion"},{"floor":16,"key":"Dexterity Potion"}],"is_trial":false,"path_per_floor":["M","?","M","M","$","R","T","R","T","M","M","?","M","M","R","B",null,"M","M","?","?","$","E"],"character_chosen":"DEFECT","items_purchased":["Sunder","Pen Nib"],"campfire_rested":0,"item_purchase_floors":[22,22],"current_hp_per_floor":[55,55,55,53,53,53,53,53,53,52,47,32,34,36,36,52,61,56,57,57,40,40,0,0],"gold":58,"neow_bonus":"ONE_RARE_RELIC","is_daily":false,"chose_seed":false,"campfire_upgraded":3,"win_rate":0.0,"timestamp":1611515025,"path_taken":["M","?","?","?","$","R","?","R","T","M","M","?","?","M","R","BOSS","M","M","?","?","$","E"],"items_purchased_type":["Card","Relic"],"build_version":"2020-12-22","purchased_purges":0,"victory":false,"max_hp_per_floor":[64,64,64,64,64,64,64,64,64,64,64,64,64,64,64,64,64,64,64,64,69,69,69,69],"card_choices":[{"not_picked":["Gash","Coolheaded"],"picked":"Darkness","floor":1},{"not_picked":["Blizzard","Turbo"],"picked":"Go for the Eyes","floor":3},{"not_picked":["Hologram","Double Energy"],"picked":"Glacier","floor":4},{"not_picked":["Leap","Cold Snap"],"picked":"Defragment","floor":10},{"not_picked":["Sweeping Beam","Leap"],"picked":"Redo","floor":11},{"not_picked":["Thunder Strike","Gash"],"picked":"Coolheaded","floor":12},{"not_picked":["Heatsinks","Melter","Aggregate"],"picked":"SKIP","floor":13},{"not_picked":["Sweeping Beam","Fusion","Beam Cell"],"picked":"SKIP","floor":14},{"not_picked":["Amplify","Hyperbeam"],"picked":"Biased Cognition","floor":16},{"not_picked":["Compile Driver","Stack"],"picked":"Melter","floor":18},{"not_picked":["Beam Cell","Hologram"],"picked":"Glacier","floor":19}],"player_experience":4040163,"relics_obtained":[{"floor":7,"key":"Anchor"},{"floor":12,"key":"White Beast Statue"},{"floor":17,"key":"Blood Vial"},{"floor":17,"key":"Sundial"},{"floor":17,"key":"Thread and Needle"}],"event_choices":[{"damage_healed":0,"gold_gain":0,"player_choice":"Upgraded","damage_taken":0,"max_hp_gain":0,"max_hp_loss":0,"event_name":"Upgrade Shrine","floor":2,"gold_loss":0,"cards_upgraded":["Darkness"]},{"damage_healed":0,"gold_gain":0,"player_choice":"Searched \u00271\u0027 times","damage_taken":0,"max_hp_gain":0,"max_hp_loss":0,"event_name":"Dead Adventurer","floor":12,"gold_loss":0},{"cards_removed":["Strike_B"],"damage_healed":0,"gold_gain":0,"player_choice":"Gave Gold","damage_taken":0,"max_hp_gain":0,"max_hp_loss":0,"event_name":"Beggar","floor":20,"gold_loss":75},{"damage_healed":0,"gold_gain":0,"player_choice":"Shed Blood","damage_taken":22,"max_hp_gain":5,"max_hp_loss":0,"event_name":"Forgotten Altar","floor":21,"gold_loss":0}],"is_beta":false,"boss_relics":[{"not_picked":["Velvet Choker","Empty Cage"],"picked":"Calling Bell"}],"items_purged_floors":[],"is_endless":false,"potions_floor_spawned":[1,10,12,13,14,16,18,19],"killed_by":"Gremlin Leader","ascension_level":20}}