{"host":"j9msywvn68fgnhyk","time":1611461065,"event":{"mods":["Abigail Mod","BaseMod","BetterRewards","Block Reminder","Colored Map","Colored Powertips","Friendly Minions","Minty Spire (QoL Compilation)","Permanent Neow","Quick Restart","READ ME - Guardian Mod","StSLib","The Jungle"],"gold_per_floor":[114,114,64,79,79,79,109,109,184,184,214,229,259,274,274,374,374,389,64,79,94,109,109,139,154,154,169,169,184,184,199,199,299,299,314,329,629,644,659,689,689,376,376,376,406,421,451,466,466,466],"floor_reached":51,"language":"KOR","playtime":3509,"items_purged":["Clash","Pummel"],"score":931,"play_id":"b35fafe4-aef1-41e8-90df-7cbdf51f59bd","local_time":"20210124130425","daily_mods":["Draft","ControlledChaos","Terminal"],"is_ascension_mode":false,"campfire_choices":[{"data":"Carnage","floor":6.0,"key":"SMITH"},{"data":"Entrench","floor":8.0,"key":"SMITH"},{"data":"Body Slam","floor":10.0,"key":"SMITH"},{"data":"Ghostly Armor","floor":15.0,"key":"SMITH"},{"data":"Mayhem","floor":23.0,"key":"SMITH"},{"data":"Brutality","floor":30.0,"key":"SMITH"},{"data":"Pommel Strike","floor":32.0,"key":"SMITH"},{"data":"Juggernaut","floor":41.0,"key":"SMITH"},{"data":"Armaments","floor":49.0,"key":"SMITH"}],"circlet_count":0,"master_deck":["Inflame","Uppercut","Shrug It Off","Shrug It Off","Thunderclap","Second Wind","Clash","Flex","Pommel Strike+1","Entrench+1","Shockwave","Body Slam+1","Intimidate","Carnage+1","Juggernaut+1","Ghostly Armor+1","Inflame","Demon Form","Infernal Blade+1","Impervious","Mayhem+1","Ghostly Armor+1","Disarm","Havoc+1","Brutality+1","Havoc+1","Impervious","Havoc+1","Disarm+1","Thinking Ahead","Armaments+1","Doubt","Dramatic Entrance","Dramatic Entrance","Sadistic Nature","Heavy Blade+1","Metallicize","Parasite"],"relics":["Burning Blood","Frozen Eye","Bottled Flame","Mercury Hourglass","Oddly Smooth Stone","Bag of Marbles","Philosopher\u0027s Stone","Boot","Darkstone Periapt","Cursed Key","Blue Candle","Pantograph","Nunchaku","Bag of Preparation"],"acts_visited":["Exordium","TheCity","TheBeyond"],"potions_floor_usage":[],"damage_taken":[{"damage":0.0,"enemies":"Small Slimes","floor":1.0,"turns":2.0},{"damage":0.0,"enemies":"2 Louse","floor":4.0,"turns":2.0},{"damage":13.0,"enemies":"Lagavulin","floor":7.0,"turns":5.0},{"damage":0.0,"enemies":"3 Sentries","floor":11.0,"turns":4.0},{"damage":0.0,"enemies":"Jaw Worm","floor":12.0,"turns":1.0},{"damage":0.0,"enemies":"Gremlin Nob","floor":13.0,"turns":3.0},{"damage":0.0,"enemies":"Lots of Slimes","floor":14.0,"turns":2.0},{"damage":18.0,"enemies":"The Guardian","floor":16.0,"turns":8.0},{"damage":25.0,"enemies":"3 Byrds","floor":18.0,"turns":4.0},{"damage":5.0,"enemies":"Spheric Guardian","floor":20.0,"turns":5.0},{"damage":0.0,"enemies":"Centurion and Healer","floor":21.0,"turns":4.0},{"damage":1.0,"enemies":"Snake Plant","floor":22.0,"turns":3.0},{"damage":5.0,"enemies":"Book of Stabbing","floor":24.0,"turns":5.0},{"damage":0.0,"enemies":"3 Cultists","floor":25.0,"turns":4.0},{"damage":0.0,"enemies":"Snecko","floor":27.0,"turns":3.0},{"damage":1.0,"enemies":"Shelled Parasite and Fungi","floor":29.0,"turns":3.0},{"damage":3.0,"enemies":"Cultist and Chosen","floor":31.0,"turns":4.0},{"damage":7.0,"enemies":"Collector","floor":33.0,"turns":5.0},{"damage":2.0,"enemies":"3 Shapes","floor":35.0,"turns":3.0},{"damage":5.0,"enemies":"3 Darklings","floor":36.0,"turns":5.0},{"damage":12.0,"enemies":"Writhing Mass","floor":38.0,"turns":5.0},{"damage":9.0,"enemies":"4 Shapes","floor":39.0,"turns":5.0},{"damage":5.0,"enemies":"Reptomancer","floor":40.0,"turns":6.0},{"damage":9.0,"enemies":"Giant Head","floor":45.0,"turns":7.0},{"damage":5.0,"enemies":"Transient","floor":46.0,"turns":5.0},{"damage":21.0,"enemies":"Nemesis","floor":47.0,"turns":5.0},{"damage":2.0,"enemies":"Writhing Mass","floor":48.0,"turns":3.0},{"damage":14,"enemies":"Awakened One","floor":50,"turns":8}],"seed_played":"-992185634128019100","potions_obtained":[{"floor":4.0,"key":"DistilledChaos"},{"floor":12.0,"key":"Strength Potion"},{"floor":13.0,"key":"PowerPotion"},{"floor":16.0,"key":"BlessingOfTheForge"},{"floor":18.0,"key":"Swift Potion"},{"floor":20.0,"key":"EssenceOfSteel"},{"floor":24.0,"key":"Energy Potion"},{"floor":29.0,"key":"Block Potion"},{"floor":36.0,"key":"Block Potion"},{"floor":39.0,"key":"BloodPotion"},{"floor":47.0,"key":"BloodPotion"}],"is_trial":false,"path_per_floor":["M","?","?","M","$","R","E","R","T","R","E","M","E","M","R","B",null,"M","$","M","M","M","R","E","M","T","M","?","M","R","M","R","B",null,"M","M","?","M","M","E","R","$","T","?","E","M","E","M","R","B",null],"character_chosen":"IRONCLAD","items_purchased":["Impervious","Mayhem","Thinking Ahead","Armaments"],"campfire_rested":0,"item_purchase_floors":[19,19,42,42],"current_hp_per_floor":[78,77,76,75,74,73,66,66,66,66,68,67,66,65,64,52,62,43,43,44,50,55,55,55,54,53,52,51,50,49,48,47,46,45,44,43,42,36,33,34,34,34,40,30,27,28,13,23,23,34],"gold":466,"neow_bonus":"","is_daily":true,"chose_seed":false,"campfire_upgraded":9,"win_rate":0.0,"timestamp":1611461065,"path_taken":["M","?","?","M","?","R","E","R","T","R","E","M","E","?","R","BOSS","M","$","M","M","?","R","E","M","T","M","?","M","R","M","R","BOSS","M","M","?","?","M","E","R","$","T","?","E","M","E","M","R","BOSS"],"items_purchased_type":["Card","Card","Card","Card"],"build_version":"2020-12-22","purchased_purges":2,"victory":true,"max_hp_per_floor":[78,77,76,75,74,73,72,71,70,69,68,67,66,65,64,63,62,61,60,59,58,57,56,55,54,53,52,51,50,49,48,47,46,45,44,43,42,41,40,39,38,37,42,41,40,39,38,43,42,41],"card_choices":[{"not_picked":["Sword Boomerang","True Grit"],"picked":"Clash","floor":0.0},{"not_picked":["Anger","Dual Wield"],"picked":"Blood for Blood","floor":0.0},{"not_picked":["Anger","Clash"],"picked":"Pummel","floor":0.0},{"not_picked":["Rage","Searing Blow"],"picked":"Inflame","floor":0.0},{"not_picked":["Iron Wave","Warcry"],"picked":"Uppercut","floor":0.0},{"not_picked":["Thunderclap","Havoc"],"picked":"Shrug It Off","floor":0.0},{"not_picked":["Clothesline","Cleave"],"picked":"Shrug It Off","floor":0.0},{"not_picked":["Sword Boomerang","Rage"],"picked":"Thunderclap","floor":0.0},{"not_picked":["Anger","True Grit"],"picked":"Second Wind","floor":0.0},{"not_picked":["Cleave","Twin Strike"],"picked":"Clash","floor":0.0},{"not_picked":["Headbutt","Anger"],"picked":"Flex","floor":0.0},{"not_picked":["Anger","Flex"],"picked":"Pommel Strike","floor":0.0},{"not_picked":["Blood for Blood","Twin Strike"],"picked":"Entrench","floor":0.0},{"not_picked":["Clothesline","Flex"],"picked":"Shockwave","floor":0.0},{"not_picked":["Twin Strike","Wild Strike"],"picked":"Body Slam","floor":0.0},{"not_picked":["True Grit","Headbutt"],"picked":"Intimidate","floor":1.0},{"not_picked":["Blood for Blood","Clash"],"picked":"Carnage","floor":4.0},{"not_picked":["Fire Breathing","Sentinel"],"picked":"Juggernaut","floor":7.0},{"not_picked":["Thunderclap","Warcry"],"picked":"Ghostly Armor","floor":11.0},{"not_picked":["True Grit","Havoc","Thunderclap"],"picked":"SKIP","floor":12.0},{"not_picked":["Sentinel","Flex"],"picked":"Inflame","floor":13.0},{"not_picked":["Pummel","Clash","Reckless Charge"],"picked":"SKIP","floor":14.0},{"not_picked":["Corruption","Bludgeon"],"picked":"Demon Form","floor":16.0},{"not_picked":["Feel No Pain","Headbutt"],"picked":"Infernal Blade+1","floor":18.0},{"not_picked":["Rampage","Battle Trance+1"],"picked":"Ghostly Armor+1","floor":20.0},{"not_picked":["Clash+1","Thunderclap","Wild Strike"],"picked":"SKIP","floor":21.0},{"not_picked":["Ghostly Armor","Inflame","Searing Blow"],"picked":"SKIP","floor":22.0},{"not_picked":["Havoc","Whirlwind"],"picked":"Disarm","floor":24.0},{"not_picked":["Carnage","Flame Barrier","Second Wind"],"picked":"SKIP","floor":25.0},{"not_picked":["Wild Strike","Iron Wave"],"picked":"Havoc+1","floor":27.0},{"not_picked":["Twin Strike+1","Reckless Charge"],"picked":"Havoc+1","floor":29.0},{"not_picked":["Sentinel+1","Combust+1","Shrug It Off"],"picked":"SKIP","floor":31.0},{"not_picked":["Demon Form","Juggernaut"],"picked":"Impervious","floor":33.0},{"not_picked":["Whirlwind","Combust","Warcry"],"picked":"SKIP","floor":35.0},{"not_picked":["Thunderclap","Seeing Red+1","Inflame"],"picked":"SKIP","floor":36.0},{"not_picked":["Thunderclap","Flex","Flame Barrier"],"picked":"SKIP","floor":38.0},{"not_picked":["Anger+1","Clash+1"],"picked":"Havoc+1","floor":39.0},{"not_picked":["Flex","Headbutt+1"],"picked":"Disarm+1","floor":40.0},{"not_picked":["Madness","Metamorphosis"],"picked":"Dramatic Entrance","floor":44.0},{"not_picked":["Panacea","Bandage Up"],"picked":"Dramatic Entrance","floor":44.0},{"not_picked":["Panacea","Flash of Steel"],"picked":"Sadistic Nature","floor":44.0},{"not_picked":["Twin Strike","Havoc","Ghostly Armor"],"picked":"SKIP","floor":45.0},{"not_picked":["Body Slam","Sentinel+1"],"picked":"Heavy Blade+1","floor":46.0},{"not_picked":["Headbutt+1","Rage+1"],"picked":"Metallicize","floor":47.0},{"not_picked":["Intimidate+1","Wild Strike+1","Cleave+1"],"picked":"SKIP","floor":48.0}],"player_experience":145351,"relics_obtained":[{"floor":7.0,"key":"Bottled Flame"},{"floor":9.0,"key":"Mercury Hourglass"},{"floor":11.0,"key":"Oddly Smooth Stone"},{"floor":13.0,"key":"Bag of Marbles"},{"floor":24.0,"key":"Boot"},{"floor":26.0,"key":"Darkstone Periapt"},{"floor":40.0,"key":"Blue Candle"},{"floor":43.0,"key":"Pantograph"},{"floor":45.0,"key":"Nunchaku"},{"floor":47.0,"key":"Bag of Preparation"}],"event_choices":[{"damage_healed":0.0,"max_hp_gain":0.0,"max_hp_loss":0.0,"gold_gain":0.0,"event_name":"Liars Game","player_choice":"Ignored","floor":2.0,"gold_loss":0.0,"damage_taken":0.0},{"cards_removed":["Blood for Blood"],"damage_healed":0.0,"max_hp_gain":0.0,"max_hp_loss":0.0,"gold_gain":0.0,"event_name":"The Cleric","player_choice":"Card Removal","floor":3.0,"gold_loss":50.0,"damage_taken":0.0},{"damage_healed":0.0,"max_hp_gain":0.0,"max_hp_loss":0.0,"gold_gain":0.0,"event_name":"The Library","player_choice":"Read","floor":28.0,"gold_loss":0.0,"damage_taken":0.0,"cards_obtained":["Brutality"]},{"damage_healed":0.0,"max_hp_gain":0.0,"max_hp_loss":0.0,"gold_gain":300.0,"event_name":"Wheel of Change","player_choice":"Gold","floor":37.0,"gold_loss":0.0,"damage_taken":0.0},{"damage_healed":0.0,"max_hp_gain":0.0,"max_hp_loss":0.0,"gold_gain":0.0,"event_name":"SensoryStone","player_choice":"Memory 3","floor":44.0,"gold_loss":0.0,"damage_taken":10.0}],"is_beta":false,"boss_relics":[{"not_picked":["Runic Cube","Tiny House"],"picked":"Philosopher\u0027s Stone"},{"not_picked":["Black Blood","Busted Crown"],"picked":"Cursed Key"}],"items_purged_floors":[19,42],"is_endless":false,"potions_floor_spawned":[4,12,13,16,18,20,24,29,36,39,40,47],"ascension_level":0}}