{"host":"pe7ycb8t2t906so2","time":1611528671,"event":{"mods":["BaseMod","Colored Map","Highlight Path","Minty Spire (QoL Compilation)"],"gold_per_floor":[119,44,44,44,68,68,104,104,153,187,203,284,317,340,340,436,436,455,370,370,370,137,137,137],"floor_reached":23,"language":"FRA","playtime":1753,"items_purged":["Strike_B","Regret"],"score":403,"play_id":"ff441263-397a-424a-88c2-01dfa1c1caa9","local_time":"20210124175111","is_ascension_mode":true,"campfire_choices":[{"data":"Zap","floor":6,"key":"SMITH"},{"data":"Dualcast","floor":8,"key":"SMITH"},{"data":"Coolheaded","floor":15,"key":"SMITH"}],"circlet_count":0,"master_deck":["AscendersBane","Strike_B","Strike_B","Defend_B","Defend_B","Zap+1","Dualcast+1","Glacier","Coolheaded+1","Conserve Battery","Reboot","Conserve Battery","Streamline","Seek","FTL+1","Multi-Cast+1","Hologram+1","Compile Driver","Good Instincts+1"],"relics":["Cracked Core","NeowsBlessing","Bag of Preparation","Golden Idol","Singing Bowl","Toy Ornithopter","Boot","HornCleat","Calipers","Astrolabe","Pen Nib","MutagenicStrength","Toxic Egg 2"],"acts_visited":["Exordium","TheCity"],"potions_floor_usage":[9,10,10,16,16],"damage_taken":[{"damage":0,"enemies":"2 Louse","floor":1,"turns":1},{"damage":0,"enemies":"Jaw Worm","floor":5,"turns":1},{"damage":0,"enemies":"Gremlin Nob","floor":7,"turns":1},{"damage":10,"enemies":"3 Sentries","floor":10,"turns":9},{"damage":1,"enemies":"Cultist","floor":11,"turns":4},{"damage":13,"enemies":"Lagavulin","floor":13,"turns":12},{"damage":9,"enemies":"Large Slime","floor":14,"turns":10},{"damage":25,"enemies":"The Guardian","floor":16,"turns":15},{"damage":9,"enemies":"Shell Parasite","floor":18,"turns":6},{"damage":20,"enemies":"Gremlin Leader","floor":23,"turns":9}],"seed_played":"1206007462570028695","potions_obtained":[{"floor":1,"key":"EntropicBrew"},{"floor":10,"key":"Fire Potion"},{"floor":11,"key":"SteroidPotion"}],"is_trial":false,"path_per_floor":["M","$","?","?","M","R","E","R","T","E","M","T","E","M","R","B",null,"M","?","?","T","$","E"],"character_chosen":"DEFECT","items_purchased":["Compile Driver","Good Instincts+1"],"campfire_rested":0,"item_purchase_floors":[22,22],"current_hp_per_floor":[64,64,64,40,40,40,40,40,45,60,61,61,48,39,39,24,61,54,54,54,54,54,34,34],"gold":137,"neow_bonus":"THREE_ENEMY_KILL","is_daily":false,"chose_seed":false,"campfire_upgraded":3,"win_rate":0.0,"timestamp":1611528671,"path_taken":["M","$","?","?","M","R","E","R","T","E","M","?","E","?","R","BOSS","M","?","?","?","$","E"],"items_purchased_type":["Card","Card"],"build_version":"2020-12-22","purchased_purges":2,"victory":false,"max_hp_per_floor":[71,71,71,71,71,71,71,71,71,71,73,73,73,73,73,73,73,75,75,75,75,75,75,75],"card_choices":[{"not_picked":["Rip and Tear","FTL"],"picked":"Glacier","floor":1},{"not_picked":["Leap","Skim"],"picked":"Coolheaded","floor":5},{"not_picked":["Redo","Cold Snap"],"picked":"Conserve Battery","floor":7},{"not_picked":["Compile Driver","Genetic Algorithm"],"picked":"Reboot","floor":10},{"not_picked":["Stack","Beam Cell","Hologram"],"picked":"Singing Bowl","floor":11},{"not_picked":["Hyperbeam","Melter"],"picked":"Conserve Battery","floor":13},{"not_picked":["Stack","Rebound"],"picked":"Streamline","floor":14},{"not_picked":["Biased Cognition","Creative AI"],"picked":"Seek","floor":16},{"not_picked":["Conserve Battery","Aggregate","Genetic Algorithm"],"picked":"Singing Bowl","floor":18}],"player_experience":938128,"relics_obtained":[{"floor":7,"key":"Singing Bowl"},{"floor":9,"key":"Toy Ornithopter"},{"floor":10,"key":"Boot"},{"floor":12,"key":"HornCleat"},{"floor":13,"key":"Calipers"},{"floor":21,"key":"Toxic Egg 2"}],"event_choices":[{"damage_healed":0,"gold_gain":0,"player_choice":"Box","damage_taken":0,"relics_obtained":["Bag of Preparation"],"max_hp_gain":0,"max_hp_loss":0,"event_name":"Big Fish","floor":3,"gold_loss":0,"cards_obtained":["Regret"]},{"damage_healed":0,"gold_gain":0,"player_choice":"Take Damage","damage_taken":24,"relics_obtained":["Golden Idol"],"max_hp_gain":0,"max_hp_loss":0,"event_name":"Golden Idol","floor":4,"gold_loss":0},{"damage_healed":0,"gold_gain":0,"player_choice":"Obtained Relic","damage_taken":0,"relics_obtained":["Pen Nib"],"max_hp_gain":0,"max_hp_loss":0,"event_name":"Addict","floor":19,"gold_loss":85},{"damage_healed":0,"gold_gain":0,"player_choice":"Inject Mutagens","damage_taken":0,"relics_obtained":["MutagenicStrength"],"max_hp_gain":0,"max_hp_loss":0,"event_name":"Drug Dealer","floor":20,"gold_loss":0}],"is_beta":false,"boss_relics":[{"not_picked":["SlaversCollar","Empty Cage"],"picked":"Astrolabe"}],"items_purged_floors":[2,22],"is_endless":false,"potions_floor_spawned":[1,10,11],"killed_by":"Gremlin Leader","ascension_level":15}}