{"host":"srk2drlvga69hbot","time":1611512893,"event":{"mods":["BaseMod","Bestiary","Block Reminder","Colored Map","Colored Powertips","Dark Map","DeckTracker","Highlight Path","Minty Spire (QoL Compilation)","Quick Restart","Rare Cards Sparkle","Relic Stats","SuperFastMode","Unceasing Turn Reminder"],"gold_per_floor":[114,114,114,132,57,91,91,109,109,120,140,140,153,170,170,266,266,283,283,310,310,310,310,340,356,356,356,385,35,67,79,79,180,180,199,217,233,247,247,276,276,301,301,4,36,51,62,12,12,12],"floor_reached":51,"language":"ZHS","playtime":2584,"items_purged":["Strike_G","Strike_G","Defend_G","Defend_G"],"score":1264,"play_id":"6697033c-d2b8-43da-8d5d-0c08b0cd4b0c","local_time":"20210125022813","is_ascension_mode":true,"campfire_choices":[{"data":"Choke","floor":7.0,"key":"SMITH"},{"data":"Blade Dance","floor":15.0,"key":"SMITH"},{"floor":23.0,"key":"REST"},{"data":"Adrenaline","floor":32.0,"key":"SMITH"},{"data":"After Image","floor":49,"key":"SMITH"}],"circlet_count":0,"master_deck":["Strike_G+1","Strike_G","Strike_G","Defend_G","Survivor","Neutralize+1","Blade Dance+1","Prepared","Choke+1","Adrenaline+1","Die Die Die","Cloak And Dagger+1","Acrobatics","Acrobatics+1","Backstab","Prepared+1","Backflip+1","A Thousand Cuts","Reflex+1","Backstab+1","After Image+1","Calculated Gamble+1","Reflex+1","Escape Plan+1"],"relics":["Ring of the Snake","NeowsBlessing","Ninja Scroll","MealTicket","Odd Mushroom","Black Star","Art of War","Red Mask","MutagenicStrength","Blood Vial","Toxic Egg 2","Sundial","InkBottle","Anchor","Ornamental Fan","Bag of Marbles","Mummified Hand","SacredBark","Molten Egg 2","Bag of Preparation","Smiling Mask","Pen Nib","Tingsha","Shuriken","Whetstone","Blue Candle"],"acts_visited":["Exordium","TheCity","TheBeyond"],"potions_floor_usage":[33],"damage_taken":[{"damage":0.0,"enemies":"Cultist","floor":1.0,"turns":1.0},{"damage":0.0,"enemies":"Small Slimes","floor":4.0,"turns":1.0},{"damage":0.0,"enemies":"Gremlin Nob","floor":6.0,"turns":2.0},{"damage":0.0,"enemies":"2 Louse","floor":8.0,"turns":2.0},{"damage":0.0,"enemies":"Gremlin Gang","floor":10.0,"turns":3.0},{"damage":9.0,"enemies":"The Mushroom Lair","floor":11.0,"turns":3.0},{"damage":0.0,"enemies":"Blue Slaver","floor":13.0,"turns":2.0},{"damage":0.0,"enemies":"2 Fungi Beasts","floor":14.0,"turns":1.0},{"damage":42.0,"enemies":"Hexaghost","floor":16.0,"turns":9.0},{"damage":0.0,"enemies":"Chosen","floor":18.0,"turns":4.0},{"damage":6.0,"enemies":"Masked Bandits","floor":20.0,"turns":3.0},{"damage":4.0,"enemies":"Gremlin Leader","floor":24.0,"turns":2.0},{"damage":2.0,"enemies":"2 Thieves","floor":25.0,"turns":2.0},{"damage":17.0,"enemies":"Slavers","floor":28.0,"turns":4.0},{"damage":16.0,"enemies":"Gremlin Leader","floor":30.0,"turns":3.0},{"damage":0.0,"enemies":"3 Cultists","floor":31.0,"turns":2.0},{"damage":40,"enemies":"Automaton","floor":33,"turns":7},{"damage":0,"enemies":"Orb Walker","floor":35,"turns":1},{"damage":0,"enemies":"3 Darklings","floor":36,"turns":2},{"damage":14,"enemies":"Maw","floor":37,"turns":6},{"damage":0,"enemies":"Sphere and 2 Shapes","floor":38,"turns":1},{"damage":0,"enemies":"Giant Head","floor":40,"turns":5},{"damage":0,"enemies":"Reptomancer","floor":42,"turns":2},{"damage":0,"enemies":"Giant Head","floor":45,"turns":2},{"damage":0,"enemies":"Spire Growth","floor":46,"turns":1},{"damage":0,"enemies":"Transient","floor":47,"turns":5},{"damage":13,"enemies":"Donu and Deca","floor":50,"turns":6}],"seed_played":"1179959585321513777","potions_obtained":[{"floor":8.0,"key":"GhostInAJar"},{"floor":10.0,"key":"BlessingOfTheForge"},{"floor":11.0,"key":"Block Potion"},{"floor":20.0,"key":"ColorlessPotion"},{"floor":22.0,"key":"Energy Potion"},{"floor":36,"key":"Fire Potion"},{"floor":47,"key":"Energy Potion"}],"is_trial":false,"path_per_floor":["M","$","?","M","$","E","R","M","T","M","?","?","M","M","R","B",null,"M","?","?","?","?","R","E","M","T","$","E","$","E","M","R","B",null,"M","M","M","M","?","E","?","E","T","$","E","M","M","$","R","B",null],"character_chosen":"THE_SILENT","items_purchased":["Ornamental Fan","Shuriken"],"campfire_rested":1,"item_purchase_floors":[29,44],"current_hp_per_floor":[63,63,63,63,63,63,63,63,63,63,54,54,54,54,54,12,56,56,56,50,50,50,70,66,66,66,70,53,68,54,56,56,18,57,59,61,49,51,51,53,53,55,55,70,70,70,70,70,70,57],"gold":12,"neow_bonus":"THREE_ENEMY_KILL","is_daily":false,"chose_seed":false,"campfire_upgraded":4,"win_rate":0.0,"timestamp":1611512893,"path_taken":["M","$","?","M","$","E","R","?","T","M","?","?","?","M","R","BOSS","M","?","?","?","?","R","E","M","T","$","E","$","E","M","R","BOSS","M","M","?","M","?","E","?","E","T","$","E","M","M","$","R","BOSS"],"items_purchased_type":["Relic","Relic"],"build_version":"2020-12-22","purchased_purges":4,"victory":true,"max_hp_per_floor":[70,70,70,70,70,70,70,70,70,70,70,70,70,70,70,70,70,70,70,70,70,70,70,70,70,70,70,70,70,70,70,70,70,70,70,70,70,70,70,70,70,70,70,70,70,70,70,70,70,70],"relic_stats":{"counters":[27,82],"Blue Candle":[0],"Tingsha":[192],"Pen Nib":[9],"Bag of Preparation":[0],"Whetstone":["Backstab","Strike_G"],"Smiling Mask":175,"Blood Vial":20,"Sundial":[16],"Ornamental Fan":[288],"Mummified Hand":[11],"Shuriken":[26],"MealTicket":34,"Black Star":6,"Art of War":[0],"obtain_stats":[{"SacredBark":34,"Bag of Preparation":40,"Whetstone":45,"Smiling Mask":42,"Blood Vial":24,"Ninja Scroll":6,"Sundial":26,"Mummified Hand":30,"MealTicket":9,"Red Mask":20,"Toxic Egg 2":24,"InkBottle":28,"Ring of the Snake":0,"NeowsBlessing":0,"Blue Candle":45,"Tingsha":43,"Pen Nib":42,"Odd Mushroom":11,"Anchor":28,"Ornamental Fan":29,"Shuriken":44,"MutagenicStrength":21,"Molten Egg 2":40,"Black Star":17,"Art of War":19,"Bag of Marbles":30},{"SacredBark":17,"Bag of Preparation":22,"Whetstone":24,"Smiling Mask":23,"Blood Vial":12,"Ninja Scroll":3,"Sundial":13,"Mummified Hand":15,"MealTicket":4,"Red Mask":11,"Toxic Egg 2":12,"InkBottle":14,"Ring of the Snake":0,"NeowsBlessing":0,"Blue Candle":24,"Tingsha":23,"Pen Nib":23,"Odd Mushroom":6,"Anchor":14,"Ornamental Fan":14,"Shuriken":23,"MutagenicStrength":11,"Molten Egg 2":22,"Black Star":9,"Art of War":10,"Bag of Marbles":15},{"SacredBark":51,"Bag of Preparation":66,"Whetstone":70,"Smiling Mask":68,"Blood Vial":33,"Ninja Scroll":4,"Sundial":35,"Mummified Hand":42,"MealTicket":6,"Red Mask":31,"Toxic Egg 2":33,"InkBottle":39,"Ring of the Snake":0,"NeowsBlessing":0,"Blue Candle":70,"Tingsha":68,"Pen Nib":68,"Odd Mushroom":12,"Anchor":39,"Ornamental Fan":39,"Shuriken":68,"MutagenicStrength":31,"Molten Egg 2":66,"Black Star":24,"Art of War":28,"Bag of Marbles":42}],"InkBottle":[39],"Ring of the Snake":[54]},"card_choices":[{"not_picked":["Infinite Blades","Accuracy"],"picked":"Blade Dance","floor":1.0},{"not_picked":["Deadly Poison","Quick Slash"],"picked":"Prepared","floor":4.0},{"not_picked":["Underhanded Strike","Predator"],"picked":"Choke","floor":6.0},{"not_picked":["Caltrops","Predator","Dodge and Roll"],"picked":"SKIP","floor":8.0},{"not_picked":["Backflip","Quick Slash","Prepared"],"picked":"SKIP","floor":10.0},{"not_picked":["Dagger Throw","Deadly Poison"],"picked":"Adrenaline","floor":13.0},{"not_picked":["Dagger Spray","Underhanded Strike","Predator"],"picked":"SKIP","floor":14.0},{"not_picked":["Tools of the Trade","Wraith Form v2"],"picked":"Die Die Die","floor":16.0},{"not_picked":["Dagger Throw","Concentrate"],"picked":"Cloak And Dagger+1","floor":18.0},{"not_picked":["Sucker Punch","Catalyst"],"picked":"Acrobatics","floor":20.0},{"not_picked":["Finisher","Night Terror+1","Dagger Spray"],"picked":"SKIP","floor":24.0},{"not_picked":["Quick Slash","Poisoned Stab+1"],"picked":"Acrobatics+1","floor":25.0},{"not_picked":["Eviscerate+1","Blur+1"],"picked":"Backstab","floor":28.0},{"not_picked":["Blur+1","Underhanded Strike+1"],"picked":"Prepared+1","floor":30.0},{"not_picked":["Endless Agony","All Out Attack"],"picked":"Backflip+1","floor":31.0},{"not_picked":["Burst+1","Unload"],"picked":"A Thousand Cuts","floor":33},{"not_picked":["Backflip+1","Poisoned Stab","Acrobatics+1"],"picked":"SKIP","floor":35},{"not_picked":["Choke","Bane+1"],"picked":"Reflex+1","floor":36},{"not_picked":["Dodge and Roll+1","Blur+1"],"picked":"Backstab","floor":37},{"not_picked":["Flying Knee+1","All Out Attack"],"picked":"After Image","floor":38},{"not_picked":["Bane+1","Skewer+1"],"picked":"Calculated Gamble+1","floor":40},{"not_picked":["Infinite Blades","All Out Attack+1","Predator+1"],"picked":"SKIP","floor":42},{"not_picked":["Slice+1","Well Laid Plans","After Image"],"picked":"SKIP","floor":45},{"not_picked":["Caltrops+1","Blade Dance+1"],"picked":"Escape Plan+1","floor":46},{"not_picked":["Outmaneuver+1","Crippling Poison+1","Dagger Throw+1"],"picked":"SKIP","floor":47}],"player_experience":225466,"relics_obtained":[{"floor":6.0,"key":"Ninja Scroll"},{"floor":9.0,"key":"MealTicket"},{"floor":11.0,"key":"Odd Mushroom"},{"floor":20.0,"key":"Red Mask"},{"floor":24.0,"key":"Blood Vial"},{"floor":24.0,"key":"Toxic Egg 2"},{"floor":26.0,"key":"Sundial"},{"floor":28.0,"key":"InkBottle"},{"floor":28.0,"key":"Anchor"},{"floor":30.0,"key":"Bag of Marbles"},{"floor":30.0,"key":"Mummified Hand"},{"floor":40,"key":"Molten Egg 2"},{"floor":40,"key":"Bag of Preparation"},{"floor":42,"key":"Smiling Mask"},{"floor":42,"key":"Pen Nib"},{"floor":43,"key":"Tingsha"},{"floor":45,"key":"Whetstone"},{"floor":45,"key":"Blue Candle"}],"event_choices":[{"damage_healed":0.0,"max_hp_gain":0.0,"max_hp_loss":0.0,"gold_gain":0.0,"event_name":"Upgrade Shrine","player_choice":"Upgraded","floor":3.0,"gold_loss":0.0,"damage_taken":0.0,"cards_upgraded":["Neutralize"]},{"damage_healed":0.0,"max_hp_gain":0.0,"max_hp_loss":0.0,"gold_gain":0.0,"event_name":"Mushrooms","player_choice":"Fought Mushrooms","floor":11.0,"gold_loss":0.0,"damage_taken":0.0},{"cards_removed":["Defend_G"],"damage_healed":0.0,"max_hp_gain":0.0,"max_hp_loss":0.0,"gold_gain":0.0,"event_name":"Bonfire Elementals","player_choice":"Offered Basic","floor":12.0,"gold_loss":0.0,"damage_taken":0.0},{"damage_healed":0.0,"max_hp_gain":0.0,"max_hp_loss":0.0,"gold_gain":0.0,"event_name":"The Mausoleum","player_choice":"Opened","floor":19.0,"gold_loss":0.0,"damage_taken":0.0,"relics_obtained":["Art of War"]},{"damage_healed":0.0,"max_hp_gain":0.0,"max_hp_loss":0.0,"gold_gain":0.0,"event_name":"Masked Bandits","player_choice":"Fought Bandits","floor":20.0,"gold_loss":0.0,"damage_taken":0.0},{"damage_healed":0.0,"max_hp_gain":0.0,"max_hp_loss":0.0,"gold_gain":0.0,"event_name":"Drug Dealer","player_choice":"Inject Mutagens","floor":21.0,"gold_loss":0.0,"damage_taken":0.0,"relics_obtained":["MutagenicStrength"]},{"damage_healed":0.0,"max_hp_gain":0.0,"max_hp_loss":0.0,"gold_gain":0.0,"event_name":"Lab","player_choice":"Got Potions","floor":22.0,"gold_loss":0.0,"damage_taken":0.0},{"cards_removed":["Defend_G"],"damage_healed":0,"gold_gain":0,"player_choice":"Removed Skill","damage_taken":0,"max_hp_gain":0,"max_hp_loss":0,"event_name":"Falling","floor":39,"gold_loss":0},{"damage_healed":0,"gold_gain":0,"player_choice":"Copied","damage_taken":0,"max_hp_gain":0,"max_hp_loss":0,"event_name":"Duplicator","floor":41,"gold_loss":0,"cards_obtained":["Reflex"]}],"is_beta":false,"boss_relics":[{"not_picked":["SlaversCollar","Empty Cage"],"picked":"Black Star"},{"not_picked":["Busted Crown","Snecko Eye"],"picked":"SacredBark"}],"items_purged_floors":[5,29,44,48],"is_endless":false,"potions_floor_spawned":[8,10,11,13,20,30,36,40,47],"ascension_level":6}}