{"host":"ebj6lkgm8suah319","time":1611502191,"event":{"mods":["2.2 Compatiblity","AchievementEnabler","BaseMod","Block Reminder","Colored Map","Colored Powertips","Minty Spire (QoL Compilation)","Quick Restart","Rare Cards Sparkle","Relic Stats","SuperFastMode"],"gold_per_floor":[114,127,127,147,147,147,172,172,172,172,499,499,516,516,516,587,587,599,599,599],"floor_reached":19,"language":"ENG","playtime":514,"items_purged":[],"score":439,"play_id":"90ab190b-85ff-41fd-94b0-fe490ed23094","local_time":"20210124102951","is_ascension_mode":true,"campfire_choices":[{"data":"Perfected Strike","floor":6.0,"key":"SMITH"},{"data":"Bash","floor":8.0,"key":"SMITH"},{"data":"Shockwave","floor":15.0,"key":"SMITH"}],"circlet_count":0,"master_deck":["AscendersBane","Strike_R+1","Strike_R","Defend_R","Defend_R","Defend_R","Defend_R","Bash+1","Transmutation+1","Anger","Shrug It Off+1","Perfected Strike+1","Inflame+1","Shockwave+1","Spot Weakness","Reaper","Dual Wield"],"relics":["Burning Blood","Frozen Egg 2","White Beast Statue","Mercury Hourglass","Old Coin","Empty Cage"],"acts_visited":["Exordium","TheCity"],"potions_floor_usage":[19],"damage_taken":[{"damage":7.0,"enemies":"Cultist","floor":1.0,"turns":4.0},{"damage":5.0,"enemies":"2 Louse","floor":2.0,"turns":3.0},{"damage":1.0,"enemies":"Small Slimes","floor":4.0,"turns":4.0},{"damage":17.0,"enemies":"3 Sentries","floor":7.0,"turns":9.0},{"damage":20.0,"enemies":"Gremlin Nob","floor":11.0,"turns":4.0},{"damage":4.0,"enemies":"3 Louse","floor":13.0,"turns":3.0},{"damage":0.0,"enemies":"Slime Boss","floor":16.0,"turns":5.0},{"damage":12,"enemies":"Chosen","floor":18,"turns":6},{"damage":74,"enemies":"Masked Bandits","floor":19,"turns":3}],"seed_played":"4932918798074105374","potions_obtained":[{"floor":1.0,"key":"Weak Potion"},{"floor":2.0,"key":"Fire Potion"},{"floor":11.0,"key":"LiquidMemories"},{"floor":13.0,"key":"Weak Potion"},{"floor":16.0,"key":"BlessingOfTheForge"}],"is_trial":false,"path_per_floor":["M","M","?","M","?","R","E","R","T","?","E","?","M","?","R","B",null,"M","?"],"character_chosen":"IRONCLAD","items_purchased":[],"campfire_rested":0,"item_purchase_floors":[],"current_hp_per_floor":[49,50,32,37,62,62,51,51,51,28,14,14,16,9,9,15,60,59,0,0],"gold":599,"neow_bonus":"RANDOM_COLORLESS_2","is_daily":false,"chose_seed":false,"campfire_upgraded":3,"win_rate":0.0,"timestamp":1611502191,"path_taken":["M","M","?","M","?","R","E","R","T","?","E","?","M","?","R","BOSS","M","?"],"items_purchased_type":[],"build_version":"2020-12-22","purchased_purges":0,"victory":false,"max_hp_per_floor":[75,75,75,75,75,75,75,75,75,75,75,75,75,75,75,75,75,75,75,75],"relic_stats":{"counters":[9,41],"obtain_stats":[{"Frozen Egg 2":3,"Empty Cage":17,"Burning Blood":0,"White Beast Statue":7,"Mercury Hourglass":9,"Old Coin":11},{"Frozen Egg 2":2,"Empty Cage":7,"Burning Blood":0,"White Beast Statue":4,"Mercury Hourglass":4,"Old Coin":5},{"Frozen Egg 2":7,"Empty Cage":32,"Burning Blood":0,"White Beast Statue":20,"Mercury Hourglass":20,"Old Coin":24}],"Burning Blood":48,"Mercury Hourglass":[97]},"card_choices":[{"not_picked":["Chrysalis","Panache"],"picked":"Transmutation","floor":0.0},{"not_picked":["Combust","Body Slam"],"picked":"Anger","floor":1.0},{"not_picked":["Dropkick","Iron Wave"],"picked":"Shrug It Off","floor":2.0},{"not_picked":["Havoc","Flex"],"picked":"Perfected Strike","floor":4.0},{"not_picked":["Reckless Charge","Armaments"],"picked":"Inflame+1","floor":7.0},{"not_picked":["Body Slam","Thunderclap"],"picked":"Shockwave","floor":11.0},{"not_picked":["Warcry","Headbutt"],"picked":"Spot Weakness","floor":13.0},{"not_picked":["Impervious","Bludgeon"],"picked":"Reaper","floor":16.0},{"not_picked":["Armaments","Combust+1"],"picked":"Dual Wield","floor":18}],"player_experience":63809,"relics_obtained":[{"floor":7.0,"key":"White Beast Statue"},{"floor":9.0,"key":"Mercury Hourglass"},{"floor":11.0,"key":"Old Coin"}],"event_choices":[{"damage_healed":0.0,"max_hp_gain":0.0,"max_hp_loss":0.0,"gold_gain":0.0,"event_name":"Scrap Ooze","player_choice":"Success","floor":3.0,"gold_loss":0.0,"damage_taken":18.0,"relics_obtained":["Frozen Egg 2"]},{"damage_healed":25.0,"max_hp_gain":0.0,"max_hp_loss":0.0,"gold_gain":0.0,"event_name":"Big Fish","player_choice":"Banana","floor":5.0,"gold_loss":0.0,"damage_taken":0.0},{"damage_healed":0.0,"max_hp_gain":0.0,"max_hp_loss":0.0,"gold_gain":0.0,"event_name":"Shining Light","player_choice":"Entered Light","floor":10.0,"gold_loss":0.0,"damage_taken":23.0,"cards_upgraded":["Transmutation","Strike_R"]},{"damage_healed":0.0,"max_hp_gain":0.0,"max_hp_loss":0.0,"gold_gain":0.0,"event_name":"Living Wall","player_choice":"Grow","floor":12.0,"gold_loss":0.0,"damage_taken":0.0,"cards_upgraded":["Shrug It Off"]},{"cards_removed":["Strike_R"],"damage_healed":0.0,"max_hp_gain":0.0,"max_hp_loss":0.0,"gold_gain":0.0,"event_name":"Golden Wing","player_choice":"Card Removal","floor":14.0,"gold_loss":0.0,"damage_taken":7.0},{"damage_healed":0,"gold_gain":0,"player_choice":"Fought Bandits","damage_taken":0,"max_hp_gain":0,"max_hp_loss":0,"event_name":"Masked Bandits","floor":19,"gold_loss":0}],"is_beta":false,"boss_relics":[{"not_picked":["Black Blood","Busted Crown"],"picked":"Empty Cage"}],"items_purged_floors":[],"is_endless":false,"potions_floor_spawned":[1,2,11,13,16,18],"killed_by":"Masked Bandits","ascension_level":19}}