{"host":"qwp6882a7gaon7u5","time":1611501038,"event":{"mods":["ATMod(阿瑾Mod)","Act Like it!","BaseMod","BetterRewards","Gensokyo","Minty Spire (QoL Compilation)","Red Circlet Mod","Replay The Spire","RumiaBox-露米娅的神秘盒子","Spicy Shops","StSLib","The Alterego","【功能Mod】混沌之环修复补丁","【遗物卡牌】REMEMod","篝火指南"],"gold_per_floor":[14,14,14,14,37,83,110,155,182,205,259,279,328,389,389,558,558,621,662,748,748,830,900,77,147,217,217,69,234,665,768,768,821,821],"floor_reached":33,"language":"ZHS","playtime":1725,"items_purged":["Defend_G"],"score":684,"play_id":"c2d59781-ca0b-4525-93a1-d00edc3503d2","local_time":"20210124231038","is_ascension_mode":true,"campfire_choices":[{"floor":15,"key":"REST"},{"data":"REME_CopyPotion","floor":27,"key":"SMITH"}],"circlet_count":0,"master_deck":["Strike_G","Strike_G","Strike_G","Strike_G","Defend_G","Defend_G","Defend_G","Defend_G","Neutralize","Echo Form","AT_ChampionKick","Flash of Steel","Die Die Die+1","Dramatic Entrance","AT_EmpoweredMortalDraw","Midas Touch","Dagger Spray","Skewer+1","ReplayTheSpireMod:Speed Training","Poison Darts","Tools of the Trade+1","Reinforced Body","Fluid Movement+1","REME_CopyPotion+1","Gensokyo:BlemishedSteel"],"relics":["Ring of the Snake","REME_ComplimentaryCards","AT_ATBox","Blue Doll","Ccalipers","Toolbox","Replay:Wax Seal","TwistedFunnel","Oddly Smooth Stone","ReplayTheSpireMod:ShopPack","Replay:Bandana","Replay:Mystery Machine","Matryoshka","HornCleat","Sling","Chemical X","Gensokyo:Justice","Bag of Preparation","ReplayTheSpireMod:TigerMarble","Frozen Egg 2","Juzu Bracelet","ReplayTheSpireMod:Lightbulb","AT_MibuBalloonWealth","Runic Pyramid","REME_PoisonedDagger","Bag of Marbles","Snake Skull","Pet Ghost","Replay:Rubber Ducky","HandDrill","Divine Protection","Singing Bowl","Snack Pack","Boot","Replay:PocketPolymizer","AT_Kusabimaru","Paper Crane"],"acts_visited":["Exordium","Gensokyo:Gensokyo"],"potions_floor_usage":[11,16,33],"damage_taken":[{"damage":0,"enemies":"Gensokyo:Python","floor":1,"turns":1},{"damage":0,"enemies":"Gensokyo:3_Fairies","floor":5,"turns":2},{"damage":0,"enemies":"Gensokyo:Mamizou","floor":6,"turns":3},{"damage":0,"enemies":"Gensokyo:Gryphon","floor":7,"turns":1},{"damage":0,"enemies":"Gensokyo:Cirno","floor":8,"turns":4},{"damage":0,"enemies":"Gensokyo:Python_and_Kodama","floor":10,"turns":1},{"damage":0,"enemies":"Gensokyo:Mamizou","floor":11,"turns":3},{"damage":4,"enemies":"Gensokyo:CorruptedTreant","floor":12,"turns":1},{"damage":0,"enemies":"Gensokyo:Aya","floor":13,"turns":3},{"damage":0,"enemies":"Gensokyo:Kitsune","floor":14,"turns":2},{"damage":29,"enemies":"Gensokyo:Reimu","floor":16,"turns":7},{"damage":0,"enemies":"Gensokyo:Chomper","floor":18,"turns":2},{"damage":0,"enemies":"Gensokyo:2_Gloops","floor":20,"turns":2},{"damage":5,"enemies":"Gensokyo:Mirror_and_Dog","floor":22,"turns":3},{"damage":28,"enemies":"Gensokyo:Tenshi","floor":23,"turns":4},{"damage":0,"enemies":"Gensokyo:Koishi","floor":25,"turns":4},{"damage":0,"enemies":"Gensokyo:Reisen","floor":29,"turns":4},{"damage":0,"enemies":"Gensokyo:Reisen","floor":30,"turns":6},{"damage":0,"enemies":"Gensokyo:3_Gloops","floor":31,"turns":2},{"damage":83,"enemies":"Gensokyo:Eternal_Rivals","floor":33,"turns":6}],"seed_played":"-6266479964301751358","potions_obtained":[{"floor":8,"key":"Swift Potion"},{"floor":10,"key":"AttackPotion"},{"floor":11,"key":"Milkshake"},{"floor":16,"key":"Explosive Potion"},{"floor":29,"key":"Venom Potion"}],"is_trial":false,"path_per_floor":["M","?","$","?","M","E","M","E","T","M","E","M","E","M","R","B",null,"M","?","M","?","M","E","R","E","T","R","COS","E","?","M","R","B"],"character_chosen":"THE_SILENT","items_purchased":["Blue Doll","Ccalipers","Toolbox","Flash of Steel","Replay:Wax Seal","TwistedFunnel","Oddly Smooth Stone","ReplayTheSpireMod:ShopPack","Replay:Bandana","Replay:Mystery Machine","Matryoshka","HornCleat","Sling","Die Die Die+1","Chemical X","Energy Potion","Dramatic Entrance","Bag of Marbles","Snake Skull","Pet Ghost","Replay:Rubber Ducky","HandDrill"],"campfire_rested":1,"item_purchase_floors":[0,0,0,0,0,0,0,0,0,0,0,0,0,0,0,0,0,24,24,24,24,24],"current_hp_per_floor":[28,28,28,28,28,28,28,28,28,28,28,24,24,24,45,16,70,70,53,53,53,48,20,20,48,48,48,48,52,58,62,76,0,0],"gold":821,"neow_bonus":"","is_daily":false,"chose_seed":false,"campfire_upgraded":1,"win_rate":0.0,"timestamp":1611501038,"path_taken":["M","?","$","?","M","E","M","E","T","M","E","M","E","M","R","BOSS","M","?","M","?","M","E","R","E","T","R","COS","E","?","M","R","BOSS"],"items_purchased_type":["Relic","Relic","Relic","Card","Relic","Relic","Relic","Relic","Relic","Relic","Relic","Relic","Relic","Card","Relic","Potion","Card","Relic","Relic","Relic","Relic","Relic"],"build_version":"2020-12-22","purchased_purges":1,"victory":false,"max_hp_per_floor":[70,70,70,70,70,70,70,70,70,70,70,70,70,70,70,70,70,70,70,70,70,70,70,70,70,70,70,70,72,74,76,76,76,76],"card_choices":[{"not_picked":["Panache","AT_FamilyPortrait"],"picked":"AT_EmpoweredMortalDraw","floor":0},{"not_picked":["AT_LightSaberMaster","Dark Shackles"],"picked":"Midas Touch","floor":0},{"not_picked":["AT_TwilightShroud","AT_WindFlip"],"picked":"Dagger Spray","floor":1},{"not_picked":["Tactician","Blur","Acrobatics"],"picked":"SKIP","floor":5},{"not_picked":["Dagger Throw","ReplayTheSpireMod:The Works","Flying Knee"],"picked":"SKIP","floor":6},{"not_picked":["Underhanded Strike","Blade Dance","Corpse Explosion"],"picked":"SKIP","floor":7},{"not_picked":["Underhanded Strike","Outmaneuver","AT_ThistleTea"],"picked":"SKIP","floor":8},{"not_picked":["Underhanded Strike","Predator","AT_KneejerkReflex+1"],"picked":"SKIP","floor":10},{"not_picked":["Dodge and Roll","Hidden Blade","Acrobatics"],"picked":"SKIP","floor":11},{"not_picked":["ReplayTheSpireMod:Shiv Toss","Hidden Blade","Dagger Throw"],"picked":"SKIP","floor":12},{"not_picked":["Hidden Blade","Blade Dance"],"picked":"Skewer","floor":13},{"not_picked":["Poisoned Stab","Flying Knee"],"picked":"ReplayTheSpireMod:Speed Training","floor":14},{"not_picked":["Phantasmal Killer","AT_KingSlayer"],"picked":"Poison Darts","floor":16},{"not_picked":["Outmaneuver","Underhanded Strike","Hidden Blade"],"picked":"SKIP","floor":18},{"not_picked":["Slice","Eviscerate+1"],"picked":"Tools of the Trade+1","floor":20},{"not_picked":["Cloak And Dagger+1","ReplayTheSpireMod:Tripwire"],"picked":"Fluid Movement+1","floor":22},{"not_picked":["Catalyst","Dagger Throw"],"picked":"REME_CopyPotion","floor":23},{"not_picked":["AT_WindFlip","Cloak And Dagger","Toxin Wave"],"picked":"SKIP","floor":25},{"not_picked":["REME_ShadowForm+1","Caltrops+1","Infinite Blades+1"],"picked":"Singing Bowl","floor":29},{"not_picked":["Slice+1","Deflect","Prepared"],"picked":"Singing Bowl","floor":30},{"not_picked":["Toxin Wave","Calculated Gamble","Endless Agony"],"picked":"Singing Bowl","floor":31}],"player_experience":182603,"relics_obtained":[{"floor":6,"key":"Bag of Preparation"},{"floor":8,"key":"ReplayTheSpireMod:TigerMarble"},{"floor":9,"key":"Frozen Egg 2"},{"floor":9,"key":"Juzu Bracelet"},{"floor":11,"key":"ReplayTheSpireMod:Lightbulb"},{"floor":13,"key":"AT_MibuBalloonWealth"},{"floor":23,"key":"REME_PoisonedDagger"},{"floor":25,"key":"Divine Protection"},{"floor":26,"key":"Singing Bowl"},{"floor":26,"key":"Snack Pack"},{"floor":29,"key":"Boot"},{"floor":30,"key":"Replay:PocketPolymizer"},{"floor":30,"key":"AT_Kusabimaru"}],"event_choices":[],"is_beta":false,"boss_relics":[{"not_picked":["Snecko Scales","Coffee Dripper"],"picked":"Runic Pyramid"}],"items_purged_floors":[24],"is_endless":false,"potions_floor_spawned":[8,10,11,16,20,29,30],"killed_by":"Gensokyo:Eternal_Rivals","ascension_level":1}}