{"host":"n7mxhpjy89lltbhc","time":1611491936,"event":{"mods":["2.2 Compatiblity","Act Like it!","BaseMod","Better Match","Better Sensory Stone","Better Synergies","BetterRewards","Colored Map","Colored Powertips","Downfall","Exacting","Gensokyo","Infinite Spire","Jedi Mod","Marisa????????","Minty Spire (QoL Compilation)","Permanent Neow","Rare Cards Sparkle","Relic Stats","Replay The Spire","Shop Mod","Small Relic Pack","Spicy Shops","Spire Arcade","StSLib","The Blue Laboratory","The Servant 0.9.4","Waifu the Spire","Wandering Minibosses"],"gold_per_floor":[99,130,160,70,85,85,85,185,212,227,227,258,283,308,323,419,419,419,431,281,299,299,299,299,318,37,37,57,257,275,275,306,404,404,404,421,432,62,93,138,138,149,175,75,75,108,108,141,161,161],"floor_reached":51,"language":"ENG","playtime":2880,"items_purged":["bronze:Strike","bronze:Strike","bronze:Fortify","Spreading Infection"],"score":1245,"play_id":"c04b0234-0870-48d5-9550-4f4fdf185fd6","local_time":"25640124193856","is_ascension_mode":true,"campfire_choices":[{"floor":1.0,"key":"DIG"},{"data":"bronze:InfiniteBeams","floor":6.0,"key":"SMITH"},{"data":"bronze:Goto","floor":11.0,"key":"SMITH"},{"data":"bronze:Flail","floor":18,"key":"SMITH"},{"data":"bronze:Invalidate","floor":27,"key":"SMITH"},{"floor":35,"key":"RECALL"},{"data":"bronze:Frontload","floor":44,"key":"SMITH"}],"circlet_count":0,"master_deck":["bronze:Defend+1","bronze:Defend","bronze:Defend","bronze:Defend+1","bronze:Replicate","bronze:Goto+1","Deep Breath+1","bronze:Separator","bronze:InfiniteBeams+1","bronze:FollowUp+1","bronze:Deprecate+1","bronze:Flail+1","bronze:DelayedGuard","bronze:CutThrough","bronze:DelayedSlice","bronze:Invalidate+1","bronze:ChosenStrike","bronze:ChildClass+1","bronze:FindAndReplace+1","bronze:CloningBeam","bronze:Iterate","relicPack:StarPlatinum","bronze:DelayedSlice","bronze:Shield+1","bronze:Shell+1","bronze:DigitalCarnage","bronze:DigitalCarnage","bronze:Frontload+1","infinitespire:NeuralNetwork","bronze:FineTuning"],"relics":["bronze:BronzeCore","Replay:WaspNest","Replay:Bottled Snecko","Unceasing Top","infinitespire:ShieldingShard","infinitespire:CursedDice","Busted Crown","jedi:archwizardhat","wanderingMiniBosses:AbyssPearl","Guide Book","champ:Barbells","relicPack:StarArrow","Cursed Key","HandDrill","War Paint","ReplayTheSpireMod:Ninjato","infinitespire:Golems Mask","infinitespire:Bottled Soul","hexamod:Sixitude","downfall:HeartBlessingRed","bronze:PlatinumCore","jedi:cryingmask","Orichalcum","Mango","Blue Doll"],"acts_visited":["Exordium","TheCity","TheBeyond"],"potions_floor_usage":[14,25,33,43,49,50],"damage_taken":[{"damage":10.0,"enemies":"2 Louse","floor":2.0,"turns":7.0},{"damage":0.0,"enemies":"downfall:FleeingMerchant","floor":4.0,"turns":4.0},{"damage":0.0,"enemies":"Cultist","floor":5.0,"turns":3.0},{"damage":25.0,"enemies":"downfall:Heads","floor":8.0,"turns":5.0},{"damage":4.0,"enemies":"Lagavulin","floor":9.0,"turns":4.0},{"damage":0.0,"enemies":"Small Slimes","floor":10.0,"turns":5.0},{"damage":0.0,"enemies":"Blue Slaver","floor":12.0,"turns":4.0},{"damage":0.0,"enemies":"Red Slaver","floor":13.0,"turns":2.0},{"damage":4,"enemies":"3 Sentries","floor":14,"turns":3},{"damage":0,"enemies":"2 Fungi Beasts","floor":15,"turns":2},{"damage":0,"enemies":"WA_ARCHETYPE_RETAIN","floor":16,"turns":5},{"damage":0,"enemies":"Chosen","floor":19,"turns":3},{"damage":0,"enemies":"3 Byrds","floor":21,"turns":2},{"damage":2,"enemies":"Snake Plant","floor":25,"turns":2},{"damage":2,"enemies":"downfall:FleeingMerchant","floor":26,"turns":5},{"damage":0,"enemies":"3 Cultists","floor":28,"turns":3},{"damage":0,"enemies":"Cultist and Chosen","floor":30,"turns":3},{"damage":0,"enemies":"Snake Plant","floor":32,"turns":2},{"damage":0,"enemies":"DF_ARCHETYPE_CLAW","floor":33,"turns":5},{"damage":42,"enemies":"3 Shapes","floor":36,"turns":6},{"damage":0,"enemies":"3 Darklings","floor":37,"turns":3},{"damage":0,"enemies":"downfall:FleeingMerchant","floor":38,"turns":2},{"damage":0,"enemies":"4 Shapes","floor":39,"turns":3},{"damage":0,"enemies":"2 Orb Walkers","floor":40,"turns":3},{"damage":0,"enemies":"Sphere and 2 Shapes","floor":42,"turns":4},{"damage":0,"enemies":"Giant Head","floor":43,"turns":3},{"damage":0,"enemies":"Nightmare","floor":46,"turns":3},{"damage":0,"enemies":"Giant Head","floor":48,"turns":3},{"damage":1,"enemies":"Writhing Mass","floor":49,"turns":3},{"damage":0,"enemies":"IC_BLOCK_ARCHETYPE","floor":50,"turns":6}],"seed_played":"240737176898629580","potions_obtained":[{"floor":2.0,"key":"DuplicationPotion"},{"floor":5.0,"key":"CultistPotion"},{"floor":8.0,"key":"BlessingOfTheForge"},{"floor":9.0,"key":"Explosive Potion"},{"floor":16,"key":"Dexterity Potion"},{"floor":21,"key":"Energy Potion"},{"floor":30,"key":"blueLaboratory:LouseDecoction"},{"floor":36,"key":"Weak Potion"},{"floor":42,"key":"blueLaboratory:FruitPunch"},{"floor":43,"key":"ColorlessPotion"}],"is_trial":false,"path_per_floor":["R_BF","M","?","$","M","R","T","?","E","M","R","M","M","E","M","B",null,"R","M","?","M","?","?","T","M","$","R","M","?","M","AVR","M","B",null,"R","M","M","$","M","?","T","M","E","R","AVR","NM","?","E","M","B",null],"character_chosen":"THE_AUTOMATON","items_purchased":["bronze:Fortify","Guide Book","HandDrill","War Paint","bronze:DigitalCarnage","ReplayTheSpireMod:Ninjato"],"campfire_rested":0,"item_purchase_floors":[26,26,38,38,38,38],"current_hp_per_floor":[70,60,60,60,60,60,60,35,31,31,31,31,31,27,27,27,70,70,70,80,80,80,80,80,78,78,78,78,78,78,78,78,78,82,82,40,40,40,40,40,40,40,42,42,42,42,56,56,55,55],"gold":161,"neow_bonus":"RANDOM_COLORLESS","is_daily":false,"chose_seed":false,"campfire_upgraded":5,"win_rate":0.0,"timestamp":1611491936,"path_taken":["R_BF","M","?","?","M","R","T","?","E","?","R","M","M","E","M","BOSS","R","M","?","?","?","?","T","M","$","R","M","?","M","AVR","M","BOSS","R","M","M","?","?","?","T","M","E","R","AVR","NM","?","E","M","BOSS"],"items_purchased_type":["Card","Relic","Relic","Relic","Card","Relic"],"build_version":"2020-12-22","purchased_purges":4,"victory":true,"max_hp_per_floor":[70,70,70,70,70,70,70,70,70,70,70,70,70,70,70,70,70,70,70,80,80,80,80,80,80,82,82,82,82,82,82,82,82,82,82,82,82,82,82,82,82,82,84,84,84,84,98,98,98,98],"relic_stats":{"Busted Crown":54,"counters":[30,108],"HandDrill":[26],"War Paint":["bronze:Deprecate","bronze:Defend"],"Orichalcum":[0],"Cursed Key":1,"obtain_stats":[{"bronze:PlatinumCore":45,"bronze:BronzeCore":0,"relicPack:StarArrow":31,"Mango":47,"Blue Doll":48,"wanderingMiniBosses:AbyssPearl":26,"jedi:archwizardhat":24,"Cursed Key":34,"infinitespire:ShieldingShard":9,"infinitespire:Bottled Soul":41,"infinitespire:Golems Mask":40,"jedi:cryingmask":45,"HandDrill":38,"Replay:Bottled Snecko":3,"champ:Barbells":31,"ReplayTheSpireMod:Ninjato":38,"downfall:HeartBlessingRed":44,"infinitespire:CursedDice":14,"Guide Book":26,"hexamod:Sixitude":43,"Replay:WaspNest":1,"War Paint":38,"Orichalcum":46,"Busted Crown":17,"Unceasing Top":7},{"bronze:PlatinumCore":26,"bronze:BronzeCore":0,"relicPack:StarArrow":17,"Mango":27,"Blue Doll":28,"wanderingMiniBosses:AbyssPearl":15,"jedi:archwizardhat":13,"Cursed Key":19,"infinitespire:ShieldingShard":5,"infinitespire:Bottled Soul":24,"infinitespire:Golems Mask":24,"jedi:cryingmask":26,"HandDrill":22,"Replay:Bottled Snecko":1,"champ:Barbells":17,"ReplayTheSpireMod:Ninjato":22,"downfall:HeartBlessingRed":26,"infinitespire:CursedDice":9,"Guide Book":15,"hexamod:Sixitude":26,"Replay:WaspNest":0,"War Paint":22,"Orichalcum":27,"Busted Crown":11,"Unceasing Top":3},{"bronze:PlatinumCore":93,"bronze:BronzeCore":0,"relicPack:StarArrow":62,"Mango":96,"Blue Doll":99,"wanderingMiniBosses:AbyssPearl":56,"jedi:archwizardhat":49,"Cursed Key":69,"infinitespire:ShieldingShard":23,"infinitespire:Bottled Soul":86,"infinitespire:Golems Mask":86,"jedi:cryingmask":93,"HandDrill":80,"Replay:Bottled Snecko":7,"champ:Barbells":62,"ReplayTheSpireMod:Ninjato":80,"downfall:HeartBlessingRed":93,"infinitespire:CursedDice":37,"Guide Book":56,"hexamod:Sixitude":93,"Replay:WaspNest":0,"War Paint":80,"Orichalcum":96,"Busted Crown":44,"Unceasing Top":14}],"Unceasing Top":[27]},"card_choices":[{"not_picked":["Jack Of All Trades","Specialist"],"picked":"Deep Breath","floor":0.0},{"not_picked":["bronze:Overheat","bronze:Safeguard"],"picked":"bronze:Separator","floor":2.0},{"not_picked":["bronze:Frontload","bronze:Repulsor"],"picked":"bronze:InfiniteBeams","floor":4.0},{"not_picked":["bronze:Flail","bronze:ItsAFeature"],"picked":"bronze:FollowUp","floor":5.0},{"not_picked":["bronze:DarkDash","bronze:Overheat"],"picked":"bronze:Deprecate","floor":8.0},{"not_picked":["bronze:Iterate","bronze:RecursiveStrike"],"picked":"bronze:DelayedGuard","floor":9.0},{"not_picked":["bronze:Overheat","bronze:BitShift"],"picked":"bronze:CutThrough","floor":10.0},{"not_picked":["bronze:BitShift","bronze:CutThrough","bronze:DelayedSlice"],"picked":"SKIP","floor":12.0},{"not_picked":["bronze:BitShift","bronze:CutThrough"],"picked":"bronze:DelayedSlice","floor":12.0},{"not_picked":["bronze:DelayedGuard","bronze:Constructor"],"picked":"bronze:Invalidate","floor":13.0},{"not_picked":["bronze:Repulsor","bronze:MaxOutput"],"picked":"bronze:ChosenStrike","floor":14},{"not_picked":["bronze:Safeguard","bronze:Shell"],"picked":"bronze:ChildClass","floor":15},{"not_picked":["bronze:BurnOut","bronze:Format"],"picked":"bronze:FindAndReplace","floor":16},{"not_picked":["bronze:Overheat"],"picked":"SKIP","floor":19},{"not_picked":[],"picked":"bronze:CloningBeam","floor":21},{"not_picked":["bronze:Branch"],"picked":"SKIP","floor":25},{"not_picked":[],"picked":"bronze:Iterate","floor":26},{"not_picked":["bronze:Iterate"],"picked":"SKIP","floor":28},{"not_picked":["bronze:Frontload"],"picked":"SKIP","floor":30},{"not_picked":[],"picked":"bronze:DelayedSlice","floor":32},{"not_picked":[],"picked":"bronze:Shield+1","floor":36},{"not_picked":["bronze:BugBarrage"],"picked":"SKIP","floor":37},{"not_picked":[],"picked":"bronze:Shell+1","floor":38},{"not_picked":[],"picked":"bronze:Frontload","floor":39},{"not_picked":["bronze:NullPointer"],"picked":"SKIP","floor":39},{"not_picked":["bronze:BugBarrage+1"],"picked":"SKIP","floor":42},{"not_picked":["bronze:Iterate"],"picked":"SKIP","floor":43},{"not_picked":["infinitespire:Oblivion","infinitespire:TheBestDefense"],"picked":"infinitespire:NeuralNetwork","floor":46},{"not_picked":["bronze:WhirlingStrike"],"picked":"SKIP","floor":46},{"not_picked":["bronze:DelayedGuard"],"picked":"SKIP","floor":48},{"not_picked":[],"picked":"bronze:FineTuning","floor":49}],"player_experience":1023582,"relics_obtained":[{"floor":1.0,"key":"Replay:WaspNest"},{"floor":7.0,"key":"Unceasing Top"},{"floor":9.0,"key":"infinitespire:ShieldingShard"},{"floor":14,"key":"infinitespire:CursedDice"},{"floor":24,"key":"jedi:archwizardhat"},{"floor":26,"key":"wanderingMiniBosses:AbyssPearl"},{"floor":40,"key":"infinitespire:Golems Mask"},{"floor":41,"key":"infinitespire:Bottled Soul"},{"floor":43,"key":"hexamod:Sixitude"},{"floor":46,"key":"Orichalcum"},{"floor":47,"key":"Mango"},{"floor":48,"key":"Blue Doll"}],"event_choices":[{"damage_healed":0,"gold_gain":200,"player_choice":"Gold","damage_taken":0,"max_hp_gain":0,"max_hp_loss":0,"event_name":"Wheel of Change","floor":29,"gold_loss":0},{"damage_healed":0,"gold_gain":0,"player_choice":"Fight","damage_taken":0,"max_hp_gain":0,"max_hp_loss":0,"event_name":"Mysterious Sphere","floor":40,"gold_loss":0},{"damage_healed":0,"gold_gain":0,"player_choice":"Relic","damage_taken":0,"max_hp_gain":0,"max_hp_loss":0,"event_name":"Wheel of Change","floor":47,"gold_loss":0}],"is_beta":false,"boss_relics":[{"not_picked":["Snecko Eye","Replay:Wanted Poster"],"picked":"Busted Crown"},{"not_picked":["Replay:Bronze Core","Velvet Choker"],"picked":"Cursed Key"}],"items_purged_floors":[4,31,38,45],"is_endless":false,"potions_floor_spawned":[5,8,9,12,16,19,21,30,42,43,46],"ascension_level":3}}