{"host":"nbyw9l72shd4wdzc","time":1611471732,"event":{"mods":["AchievementEnabler","Act Like it!","BaseMod","Better Note","BetterRewards","Dio Mod","Downfall","Gold Saver","Hermit","Minty Spire (QoL Compilation)","Rare Cards Sparkle","Robot Space Explorer","StSLib","The Alterego","The Cursed","TheHero"],"gold_per_floor":[324,104,104,115,125,125,159,159,159,183,183,216,216,186,186,282,282,297,396,260,270,270,299,311,335,347,373,400,412,435,466,478,592,604,634,665,695,261,311,311,311,311,337,87,107,120,120,132,132,132,132,132,6,34,34,34],"floor_reached":55,"language":"ENG","playtime":3489,"items_purged":["hermit:Strike_Hermit","hermit:Strike_Hermit","hermit:Strike_Hermit","hermit:Defend_Hermit","Shame"],"score":847,"play_id":"4f7ac3ff-f55f-41c7-b439-dfae644a58c3","local_time":"20210123230212","is_ascension_mode":false,"campfire_choices":[{"floor":6,"key":"RECALL"},{"floor":8,"key":"REST"},{"data":"hermit:WideOpen","floor":11,"key":"SMITH"},{"floor":15,"key":"REST"},{"data":"alterego_mod:Vow","floor":24,"key":"SMITH"},{"floor":29,"key":"REST"},{"floor":32,"key":"REST"},{"floor":40,"key":"REST"},{"floor":42,"key":"REST"},{"floor":49,"key":"REST"},{"floor":52,"key":"REST"}],"circlet_count":0,"master_deck":["hermit:Strike_Hermit","hermit:Defend_Hermit","hermit:Defend_Hermit","hermit:Defend_Hermit","hermit:Snapshot","hermit:Covet+1","hermit:Determination+1","hermit:Ricochet","hermit:WideOpen+1","hermit:Deadeye","hermit:GoldenBullet","alterego_mod:Vow+1","hermit:Dissolve","hermit:Glare+1","hermit:GoldenBullet","hermit:FromBeyond","hermit:Dive","hermit:Combo","hermit:Adapt","hermit:Vantage+1","hermit:ShadowCloak+1","hermit:DeadMansHand+1","Injury","Bandage Up","hermit:Spite","hermit:Glare+1","hermit:GhostlyPresence+1","downfall:Haunted","Finesse","hermit:Gambit"],"relics":["hermit:Momento","Membership Card","Sundial","Juzu Bracelet","Bronze Scales","Cursed Key","Lantern","MawBank","Tiny Chest","Fusion Hammer","Bottled Tornado","Shuriken","Sling","TungstenRod","War Paint","Lee\u0027s Waffle","Letter Opener","Anchor","Nunchaku"],"acts_visited":["Exordium","TheCity","TheBeyond","TheEnding"],"potions_floor_usage":[7,16,25,33,33,33,35,36,39,45,50],"damage_taken":[{"damage":0,"enemies":"Cultist","floor":1,"turns":3},{"damage":11,"enemies":"2 Louse","floor":4,"turns":3},{"damage":1,"enemies":"Jaw Worm","floor":5,"turns":3},{"damage":24,"enemies":"3 Sentries","floor":7,"turns":6},{"damage":26,"enemies":"Lagavulin","floor":12,"turns":5},{"damage":55,"enemies":"The Guardian","floor":16,"turns":8},{"damage":9,"enemies":"Spheric Guardian","floor":18,"turns":4},{"damage":0,"enemies":"3 Byrds","floor":21,"turns":3},{"damage":7,"enemies":"Gremlin Leader","floor":23,"turns":2},{"damage":10,"enemies":"Cultist and Chosen","floor":25,"turns":6},{"damage":5,"enemies":"Chosen and Byrds","floor":27,"turns":3},{"damage":26,"enemies":"Centurion and Healer","floor":28,"turns":3},{"damage":13,"enemies":"Snecko","floor":30,"turns":5},{"damage":17,"enemies":"Shelled Parasite and Fungi","floor":31,"turns":4},{"damage":27,"enemies":"Champ","floor":33,"turns":5},{"damage":11,"enemies":"3 Shapes","floor":35,"turns":3},{"damage":14,"enemies":"3 Darklings","floor":36,"turns":5},{"damage":24,"enemies":"Transient","floor":37,"turns":5},{"damage":7,"enemies":"Mind Bloom Boss Battle","floor":39,"turns":5},{"damage":0,"enemies":"Jaw Worm Horde","floor":45,"turns":3},{"damage":1,"enemies":"Sphere and 2 Shapes","floor":46,"turns":4},{"damage":0,"enemies":"Maw","floor":48,"turns":6},{"damage":28,"enemies":"Donu and Deca","floor":50,"turns":5},{"damage":15,"enemies":"Shield and Spear","floor":54,"turns":6},{"damage":87,"enemies":"The Heart","floor":55,"turns":5}],"seed_played":"-2431236127503827841","potions_obtained":[{"floor":1,"key":"Dexterity Potion"},{"floor":4,"key":"hexamod:SoulburnPotion"},{"floor":18,"key":"champ:CounterPotion"},{"floor":23,"key":"Explosive Potion"},{"floor":28,"key":"LiquidBronze"},{"floor":31,"key":"SkillPotion"},{"floor":33,"key":"SkillPotion"},{"floor":35,"key":"Explosive Potion"},{"floor":39,"key":"SneckoOil"},{"floor":45,"key":"Weak Potion"}],"is_trial":false,"path_per_floor":["M","$","?","M","M","R","E","R","T","T","R","E","?","?","R","B",null,"M","?","$","M","?","E","R","M","T","M","M","R","M","M","R","B",null,"M","M","M","$","?","R","?","R","T","$","M","M","T","M","R","B",null,"R","$","E","B"],"character_chosen":"HERMIT","items_purchased":["hermit:Determination","Membership Card","hermit:Ricochet","Lantern","Bottled Tornado","Shuriken","CultistPotion","Sling","Lee\u0027s Waffle","Bandage Up","hermit:Spite","Anchor","Finesse"],"campfire_rested":8,"item_purchase_floors":[0,2,2,20,38,38,38,38,44,44,44,53,53],"current_hp_per_floor":[75,75,75,64,63,63,39,61,61,61,61,35,35,35,57,2,75,66,66,66,66,75,68,68,58,58,53,27,49,36,19,41,14,75,64,50,26,26,19,41,41,63,63,82,82,81,81,82,82,58,82,82,82,71,0,0],"gold":34,"neow_bonus":"","is_daily":false,"chose_seed":false,"campfire_upgraded":2,"win_rate":0.0,"timestamp":1611471732,"path_taken":["M","$","?","?","?","R","E","R","T","?","R","E","?","?","R","BOSS","M","?","$","M","?","E","R","M","T","M","M","R","M","M","R","BOSS","M","M","M","$","?","R","?","R","T","$","M","M","?","M","R","BOSS","R","$","E","BOSS"],"items_purchased_type":["Card","Relic","Card","Relic","Relic","Relic","Potion","Relic","Relic","Card","Card","Relic","Card"],"build_version":"2020-12-22","purchased_purges":5,"victory":false,"max_hp_per_floor":[75,75,75,75,75,75,75,75,75,75,75,75,75,75,75,75,75,75,75,75,75,75,75,75,75,75,75,75,75,75,75,75,75,75,75,75,75,75,75,75,75,75,75,82,82,82,82,82,82,82,82,82,82,82,82,82],"card_choices":[{"not_picked":["hermit:BodyArmor","hermit:Maintenance"],"picked":"hermit:Brawl","floor":1},{"not_picked":["hermit:TrackingShot","hermit:ItchyTrigger"],"picked":"hermit:WideOpen","floor":4},{"not_picked":["hermit:Grudge","hermit:DeadMansHand"],"picked":"hermit:Deadeye","floor":5},{"not_picked":["hermit:Dive","hermit:Glare"],"picked":"hermit:GoldenBullet","floor":7},{"not_picked":["hermit:NoHoldsBarred","hermit:FullyLoaded","hermit:Maintenance"],"picked":"SKIP","floor":12},{"not_picked":["hermit:HighNoon","hermit:EternalForm"],"picked":"hermit:Dissolve","floor":16},{"not_picked":["hermit:GoldenBullet","hermit:ItchyTrigger+1"],"picked":"hermit:Glare","floor":18},{"not_picked":["hermit:TakeCover","hermit:Misfire"],"picked":"hermit:GoldenBullet","floor":21},{"not_picked":["hermit:Dive","hermit:SprayPray"],"picked":"hermit:FromBeyond","floor":23},{"not_picked":["hermit:GoldenBullet","hermit:TakeAim","hermit:ItchyTrigger+1"],"picked":"SKIP","floor":25},{"not_picked":["hermit:WideOpen","hermit:LoneWolf+1"],"picked":"hermit:Dive","floor":27},{"not_picked":["hermit:WideOpen","hermit:Manifest","hermit:BodyArmor"],"picked":"SKIP","floor":28},{"not_picked":["hermit:Snipe+1","hermit:HoleUp+1","hermit:Cheat"],"picked":"SKIP","floor":30},{"not_picked":["hermit:PistolWhip","hermit:Dive"],"picked":"hermit:Combo","floor":31},{"not_picked":["hermit:HighNoon","hermit:EternalForm"],"picked":"hermit:Adapt","floor":33},{"not_picked":["hermit:CursedWeapon+1","hermit:TrackingShot+1"],"picked":"hermit:Vantage+1","floor":35},{"not_picked":["hermit:Misfire+1","hermit:TrackingShot"],"picked":"hermit:ShadowCloak+1","floor":36},{"not_picked":["hermit:Ricochet","hermit:Misfire"],"picked":"hermit:DeadMansHand+1","floor":37},{"not_picked":["hermit:Scavenge+1","hermit:Determination+1"],"picked":"hermit:Glare+1","floor":45},{"not_picked":["hermit:Desperado+1","hermit:HoleUp+1"],"picked":"hermit:GhostlyPresence+1","floor":46},{"not_picked":["hermit:Vantage","hermit:Desperado","hermit:CursedWeapon+1"],"picked":"SKIP","floor":48},{"not_picked":["hermit:Maintenance","hermit:Roulette+1"],"picked":"hermit:Gambit","floor":54}],"player_experience":319975,"relics_obtained":[{"floor":7,"key":"Sundial"},{"floor":10,"key":"Juzu Bracelet"},{"floor":12,"key":"Bronze Scales"},{"floor":23,"key":"MawBank"},{"floor":26,"key":"Tiny Chest"},{"floor":39,"key":"TungstenRod"},{"floor":43,"key":"War Paint"},{"floor":47,"key":"Letter Opener"},{"floor":54,"key":"Nunchaku"}],"event_choices":[{"damage_healed":0,"gold_gain":0,"player_choice":"Upgraded","damage_taken":0,"max_hp_gain":0,"max_hp_loss":0,"event_name":"Upgrade Shrine","floor":3,"gold_loss":0,"cards_upgraded":["hermit:Determination"]},{"cards_removed":["hermit:Determination"],"damage_healed":0,"gold_gain":0,"player_choice":"Take \u0026 Give","damage_taken":0,"max_hp_gain":0,"max_hp_loss":0,"event_name":"betterNote:BetterNote","floor":13,"gold_loss":0,"cards_obtained":["alterego_mod:Vow"]},{"damage_healed":0,"gold_gain":0,"player_choice":"Left Gold","damage_taken":0,"max_hp_gain":0,"max_hp_loss":0,"event_name":"World of Goop","floor":14,"gold_loss":30},{"damage_healed":0,"gold_gain":99,"player_choice":"Stole From Cult","damage_taken":0,"max_hp_gain":0,"max_hp_loss":0,"event_name":"Nest","floor":19,"gold_loss":0},{"cards_removed":["hermit:Brawl"],"damage_healed":9,"gold_gain":0,"player_choice":"Offered Uncommon","damage_taken":0,"max_hp_gain":0,"max_hp_loss":0,"event_name":"Bonfire Elementals","floor":22,"gold_loss":0},{"damage_healed":0,"gold_gain":0,"player_choice":"Fight","damage_taken":0,"max_hp_gain":0,"max_hp_loss":0,"event_name":"MindBloom","floor":39,"gold_loss":0},{"damage_healed":0,"gold_gain":0,"player_choice":"Memory 1","damage_taken":0,"max_hp_gain":0,"max_hp_loss":0,"event_name":"SensoryStone","floor":41,"gold_loss":0}],"is_beta":false,"boss_relics":[{"not_picked":["Ectoplasm","Astrolabe"],"picked":"Cursed Key"},{"not_picked":["Coffee Dripper","Calling Bell"],"picked":"Fusion Hammer"}],"items_purged_floors":[0,2,20,38,44],"is_endless":false,"potions_floor_spawned":[1,4,18,23,28,31,33,35,39,45],"killed_by":"The Heart","ascension_level":0}}