{"host":"glqsg3p5q4u9u1ra","time":1611509618,"event":{"mods":["Act Like it!","Arknights The Spire","Bard","BaseMod","Better Third Choice","BetterRewards","Colored Map","Conspire","Downfall","Friendly Minions","Gensokyo","GifTheSpireLib","Hallownest","Highlight Path","Hubris","Infinite Spire","Lobotomy","LobotomyExtend","Mimic Mod","Minty Spire (QoL Compilation)","Pale of the Ancients","Reliquary","Replay The Spire","Robot Space Explorer","Spicy Shops","Spikes Relics","Spire Birthday Party","StSLib","The Blackbeard","The Blue Laboratory","The Bug Knight","The Exalted","The Poker Player","The Servant 0.9.4","Wandering Minibosses"],"gold_per_floor":[116,156,5,16,16,16,44,44,44,44,44,44,44,92,92,92,92,92],"floor_reached":16,"language":"ENG","playtime":467,"items_purged":["blackbeard:BlackbeardStrike","blackbeard:Scrap"],"score":204,"play_id":"8653d651-dd3e-435e-9567-1eed7bec9bac","local_time":"20210124093338","is_ascension_mode":true,"campfire_choices":[{"data":"1","floor":6,"key":"LIFT"},{"data":"2","floor":8,"key":"LIFT"},{"data":"3","floor":13,"key":"LIFT"},{"data":"Feint","floor":15,"key":"SMITH"}],"circlet_count":0,"master_deck":["blackbeard:BlackbeardStrike","blackbeard:BlackbeardStrike","blackbeard:IntimidatingStrike","blackbeard:BlackbeardDefend","blackbeard:BlackbeardDefend","blackbeard:BlackbeardDefend","blackbeard:BlackbeardDefend","blackbeard:Cutlass","blackbeard:BrownPants+1","Discovery+1","blackbeard:BlindAttacks","Feint+1","blackbeard:Dagger","blackbeard:CatONineTails"],"relics":["blackbeard:LoadTheCannons","Pen Nib","Toolbox","LetterFromLob","BargainBundle","Sling","RoseTintedShades","Girya","Bromod:ArcaneVictory","Gremlin Food","reliquary:Stiletto"],"acts_visited":["Exordium"],"potions_floor_usage":[1,1,7,7,7],"damage_taken":[{"damage":12,"enemies":"2 Louse","floor":1,"turns":3},{"damage":12,"enemies":"Small Slimes","floor":2,"turns":3},{"damage":0,"enemies":"Cultist","floor":4,"turns":3},{"damage":2,"enemies":"Gremlin Nob","floor":7,"turns":2},{"damage":66,"enemies":"The Guardian","floor":16,"turns":7}],"seed_played":"-5866946450393078790","potions_obtained":[{"floor":1,"key":"EntropicBrew"},{"floor":7,"key":"blueLaboratory:SavagePotion"}],"is_trial":false,"path_per_floor":["M","M","$","M","?","R","E","R","T","?","?","$","R","T","R","B"],"character_chosen":"BLACKBEARD_CLASS","items_purchased":["Pen Nib","blackbeard:BrownPants+1","Toolbox","BargainBundle","Sling","RoseTintedShades","Discovery","blackbeard:BlindAttacks","Girya","champ:CounterPotion","Feint"],"campfire_rested":0,"item_purchase_floors":[0,0,0,3,3,3,3,3,3,3,3],"current_hp_per_floor":[56,44,44,44,44,44,42,42,42,35,35,35,35,35,35,0,0,0],"gold":92,"neow_bonus":"","is_daily":false,"chose_seed":false,"campfire_upgraded":1,"win_rate":0.0,"timestamp":1611509618,"path_taken":["M","M","$","M","?","R","E","R","T","?","?","$","R","?","R","BOSS"],"items_purchased_type":["Relic","Card","Relic","Relic","Relic","Relic","Card","Card","Relic","Potion","Card"],"build_version":"2020-12-22","purchased_purges":2,"victory":false,"max_hp_per_floor":[75,75,75,75,75,75,75,75,75,75,75,75,75,75,75,75,75,75],"card_choices":[{"not_picked":["blackbeard:TacticalRetreat","blackbeard:CloakAndCannonball"],"picked":"blackbeard:Scrap","floor":1},{"not_picked":["blackbeard:Scrap","blackbeard:Sharpening","blackbeard:AgileStrike"],"picked":"SKIP","floor":2},{"not_picked":["blackbeard:DoubleCannonball","blackbeard:DelayedPain"],"picked":"blackbeard:Dagger","floor":4},{"not_picked":["blackbeard:PirateHook","blackbeard:Anchor"],"picked":"blackbeard:CatONineTails","floor":7}],"player_experience":1282517,"relics_obtained":[{"floor":1,"key":"LetterFromLob"},{"floor":7,"key":"Bromod:ArcaneVictory"},{"floor":9,"key":"Gremlin Food"},{"floor":14,"key":"reliquary:Stiletto"}],"event_choices":[{"damage_healed":0,"gold_gain":0,"player_choice":"Disagree","damage_taken":0,"max_hp_gain":0,"max_hp_loss":0,"event_name":"conspire:LoneGhost","floor":5,"gold_loss":0},{"cards_removed":["blackbeard:BlackbeardStrike"],"damage_healed":0,"gold_gain":0,"player_choice":"Card Removal","damage_taken":7,"max_hp_gain":0,"max_hp_loss":0,"event_name":"Golden Wing","floor":10,"gold_loss":0}],"is_beta":false,"boss_relics":[],"items_purged_floors":[0,3],"is_endless":false,"potions_floor_spawned":[1,7],"killed_by":"The Guardian","ascension_level":8}}