{"host":"4cz9gr89nglr7k8k","time":1611530056,"event":{"mods":["BaseMod","Minty Spire (QoL Compilation)","Relic Stats","Slay-I"],"gold_per_floor":[151,96,96,96,96,96,160,160,160,160,160,160,208,278,278,372,372,418,55,99,142,9,43,43,43,43,43,43,43,103,103,103,198,198,218,274,274,274,274],"floor_reached":38,"language":"DEU","playtime":1206,"items_purged":[],"score":846,"play_id":"63ac8ad7-8411-4a16-b133-6edfa44ddd47","local_time":"20210125001416","is_ascension_mode":true,"campfire_choices":[{"floor":6,"key":"REST"},{"data":"HandOfGreed","floor":8,"key":"SMITH"},{"data":"Bash","floor":11,"key":"SMITH"},{"data":"Armaments","floor":15,"key":"SMITH"},{"floor":24,"key":"REST"},{"floor":27,"key":"REST"},{"floor":29,"key":"RECALL"},{"floor":32,"key":"REST"}],"circlet_count":0,"master_deck":["AscendersBane","Strike_R+1","Strike_R","Strike_R","Defend_R","Defend_R","Defend_R","Bash+1","HandOfGreed+1","Clash+1","Thunderclap","Armaments+1","Parasite","Anger","Clash","Bludgeon","True Grit","Shockwave","Fire Breathing","Demon Form","Shrug It Off","Clothesline","Metallicize","Iron Wave","Berserk","Dark Embrace+1","Wild Strike+1","Bloodletting+1","Cleave+1","Flame Barrier"],"relics":["Burning Blood","Blood Vial","Golden Idol","Mummified Hand","Fusion Hammer","Eternal Feather","Art of War","Mango","Red Skull","Whetstone","Astrolabe","Girya"],"acts_visited":["Exordium","TheCity","TheBeyond"],"potions_floor_usage":[21,23,23,30,31,33,38],"damage_taken":[{"damage":4,"enemies":"2 Louse","floor":1,"turns":5},{"damage":6,"enemies":"Small Slimes","floor":7,"turns":4},{"damage":2,"enemies":"Jaw Worm","floor":13,"turns":3},{"damage":13,"enemies":"Lots of Slimes","floor":14,"turns":5},{"damage":27,"enemies":"Slime Boss","floor":16,"turns":9},{"damage":40,"enemies":"Shell Parasite","floor":18,"turns":5},{"damage":25,"enemies":"2 Thieves","floor":20,"turns":4},{"damage":28,"enemies":"Centurion and Healer","floor":21,"turns":5},{"damage":25,"enemies":"Gremlin Leader","floor":23,"turns":6},{"damage":21,"enemies":"Book of Stabbing","floor":30,"turns":4},{"damage":0,"enemies":"Snake Plant","floor":31,"turns":1},{"damage":59,"enemies":"Automaton","floor":33,"turns":8},{"damage":9,"enemies":"3 Shapes","floor":35,"turns":5},{"damage":49,"enemies":"Mind Bloom Boss Battle","floor":36,"turns":7},{"damage":89,"enemies":"3 Darklings","floor":38,"turns":6}],"seed_played":"-5348051059418734314","potions_obtained":[{"floor":1,"key":"BloodPotion"},{"floor":13,"key":"LiquidMemories"},{"floor":18,"key":"BloodPotion"},{"floor":28,"key":"SmokeBomb"},{"floor":28,"key":"Strength Potion"},{"floor":30,"key":"AttackPotion"},{"floor":35,"key":"Strength Potion"}],"is_trial":false,"path_per_floor":["M","$","?","?","$","R","M","R","T","?","R","?","M","M","R","B",null,"M","$","M","M","$","E","R","T","T","R","?","R","E","M","R","B",null,"M","?","?","M"],"character_chosen":"IRONCLAD","items_purchased":["Thunderclap","Eternal Feather","Shockwave","Shrug It Off","Swift Potion","Clothesline"],"campfire_rested":4,"item_purchase_floors":[2,19,19,22,22,22],"current_hp_per_floor":[68,68,57,34,34,54,56,56,56,68,68,73,73,66,66,47,67,35,35,18,12,12,9,45,59,59,87,87,87,72,80,87,34,74,73,32,71,0,0],"gold":274,"neow_bonus":"RANDOM_COLORLESS_2","is_daily":false,"chose_seed":false,"campfire_upgraded":3,"win_rate":0.0,"timestamp":1611530056,"path_taken":["M","$","?","?","$","R","M","R","T","?","R","?","?","?","R","BOSS","M","$","M","M","$","E","R","?","T","R","?","R","E","?","R","BOSS","M","?","?","M"],"items_purchased_type":["Card","Relic","Card","Card","Potion","Card"],"build_version":"2020-12-22","purchased_purges":0,"victory":false,"max_hp_per_floor":[68,68,68,68,68,68,68,68,68,68,68,73,73,73,73,73,73,73,73,73,73,73,73,73,87,87,87,87,87,87,87,87,87,87,87,87,71,71,71],"relic_stats":{"Blood Vial":18,"counters":[15,77],"Golden Idol":92,"Mummified Hand":[22],"Astrolabe":["Dark Embrace","Wild Strike","Bloodletting"],"Eternal Feather":37,"Art of War":[5],"Whetstone":["Strike_R","Clash"],"obtain_stats":[{"Blood Vial":3,"Girya":36,"Golden Idol":4,"Mummified Hand":9,"Astrolabe":34,"Eternal Feather":19,"Mango":25,"Fusion Hammer":17,"Art of War":23,"Whetstone":30,"Burning Blood":0,"Red Skull":26},{"Blood Vial":1,"Girya":14,"Golden Idol":1,"Mummified Hand":2,"Astrolabe":12,"Eternal Feather":6,"Mango":9,"Fusion Hammer":5,"Art of War":9,"Whetstone":10,"Burning Blood":0,"Red Skull":9},{"Blood Vial":5,"Girya":71,"Golden Idol":5,"Mummified Hand":9,"Astrolabe":59,"Eternal Feather":31,"Mango":46,"Fusion Hammer":26,"Art of War":46,"Whetstone":50,"Burning Blood":0,"Red Skull":46}],"Burning Blood":78},"card_choices":[{"not_picked":["Secret Technique","Secret Weapon"],"picked":"HandOfGreed","floor":0},{"not_picked":["Armaments","Heavy Blade"],"picked":"Clash","floor":1},{"not_picked":["Wild Strike","Dual Wield"],"picked":"Armaments","floor":7},{"not_picked":["Evolve","Heavy Blade"],"picked":"Anger","floor":13},{"not_picked":["Wild Strike","Headbutt"],"picked":"Clash","floor":14},{"not_picked":["Impervious","Reaper"],"picked":"Bludgeon","floor":16},{"not_picked":["Heavy Blade","Havoc"],"picked":"True Grit","floor":18},{"not_picked":["Power Through","Reckless Charge"],"picked":"Fire Breathing","floor":20},{"not_picked":["Body Slam","Armaments"],"picked":"Demon Form","floor":21},{"not_picked":["True Grit","Sentinel"],"picked":"Metallicize","floor":23},{"not_picked":["Battle Trance","Bloodletting"],"picked":"Iron Wave","floor":30},{"not_picked":["Exhume","Offering"],"picked":"Berserk","floor":33},{"not_picked":["Thunderclap","Clash+1"],"picked":"Cleave+1","floor":35},{"not_picked":["Sword Boomerang+1","Havoc"],"picked":"Flame Barrier","floor":36}],"player_experience":1518531,"relics_obtained":[{"floor":9,"key":"Mummified Hand"},{"floor":23,"key":"Art of War"},{"floor":25,"key":"Mango"},{"floor":26,"key":"Red Skull"},{"floor":30,"key":"Whetstone"},{"floor":36,"key":"Girya"}],"event_choices":[{"damage_healed":0,"gold_gain":0,"player_choice":"Success","damage_taken":11,"relics_obtained":["Blood Vial"],"max_hp_gain":0,"max_hp_loss":0,"event_name":"Scrap Ooze","floor":3,"gold_loss":0},{"damage_healed":0,"gold_gain":0,"player_choice":"Take Damage","damage_taken":23,"relics_obtained":["Golden Idol"],"max_hp_gain":0,"max_hp_loss":0,"event_name":"Golden Idol","floor":4,"gold_loss":0},{"damage_healed":17,"gold_gain":0,"player_choice":"Healed and dodged fight","damage_taken":0,"max_hp_gain":0,"max_hp_loss":0,"event_name":"Mushrooms","floor":10,"gold_loss":0,"cards_obtained":["Parasite"]},{"damage_healed":0,"gold_gain":0,"player_choice":"Donut","damage_taken":0,"max_hp_gain":5,"max_hp_loss":0,"event_name":"Big Fish","floor":12,"gold_loss":0},{"damage_healed":0,"gold_gain":0,"player_choice":"Got Potions","damage_taken":0,"max_hp_gain":0,"max_hp_loss":0,"event_name":"Lab","floor":28,"gold_loss":0},{"damage_healed":0,"gold_gain":0,"player_choice":"Fight","damage_taken":0,"max_hp_gain":0,"max_hp_loss":0,"event_name":"MindBloom","floor":36,"gold_loss":0},{"damage_healed":71,"gold_gain":0,"player_choice":"Heal","damage_taken":0,"max_hp_gain":0,"max_hp_loss":16,"event_name":"The Moai Head","floor":37,"gold_loss":0}],"is_beta":false,"boss_relics":[{"not_picked":["Black Star","SacredBark"],"picked":"Fusion Hammer"},{"not_picked":["Tiny House","Pandora\u0027s Box"],"picked":"Astrolabe"}],"items_purged_floors":[],"is_endless":false,"potions_floor_spawned":[1,13,16,18,30,35],"killed_by":"3 Darklings","ascension_level":20}}