{"host":"agbyy69nq62afhwx","time":1611521978,"event":{"mods":["BaseMod","Colored Map","DeckTracker","Highlight Path","Keyboard Shortcuts","Minty Spire (QoL Compilation)","Quick Restart","StSLib","SuperFastMode","everything is the same but u backflip on backflip"],"gold_per_floor":[119,131,63,63,63,63,107,107,183,204,240,252,287,299,311,419,431,456,468,500,10,24,37,78,101,101,120,120,140,140,158,158,254,254,274,274,137,161,180,218,218,239,289,333,333,692,728,751,751,751],"floor_reached":51,"language":"KOR","playtime":1752,"items_purged":["Parasite","Decay"],"score":1444,"play_id":"1448cb6e-ad03-41a1-a409-8b2713c5d525","local_time":"20210125055938","is_ascension_mode":true,"campfire_choices":[{"data":"Eruption","floor":6.0,"key":"SMITH"},{"data":"SpiritShield","floor":8.0,"key":"SMITH"},{"data":"MentalFortress","floor":12.0,"key":"SMITH"},{"data":"Judgement","floor":15.0,"key":"SMITH"},{"data":"Pray","floor":28.0,"key":"SMITH"},{"data":"Wallop","floor":30.0,"key":"SMITH"},{"floor":32.0,"key":"REST"},{"floor":41.0,"key":"REST"},{"floor":45,"key":"REST"},{"floor":49,"key":"REST"}],"circlet_count":0,"master_deck":["AscendersBane","Strike_P","Strike_P","Strike_P","Defend_P","Defend_P","Defend_P","Defend_P","Eruption+1","Vigilance","Judgement+1","Wallop+1","SandsOfTime","MentalFortress+1","SpiritShield+1","Pray+1","FollowUp","Tantrum","ConjureBlade","Halt","PathToVictory","Apotheosis","EmptyFist","WheelKick","Study","Evaluate","DevaForm","Adaptation"],"relics":["HolyWater","Golden Idol","Damaru","Meat on the Bone","MawBank","Snecko Eye","Pantograph","Pear","Mercury Hourglass","Vajra","CeramicFish","Art of War","Old Coin","Blood Vial"],"acts_visited":["Exordium","TheCity","TheBeyond"],"potions_floor_usage":[50],"damage_taken":[{"damage":0.0,"enemies":"2 Louse","floor":1.0,"turns":2.0},{"damage":0.0,"enemies":"Small Slimes","floor":2.0,"turns":3.0},{"damage":32.0,"enemies":"Gremlin Nob","floor":7.0,"turns":3.0},{"damage":0.0,"enemies":"Jaw Worm","floor":10.0,"turns":2.0},{"damage":12.0,"enemies":"3 Sentries","floor":11.0,"turns":4.0},{"damage":0.0,"enemies":"2 Fungi Beasts","floor":13.0,"turns":2.0},{"damage":0.0,"enemies":"Slime Boss","floor":16.0,"turns":6.0},{"damage":7.0,"enemies":"Shell Parasite","floor":18.0,"turns":5.0},{"damage":0.0,"enemies":"2 Thieves","floor":20.0,"turns":3.0},{"damage":0.0,"enemies":"Cultist and Chosen","floor":22.0,"turns":3.0},{"damage":4.0,"enemies":"Sentry and Sphere","floor":23.0,"turns":4.0},{"damage":16.0,"enemies":"Gremlin Leader","floor":24.0,"turns":4.0},{"damage":4.0,"enemies":"Chosen and Byrds","floor":25.0,"turns":5.0},{"damage":13.0,"enemies":"Centurion and Healer","floor":27.0,"turns":8.0},{"damage":0.0,"enemies":"Cultist and Chosen","floor":29.0,"turns":3.0},{"damage":8.0,"enemies":"Snake Plant","floor":31.0,"turns":2.0},{"damage":58.0,"enemies":"Automaton","floor":33.0,"turns":7.0},{"damage":0.0,"enemies":"3 Shapes","floor":35.0,"turns":3.0},{"damage":16.0,"enemies":"3 Darklings","floor":38.0,"turns":4.0},{"damage":0.0,"enemies":"Maw","floor":39.0,"turns":6.0},{"damage":52.0,"enemies":"Nemesis","floor":40.0,"turns":5.0},{"damage":9,"enemies":"4 Shapes","floor":42,"turns":6},{"damage":14,"enemies":"Reptomancer","floor":44,"turns":5},{"damage":4,"enemies":"2 Orb Walkers","floor":46,"turns":4},{"damage":35,"enemies":"Nemesis","floor":47,"turns":6},{"damage":0,"enemies":"Transient","floor":48,"turns":5},{"damage":55,"enemies":"Awakened One","floor":50,"turns":6}],"seed_played":"8335383853551089154","potions_obtained":[{"floor":1.0,"key":"PowerPotion"},{"floor":10.0,"key":"SteroidPotion"},{"floor":16.0,"key":"SkillPotion"},{"floor":20.0,"key":"StancePotion"}],"is_trial":false,"path_per_floor":["M","M","$","?","?","R","E","R","T","M","E","R","M","$","R","B",null,"M","?","M","$","M","M","E","M","T","M","R","M","R","M","R","B",null,"M","?","$","M","M","E","R","M","T","E","R","?","E","M","R","B",null],"character_chosen":"WATCHER","items_purchased":["MentalFortress","Apotheosis","Pantograph","Adaptation"],"campfire_rested":4,"item_purchase_floors":[3,21,21,37],"current_hp_per_floor":[65,65,65,47,52,52,20,20,20,32,32,32,44,44,44,44,69,62,62,62,62,62,58,52,48,48,47,47,47,47,51,76,38,73,73,73,73,57,57,17,42,45,45,43,68,64,41,43,68,41],"gold":751,"neow_bonus":"THREE_RARE_CARDS","is_daily":false,"chose_seed":false,"campfire_upgraded":6,"win_rate":0.0,"timestamp":1611521978,"path_taken":["M","M","$","?","?","R","E","R","T","M","E","R","?","$","R","BOSS","M","?","M","$","M","M","E","M","T","?","R","M","R","M","R","BOSS","M","?","$","M","?","E","R","M","T","E","R","?","E","M","R","BOSS"],"items_purchased_type":["Card","Card","Relic","Card"],"build_version":"2020-12-22","purchased_purges":2,"victory":true,"max_hp_per_floor":[72,72,72,72,77,77,77,77,77,77,77,77,77,77,77,77,77,77,77,77,74,74,74,84,84,84,84,84,84,84,84,84,84,84,84,84,84,84,84,84,84,84,84,84,84,84,84,84,84,84],"card_choices":[{"not_picked":["Brilliance","Vault"],"picked":"Judgement","floor":0.0},{"not_picked":["Nirvana","PathToVictory"],"picked":"Wallop","floor":1.0},{"not_picked":["ReachHeaven","CutThroughFate"],"picked":"SandsOfTime","floor":2.0},{"not_picked":["JustLucky","Consecrate"],"picked":"SpiritShield","floor":7.0},{"not_picked":["Protect","Collect"],"picked":"Pray","floor":10.0},{"not_picked":["MasterReality","EmptyMind"],"picked":"FollowUp","floor":11.0},{"not_picked":["JustLucky","Protect"],"picked":"Tantrum","floor":13.0},{"not_picked":["MasterReality","Blasphemy"],"picked":"ConjureBlade","floor":16.0},{"not_picked":["WindmillStrike","JustLucky"],"picked":"Halt","floor":18.0},{"not_picked":["CutThroughFate","ThirdEye","FlurryOfBlows"],"picked":"SKIP","floor":20.0},{"not_picked":["EmptyFist","SashWhip","PathToVictory"],"picked":"SKIP","floor":22.0},{"not_picked":["SashWhip","PathToVictory"],"picked":"EmptyFist","floor":22.0},{"not_picked":["CutThroughFate","JustLucky+1"],"picked":"WheelKick","floor":23.0},{"not_picked":["Crescendo","Consecrate"],"picked":"Study","floor":24.0},{"not_picked":["Wireheading","FlurryOfBlows","EmptyMind"],"picked":"SKIP","floor":25.0},{"not_picked":["CrushJoints","Crescendo","LessonLearned"],"picked":"SKIP","floor":27.0},{"not_picked":["Halt","Consecrate","SashWhip"],"picked":"SKIP","floor":29.0},{"not_picked":["ClearTheMind+1","ThirdEye"],"picked":"Evaluate","floor":31.0},{"not_picked":["Blasphemy","Ragnarok"],"picked":"DevaForm","floor":33.0},{"not_picked":["Wallop","SignatureMove","Conclude"],"picked":"SKIP","floor":35.0},{"not_picked":["ClearTheMind+1","FlurryOfBlows+1","CutThroughFate"],"picked":"SKIP","floor":38.0},{"not_picked":["SandsOfTime","Crescendo","Adaptation"],"picked":"SKIP","floor":39.0},{"not_picked":["LikeWater","Wallop+1","Swivel"],"picked":"SKIP","floor":40.0},{"not_picked":["BattleHymn+1","EmptyFist+1","SignatureMove+1"],"picked":"SKIP","floor":42},{"not_picked":["FlyingSleeves+1","ClearTheMind","SignatureMove"],"picked":"SKIP","floor":44},{"not_picked":["SignatureMove","FlyingSleeves","Halt+1"],"picked":"SKIP","floor":47},{"not_picked":["SignatureMove","FlyingSleeves","Halt+1"],"picked":"SKIP","floor":47},{"not_picked":["SandsOfTime+1","CutThroughFate+1","Indignation"],"picked":"SKIP","floor":48}],"player_experience":467502,"relics_obtained":[{"floor":7.0,"key":"Damaru"},{"floor":9.0,"key":"Meat on the Bone"},{"floor":11.0,"key":"MawBank"},{"floor":24.0,"key":"Pear"},{"floor":26.0,"key":"Mercury Hourglass"},{"floor":40.0,"key":"Vajra"},{"floor":43,"key":"CeramicFish"},{"floor":44,"key":"Art of War"},{"floor":46,"key":"Old Coin"},{"floor":47,"key":"Blood Vial"}],"event_choices":[{"damage_healed":0.0,"max_hp_gain":0.0,"max_hp_loss":0.0,"gold_gain":0.0,"event_name":"Golden Idol","player_choice":"Take Damage","floor":4.0,"gold_loss":0.0,"damage_taken":18.0,"relics_obtained":["Golden Idol"]},{"damage_healed":0.0,"max_hp_gain":5.0,"max_hp_loss":0.0,"gold_gain":0.0,"event_name":"Big Fish","player_choice":"Donut","floor":5.0,"gold_loss":0.0,"damage_taken":0.0},{"damage_healed":0.0,"max_hp_gain":0.0,"max_hp_loss":0.0,"gold_gain":0.0,"cards_transformed":["Strike_P"],"event_name":"Transmorgrifier","player_choice":"Transformed","floor":19.0,"gold_loss":0.0,"damage_taken":0.0,"cards_obtained":["PathToVictory"]},{"damage_healed":0.0,"max_hp_gain":0.0,"max_hp_loss":0.0,"gold_gain":0.0,"event_name":"Wheel of Change","player_choice":"Cursed","floor":36.0,"gold_loss":0.0,"damage_taken":0.0,"cards_obtained":["Decay"]},{"damage_healed":0,"gold_gain":0,"player_choice":"Fight","damage_taken":0,"max_hp_gain":0,"max_hp_loss":0,"event_name":"Mysterious Sphere","floor":46,"gold_loss":0}],"is_beta":false,"boss_relics":[{"not_picked":["Tiny House","Black Star"],"picked":"Snecko Eye"},{"not_picked":["Astrolabe","Pandora\u0027s Box"],"picked":"HolyWater"}],"items_purged_floors":[21,37],"is_endless":false,"potions_floor_spawned":[1,10,13,16,18,20,23,29,33,38,40,47],"ascension_level":13}}