{"host":"j4g6ia6asvpyu2b0","time":1611505190,"event":{"mods":["BaseMod","Colored Map","Minty Spire (QoL Compilation)","Permanent Neow","Quick Restart","Relic Stats","StSLib","Unceasing Turn Reminder"],"gold_per_floor":[114,133,156,167,182,182,194,194,218,218,249,299,333,352,352,429,479,497,108,58,70,90,117,117,142,142,160,176,208,208,308,308,308,308],"floor_reached":33,"language":"ENG","playtime":1749,"items_purged":["Strike_G"],"score":602,"play_id":"ad4e6b81-0b1f-4d0f-9b19-e62fb8784720","local_time":"20210124091950","is_ascension_mode":true,"campfire_choices":[{"data":"Blade Dance","floor":6.0,"key":"SMITH"},{"data":"Neutralize","floor":8.0,"key":"SMITH"},{"data":"Accuracy","floor":10.0,"key":"SMITH"},{"data":"Venomology","floor":15,"key":"SMITH"},{"data":"Well Laid Plans","floor":24,"key":"SMITH"},{"data":"Terror","floor":30,"key":"SMITH"},{"floor":32,"key":"REST"}],"circlet_count":0,"master_deck":["AscendersBane","Strike_G","Strike_G","Strike_G","Strike_G","Defend_G","Defend_G","Defend_G+1","Defend_G","Defend_G","Survivor","Neutralize+1","Backstab","Blade Dance+1","Deadly Poison","Accuracy+1","Flying Knee","Poisoned Stab","Venomology+1","Dodge and Roll","Envenom+1","PiercingWail","Choke","Well Laid Plans+1","Leg Sweep","Leg Sweep+1","Flying Knee","Terror+1","Predator","Deadly Poison","Footwork","Glass Knife","Dodge and Roll"],"relics":["Ring of the Snake","Incense Burner","Orichalcum","Potion Belt","HornCleat","Ornamental Fan","Tiny House","Vajra","Bottled Lightning","Tiny Chest","Calipers","PreservedInsect","StoneCalendar","Bottled Tornado"],"acts_visited":["Exordium","TheCity"],"potions_floor_usage":[13,18,18,21,21,23,23,23,25,25,25,27,29,29,31,31,31,31,33],"damage_taken":[{"damage":2.0,"enemies":"Cultist","floor":1.0,"turns":5.0},{"damage":0.0,"enemies":"2 Louse","floor":2.0,"turns":3.0},{"damage":0.0,"enemies":"Jaw Worm","floor":4.0,"turns":2.0},{"damage":0.0,"enemies":"Exordium Wildlife","floor":5.0,"turns":2.0},{"damage":0.0,"enemies":"2 Fungi Beasts","floor":7.0,"turns":2.0},{"damage":3.0,"enemies":"3 Sentries","floor":11.0,"turns":7.0},{"damage":1,"enemies":"Lagavulin","floor":13,"turns":5},{"damage":0,"enemies":"Blue Slaver","floor":14,"turns":3},{"damage":20,"enemies":"Hexaghost","floor":16,"turns":10},{"damage":8,"enemies":"Shell Parasite","floor":18,"turns":6},{"damage":0,"enemies":"Chosen","floor":21,"turns":4},{"damage":0,"enemies":"Snake Plant","floor":22,"turns":5},{"damage":4,"enemies":"Slavers","floor":23,"turns":7},{"damage":3,"enemies":"Book of Stabbing","floor":25,"turns":6},{"damage":10,"enemies":"Sentry and Sphere","floor":27,"turns":10},{"damage":0,"enemies":"Centurion and Healer","floor":28,"turns":6},{"damage":20,"enemies":"Gremlin Leader","floor":29,"turns":9},{"damage":6,"enemies":"Colosseum Slavers","floor":31,"turns":3},{"damage":0,"enemies":"Colosseum Nobs","floor":31,"turns":4},{"damage":0,"enemies":"Automaton","floor":33,"turns":6}],"seed_played":"-6766684762320662193","potions_obtained":[{"floor":1.0,"key":"AttackPotion"},{"floor":4.0,"key":"SkillPotion"},{"floor":11.0,"key":"Poison Potion"},{"floor":16,"key":"SteroidPotion"},{"floor":17,"key":"Weak Potion"},{"floor":18,"key":"SteroidPotion"},{"floor":23,"key":"SteroidPotion"},{"floor":28,"key":"Swift Potion"},{"floor":29,"key":"Explosive Potion"}],"is_trial":false,"path_per_floor":["M","M","T","M","M","R","M","R","T","R","E","?","E","M","R","B",null,"M","$","?","M","M","E","R","E","T","M","M","E","R","?","R","B"],"character_chosen":"THE_SILENT","items_purchased":["Vajra","Well Laid Plans","Leg Sweep"],"campfire_rested":1,"item_purchase_floors":[19,19,19],"current_hp_per_floor":[57,57,57,57,57,57,57,57,57,57,54,48,47,47,47,27,57,49,49,49,49,49,45,45,42,42,32,32,12,12,6,25,25,25],"gold":308,"neow_bonus":"ONE_RARE_RELIC","is_daily":false,"chose_seed":false,"campfire_upgraded":6,"win_rate":0.0,"timestamp":1611505190,"path_taken":["M","M","?","M","M","R","M","R","T","R","E","?","E","?","R","BOSS","M","$","?","?","M","E","R","E","T","M","M","E","R","?","R","BOSS"],"items_purchased_type":["Relic","Card","Card"],"build_version":"2020-12-22","purchased_purges":1,"victory":false,"max_hp_per_floor":[60,60,60,60,60,60,60,60,60,60,60,60,60,60,60,60,65,65,65,65,65,65,65,65,65,65,65,65,65,65,65,65,65,65],"relic_stats":{"counters":[20,105],"Ornamental Fan":[108],"Tiny Chest":0,"StoneCalendar":[0],"PreservedInsect":38,"Orichalcum":[156],"obtain_stats":[{"Potion Belt":9,"Tiny House":17,"Calipers":26,"Vajra":19,"StoneCalendar":31,"PreservedInsect":29,"Incense Burner":0,"Orichalcum":3,"Bottled Tornado":31,"HornCleat":11,"Ornamental Fan":13,"Tiny Chest":25,"Bottled Lightning":23,"Ring of the Snake":0},{"Potion Belt":5,"Tiny House":9,"Calipers":14,"Vajra":10,"StoneCalendar":19,"PreservedInsect":17,"Incense Burner":0,"Orichalcum":2,"Bottled Tornado":19,"HornCleat":6,"Ornamental Fan":7,"Tiny Chest":14,"Bottled Lightning":13,"Ring of the Snake":0},{"Potion Belt":14,"Tiny House":39,"Calipers":67,"Vajra":45,"StoneCalendar":99,"PreservedInsect":92,"Incense Burner":0,"Orichalcum":8,"Bottled Tornado":99,"HornCleat":21,"Ornamental Fan":26,"Tiny Chest":67,"Bottled Lightning":61,"Ring of the Snake":0}],"Ring of the Snake":[40]},"card_choices":[{"not_picked":["Dodge and Roll","Flying Knee"],"picked":"Backstab","floor":1.0},{"not_picked":["Caltrops","Distraction"],"picked":"Blade Dance","floor":2.0},{"not_picked":["Dagger Spray","Dodge and Roll"],"picked":"Deadly Poison","floor":4.0},{"not_picked":["Outmaneuver","Deflect"],"picked":"Accuracy","floor":5.0},{"not_picked":["Dodge and Roll","Skewer"],"picked":"Flying Knee","floor":7.0},{"not_picked":["Expertise","Flechettes"],"picked":"Poisoned Stab","floor":11.0},{"not_picked":["Sucker Punch","Dagger Throw"],"picked":"Venomology","floor":13},{"not_picked":["Endless Agony","Poisoned Stab"],"picked":"Dodge and Roll","floor":14},{"not_picked":["Doppelganger","Bullet Time"],"picked":"Envenom","floor":16},{"not_picked":["Deflect","Endless Agony"],"picked":"PiercingWail","floor":17},{"not_picked":["Tactician","Leg Sweep"],"picked":"Choke","floor":18},{"not_picked":["Outmaneuver","Underhanded Strike"],"picked":"Leg Sweep+1","floor":21},{"not_picked":["Acrobatics","Quick Slash"],"picked":"Flying Knee","floor":22},{"not_picked":["Deadly Poison","All Out Attack+1"],"picked":"Terror","floor":23},{"not_picked":["All Out Attack","Reflex+1"],"picked":"Predator","floor":25},{"not_picked":["Eviscerate","Flying Knee"],"picked":"Deadly Poison","floor":27},{"not_picked":["Deadly Poison+1","Flying Knee"],"picked":"Footwork","floor":28},{"not_picked":["Poisoned Stab","Caltrops"],"picked":"Glass Knife","floor":29},{"not_picked":["Dagger Spray","Flying Knee"],"picked":"Dodge and Roll","floor":31}],"player_experience":982892,"relics_obtained":[{"floor":3.0,"key":"Orichalcum"},{"floor":9.0,"key":"Potion Belt"},{"floor":11.0,"key":"HornCleat"},{"floor":13,"key":"Ornamental Fan"},{"floor":23,"key":"Bottled Lightning"},{"floor":25,"key":"Tiny Chest"},{"floor":26,"key":"Calipers"},{"floor":29,"key":"PreservedInsect"},{"floor":31,"key":"StoneCalendar"},{"floor":31,"key":"Bottled Tornado"}],"event_choices":[{"damage_healed":0,"gold_gain":50,"player_choice":"Touch","damage_taken":6,"max_hp_gain":0,"max_hp_loss":0,"event_name":"FaceTrader","floor":12,"gold_loss":0},{"damage_healed":0,"gold_gain":0,"player_choice":"Upgrade","damage_taken":0,"max_hp_gain":0,"max_hp_loss":0,"event_name":"Designer","floor":20,"gold_loss":50,"cards_upgraded":["Envenom"]},{"damage_healed":0,"gold_gain":0,"player_choice":"Fight","damage_taken":0,"max_hp_gain":0,"max_hp_loss":0,"event_name":"Colosseum","floor":31,"gold_loss":0},{"damage_healed":0,"gold_gain":0,"player_choice":"Fought Nobs","damage_taken":0,"max_hp_gain":0,"max_hp_loss":0,"event_name":"Colosseum","floor":31,"gold_loss":0}],"is_beta":false,"boss_relics":[{"not_picked":["Velvet Choker","Sozu"],"picked":"Tiny House"}],"items_purged_floors":[19],"is_endless":false,"potions_floor_spawned":[1,4,5,11,16,18,23,28,29,31],"killed_by":"Automaton","ascension_level":18}}