{"host":"cgy","time":1611476666,"event":{"mods":["BaseMod","Downfall","Minty Spire (QoL Compilation)","StSLib","The Bug Knight","Warlord Emblem"],"gold_per_floor":[118,118,133,133,133,133,147,147,147,173,200,234,262,274,286,398,410,433,463,485,497,26,52,52,86,140,211,229,229,229,248,248,346,346,356,367,139,139,156,187,187,206,206,116,146,164,181,207,207,207],"floor_reached":51,"language":"ZHS","playtime":2589,"items_purged":["Defend_B","Defend_B"],"score":835,"play_id":"90a36f9b-5691-48ee-a07e-0b6ecdee173a","local_time":"20210124162426","is_ascension_mode":false,"campfire_choices":[{"data":"Zap","floor":6.0,"key":"SMITH"},{"data":"FTL","floor":8.0,"key":"SMITH"},{"data":"Darkness","floor":15.0,"key":"SMITH"},{"data":"Loop","floor":24.0,"key":"SMITH"},{"floor":29.0,"key":"REST"},{"data":"Lockon","floor":32.0,"key":"SMITH"},{"floor":41.0,"key":"REST"},{"floor":49,"key":"REST"}],"circlet_count":0,"master_deck":["Strike_B+1","Strike_B+1","Defend_B+1","Defend_B","Zap+1","Cold Snap","Darkness+1","Chaos+1","FTL+1","Coolheaded","Ball Lightning","Leap","Thunder Strike","Beam Cell","Loop+1","Lockon+1","Sweeping Beam","Chaos+1","FTL","Go for the Eyes","Electrodynamics","Capacitor","Blizzard+1","Sweeping Beam+1","Go for the Eyes+1","Redo+1","Fusion+1","Defragment","Genetic Algorithm+1"],"relics":["WarlordEmblem:SoulOfKael","NeowsBlessing","Orichalcum","Pen Nib","Regal Pillow","Potion Belt","MawBank","SacredBark","Matryoshka","DollysMirror","Bronze Scales","Toy Ornithopter","MealTicket","Boot","Whetstone","HollowMod:StagPassRelic","SlaversCollar","Smiling Mask","Darkstone Periapt","Incense Burner","Centennial Puzzle"],"acts_visited":["Exordium","TheCity","TheBeyond"],"potions_floor_usage":[45,45,45,50],"damage_taken":[{"damage":0.0,"enemies":"Jaw Worm","floor":1.0,"turns":1.0},{"damage":0.0,"enemies":"2 Louse","floor":3.0,"turns":1.0},{"damage":0.0,"enemies":"Small Slimes","floor":7.0,"turns":1.0},{"damage":6.0,"enemies":"Gremlin Nob","floor":10.0,"turns":4.0},{"damage":8.0,"enemies":"Lagavulin","floor":12.0,"turns":3.0},{"damage":0.0,"enemies":"Looter","floor":13.0,"turns":3.0},{"damage":24.0,"enemies":"Hexaghost","floor":16.0,"turns":7.0},{"damage":4.0,"enemies":"Chosen","floor":18.0,"turns":3.0},{"damage":3.0,"enemies":"Spheric Guardian","floor":19.0,"turns":4.0},{"damage":11.0,"enemies":"Chosen and Byrds","floor":20.0,"turns":5.0},{"damage":15.0,"enemies":"Slavers","floor":23.0,"turns":3.0},{"damage":1.0,"enemies":"Gremlin Leader","floor":25.0,"turns":4.0},{"damage":20.0,"enemies":"Centurion and Healer","floor":28.0,"turns":3.0},{"damage":0.0,"enemies":"Cultist and Chosen","floor":31.0,"turns":6.0},{"damage":39.0,"enemies":"Collector","floor":33.0,"turns":10.0},{"damage":11.0,"enemies":"Orb Walker","floor":35.0,"turns":3.0},{"damage":29.0,"enemies":"3 Darklings","floor":36.0,"turns":4.0},{"damage":18.0,"enemies":"Spire Growth","floor":39.0,"turns":4.0},{"damage":13.0,"enemies":"Nemesis","floor":40.0,"turns":5.0},{"damage":9.0,"enemies":"Maw","floor":42.0,"turns":7.0},{"damage":30,"enemies":"Reptomancer","floor":45,"turns":4},{"damage":18,"enemies":"Sphere and 2 Shapes","floor":46,"turns":4},{"damage":0,"enemies":"Jaw Worm Horde","floor":47,"turns":3},{"damage":3,"enemies":"Giant Head","floor":48,"turns":6},{"damage":64,"enemies":"Awakened One","floor":50,"turns":9}],"seed_played":"-4924876078871192957","potions_obtained":[{"floor":1.0,"key":"champ:CounterPotion"},{"floor":10.0,"key":"AttackPotion"},{"floor":12.0,"key":"FairyPotion"},{"floor":18.0,"key":"SkillPotion"},{"floor":20.0,"key":"DuplicationPotion"},{"floor":25.0,"key":"Fire Potion"},{"floor":28.0,"key":"SkillPotion"},{"floor":35.0,"key":"Energy Potion"},{"floor":38.0,"key":"SteroidPotion"},{"floor":38.0,"key":"SkillPotion"},{"floor":40.0,"key":"DuplicationPotion"},{"floor":46,"key":"PowerPotion"}],"is_trial":false,"path_per_floor":["M","?","M","?","?","R","M","R","T","E","T","E","M","$","R","B",null,"M","M","M","?","$","E","R","E","T","T","M","R","?","M","R","B",null,"M","M","$","?","M","E","R","M","T","?","E","M","M","E","R","B",null],"character_chosen":"Kael","items_purchased":["Matryoshka","DollysMirror","Blizzard","SkillPotion"],"campfire_rested":3,"item_purchase_floors":[22,22,37,37],"current_hp_per_floor":[75,80,80,68,68,68,68,68,68,62,62,54,54,54,54,30,80,76,73,62,62,62,47,47,46,46,46,31,70,70,75,75,36,80,69,40,55,55,37,29,68,64,64,64,49,31,31,28,67,8],"gold":207,"neow_bonus":"THREE_ENEMY_KILL","is_daily":false,"chose_seed":false,"campfire_upgraded":5,"win_rate":0.0,"timestamp":1611476666,"path_taken":["M","?","M","?","?","R","M","R","T","E","?","E","M","$","R","BOSS","M","M","?","?","?","E","R","E","T","?","M","R","?","?","R","BOSS","M","M","$","?","M","E","R","?","T","?","E","?","?","E","R","BOSS"],"items_purchased_type":["Relic","Relic","Card","Potion"],"build_version":"2020-12-18","purchased_purges":2,"victory":true,"max_hp_per_floor":[75,80,80,80,80,80,80,80,80,80,80,80,80,80,80,80,80,80,80,80,80,80,80,80,80,80,80,80,80,80,80,80,80,80,80,80,80,80,80,80,80,80,80,80,80,80,80,80,80,80],"card_choices":[{"not_picked":["Stack","Streamline"],"picked":"FTL","floor":1.0},{"not_picked":["Rebound","Blizzard"],"picked":"Coolheaded","floor":3.0},{"not_picked":["Turbo","Hello World"],"picked":"Ball Lightning","floor":7.0},{"not_picked":["Multi-Cast","Stack"],"picked":"Leap","floor":10.0},{"not_picked":["Reboot","Static Discharge"],"picked":"Thunder Strike","floor":12.0},{"not_picked":["Leap","Rebound"],"picked":"Beam Cell","floor":13.0},{"not_picked":["Go for the Eyes","Rip and Tear"],"picked":"Loop","floor":18.0},{"not_picked":["Hologram+1","Static Discharge"],"picked":"Lockon","floor":19.0},{"not_picked":["Steam Power","Rebound+1"],"picked":"Sweeping Beam","floor":20.0},{"not_picked":["Consume","Skim","Doom and Gloom"],"picked":"SKIP","floor":23.0},{"not_picked":["Compile Driver","BootSequence"],"picked":"FTL","floor":25.0},{"not_picked":["Hologram+1","Barrage"],"picked":"Go for the Eyes","floor":28.0},{"not_picked":["Barrage","Loop","Gash"],"picked":"SKIP","floor":31.0},{"not_picked":["Machine Learning","Thunder Strike"],"picked":"Electrodynamics","floor":33.0},{"not_picked":["Auto Shields","Reprogram+1","Steam"],"picked":"SKIP","floor":35.0},{"not_picked":["Sweeping Beam+1","Sunder+1"],"picked":"Capacitor","floor":36.0},{"not_picked":["Hologram+1","Rebound+1"],"picked":"Sweeping Beam+1","floor":39.0},{"not_picked":["Auto Shields+1","Gash"],"picked":"Go for the Eyes+1","floor":40.0},{"not_picked":["FTL","Genetic Algorithm+1"],"picked":"Redo+1","floor":42.0},{"not_picked":["FTL+1","Gash"],"picked":"Fusion+1","floor":45},{"not_picked":["Barrage","Go for the Eyes+1"],"picked":"Defragment","floor":46},{"not_picked":["Amplify","Steam","Streamline+1"],"picked":"SKIP","floor":47},{"not_picked":["Darkness","Beam Cell"],"picked":"Genetic Algorithm+1","floor":48}],"player_experience":124020,"relics_obtained":[{"floor":9.0,"key":"Pen Nib"},{"floor":10.0,"key":"Regal Pillow"},{"floor":11.0,"key":"Potion Belt"},{"floor":12.0,"key":"MawBank"},{"floor":23.0,"key":"Bronze Scales"},{"floor":25.0,"key":"Toy Ornithopter"},{"floor":26.0,"key":"MealTicket"},{"floor":26.0,"key":"Boot"},{"floor":27.0,"key":"Whetstone"},{"floor":27.0,"key":"HollowMod:StagPassRelic"},{"floor":40.0,"key":"Smiling Mask"},{"floor":43.0,"key":"Darkstone Periapt"},{"floor":45,"key":"Incense Burner"},{"floor":48,"key":"Centennial Puzzle"}],"event_choices":[{"damage_healed":0.0,"max_hp_gain":5.0,"max_hp_loss":0.0,"gold_gain":0.0,"event_name":"Big Fish","player_choice":"Donut","floor":2.0,"gold_loss":0.0,"damage_taken":0.0},{"damage_healed":0.0,"max_hp_gain":0.0,"max_hp_loss":0.0,"gold_gain":0.0,"event_name":"Scrap Ooze","player_choice":"Success","floor":4.0,"gold_loss":0.0,"damage_taken":12.0,"relics_obtained":["Orichalcum"]},{"damage_healed":0.0,"max_hp_gain":0.0,"max_hp_loss":0.0,"gold_gain":0.0,"event_name":"Living Wall","player_choice":"Grow","floor":5.0,"gold_loss":0.0,"damage_taken":0.0,"cards_upgraded":["Chaos"]},{"cards_removed":["Strike_B"],"damage_healed":0.0,"max_hp_gain":0.0,"max_hp_loss":0.0,"gold_gain":0.0,"event_name":"Purifier","player_choice":"Purged","floor":21.0,"gold_loss":0.0,"damage_taken":0.0},{"damage_healed":0.0,"max_hp_gain":0.0,"max_hp_loss":0.0,"gold_gain":0.0,"event_name":"Vampires","player_choice":"Ignored","floor":30.0,"gold_loss":0.0,"damage_taken":0.0},{"damage_healed":0.0,"max_hp_gain":0.0,"max_hp_loss":0.0,"gold_gain":0.0,"event_name":"Lab","player_choice":"Got Potions","floor":38.0,"gold_loss":0.0,"damage_taken":0.0},{"cards_removed":["Strike_B"],"damage_healed":0.0,"max_hp_gain":0.0,"max_hp_loss":0.0,"gold_gain":0.0,"event_name":"Designer","player_choice":"Upgrade and Remove","floor":44.0,"gold_loss":90.0,"damage_taken":0.0,"cards_upgraded":["Defend_B"]}],"is_beta":true,"boss_relics":[{"not_picked":["Coffee Dripper","Tiny House"],"picked":"SacredBark"},{"not_picked":["Fusion Hammer","Pandora\u0027s Box"],"picked":"SlaversCollar"}],"items_purged_floors":[22,37],"is_endless":false,"potions_floor_spawned":[1,10,12,18,20,25,28,35,40,46],"ascension_level":0}}