{"host":"Jinnai","time":1611510327,"event":{"mods":["BaseMod","Bestiary","Block Reminder","Colored Map","Colored Powertips","Highlight Path","Minty Spire (QoL Compilation)","Quick Restart","Relic Stats","StSLib"],"gold_per_floor":[114,114,130,33,48,79,79,110,110,140,150,168,194,229,229,300,300,379,405,26,74,116,146,221,252,252,252,252,99,129,175,175,252,252,295,295,368,2,82,111,153,179,203,236,236,86,86,86,86,86],"floor_reached":51,"language":"ENG","playtime":7343,"items_purged":["Strike_P","Strike_P","Defend_P","Defend_P"],"score":1918,"play_id":"cc282a37-7e72-4c1c-bb27-b5b92c592601","local_time":"20210124124527","is_ascension_mode":true,"campfire_choices":[{"data":"Fasting2","floor":7,"key":"SMITH"},{"data":"Meditate","floor":15,"key":"SMITH"},{"data":"TalkToTheHand","floor":28,"key":"SMITH"},{"data":"Wallop","floor":32,"key":"SMITH"},{"data":"CutThroughFate","floor":49,"key":"SMITH"}],"circlet_count":0,"master_deck":["AscendersBane","Defend_P+1","Eruption","Vigilance+1","Consecrate","SandsOfTime","Wallop+1","Fasting2+1","Meditate+1","Wallop+1","TalkToTheHand+1","ThirdEye+1","Prostrate+1","Wish+1","CutThroughFate+1","Omniscience+1","BowlingBash+1","Protect+1","Vault+1","Pray+1","Evaluate+1","SandsOfTime+1","Vault+1","SandsOfTime","Worship+1","Swivel+1","Vault+1","SandsOfTime"],"relics":["PureWater","MealTicket","Toxic Egg 2","Gremlin Horn","Tiny Chest","WingedGreaves","HornCleat","Snecko Eye","Art of War","War Paint","Pocketwatch","Bronze Scales","Oddly Smooth Stone","Singing Bowl","Coffee Dripper","Pantograph","Vajra","Omamori","Dream Catcher","PreservedInsect","Anchor"],"acts_visited":["Exordium","TheCity","TheBeyond"],"potions_floor_usage":[6,8,10,13,14,18,23,25,33,50],"damage_taken":[{"damage":12,"enemies":"Small Slimes","floor":1,"turns":4},{"damage":0,"enemies":"Cultist","floor":3,"turns":3},{"damage":0,"enemies":"Jaw Worm","floor":5,"turns":4},{"damage":0,"enemies":"Gremlin Nob","floor":6,"turns":3},{"damage":0,"enemies":"Lagavulin","floor":8,"turns":4},{"damage":5,"enemies":"3 Sentries","floor":10,"turns":4},{"damage":12,"enemies":"Exordium Wildlife","floor":11,"turns":5},{"damage":0,"enemies":"Blue Slaver","floor":12,"turns":4},{"damage":13,"enemies":"Lagavulin","floor":13,"turns":6},{"damage":0,"enemies":"3 Sentries","floor":14,"turns":3},{"damage":16,"enemies":"Hexaghost","floor":16,"turns":8},{"damage":9,"enemies":"2 Thieves","floor":18,"turns":3},{"damage":0,"enemies":"Chosen","floor":21,"turns":5},{"damage":6,"enemies":"Snake Plant","floor":22,"turns":4},{"damage":9,"enemies":"Slavers","floor":23,"turns":4},{"damage":9,"enemies":"Snecko","floor":24,"turns":6},{"damage":5,"enemies":"Gremlin Leader","floor":25,"turns":5},{"damage":0,"enemies":"Slavers","floor":30,"turns":2},{"damage":0,"enemies":"Sentry and Sphere","floor":31,"turns":5},{"damage":14,"enemies":"Collector","floor":33,"turns":8},{"damage":0,"enemies":"3 Shapes","floor":35,"turns":5},{"damage":11,"enemies":"Orb Walker","floor":37,"turns":4},{"damage":0,"enemies":"Jaw Worm Horde","floor":39,"turns":4},{"damage":0,"enemies":"Reptomancer","floor":40,"turns":3},{"damage":0,"enemies":"Maw","floor":41,"turns":5},{"damage":4,"enemies":"Giant Head","floor":42,"turns":5},{"damage":0,"enemies":"Nemesis","floor":44,"turns":4},{"damage":15,"enemies":"Time Eater","floor":50,"turns":6}],"seed_played":"6687574218169682567","potions_obtained":[{"floor":1,"key":"Energy Potion"},{"floor":6,"key":"AttackPotion"},{"floor":11,"key":"AttackPotion"},{"floor":12,"key":"Strength Potion"},{"floor":14,"key":"Ancient Potion"},{"floor":16,"key":"SteroidPotion"},{"floor":24,"key":"Regen Potion"},{"floor":33,"key":"StancePotion"}],"is_trial":false,"path_per_floor":["M","?","M","$","M","E","R","E","T","E","M","M","E","E","R","B",null,"M","T","$","M","M","E","M","E","T","?","R","$","E","M","R","B",null,"M","T","M","$","M","E","M","E","T","E","?","$","?","$","R","B",null],"character_chosen":"WATCHER","items_purchased":["Fasting2","Fire Potion","Protect+1","EssenceOfSteel","War Paint","Strength Potion","Vajra","SandsOfTime"],"campfire_rested":0,"item_purchase_floors":[4,4,20,20,20,29,38,38],"current_hp_per_floor":[55,55,55,55,55,55,55,55,55,50,38,38,25,25,25,9,58,49,49,64,64,58,49,40,49,49,49,49,64,64,66,66,52,70,72,72,63,78,78,78,80,76,76,76,76,82,82,82,82,67],"gold":86,"neow_bonus":"TEN_PERCENT_HP_BONUS","is_daily":false,"chose_seed":false,"campfire_upgraded":5,"win_rate":0.0,"timestamp":1611510327,"path_taken":["M","?","M","$","M","E","R","E","T","E","M","M","E","E","R","BOSS","M","?","$","M","M","E","M","E","T","?","R","$","E","?","R","BOSS","M","?","M","$","M","E","M","E","T","E","?","$","?","$","R","BOSS"],"items_purchased_type":["Card","Potion","Card","Potion","Relic","Potion","Relic","Card"],"build_version":"2020-12-18","purchased_purges":4,"victory":true,"max_hp_per_floor":[74,74,74,74,74,74,74,74,74,74,74,74,74,74,74,74,74,74,74,74,74,74,74,74,74,74,74,74,74,74,76,76,76,76,78,78,80,80,80,80,82,82,82,82,82,82,82,82,82,82],"relic_stats":{"Gremlin Horn":[25,25],"Singing Bowl":8,"counters":[28,126],"PreservedInsect":50,"War Paint":["Vigilance","Defend_P"],"Dream Catcher":0,"Bronze Scales":[83],"Pantograph":0,"Snecko Eye":[139,145,140,139],"MealTicket":51,"Tiny Chest":1,"Art of War":[8],"obtain_stats":[{"Gremlin Horn":9,"Singing Bowl":30,"Oddly Smooth Stone":26,"Vajra":38,"PreservedInsect":43,"Omamori":40,"War Paint":20,"Dream Catcher":42,"Anchor":44,"HornCleat":14,"Bronze Scales":25,"Pantograph":36,"Snecko Eye":17,"MealTicket":6,"Tiny Chest":10,"WingedGreaves":13,"Art of War":19,"Coffee Dripper":34,"PureWater":0,"Toxic Egg 2":8,"Pocketwatch":23},{"Gremlin Horn":5,"Singing Bowl":18,"Oddly Smooth Stone":17,"Vajra":22,"PreservedInsect":26,"Omamori":24,"War Paint":12,"Dream Catcher":26,"Anchor":27,"HornCleat":10,"Bronze Scales":17,"Pantograph":21,"Snecko Eye":11,"MealTicket":4,"Tiny Chest":6,"WingedGreaves":9,"Art of War":12,"Coffee Dripper":20,"PureWater":0,"Toxic Egg 2":5,"Pocketwatch":15},{"Gremlin Horn":18,"Singing Bowl":77,"Oddly Smooth Stone":75,"Vajra":99,"PreservedInsect":116,"Omamori":106,"War Paint":51,"Dream Catcher":116,"Anchor":120,"HornCleat":40,"Bronze Scales":75,"Pantograph":95,"Snecko Eye":48,"MealTicket":14,"Tiny Chest":22,"WingedGreaves":37,"Art of War":51,"Coffee Dripper":90,"PureWater":0,"Toxic Egg 2":18,"Pocketwatch":64}],"Pocketwatch":[16]},"card_choices":[{"not_picked":["Swivel","Protect"],"picked":"Consecrate","floor":1},{"not_picked":["CrushJoints","Study"],"picked":"Wallop","floor":3},{"not_picked":["CrushJoints","Collect"],"picked":"Meditate","floor":5},{"not_picked":["Brilliance","SignatureMove"],"picked":"Wallop","floor":6},{"not_picked":["ClearTheMind+1","CrushJoints"],"picked":"TalkToTheHand","floor":8},{"not_picked":["EmptyMind+1","FlurryOfBlows"],"picked":"ThirdEye+1","floor":10},{"not_picked":["Prostrate+1","FollowUp","WheelKick"],"picked":"SKIP","floor":11},{"not_picked":["MentalFortress","SignatureMove"],"picked":"Prostrate+1","floor":12},{"not_picked":["Vengeance+1","Fasting2"],"picked":"Wish+1","floor":13},{"not_picked":["SashWhip","FlyingSleeves"],"picked":"CutThroughFate","floor":14},{"not_picked":["Brilliance","Ragnarok"],"picked":"Omniscience+1","floor":16},{"not_picked":["CutThroughFate","Pray+1"],"picked":"BowlingBash+1","floor":18},{"not_picked":["FlurryOfBlows+1","Pray+1","FollowUp"],"picked":"SKIP","floor":21},{"not_picked":["Indignation+1","EmptyBody+1","Halt+1"],"picked":"SKIP","floor":22},{"not_picked":["EmptyBody+1","SashWhip","WreathOfFlame+1"],"picked":"SKIP","floor":23},{"not_picked":["SashWhip","FlurryOfBlows","JustLucky+1"],"picked":"SKIP","floor":24},{"not_picked":["EmptyMind+1","SashWhip"],"picked":"Vault+1","floor":25},{"not_picked":["Crescendo+1","Sanctity+1"],"picked":"SandsOfTime+1","floor":30},{"not_picked":["Weave","EmptyBody+1","Prostrate+1"],"picked":"Singing Bowl","floor":31},{"not_picked":["Establishment","Ragnarok"],"picked":"Vault+1","floor":33},{"not_picked":["BowlingBash","ClearTheMind+1","Prostrate+1"],"picked":"Singing Bowl","floor":35},{"not_picked":["Weave","SignatureMove","Sanctity+1"],"picked":"Singing Bowl","floor":37},{"not_picked":["Prostrate+1","Protect+1"],"picked":"Worship+1","floor":39},{"not_picked":["Wireheading","Evaluate+1"],"picked":"Swivel+1","floor":40},{"not_picked":["ClearTheMind+1","BowlingBash","ForeignInfluence+1"],"picked":"Singing Bowl","floor":41},{"not_picked":["Adaptation","ClearTheMind+1"],"picked":"Vault+1","floor":42},{"not_picked":["SpiritShield+1","Wireheading"],"picked":"SandsOfTime","floor":44}],"player_experience":1544611,"relics_obtained":[{"floor":6,"key":"MealTicket"},{"floor":8,"key":"Toxic Egg 2"},{"floor":9,"key":"Gremlin Horn"},{"floor":10,"key":"Tiny Chest"},{"floor":13,"key":"WingedGreaves"},{"floor":14,"key":"HornCleat"},{"floor":19,"key":"Art of War"},{"floor":23,"key":"Pocketwatch"},{"floor":25,"key":"Bronze Scales"},{"floor":26,"key":"Oddly Smooth Stone"},{"floor":30,"key":"Singing Bowl"},{"floor":36,"key":"Pantograph"},{"floor":40,"key":"Omamori"},{"floor":42,"key":"Dream Catcher"},{"floor":43,"key":"PreservedInsect"},{"floor":44,"key":"Anchor"}],"event_choices":[{"damage_healed":0,"gold_gain":0,"cards_transformed":["Defend_P"],"player_choice":"Transformed","damage_taken":0,"max_hp_gain":0,"max_hp_loss":0,"event_name":"Transmorgrifier","floor":2,"gold_loss":0,"cards_obtained":["SandsOfTime"]},{"damage_healed":0,"gold_gain":0,"cards_transformed":["Strike_P","Strike_P"],"player_choice":"Became Test Subject","damage_taken":0,"max_hp_gain":0,"max_hp_loss":0,"event_name":"Drug Dealer","floor":27,"gold_loss":0,"cards_obtained":["Pray","Evaluate"]},{"damage_healed":0,"gold_gain":0,"player_choice":"Ignored","damage_taken":0,"max_hp_gain":0,"max_hp_loss":0,"event_name":"Tomb of Lord Red Mask","floor":45,"gold_loss":0},{"damage_healed":0,"gold_gain":0,"player_choice":"Forge","damage_taken":0,"max_hp_gain":0,"max_hp_loss":0,"event_name":"Accursed Blacksmith","floor":47,"gold_loss":0,"cards_upgraded":["Wallop"]}],"is_beta":true,"boss_relics":[{"not_picked":["SlaversCollar","Cursed Key"],"picked":"Snecko Eye"},{"not_picked":["Fusion Hammer","Calling Bell"],"picked":"Coffee Dripper"}],"items_purged_floors":[20,29,38,46],"is_endless":false,"potions_floor_spawned":[1,5,6,11,12,14,16,22,24,30,33,39,42],"ascension_level":19}}