{"host":"1vzdexsn8vtq5lt7","time":1611468923,"event":{"mods":["Act Like it!","Ascension Reborn","BaseMod","Colored Map","Colored Powertips","Conspire","Easy Mod","Energized Spire","Infinite Spire","Minty Spire (QoL Compilation)","Quick Restart","Relic Filter Mod","Relic Stats","Replay The Spire","StSLib","SuperFastMode","TestMod","[IsaacMod]以撒尖塔","【功能Mod】Neow奖励","【功能Mod】混沌之环修复补丁","【功能Mod】精心准备","【遗物卡牌】REMEMod","没有小屋子和绿帽子啦"],"gold_per_floor":[117,127,147,72,72,107,7,7,32,49,92,144,144,173,173,269,269,311,311,311,355,401,456,456,500,523,600,619,652,652,701,701,801,801,866,884,884,927,1039,1132,1132,1264,1290,1418,1528,1661,1789,1789,1789,2011,2011,2149,2024,2024],"floor_reached":53,"language":"ZHS","playtime":2250,"items_purged":["Strike_P","Defend_P","Strike_P","Defend_P+1","infinitespire:Punishment"],"score":1399,"play_id":"8cd449f9-2e93-450d-8a19-8a704aa6dd2d","local_time":"20210124141523","is_ascension_mode":true,"campfire_choices":[{"data":"Eruption","floor":8,"key":"SMITH"},{"data":"LessonLearned","floor":13,"key":"SMITH"},{"data":"Wish","floor":15,"key":"SMITH"},{"data":"Fasting2","floor":24,"key":"SMITH"},{"floor":32,"key":"REST"},{"data":"ReplayTheSpireMod:Trickstab","floor":41,"key":"SMITH"},{"data":"Ragnarok","floor":49,"key":"SMITH"}],"circlet_count":0,"master_deck":["EasyMod:card_1","Strike_P+1","Strike_P+1","Defend_P+1","Eruption+1","Vigilance+1","Reboot+1","EmptyBody+1","BowlingBash+1","REME_Repentance+1","Wish+1","Fasting2+1","LessonLearned+1","Establishment+1","LessonLearned+1","Sanctity+1","SandsOfTime+1","LikeWater+1","DeusExMachina+1","Adaptation+1","Ragnarok+1","Protect+1","ReplayTheSpireMod:Trickstab+1","Replay:LoomingThreat","REME_Repentance+1","Establishment","Consecrate"],"relics":["HushsDoor","REME_ComplimentaryCards","testmod-Hope","GuppysPaw","EasyMod:Easy_5","REME_DuelDisc","Akabeko","Divine Protection","MealTicket","Sozu","Void","SalivaCoin","Damaru","EasyMod:Easy_8","Omamori","infinitespire:EvilPickle","testmod-Nine","GuppysHairball","GuppysCollar","Sundial","BookofShadows","TheBean","infinitespire:Satchel","Toolbox","Replay:Grab Bag","GuppysHead","GuppysTail"],"acts_visited":["Exordium","TheCity","TheBeyond","Exordium"],"potions_floor_usage":[14],"damage_taken":[{"damage":0,"enemies":"Cultist","floor":1,"turns":2},{"damage":0,"enemies":"2 Louse","floor":2,"turns":2},{"damage":4,"enemies":"infinitespire:Voidling","floor":3,"turns":3},{"damage":0,"enemies":"Replay:BlueRogue","floor":6,"turns":5},{"damage":0,"enemies":"2 Fungi Beasts","floor":10,"turns":2},{"damage":6,"enemies":"Exordium Thugs","floor":11,"turns":3},{"damage":0,"enemies":"3 Sentries","floor":12,"turns":5},{"damage":0,"enemies":"Lagavulin","floor":14,"turns":5},{"damage":0,"enemies":"The Guardian","floor":16,"turns":11},{"damage":0,"enemies":"2 Thieves","floor":18,"turns":3},{"damage":0,"enemies":"conspire:FuzzyDice","floor":21,"turns":4},{"damage":0,"enemies":"3 Cultists","floor":22,"turns":5},{"damage":0,"enemies":"Replay:Snechameleon","floor":23,"turns":7},{"damage":0,"enemies":"Centurion and Healer","floor":25,"turns":3},{"damage":34,"enemies":"Nightmare","floor":27,"turns":6},{"damage":0,"enemies":"Snecko","floor":28,"turns":2},{"damage":0,"enemies":"Replay:Snechameleon","floor":29,"turns":2},{"damage":0,"enemies":"Pondfish","floor":33,"turns":8},{"damage":0,"enemies":"Orb Walker","floor":35,"turns":2},{"damage":0,"enemies":"3 Darklings","floor":36,"turns":3},{"damage":0,"enemies":"Maw","floor":38,"turns":3},{"damage":0,"enemies":"Jaw Worm Horde","floor":39,"turns":4},{"damage":0,"enemies":"R_Hoarder","floor":40,"turns":5},{"damage":0,"enemies":"Reptomancer","floor":42,"turns":4},{"damage":0,"enemies":"4 Shapes","floor":44,"turns":3},{"damage":0,"enemies":"Transient","floor":45,"turns":2},{"damage":0,"enemies":"R_Hoarder","floor":46,"turns":2},{"damage":0,"enemies":"Spire Growth","floor":47,"turns":2},{"damage":0,"enemies":"Replay:Hell Engine","floor":50,"turns":2},{"damage":0,"enemies":"Jaw Worm","floor":52,"turns":1}],"seed_played":"-8790423621098182387","potions_obtained":[{"floor":2,"key":"AttackPotion"},{"floor":3,"key":"Strength Potion"},{"floor":10,"key":"Energy Potion"},{"floor":14,"key":"REME_GoldPotion"}],"is_trial":false,"path_per_floor":["M","M","M","$","?","E","$","R","T","M","M","E","R","E","R","B",null,"M","?","?","M","M","E","R","M","T","NM","M","E","?","T","R","B",null,"M","M","?","M","M","E","R","E","T","M","M","E","M","AVR","R","B",null,"M","$"],"character_chosen":"WATCHER","items_purchased":["GuppysHairball","GuppysCollar","GuppysHead","GuppysTail"],"campfire_rested":1,"item_purchase_floors":[34,34,51,51],"current_hp_per_floor":[72,72,72,72,57,57,57,57,57,57,51,51,51,51,51,51,67,67,67,52,52,52,52,52,52,52,18,18,18,18,18,38,38,44,44,44,44,44,44,44,44,44,44,44,44,44,44,44,44,44,24,24,24,24],"gold":2024,"neow_bonus":"BOSS_RELIC","is_daily":false,"chose_seed":false,"campfire_upgraded":6,"win_rate":0.0,"timestamp":1611468923,"path_taken":["M","M","M","?","?","E","$","R","T","M","M","E","R","E","R","BOSS","M","?","?","M","M","E","R","M","T","NM","M","E","?","?","R","BOSS","M","?","?","M","M","E","R","E","T","M","M","E","M","AVR","R","BOSS","M","$"],"items_purchased_type":["Relic","Relic","Relic","Relic"],"build_version":"2020-12-22","purchased_purges":5,"victory":false,"max_hp_per_floor":[72,72,72,72,72,72,72,72,72,72,72,72,72,72,72,72,67,67,67,67,67,67,67,67,67,67,67,67,67,67,67,67,67,44,44,44,44,44,44,44,44,44,44,44,44,44,44,44,44,44,24,24,24,24],"relic_stats":{"Sozu":8,"counters":[30,111],"Sundial":[0],"MealTicket":0,"obtain_stats":[{"Divine Protection":12,"GuppysTail":51,"GuppysPaw":0,"REME_DuelDisc":0,"Sozu":17,"EasyMod:Easy_5":0,"TheBean":43,"EasyMod:Easy_8":29,"Sundial":40,"Toolbox":48,"MealTicket":14,"Void":23,"KeepersGift":0,"Potion Belt":6,"BookofShadows":42,"testmod-TestBox":0,"Replay:Grab Bag":51,"Oddly Smooth Stone":5,"Damaru":27,"Omamori":31,"Akabeko":9,"infinitespire:EvilPickle":33,"testmod-Hope":0,"infinitespire:Satchel":46,"SalivaCoin":26,"GuppysHairball":34,"GuppysHead":51,"PureWater":0,"HushsDoor":0,"testmod-Nine":34,"GuppysCollar":34,"REME_ComplimentaryCards":0},{"Divine Protection":7,"GuppysTail":29,"GuppysPaw":0,"REME_DuelDisc":0,"Sozu":9,"EasyMod:Easy_5":0,"TheBean":24,"EasyMod:Easy_8":17,"Sundial":23,"Toolbox":28,"MealTicket":8,"Void":13,"KeepersGift":0,"Potion Belt":4,"BookofShadows":24,"testmod-TestBox":0,"Replay:Grab Bag":29,"Oddly Smooth Stone":3,"Damaru":15,"Omamori":17,"Akabeko":4,"infinitespire:EvilPickle":18,"testmod-Hope":0,"infinitespire:Satchel":27,"SalivaCoin":14,"GuppysHairball":18,"GuppysHead":29,"PureWater":0,"HushsDoor":0,"testmod-Nine":18,"GuppysCollar":18,"REME_ComplimentaryCards":0},{"Divine Protection":22,"GuppysTail":110,"GuppysPaw":0,"REME_DuelDisc":0,"Sozu":38,"EasyMod:Easy_5":0,"TheBean":99,"EasyMod:Easy_8":70,"Sundial":95,"Toolbox":108,"MealTicket":27,"Void":57,"KeepersGift":0,"Potion Belt":12,"BookofShadows":99,"testmod-TestBox":0,"Replay:Grab Bag":110,"Oddly Smooth Stone":7,"Damaru":66,"Omamori":70,"Akabeko":12,"infinitespire:EvilPickle":78,"testmod-Hope":0,"infinitespire:Satchel":106,"SalivaCoin":60,"GuppysHairball":78,"GuppysHead":110,"PureWater":0,"HushsDoor":0,"testmod-Nine":78,"GuppysCollar":78,"REME_ComplimentaryCards":0}]},"card_choices":[{"not_picked":["JustLucky","Replay:Hum"],"picked":"EmptyBody","floor":1},{"not_picked":["Vengeance","Crescendo"],"picked":"BowlingBash","floor":2},{"not_picked":["Swivel","PathToVictory"],"picked":"REME_Repentance","floor":3},{"not_picked":["Replay:Hum","Crescendo"],"picked":"Wish","floor":6},{"not_picked":["EmptyBody","FollowUp"],"picked":"Fasting2","floor":10},{"not_picked":["Replay:DivineShield","Pray","CrushJoints"],"picked":"SKIP","floor":11},{"not_picked":["EmptyBody","Vengeance"],"picked":"LessonLearned","floor":12},{"not_picked":["CarveReality","Meditate","Prostrate"],"picked":"SKIP","floor":14},{"not_picked":["Judgement","REME_CRH"],"picked":"Establishment","floor":16},{"not_picked":["SashWhip","EmptyBody","Replay:AtTheReady"],"picked":"SKIP","floor":18},{"not_picked":["Conclude","EmptyFist"],"picked":"Sanctity+1","floor":21},{"not_picked":["Swivel","BowlingBash"],"picked":"SandsOfTime","floor":22},{"not_picked":["FollowUp","CutThroughFate"],"picked":"LikeWater+1","floor":23},{"not_picked":["LikeWater","ThirdEye"],"picked":"DeusExMachina","floor":25},{"not_picked":["Replay:Cycle+1","Replay:AtTheReady","Crescendo"],"picked":"SKIP","floor":27},{"not_picked":["Replay:DivineShield","Replay:AtTheReady","Crescendo"],"picked":"SKIP","floor":28},{"not_picked":["Perseverance","LikeWater","Swivel"],"picked":"SKIP","floor":29},{"not_picked":["Replay:AllIn","Devotion"],"picked":"Ragnarok","floor":33},{"not_picked":["CutThroughFate","Replay:AtTheReady","Consecrate"],"picked":"SKIP","floor":35},{"not_picked":["Replay:Hum","Prostrate+1"],"picked":"Protect+1","floor":36},{"not_picked":["testmod-WeaknessCounterattack","Jack Of All Trades"],"picked":"ReplayTheSpireMod:Trickstab","floor":37},{"not_picked":["Sanctity","FearNoEvil","Halt"],"picked":"SKIP","floor":38},{"not_picked":["Replay:BluntJabs+1","Replay:Battleflow","ThirdEye"],"picked":"SKIP","floor":39},{"not_picked":["EmptyFist+1","FollowUp","Worship+1"],"picked":"SKIP","floor":40},{"not_picked":["SashWhip","Prostrate+1","Study"],"picked":"SKIP","floor":42},{"not_picked":["Indignation+1","FlyingSleeves"],"picked":"Replay:LoomingThreat","floor":44},{"not_picked":["Replay:Cycle+1","Replay:BluntJabs","Perseverance+1"],"picked":"SKIP","floor":45},{"not_picked":["WaveOfTheHand+1","EmptyBody"],"picked":"REME_Repentance+1","floor":46},{"not_picked":["Conclude+1","Swivel+1","Replay:DivineShield+1"],"picked":"SKIP","floor":47},{"not_picked":["Replay:LoomingThreat","Devotion"],"picked":"Establishment","floor":50},{"not_picked":["Perseverance","BattleHymn"],"picked":"Consecrate","floor":52}],"player_experience":208578,"relics_obtained":[{"floor":6,"key":"Potion Belt"},{"floor":9,"key":"Akabeko"},{"floor":12,"key":"Divine Protection"},{"floor":14,"key":"MealTicket"},{"floor":23,"key":"Void"},{"floor":26,"key":"SalivaCoin"},{"floor":27,"key":"Damaru"},{"floor":29,"key":"EasyMod:Easy_8"},{"floor":31,"key":"Omamori"},{"floor":40,"key":"Sundial"},{"floor":42,"key":"BookofShadows"},{"floor":43,"key":"TheBean"},{"floor":46,"key":"infinitespire:Satchel"}],"event_choices":[{"damage_healed":0,"gold_gain":0,"player_choice":"Copied","damage_taken":0,"max_hp_gain":0,"max_hp_loss":0,"event_name":"Duplicator","floor":19,"gold_loss":0,"cards_obtained":["LessonLearned"]},{"damage_healed":0,"gold_gain":0,"cards_transformed":["Defend_P"],"player_choice":"Transformed","damage_taken":0,"max_hp_gain":0,"max_hp_loss":0,"event_name":"Transmorgrifier","floor":30,"gold_loss":0,"cards_obtained":["Adaptation"]},{"damage_healed":0,"gold_gain":0,"player_choice":"Memory 1","damage_taken":0,"max_hp_gain":0,"max_hp_loss":0,"event_name":"SensoryStone","floor":37,"gold_loss":0}],"is_beta":false,"boss_relics":[{"not_picked":["VioletLotus","testmod-Prudence"],"picked":"Sozu"},{"not_picked":[]},{"not_picked":["testmod-KeyOfTheVoid","ReplayTheSpireMod:SealedPack"],"picked":"testmod-Nine"},{"not_picked":[]},{"not_picked":["testmod-Recursion","Pandora\u0027s Box"],"picked":"Replay:Grab Bag"},{"not_picked":[]}],"items_purged_floors":[4,7,17,48,53],"is_endless":true,"potions_floor_spawned":[2,3,10,14,21,23,28,35,36,38,47,50],"ascension_level":2}}