{"host":"8d3fefv2347kqkpz","time":1611525011,"event":{"mods":["AchievementEnabler","Act Like it!","Aspiration","BaseMod","Better Vampires","Colored Map","Colored Powertips","Conspire","GifTheSpireLib","Hermit","Highlight Path","Hubris","Marisa£®ÏF”Í°°ƒß¿Ì…≥£©","Mimic Mod","Minty Spire (QoL Compilation)","Quick Restart","Rare Cards Sparkle","Reimu£®≤©¿ˆ¡È√Œ£©","Relic Stats","Remilia£®¿Ÿ√◊¿Ú—«£©","Replay The Spire","Spicy Shops","StSLib","The Cursed","The Jungle","The Servant 0.9.4","Waifu the Spire","Youmu£®ªÍ∆«—˝√Œ£©"],"gold_per_floor":[110,110,128,128,147,175,175,192,231,231,231,231],"floor_reached":11,"language":"ZHS","playtime":466,"items_purged":[],"score":73,"play_id":"2b041f6b-5552-46d8-b168-78515001806a","local_time":"20210125055011","is_ascension_mode":false,"campfire_choices":[{"floor":7,"key":"REST"},{"floor":10,"key":"REST"}],"circlet_count":0,"master_deck":["hermit:Strike_Hermit","hermit:Strike_Hermit","hermit:Strike_Hermit","hermit:Defend_Hermit","hermit:Defend_Hermit","hermit:Defend_Hermit","hermit:Snapshot","hermit:Covet","hermit:EyeOfTheStorm","hermit:TakeAim","hermit:Enervate","hermit:Dive","hermit:Deadeye","hermit:ShadowCloak"],"relics":["hermit:Momento","hubris:Icosahedron","hubris:SphereOfDissonance","Toy Ornithopter"],"acts_visited":["Exordium"],"potions_floor_usage":[],"damage_taken":[{"damage":0,"enemies":"Small Slimes","floor":1,"turns":3},{"damage":1,"enemies":"conspire:RoseBush","floor":3,"turns":3},{"damage":4,"enemies":"Cultist","floor":5,"turns":4},{"damage":41,"enemies":"Lagavulin","floor":6,"turns":9},{"damage":3,"enemies":"Exordium Wildlife","floor":8,"turns":5},{"damage":3,"enemies":"conspire:2 RoseBushes","floor":9,"turns":6},{"damage":61,"enemies":"3 Sentries","floor":11,"turns":7}],"seed_played":"-4367829431286263074","potions_obtained":[{"floor":1,"key":"conspire:TimeTravelPotion"},{"floor":3,"key":"FearPotion"},{"floor":8,"key":"SpeedPotion"}],"is_trial":false,"path_per_floor":["M","?","M","?","M","E","R","M","MIM","R","E"],"character_chosen":"HERMIT","items_purchased":[],"campfire_rested":2,"item_purchase_floors":[],"current_hp_per_floor":[75,75,74,67,63,22,44,41,38,60,0,0],"gold":231,"neow_bonus":"RANDOM_EVENT","is_daily":false,"chose_seed":false,"campfire_upgraded":0,"win_rate":0.0,"timestamp":1611525011,"path_taken":["M","?","M","?","M","E","R","M","MIM","R","E"],"items_purchased_type":[],"build_version":"2020-12-22","purchased_purges":0,"victory":false,"max_hp_per_floor":[75,75,75,75,75,75,75,75,75,75,75,75],"relic_stats":{"counters":[7,37],"obtain_stats":[{"hubris:Icosahedron":2,"hubris:SphereOfDissonance":6,"hermit:Momento":0,"Toy Ornithopter":9},{"hubris:Icosahedron":1,"hubris:SphereOfDissonance":4,"hermit:Momento":0,"Toy Ornithopter":6},{"hubris:Icosahedron":3,"hubris:SphereOfDissonance":19,"hermit:Momento":0,"Toy Ornithopter":30}],"Toy Ornithopter":0},"card_choices":[{"not_picked":["hermit:Glare","hermit:Maintenance"],"picked":"hermit:EyeOfTheStorm","floor":1},{"not_picked":["hermit:Manifest","hermit:ShadowCloak"],"picked":"hermit:TakeAim","floor":3},{"not_picked":["hermit:CursedWeapon","hermit:TrackingShot"],"picked":"hermit:Enervate","floor":5},{"not_picked":["hermit:Gestalt","hermit:HighNoon"],"picked":"hermit:Dive","floor":6},{"not_picked":["hermit:Roulette","hermit:Feint"],"picked":"hermit:Deadeye","floor":8},{"not_picked":["hermit:SprayPray","hermit:Snipe"],"picked":"hermit:ShadowCloak","floor":9}],"player_experience":180740,"relics_obtained":[{"floor":6,"key":"hubris:SphereOfDissonance"},{"floor":9,"key":"Toy Ornithopter"}],"event_choices":[{"cards_removed":["hermit:Defend_Hermit"],"damage_healed":0,"gold_gain":0,"player_choice":"Forget","damage_taken":0,"max_hp_gain":0,"max_hp_loss":0,"event_name":"Living Wall","floor":0,"gold_loss":0},{"cards_removed":["hermit:Strike_Hermit"],"damage_healed":0,"gold_gain":0,"player_choice":"Card Removal","damage_taken":7,"max_hp_gain":0,"max_hp_loss":0,"event_name":"Golden Wing","floor":4,"gold_loss":0}],"is_beta":false,"boss_relics":[],"items_purged_floors":[],"is_endless":false,"potions_floor_spawned":[1,3,8],"killed_by":"3 Sentries","ascension_level":0}}