{"host":"x6h2w7w5b570y81k","time":1611460867,"event":{"mods":["AchievementEnabler","Act Like it!","BaseMod","Colored Map","Colored Powertips","Friendly Minions","Minty Spire (QoL Compilation)","StSLib","The Animator"],"gold_per_floor":[128,145,119,193,193,193,212,234,234,276,276,293,312,368,368,478,478,516,516,532,544,104,104,29,29,29,29,29,141,219,236,236,340,340,359,404,439,439,489,489,503,515,815,815,828,60,0,12,12,12,12],"floor_reached":50,"language":"DEU","playtime":5065,"items_purged":["animator:Evileye"],"score":567,"play_id":"032eea99-813c-4fc0-8bb4-facfdd9aa879","local_time":"20210124050107","is_ascension_mode":false,"campfire_choices":[{"data":"animator:DolaSchwi","floor":6,"key":"SMITH"},{"data":"animator:NarberalGamma","floor":11,"key":"SMITH"},{"floor":15,"key":"REST"},{"floor":23,"key":"REST"},{"data":"animator:Nanami","floor":25,"key":"SMITH"},{"data":"animator:Kaijin","floor":27,"key":"SMITH"},{"floor":32,"key":"REST"},{"floor":40,"key":"DIG"},{"floor":44,"key":"DIG"},{"floor":49,"key":"REST"}],"circlet_count":0,"master_deck":["animator:Strike_NoGameNoLife+1","animator:Defend_NoGameNoLife","animator:Strike+1","animator:Strike+1","animator:DolaSchwi+1","animator:DolaCouronne","animator:Entoma","animator:Albedo","animator:DolaRiku","animator:HigakiRinne+1","animator:NarberalGamma+1","animator:IzunaHatsuse","animator:Kaijin+1","animator:PandorasActor","animator:Elesis+2","animator:UneriGinkaku+1","animator:Nanami+1","animator:Togame","animator:Cocytus+1","RitualDagger+1","animator:Cocytus+1","animator:FielNirvalen","animator:Cocytus+1","animator:Jibril+1","CurseOfTheBell","animator:Laby+1","animator:Shalltear+1","animator:DolaStephanie+1","animator:Tet","animator:Shalltear+1","animator:Evileye+1","animator:DolaSchwi+1","animator:DolaCouronne","animator:Jibril+1","animator:Magilou","animator:IzunaHatsuse+1"],"relics":["animator:LivingPicture","animator:TheMissingPiece","Oddly Smooth Stone","Molten Egg 2","Whetstone","Torii","animator:RacePiece","Pantograph","Red Skull","Darkstone Periapt","animator:HallowedScabbard","White Beast Statue","Bottled Lightning","Calling Bell","Juzu Bracelet","Mummified Hand","FossilizedHelix","Unceasing Top","Shovel","Bag of Marbles","Old Coin","Prayer Wheel","Frozen Egg 2","ClockworkSouvenir","War Paint","Red Mask"],"acts_visited":["Exordium","TheCity","TheBeyond"],"potions_floor_usage":[10,10,10,14,18,29,29,29,33,39,39,42,48,48,50,50],"damage_taken":[{"damage":0,"enemies":"Small Slimes","floor":1,"turns":3},{"damage":12,"enemies":"2 Louse","floor":2,"turns":3},{"damage":0,"enemies":"Jaw Worm","floor":7,"turns":4},{"damage":7,"enemies":"Looter","floor":8,"turns":3},{"damage":24,"enemies":"Gremlin Nob","floor":10,"turns":4},{"damage":3,"enemies":"Blue Slaver","floor":12,"turns":4},{"damage":8,"enemies":"3 Louse","floor":13,"turns":4},{"damage":10,"enemies":"Gremlin Nob","floor":14,"turns":4},{"damage":8,"enemies":"Hexaghost","floor":16,"turns":9},{"damage":16,"enemies":"3 Byrds","floor":18,"turns":4},{"damage":11,"enemies":"Spheric Guardian","floor":20,"turns":5},{"damage":27,"enemies":"Centurion and Healer","floor":21,"turns":7},{"damage":2,"enemies":"Colosseum Slavers","floor":29,"turns":5},{"damage":1,"enemies":"Colosseum Nobs","floor":29,"turns":3},{"damage":2,"enemies":"3 Cultists","floor":31,"turns":4},{"damage":76,"enemies":"Champ","floor":33,"turns":8},{"damage":1,"enemies":"3 Shapes","floor":35,"turns":5},{"damage":64,"enemies":"2 Orb Walkers","floor":36,"turns":5},{"damage":0,"enemies":"Orb Walker","floor":37,"turns":2},{"damage":4,"enemies":"Mind Bloom Boss Battle","floor":39,"turns":6},{"damage":1,"enemies":"Sphere and 2 Shapes","floor":41,"turns":6},{"damage":3,"enemies":"Maw","floor":42,"turns":8},{"damage":25,"enemies":"Spire Growth","floor":45,"turns":4},{"damage":13,"enemies":"Writhing Mass","floor":48,"turns":4},{"damage":79,"enemies":"Time Eater","floor":50,"turns":9}],"seed_played":"5679967600518152728","potions_obtained":[{"floor":2,"key":"Regen Potion"},{"floor":8,"key":"EntropicBrew"},{"floor":10,"key":"SkillPotion"},{"floor":14,"key":"LiquidBronze"},{"floor":20,"key":"DuplicationPotion"},{"floor":21,"key":"Strength Potion"},{"floor":31,"key":"BlessingOfTheForge"},{"floor":33,"key":"DuplicationPotion"},{"floor":35,"key":"SpeedPotion"},{"floor":36,"key":"PowerPotion"},{"floor":37,"key":"DistilledChaos"},{"floor":39,"key":"Strength Potion"},{"floor":41,"key":"SteroidPotion"},{"floor":42,"key":"Ancient Potion"},{"floor":48,"key":"FearPotion"}],"is_trial":false,"path_per_floor":["M","M","$","?","?","R","M","M","T","E","R","M","M","?","R","B",null,"M","?","M","M","$","R","?","R","T","R","$","?","T","M","R","B",null,"M","?","M","?","?","R","M","M","T","R","M","$","?","M","R","B"],"character_chosen":"THE_ANIMATOR","items_purchased":["animator:DolaRiku","Pantograph","animator:Cocytus+1","Red Skull","Frozen Egg 2","animator:Jibril+1","ClockworkSouvenir","War Paint","animator:Magilou"],"campfire_rested":4,"item_purchase_floors":[3,22,22,22,46,46,46,46,46],"current_hp_per_floor":[66,55,55,55,55,55,55,48,48,33,33,30,22,13,33,25,68,52,46,35,9,9,29,29,29,29,29,29,26,26,26,47,6,78,78,21,21,21,44,44,43,40,40,40,19,19,19,10,34,0,0],"gold":12,"neow_bonus":"RANDOM_COMMON_RELIC","is_daily":false,"chose_seed":false,"campfire_upgraded":4,"win_rate":0.0,"timestamp":1611460867,"path_taken":["M","M","$","?","?","R","M","M","T","E","R","M","M","?","R","BOSS","M","?","M","M","$","R","?","R","T","R","$","?","?","M","R","BOSS","M","?","M","?","?","R","M","M","T","R","M","$","?","M","R","BOSS"],"items_purchased_type":["Card","Relic","Card","Relic","Relic","Card","Relic","Relic","Card"],"build_version":"2020-12-22","purchased_purges":1,"victory":false,"max_hp_per_floor":[66,67,67,67,67,67,67,67,67,67,67,67,67,68,68,68,68,68,68,68,69,69,69,69,69,69,69,69,69,69,71,71,72,78,79,79,79,79,81,81,81,81,81,81,81,81,81,81,81,81,81],"card_choices":[{"not_picked":["animator:Ara","animator:Ciel"],"picked":"animator:Entoma","floor":1},{"not_picked":["animator:Millim","animator:Shion"],"picked":"animator:Albedo","floor":2},{"not_picked":["animator:Shion","animator:Mikaela"],"picked":"animator:HigakiRinne","floor":7},{"not_picked":["animator:Sebas","animator:Demiurge"],"picked":"animator:NarberalGamma","floor":8},{"not_picked":["animator:UneriGinkaku+1","animator:Lu+1"],"picked":"animator:IzunaHatsuse","floor":10},{"not_picked":["animator:AcuraTooru+1","animator:Ara+1","animator:Ciel"],"picked":"SKIP","floor":12},{"not_picked":["animator:Yuuichirou+1","animator:Millim+1"],"picked":"animator:Kaijin","floor":13},{"not_picked":["animator:Sebas","animator:Evileye"],"picked":"animator:PandorasActor","floor":14},{"not_picked":["animator:Guren","animator:HigakiRinne"],"picked":"animator:Elesis+1","floor":16},{"not_picked":["animator:Gillette+1","animator:Azekura+1"],"picked":"animator:Cocytus+1","floor":18},{"not_picked":["animator:ChaikaBohdan+1","animator:Shigure+1"],"picked":"animator:Cocytus+1","floor":20},{"not_picked":["animator:Ciel+1","animator:FeridBathory"],"picked":"animator:FielNirvalen","floor":21},{"not_picked":["animator:DolaRiku","animator:DolaSchwi+1"],"picked":"animator:Jibril+1","floor":29},{"not_picked":["animator:Guy","animator:ChaikaBohdan+1"],"picked":"animator:Evileye","floor":31},{"not_picked":["animator:Biyorigo","animator:ChaikaTrabant+1"],"picked":"animator:Shiro","floor":33},{"not_picked":["animator:Hitei+1","animator:Ciel+1"],"picked":"animator:Laby+1","floor":35},{"not_picked":["animator:Chung","animator:Demiurge+1"],"picked":"animator:Shalltear+1","floor":36},{"not_picked":["animator:AcuraAkari+1","animator:Millim+1"],"picked":"animator:DolaStephanie","floor":37},{"not_picked":["animator:Fredrika+1","animator:DolaCouronne"],"picked":"animator:Tet","floor":39},{"not_picked":["animator:Cocytus+1","animator:Sebas"],"picked":"animator:Shalltear+1","floor":41},{"not_picked":["animator:Guy+1","animator:Viivi+1"],"picked":"animator:Evileye+1","floor":42},{"not_picked":["animator:Albedo+1","animator:Viivi+1"],"picked":"animator:DolaSchwi+1","floor":45},{"not_picked":["animator:Benimaru+1","animator:CrowleyEusford+1"],"picked":"animator:DolaCouronne","floor":45},{"not_picked":["animator:Sebas+1","animator:Jibril+1"],"picked":"animator:IzunaHatsuse+1","floor":48},{"not_picked":["animator:Mitsuba+1","animator:Konayuki","animator:Tet"],"picked":"SKIP","floor":48}],"player_experience":182533,"relics_obtained":[{"floor":9,"key":"Molten Egg 2"},{"floor":10,"key":"Whetstone"},{"floor":26,"key":"Darkstone Periapt"},{"floor":29,"key":"animator:HallowedScabbard"},{"floor":29,"key":"White Beast Statue"},{"floor":30,"key":"Bottled Lightning"},{"floor":34,"key":"Juzu Bracelet"},{"floor":34,"key":"Mummified Hand"},{"floor":34,"key":"FossilizedHelix"},{"floor":36,"key":"Unceasing Top"},{"floor":39,"key":"Shovel"},{"floor":40,"key":"Bag of Marbles"},{"floor":43,"key":"Old Coin"},{"floor":44,"key":"Prayer Wheel"}],"event_choices":[{"damage_healed":0,"gold_gain":74,"player_choice":"Gained Gold","damage_taken":0,"max_hp_gain":0,"max_hp_loss":0,"event_name":"Golden Wing","floor":4,"gold_loss":0},{"damage_healed":0,"gold_gain":0,"player_choice":"Leave","damage_taken":0,"max_hp_gain":0,"max_hp_loss":0,"event_name":"The Cleric","floor":5,"gold_loss":0},{"damage_healed":0,"gold_gain":0,"player_choice":"Searched \u00272\u0027 times","damage_taken":0,"relics_obtained":["Torii"],"max_hp_gain":0,"max_hp_loss":0,"event_name":"Dead Adventurer","floor":14,"gold_loss":0},{"damage_healed":0,"gold_gain":0,"player_choice":"Joined the Cult","damage_taken":6,"max_hp_gain":0,"max_hp_loss":0,"event_name":"Nest","floor":19,"gold_loss":0,"cards_obtained":["RitualDagger"]},{"cards_removed":["animator:Strike"],"damage_healed":0,"gold_gain":0,"player_choice":"Gave Gold","damage_taken":0,"max_hp_gain":0,"max_hp_loss":0,"event_name":"Beggar","floor":24,"gold_loss":75},{"damage_healed":0,"gold_gain":0,"player_choice":"Fight","damage_taken":0,"max_hp_gain":0,"max_hp_loss":0,"event_name":"Colosseum","floor":29,"gold_loss":0},{"damage_healed":0,"gold_gain":0,"player_choice":"Fought Nobs","damage_taken":0,"max_hp_gain":0,"max_hp_loss":0,"event_name":"Colosseum","floor":29,"gold_loss":0},{"damage_healed":0,"gold_gain":0,"player_choice":"Fight","damage_taken":0,"max_hp_gain":0,"max_hp_loss":0,"event_name":"Mysterious Sphere","floor":36,"gold_loss":0},{"cards_removed":["animator:Shiro"],"damage_healed":0,"gold_gain":0,"player_choice":"Removed Power","damage_taken":0,"max_hp_gain":0,"max_hp_loss":0,"event_name":"Falling","floor":38,"gold_loss":0},{"damage_healed":0,"gold_gain":0,"player_choice":"Fight","damage_taken":0,"max_hp_gain":0,"max_hp_loss":0,"event_name":"MindBloom","floor":39,"gold_loss":0},{"damage_healed":0,"gold_gain":0,"player_choice":"Paid","damage_taken":0,"relics_obtained":["Red Mask"],"max_hp_gain":0,"max_hp_loss":0,"event_name":"Tomb of Lord Red Mask","floor":47,"gold_loss":60}],"is_beta":false,"boss_relics":[{"not_picked":["Sozu","Astrolabe"],"picked":"animator:RacePiece"},{"not_picked":["Runic Dome","Velvet Choker"],"picked":"Calling Bell"}],"items_purged_floors":[46],"is_endless":false,"potions_floor_spawned":[2,8,10,13,14,20,21,31,33,35,36,37,39,41,42,45,48],"killed_by":"Time Eater","ascension_level":0}}