{"host":"pi8b3ffzwvxqztac","time":1611522094,"event":{"mods":["BaseMod","Colored Map","Downfall","Minty Spire (QoL Compilation)","StSLib","The Jungle"],"gold_per_floor":[99,119,135,151,166,194,220,220,238,96,271,71,71,88,108,108,108,108],"floor_reached":16,"language":"ENG","playtime":958,"items_purged":["downfall:Malfunctioning"],"score":166,"play_id":"18c43c36-d419-42b2-80b5-ec81dce5f383","local_time":"20210125100134","is_ascension_mode":true,"campfire_choices":[{"floor":1,"key":"RECALL"},{"floor":12,"key":"REST"}],"circlet_count":0,"master_deck":["AscendersBane","sneckomod:Strike+1","sneckomod:Defend","sneckomod:Defend","sneckomod:Defend+1","sneckomod:TailWhip","sneckomod:SnekBite","sneckomod:Unknown","sneckomod:Unknown+1","sneckomod:Unknown1Cost","sneckomod:ImprovisedGuard","sneckomod:PureSnecko","sneckomod:UnknownBoss","sneckomod:DefensiveFlair","sneckomod:WideSting","sneckomod:ImprovisedAttack","sneckomod:UnknownBlock","downfall:Aged","sneckomod:UnknownRarePower","sneckomod:UnknownDraw"],"relics":["sneckomod:SneckoSoul","hexamod:BolsterEngine","bronze:BronzeIdol","downfall:HeartBlessingGreen","downfall:HeartBlessingRed"],"acts_visited":["Exordium"],"potions_floor_usage":[],"damage_taken":[{"damage":10,"enemies":"2 Louse","floor":2,"turns":3},{"damage":9,"enemies":"Small Slimes","floor":3,"turns":3},{"damage":0,"enemies":"Cultist","floor":4,"turns":4},{"damage":31,"enemies":"Exordium Thugs","floor":5,"turns":5},{"damage":7,"enemies":"3 Sentries","floor":6,"turns":2},{"damage":10,"enemies":"2 Fungi Beasts","floor":9,"turns":4},{"damage":5,"enemies":"downfall:FleeingMerchant","floor":10,"turns":4},{"damage":13,"enemies":"Large Slime","floor":14,"turns":5},{"damage":1,"enemies":"3 Louse","floor":15,"turns":6},{"damage":41,"enemies":"IC_STATUS_ARCHETYPE","floor":16,"turns":8}],"seed_played":"-4794873282817148819","potions_obtained":[{"floor":3,"key":"SteroidPotion"},{"floor":4,"key":"Strength Potion"}],"is_trial":false,"path_per_floor":["R","M","M","M","M","E","T","?","M","$","?","R","?","M","M","B"],"character_chosen":"THE_SNECKO","items_purchased":["sneckomod:UnknownBlock"],"campfire_rested":1,"item_purchase_floors":[10],"current_hp_per_floor":[90,80,71,71,40,33,33,33,23,18,18,47,47,41,40,0,0,0],"gold":108,"neow_bonus":"TEN_PERCENT_HP_BONUS","is_daily":false,"chose_seed":false,"campfire_upgraded":0,"win_rate":0.0,"timestamp":1611522094,"path_taken":["R","M","M","M","M","E","T","?","M","$","?","R","?","?","M","BOSS"],"items_purchased_type":["Card"],"build_version":"2020-12-22","purchased_purges":1,"victory":false,"max_hp_per_floor":[99,99,99,99,99,99,99,99,99,99,99,99,99,99,99,99,99,99],"card_choices":[{"not_picked":["sneckomod:SoulDraw","sneckomod:SoulCleanse"],"picked":"sneckomod:Unknown1Cost","floor":2},{"not_picked":["sneckomod:MixItUp","sneckomod:DiceBlock"],"picked":"sneckomod:ImprovisedGuard","floor":3},{"not_picked":["sneckomod:SoulDraw","sneckomod:ImprovisedGuard"],"picked":"sneckomod:PureSnecko","floor":4},{"not_picked":["sneckomod:SoulCleanse","sneckomod:DiceBoulder"],"picked":"sneckomod:UnknownBoss","floor":5},{"not_picked":["sneckomod:UnknownDraw","sneckomod:SoulDraw"],"picked":"sneckomod:DefensiveFlair","floor":6},{"not_picked":["sneckomod:DefensiveFlair","sneckomod:UnknownCommonSkill"],"picked":"sneckomod:WideSting","floor":9},{"not_picked":["sneckomod:UnknownDraw","sneckomod:Unknown1Cost"],"picked":"sneckomod:ImprovisedAttack","floor":10},{"not_picked":["sneckomod:DiceCrush","sneckomod:Nope"],"picked":"sneckomod:UnknownRarePower","floor":14},{"not_picked":["sneckomod:Nope","sneckomod:Unknown1Cost"],"picked":"sneckomod:UnknownDraw","floor":15}],"player_experience":590361,"relics_obtained":[{"floor":6,"key":"hexamod:BolsterEngine"},{"floor":7,"key":"bronze:BronzeIdol"}],"event_choices":[],"is_beta":false,"boss_relics":[],"items_purged_floors":[10],"is_endless":false,"potions_floor_spawned":[3,4,14],"killed_by":"IC_STATUS_ARCHETYPE","ascension_level":12}}