{"host":"pec1bvkeldr5yzx1","time":1611503510,"event":{"mods":["ATMod(°¢èªMod)","AchievementEnabler","Act Like it!","Aspiration","BaseMod","Better Altar","Better Match","Better Sensory Stone","Better Skull","Better Vampires","BetterRewards","Conspire","Dota2Spire","Energized Spire","Friendly Minions","GifTheSpireLib","Hubris","Minty Spire (QoL Compilation)","Replay The Spire","Spicy Shops","StSLib","Stuff the Spire","SuperFastMode","vexMod","óô»ðÖ¸ÄÏ"],"gold_per_floor":[112,183,183,183,183,224,224,240,240,259,292,292,63,81,81,204,204,228,228,248,267,267,310,310,346,346,382,307,331,40,6,6,135,135,148,148,0,0,0,34,54,92,92,113,113,113,151,171,171,171,171],"floor_reached":50,"language":"ZHS","playtime":1999,"items_purged":[],"score":1255,"play_id":"fb454285-a445-4f60-b673-f1ff725542da","local_time":"20210124235150","is_ascension_mode":true,"campfire_choices":[{"floor":7,"key":"REST"},{"data":"1","floor":15,"key":"LIFT"},{"data":"2","floor":32,"key":"LIFT"},{"data":"3","floor":45,"key":"LIFT"},{"floor":49,"key":"RECALL"}],"circlet_count":0,"master_deck":["conspire:GhostlyStrike","conspire:GhostlyStrike","conspire:GhostlyStrike","conspire:GhostlyStrike","conspire:GhostlyStrike","conspire:GhostlyDefend","conspire:GhostlyDefend","conspire:GhostlyDefend","Bash","Inflame","Dropkick","Heavy Blade","Rage+1","Burning Pact","Flex","Iron Wave","Limit Break+1","Flex+1","hubris:ReadiedAction+1","Thunderclap","Hemogenesis","Shrug It Off+1","Spot Weakness+1","StuffTheSpire:Slingshot+1","conspire:ExplosiveBarrier+1","ReplayTheSpireMod:Strike From Hell","Reaper","Shrug It Off+1","Spot Weakness+1","Armaments+1","StuffTheSpire:TitanForm","StuffTheSpire:RockThrow","Demon Form","AT_ShrugMaster+1","AT_IchimonjiDouble+1","Double Tap+1","Double Tap+1","Sword Boomerang+1","hubris:StunningStrike","AT_CaressingTears+1","Power Through+1"],"relics":["Burning Blood","AT_ATBox","Girya","Red Skull","Pet Ghost","ReplayTheSpireMod:Lightbulb","Golden Idol","Tiny Chest","BranchBurnRelic","Toxic Egg 2","Strange Spoon","vexMod:MysteryBossChallenge","hubris:Backtick","Gremlin Horn","hubris:BottledHeart","StuffTheSpire:NeowsTribute","ReplayTheSpireMod:TigerMarble","Ring of Peace","ReplayTheSpireMod:Ring of Exchange","vexMod:HeadHunter","Blue Candle","AT_Kusabimaru","Ice Cream","energizedSpire:OgreHead","AT_BellowingDragoncrestRing","Red Mask","Replay:Kaleidoscope","hubris:TinFlute","hubris:CuriousFeather","Bag of Marbles","hubris:IronBody"],"acts_visited":["Exordium","TheCity","TheBeyond"],"potions_floor_usage":[16,16,18,25,27,27],"damage_taken":[{"damage":5,"enemies":"Small Slimes","floor":1,"turns":3},{"damage":25,"enemies":"3 Sentries","floor":6,"turns":5},{"damage":11,"enemies":"2 Louse","floor":8,"turns":2},{"damage":6,"enemies":"Cultist","floor":10,"turns":3},{"damage":26,"enemies":"Gremlin Nob","floor":11,"turns":4},{"damage":7,"enemies":"Exordium Wildlife","floor":14,"turns":3},{"damage":0,"enemies":"Fading Forest","floor":16,"turns":8},{"damage":33,"enemies":"conspire:FuzzyDice","floor":18,"turns":4},{"damage":0,"enemies":"2 Thieves","floor":20,"turns":4},{"damage":0,"enemies":"Snake Plant","floor":21,"turns":3},{"damage":0,"enemies":"Replay:Snechameleon","floor":23,"turns":6},{"damage":0,"enemies":"Gremlin Leader","floor":25,"turns":4},{"damage":0,"enemies":"conspire:SneckoGhost","floor":27,"turns":6},{"damage":0,"enemies":"Shelled Parasite and Fungi","floor":29,"turns":2},{"damage":0,"enemies":"hubris:MusketHawk","floor":33,"turns":5},{"damage":0,"enemies":"3 Shapes","floor":35,"turns":3},{"damage":0,"enemies":"R_Hoarder","floor":40,"turns":4},{"damage":0,"enemies":"Orb Walker","floor":41,"turns":2},{"damage":0,"enemies":"Nemesis","floor":42,"turns":4},{"damage":0,"enemies":"Writhing Mass","floor":44,"turns":3},{"damage":0,"enemies":"Reptomancer","floor":47,"turns":3},{"damage":0,"enemies":"Sphere and 2 Shapes","floor":48,"turns":3},{"damage":9,"enemies":"conspire:OrnateMirror","floor":50,"turns":3}],"seed_played":"-5632275115389049368","potions_obtained":[{"floor":1,"key":"Venom Potion"},{"floor":2,"key":"Dexterity Potion"},{"floor":2,"key":"Milkshake"},{"floor":16,"key":"LiquidBronze"},{"floor":20,"key":"GamblersBrew"},{"floor":25,"key":"Languid Potion"},{"floor":35,"key":"Languid Potion"},{"floor":42,"key":"BlessingOfTheForge"},{"floor":47,"key":"Adrenaline Potion"},{"floor":48,"key":"Death Potion"}],"is_trial":false,"path_per_floor":["M","?","?","?","?","E","R","M","T","M","E","?","$","M","R","B",null,"M","?","M","M","T","E","?","E","T","E","?","M","$","$","R","B",null,"M","T","?","$","?","E","M","E","T","M","R","?","E","M","R","B"],"character_chosen":"IRONCLAD","items_purchased":["Inflame","Girya","Red Skull","Pet Ghost","Strange Spoon","Flex+1","hubris:ReadiedAction+1","Ice Cream","Armaments+1"],"campfire_rested":1,"item_purchase_floors":[0,0,0,0,13,13,13,30,31],"current_hp_per_floor":[37,37,37,37,37,18,42,42,42,42,22,22,22,21,21,42,71,44,1,1,1,1,1,1,1,1,1,1,1,1,1,1,1,1,1,1,1,1,1,1,1,1,1,1,1,1,1,1,1,0,0],"gold":171,"neow_bonus":"","is_daily":false,"chose_seed":false,"campfire_upgraded":0,"win_rate":0.0,"timestamp":1611503510,"path_taken":["M","?","?","?","?","E","R","M","T","M","E","?","?","M","R","BOSS","M","?","M","M","?","E","?","E","T","E","?","M","?","$","R","BOSS","M","?","?","$","?","E","M","E","T","M","R","?","E","M","R","BOSS"],"items_purchased_type":["Card","Relic","Relic","Relic","Relic","Card","Card","Relic","Card"],"build_version":"2020-12-22","purchased_purges":0,"victory":false,"max_hp_per_floor":[80,80,80,80,80,80,80,80,80,80,80,80,80,80,80,80,80,80,1,1,1,1,1,1,1,1,1,1,1,1,1,1,1,1,1,1,1,1,1,1,1,1,1,1,1,1,1,1,1,1,1],"card_choices":[{"not_picked":["AT_BodySlamDance","Pommel Strike"],"picked":"Dropkick","floor":1},{"not_picked":["Clash","AT_CaressingTears"],"picked":"Heavy Blade","floor":2},{"not_picked":["Evolve","ReplayTheSpireMod:Limb From Limb"],"picked":"Burning Pact","floor":6},{"not_picked":["Run Through","Abandon"],"picked":"Flex","floor":8},{"not_picked":["StuffTheSpire:RagingBull","Headbutt"],"picked":"Iron Wave","floor":10},{"not_picked":["hubris:StunningStrike","AT_BodySlamDance+1"],"picked":"Limit Break+1","floor":11},{"not_picked":["Rage+1","Anger"],"picked":"Thunderclap","floor":14},{"not_picked":["Barricade","Eclipse+1"],"picked":"Hemogenesis","floor":16},{"not_picked":["hubris:ReadiedAction+1","Havoc+1"],"picked":"Shrug It Off+1","floor":18},{"not_picked":["Iron Wave+1","True Grit+1"],"picked":"Spot Weakness+1","floor":20},{"not_picked":["hubris:ReadiedAction+1","Hemokinesis"],"picked":"StuffTheSpire:Slingshot+1","floor":21},{"not_picked":["Disarm+1","Warcry+1"],"picked":"conspire:ExplosiveBarrier+1","floor":23},{"not_picked":["Hemokinesis","StuffTheSpire:Incineration"],"picked":"ReplayTheSpireMod:Strike From Hell","floor":25},{"not_picked":["Immolate","Impervious"],"picked":"Reaper","floor":27},{"not_picked":["StuffTheSpire:BloodClot+1","Disarm+1"],"picked":"Shrug It Off+1","floor":27},{"not_picked":["Sword Boomerang","Run Through"],"picked":"Spot Weakness+1","floor":29},{"not_picked":["Reaper","Barricade"],"picked":"StuffTheSpire:TitanForm","floor":33},{"not_picked":["Reckless Charge","StuffTheSpire:Incineration"],"picked":"StuffTheSpire:RockThrow","floor":35},{"not_picked":["Limit Break","Double Tap"],"picked":"Demon Form","floor":40},{"not_picked":["StuffTheSpire:Slingshot+1","Battle Trance+1"],"picked":"AT_ShrugMaster+1","floor":40},{"not_picked":["StuffTheSpire:Incineration+1","Fire Breathing+1"],"picked":"AT_IchimonjiDouble+1","floor":41},{"not_picked":["Exhume","Demonic Infusion"],"picked":"Double Tap","floor":42},{"not_picked":["Anger","Havoc+1"],"picked":"Double Tap+1","floor":42},{"not_picked":["Anger","Thunderclap+1"],"picked":"Sword Boomerang+1","floor":44},{"not_picked":["conspire:Purge","Bludgeon"],"picked":"hubris:StunningStrike","floor":47},{"not_picked":["hubris:ReadiedAction+1","StuffTheSpire:RockThrow"],"picked":"AT_CaressingTears+1","floor":47},{"not_picked":["StuffTheSpire:RockThrow+1","Life Link"],"picked":"Power Through+1","floor":48}],"player_experience":94734,"relics_obtained":[{"floor":2,"key":"ReplayTheSpireMod:Lightbulb"},{"floor":6,"key":"Tiny Chest"},{"floor":11,"key":"Toxic Egg 2"},{"floor":22,"key":"StuffTheSpire:NeowsTribute"},{"floor":23,"key":"ReplayTheSpireMod:TigerMarble"},{"floor":24,"key":"Ring of Peace"},{"floor":24,"key":"ReplayTheSpireMod:Ring of Exchange"},{"floor":25,"key":"vexMod:HeadHunter"},{"floor":26,"key":"Blue Candle"},{"floor":27,"key":"AT_Kusabimaru"},{"floor":36,"key":"AT_BellowingDragoncrestRing"},{"floor":40,"key":"hubris:TinFlute"},{"floor":42,"key":"hubris:CuriousFeather"},{"floor":43,"key":"Bag of Marbles"},{"floor":47,"key":"hubris:IronBody"}],"event_choices":[{"damage_healed":0,"gold_gain":0,"player_choice":"Leave","damage_taken":0,"max_hp_gain":0,"max_hp_loss":0,"event_name":"conspire:Investor","floor":4,"gold_loss":0},{"damage_healed":0,"gold_gain":0,"player_choice":"Take Wound","damage_taken":0,"relics_obtained":["Golden Idol"],"max_hp_gain":0,"max_hp_loss":0,"event_name":"Golden Idol","floor":5,"gold_loss":0,"cards_obtained":["Injury"]},{"damage_healed":0,"gold_gain":0,"player_choice":"Agree","damage_taken":0,"max_hp_gain":0,"max_hp_loss":0,"event_name":"conspire:LoneGhost","floor":12,"gold_loss":0},{"cards_removed":["Injury"],"damage_healed":0,"gold_gain":0,"player_choice":"Gave Gold","damage_taken":0,"max_hp_gain":0,"max_hp_loss":0,"event_name":"Beggar","floor":28,"gold_loss":75},{"damage_healed":0,"gold_gain":0,"player_choice":"Paid","damage_taken":0,"relics_obtained":["Red Mask"],"max_hp_gain":0,"max_hp_loss":0,"event_name":"Tomb of Lord Red Mask","floor":37,"gold_loss":148},{"cards_removed":["StuffTheSpire:CuriosityCurse"],"damage_healed":0,"gold_gain":0,"player_choice":"Purged","damage_taken":0,"max_hp_gain":0,"max_hp_loss":0,"event_name":"Purifier","floor":46,"gold_loss":0}],"is_beta":false,"boss_relics":[{"not_picked":["Fusion Hammer","Runic Pyramid"],"picked":"vexMod:MysteryBossChallenge"},{"not_picked":["SacredBark","vexMod:PaidLearning"],"picked":"energizedSpire:OgreHead"}],"items_purged_floors":[],"is_endless":false,"potions_floor_spawned":[1,16,20,25,35,42,47,48],"killed_by":"conspire:OrnateMirror","ascension_level":6}}