{"host":"c35j6tsoy7cxzn43","time":1611449789,"event":{"mods":["BaseMod","Better Third Choice","BetterRewards","Colored Map","Colored Powertips","Conspire","Highlight Path","Hubris","Infinite Spire","Minty Spire (QoL Compilation)","Quick Restart","Replay The Spire","Shop Mod","StSLib"],"gold_per_floor":[115,290,344,294,314,314,314],"floor_reached":6,"language":"ENG","playtime":249,"items_purged":[],"score":34,"play_id":"eb989955-263e-4658-8fcf-2c0fc2e59eff","local_time":"20210124015629","is_ascension_mode":false,"campfire_choices":[],"circlet_count":0,"master_deck":["Strike_G","Strike_G","Strike_G","Strike_G","Strike_G","Defend_G","Defend_G","Defend_G","Defend_G","Survivor","Neutralize","Atom Bomb","Backstab","Doubt","Dagger Spray"],"relics":["Ring of the Snake","Art of War"],"acts_visited":["Exordium"],"potions_floor_usage":[6,6],"damage_taken":[{"damage":0,"enemies":"Small Slimes","floor":1,"turns":5},{"damage":3,"enemies":"Jaw Worm","floor":5,"turns":5},{"damage":61,"enemies":"Gremlin Nob","floor":6,"turns":6}],"seed_played":"893510852843458410","potions_obtained":[{"floor":1,"key":"Adrenaline Potion"},{"floor":3,"key":"DuplicationPotion"},{"floor":3,"key":"LiquidBronze"}],"is_trial":false,"path_per_floor":["M","?","?","?","M","E"],"character_chosen":"THE_SILENT","items_purchased":[],"campfire_rested":0,"item_purchase_floors":[],"current_hp_per_floor":[70,70,53,53,50,0,0],"gold":314,"neow_bonus":"ONE_RANDOM_RARE_CARD","is_daily":false,"chose_seed":false,"campfire_upgraded":0,"win_rate":0.0,"timestamp":1611449789,"path_taken":["M","?","?","?","?","E"],"items_purchased_type":[],"build_version":"2020-12-22","purchased_purges":0,"victory":false,"max_hp_per_floor":[70,70,70,70,70,70,70],"card_choices":[{"not_picked":["Calculated Gamble","Acrobatics"],"picked":"Backstab","floor":1},{"not_picked":["ReplayTheSpireMod:The Works","Sucker Punch"],"picked":"Dagger Spray","floor":5}],"player_experience":431930,"relics_obtained":[{"floor":3,"key":"Art of War"}],"event_choices":[{"damage_healed":0,"gold_gain":175,"player_choice":"AGREE","damage_taken":115,"max_hp_gain":0,"max_hp_loss":0,"event_name":"betterThird:BetterSerpent","floor":2,"gold_loss":0},{"cards_removed":["Defend_G"],"damage_healed":0,"gold_gain":0,"player_choice":"Card Removal","damage_taken":0,"max_hp_gain":0,"max_hp_loss":0,"event_name":"The Cleric","floor":4,"gold_loss":50}],"is_beta":false,"boss_relics":[],"items_purged_floors":[],"is_endless":false,"potions_floor_spawned":[1],"killed_by":"Gremlin Nob","ascension_level":0}}