{"host":"cjhtzh7tp54jdfyv","time":1611530512,"event":{"mods":["AchievementEnabler","BaseMod","Colored Map","Colored Powertips","Curses Come First","DeckTracker","Filter the Spire","Minty Spire (QoL Compilation)","RNG Fix","Relic Sorter","Relic Stats","StSLib","UnlockEverythingMod","ojb\u0027s Better Paths Mod","ojb\u0027s Info Mod"],"gold_per_floor":[111,111,122,142,158,158,190,209,209,209,229,264,264,296,296,370,370,389,389,389,439,451,482,134,134,134,134,166,91,117,130,130,204,204,222,240,77,77,77,77,97,114,182,208,227,227,227,261,261,261,261,261,261,16,42,42,42],"floor_reached":56,"language":"ENG","playtime":6114,"items_purged":["Defend_G"],"score":2316,"play_id":"84b045d4-0300-400b-bcf7-27d057805389","local_time":"20210124182152","is_ascension_mode":true,"campfire_choices":[{"data":"Predator","floor":6,"key":"SMITH"},{"floor":10,"key":"REST"},{"floor":13,"key":"REST"},{"data":"Predator","floor":15,"key":"SMITH"},{"floor":25,"key":"REST"},{"floor":27,"key":"REST"},{"floor":32,"key":"REST"},{"floor":40,"key":"RECALL"}],"circlet_count":0,"master_deck":["AscendersBane","Strike_G","Strike_G","Strike_G","Strike_G","Strike_G","Defend_G","Defend_G","Survivor","Neutralize","Predator+1","Backflip+1","Dagger Throw","Bullet Time+1","Endless Agony","Calculated Gamble+1","Predator+1","Phantasmal Killer+1","Acrobatics+1","RitualDagger","Underhanded Strike","Crippling Poison+1","Phantasmal Killer+1","Calculated Gamble+1","Acrobatics+1","Adrenaline+1","Wraith Form v2","Prepared+1","Acrobatics+1","Bullet Time+1","Blind+1","Trip+1","Trip+1","Deflect+1","Acrobatics+1","PiercingWail+1","PiercingWail+1","Apotheosis+1","Cloak And Dagger+1"],"relics":["Ring of the Snake","Pen Nib","Toxic Egg 2","Orichalcum","Bird Faced Urn","Strawberry","Sundial","Fusion Hammer","Turnip","DollysMirror","Ninja Scroll","Nunchaku","Centennial Puzzle","Coffee Dripper","Bag of Preparation","Potion Belt","StrikeDummy"],"acts_visited":["Exordium","TheCity","TheBeyond","TheEnding"],"potions_floor_usage":[5,7,14,16,16,16,16,28,30,56],"damage_taken":[{"damage":0,"enemies":"2 Louse","floor":1,"turns":3},{"damage":3,"enemies":"Jaw Worm","floor":3,"turns":4},{"damage":5,"enemies":"Cultist","floor":4,"turns":3},{"damage":15,"enemies":"Exordium Thugs","floor":5,"turns":7},{"damage":30,"enemies":"Lagavulin","floor":7,"turns":6},{"damage":0,"enemies":"Looter","floor":8,"turns":2},{"damage":0,"enemies":"Large Slime","floor":11,"turns":3},{"damage":21,"enemies":"3 Sentries","floor":12,"turns":6},{"damage":24,"enemies":"Lagavulin","floor":14,"turns":6},{"damage":7,"enemies":"Slime Boss","floor":16,"turns":6},{"damage":8,"enemies":"2 Thieves","floor":18,"turns":3},{"damage":8,"enemies":"Shell Parasite","floor":22,"turns":2},{"damage":27,"enemies":"Gremlin Leader","floor":23,"turns":4},{"damage":3,"enemies":"Slavers","floor":28,"turns":3},{"damage":9,"enemies":"Book of Stabbing","floor":30,"turns":3},{"damage":0,"enemies":"Snake Plant","floor":31,"turns":2},{"damage":6,"enemies":"Automaton","floor":33,"turns":6},{"damage":0,"enemies":"Orb Walker","floor":35,"turns":2},{"damage":2,"enemies":"3 Darklings","floor":36,"turns":3},{"damage":0,"enemies":"Writhing Mass","floor":41,"turns":2},{"damage":0,"enemies":"4 Shapes","floor":42,"turns":3},{"damage":0,"enemies":"Nemesis","floor":44,"turns":3},{"damage":0,"enemies":"3 Darklings","floor":45,"turns":2},{"damage":0,"enemies":"Reptomancer","floor":48,"turns":2},{"damage":34,"enemies":"Awakened One","floor":50,"turns":10},{"damage":0,"enemies":"Donu and Deca","floor":51,"turns":4},{"damage":0,"enemies":"Shield and Spear","floor":55,"turns":2},{"damage":98,"enemies":"The Heart","floor":56,"turns":5}],"seed_played":"-3203802518743397869","potions_obtained":[{"floor":4,"key":"Regen Potion"},{"floor":5,"key":"Swift Potion"},{"floor":8,"key":"Block Potion"},{"floor":11,"key":"EntropicBrew"},{"floor":14,"key":"DistilledChaos"},{"floor":23,"key":"SneckoOil"},{"floor":28,"key":"ColorlessPotion"},{"floor":33,"key":"FearPotion"},{"floor":45,"key":"CunningPotion"},{"floor":48,"key":"FairyPotion"}],"is_trial":false,"path_per_floor":["M","?","M","M","M","R","E","M","T","R","M","E","R","E","R","B",null,"M","?","?","?","M","E","$","R","T","R","E","?","E","M","R","B",null,"M","M","$","?","?","R","M","M","T","E","M","?","R","E","R","B","B",null,"R","$","E","B"],"character_chosen":"THE_SILENT","items_purchased":["DollysMirror","Backflip+1","Weak Potion","Bullet Time+1","PiercingWail+1","Apotheosis+1"],"campfire_rested":5,"item_purchase_floors":[24,24,24,37,54,54],"current_hp_per_floor":[59,59,56,51,51,51,21,21,21,40,40,26,47,23,23,16,59,51,45,45,38,30,3,3,24,24,45,42,42,33,33,54,48,67,69,67,67,57,57,57,59,61,61,61,61,61,61,63,63,31,33,63,63,63,65,0,0],"gold":42,"neow_bonus":"RANDOM_COMMON_RELIC","is_daily":false,"chose_seed":false,"campfire_upgraded":2,"win_rate":0.0,"timestamp":1611530512,"path_taken":["M","?","M","M","M","R","E","M","T","R","M","E","R","E","R","BOSS","M","?","?","?","?","E","$","R","T","R","E","?","E","M","R","BOSS","M","M","$","?","?","R","M","?","T","E","M","?","R","E","R","BOSS","BOSS","R","$","E","BOSS"],"items_purchased_type":["Relic","Card","Potion","Card","Card","Card"],"build_version":"2020-12-22","purchased_purges":1,"victory":false,"max_hp_per_floor":[66,66,66,66,66,66,66,66,66,66,66,73,73,73,73,73,73,73,73,73,73,73,73,73,73,73,73,73,73,73,73,73,73,73,73,73,73,73,73,73,73,73,73,73,73,73,73,73,73,73,73,73,73,73,73,73,73],"relic_stats":{"Nunchaku":[20],"Centennial Puzzle":[11],"counters":[28,107],"Sundial":[14],"Bird Faced Urn":[14],"Pen Nib":[34],"Turnip":[2],"Bag of Preparation":[0],"Orichalcum":[150],"obtain_stats":[{"Potion Belt":48,"Pen Nib":0,"Bag of Preparation":44,"Orichalcum":7,"Nunchaku":28,"Centennial Puzzle":30,"Sundial":14,"DollysMirror":24,"Ninja Scroll":26,"Bird Faced Urn":9,"Strawberry":12,"Fusion Hammer":17,"Turnip":23,"Coffee Dripper":34,"Toxic Egg 2":2,"StrikeDummy":55,"Ring of the Snake":0},{"Potion Belt":24,"Pen Nib":0,"Bag of Preparation":22,"Orichalcum":5,"Nunchaku":14,"Centennial Puzzle":15,"Sundial":9,"DollysMirror":13,"Ninja Scroll":13,"Bird Faced Urn":6,"Strawberry":8,"Fusion Hammer":10,"Turnip":13,"Coffee Dripper":17,"Toxic Egg 2":1,"StrikeDummy":27,"Ring of the Snake":0},{"Potion Belt":86,"Pen Nib":0,"Bag of Preparation":82,"Orichalcum":23,"Nunchaku":58,"Centennial Puzzle":61,"Sundial":40,"DollysMirror":55,"Ninja Scroll":55,"Bird Faced Urn":25,"Strawberry":34,"Fusion Hammer":46,"Turnip":55,"Coffee Dripper":69,"Toxic Egg 2":3,"StrikeDummy":102,"Ring of the Snake":0}],"Ring of the Snake":[52]},"card_choices":[{"not_picked":["Concentrate","Accuracy","Cloak And Dagger"],"picked":"SKIP","floor":1},{"not_picked":["Bane","Slice"],"picked":"Predator","floor":3},{"not_picked":["Bane","PiercingWail+1"],"picked":"Backflip+1","floor":4},{"not_picked":["Underhanded Strike","Dodge and Roll+1"],"picked":"Dagger Throw","floor":5},{"not_picked":["Dodge and Roll+1","Bouncing Flask+1"],"picked":"Bullet Time+1","floor":7},{"not_picked":["PiercingWail+1","Dodge and Roll+1"],"picked":"Endless Agony","floor":8},{"not_picked":["Flechettes","Sucker Punch","Catalyst+1"],"picked":"SKIP","floor":11},{"not_picked":["Finisher","Poisoned Stab"],"picked":"Calculated Gamble+1","floor":12},{"not_picked":["Backstab","Outmaneuver+1"],"picked":"Predator","floor":14},{"not_picked":["Doppelganger+1","Grand Finale"],"picked":"Phantasmal Killer+1","floor":16},{"not_picked":["Backstab+1","Slice"],"picked":"Acrobatics+1","floor":18},{"not_picked":["Deflect+1","Deadly Poison+1"],"picked":"Underhanded Strike","floor":22},{"not_picked":["Underhanded Strike","Prepared+1"],"picked":"Crippling Poison+1","floor":23},{"not_picked":["Bouncing Flask+1","Dash"],"picked":"Calculated Gamble+1","floor":28},{"not_picked":["Cloak And Dagger+1","Blade Dance+1"],"picked":"Acrobatics+1","floor":30},{"not_picked":["Catalyst+1","Acrobatics+1"],"picked":"Adrenaline+1","floor":31},{"not_picked":["Unload","Tools of the Trade"],"picked":"Wraith Form v2","floor":33},{"not_picked":["Underhanded Strike","Bane+1"],"picked":"Prepared+1","floor":35},{"not_picked":["PiercingWail+1","Quick Slash"],"picked":"Acrobatics+1","floor":36},{"not_picked":["Enlightenment+1","PanicButton+1"],"picked":"Blind+1","floor":38},{"not_picked":["Discovery+1","Jack Of All Trades+1"],"picked":"Trip+1","floor":38},{"not_picked":["Swift Strike","Good Instincts+1"],"picked":"Trip+1","floor":38},{"not_picked":["Underhanded Strike","Bane"],"picked":"Deflect+1","floor":41},{"not_picked":["Prepared+1","Dagger Spray"],"picked":"Acrobatics+1","floor":42},{"not_picked":["Underhanded Strike","Backstab+1","Flechettes"],"picked":"SKIP","floor":44},{"not_picked":["Setup+1","Outmaneuver+1","Envenom"],"picked":"SKIP","floor":45},{"not_picked":["Dodge and Roll+1","Blade Dance+1"],"picked":"PiercingWail+1","floor":48},{"not_picked":["Glass Knife","Dagger Spray"],"picked":"Cloak And Dagger+1","floor":55}],"player_experience":4521351,"relics_obtained":[{"floor":7,"key":"Orichalcum"},{"floor":9,"key":"Bird Faced Urn"},{"floor":12,"key":"Strawberry"},{"floor":14,"key":"Sundial"},{"floor":23,"key":"Turnip"},{"floor":26,"key":"Ninja Scroll"},{"floor":28,"key":"Nunchaku"},{"floor":30,"key":"Centennial Puzzle"},{"floor":44,"key":"Bag of Preparation"},{"floor":48,"key":"Potion Belt"},{"floor":55,"key":"StrikeDummy"}],"event_choices":[{"damage_healed":0,"gold_gain":0,"player_choice":"Box","damage_taken":0,"relics_obtained":["Toxic Egg 2"],"max_hp_gain":0,"max_hp_loss":0,"event_name":"Big Fish","floor":2,"gold_loss":0,"cards_obtained":["Regret"]},{"damage_healed":0,"gold_gain":0,"player_choice":"Joined the Cult","damage_taken":6,"max_hp_gain":0,"max_hp_loss":0,"event_name":"Nest","floor":19,"gold_loss":0,"cards_obtained":["RitualDagger"]},{"cards_removed":["Regret"],"damage_healed":0,"gold_gain":0,"player_choice":"Card Removal","damage_taken":0,"max_hp_gain":0,"max_hp_loss":0,"event_name":"Wheel of Change","floor":20,"gold_loss":0},{"damage_healed":0,"gold_gain":50,"player_choice":"Touch","damage_taken":7,"max_hp_gain":0,"max_hp_loss":0,"event_name":"FaceTrader","floor":21,"gold_loss":0},{"cards_removed":["Defend_G"],"damage_healed":0,"gold_gain":0,"player_choice":"Gave Gold","damage_taken":0,"max_hp_gain":0,"max_hp_loss":0,"event_name":"Beggar","floor":29,"gold_loss":75},{"damage_healed":0,"gold_gain":0,"player_choice":"Memory 3","damage_taken":10,"max_hp_gain":0,"max_hp_loss":0,"event_name":"SensoryStone","floor":38,"gold_loss":0},{"cards_removed":["Defend_G"],"damage_healed":0,"gold_gain":0,"player_choice":"Purged","damage_taken":0,"max_hp_gain":0,"max_hp_loss":0,"event_name":"Purifier","floor":39,"gold_loss":0},{"cards_removed":["Backflip"],"damage_healed":0,"gold_gain":0,"player_choice":"Removed Skill","damage_taken":0,"max_hp_gain":0,"max_hp_loss":0,"event_name":"Falling","floor":46,"gold_loss":0}],"is_beta":false,"boss_relics":[{"not_picked":["Velvet Choker","Philosopher\u0027s Stone"],"picked":"Fusion Hammer"},{"not_picked":["Runic Pyramid","Empty Cage"],"picked":"Coffee Dripper"}],"items_purged_floors":[24],"is_endless":false,"potions_floor_spawned":[4,5,8,11,14,23,28,33,41,42,45,48],"killed_by":"The Heart","ascension_level":20}}