{"host":"x5anfo2w8aotfuta","time":1611450072,"event":{"mods":["AchievementEnabler","BaseMod","Bestiary","Block Reminder","Colored Map","Colored Powertips","DeckTracker","Highlight Path","Minty Spire (QoL Compilation)","Quick Restart","Rare Cards Sparkle","Relic Stats","StSLib"],"gold_per_floor":[118,138,23,23,42,72,84,152,204,242,242,270,311,311,311,417,480,506,533,542,467,486,486,501,539,539,539,558,602,620,643,643,741,741,764,43,43,68,68,102,102,137,163,181,206,206,242,270,270,270,270,270,95,124,124],"floor_reached":56,"language":"ENG","playtime":6406,"items_purged":["Prostrate","JustLucky"],"score":1789,"play_id":"e0ba4a2c-d341-4d22-8a02-153987035319","local_time":"20210123170112","is_ascension_mode":true,"campfire_choices":[{"data":"Perseverance","floor":11.0,"key":"SMITH"},{"data":"Vault","floor":15.0,"key":"SMITH"},{"data":"RitualDagger","floor":23,"key":"SMITH"},{"data":"Vigilance","floor":27,"key":"SMITH"},{"data":"EmptyBody","floor":32,"key":"SMITH"},{"data":"Apotheosis","floor":41,"key":"SMITH"},{"data":"Establishment","floor":46,"key":"SMITH"},{"floor":49,"key":"RECALL"},{"data":"Master of Strategy","floor":52,"key":"SMITH"}],"circlet_count":0,"master_deck":["Eruption","Vigilance+1","Tantrum+1","BattleHymn","WindmillStrike","Perseverance+1","FlurryOfBlows","EmptyBody","EmptyFist","Protect","Vault+1","DeusExMachina","FlyingSleeves","Adaptation","Meditate","Evaluate","Conclude+1","RitualDagger+1","EmptyBody+1","ClearTheMind","JustLucky+1","Blasphemy","FlyingSleeves","EmptyBody","MentalFortress","Establishment+1","RitualDagger+1","Apotheosis+1","EmptyMind","InnerPeace","CutThroughFate+1","CutThroughFate+1","Panacea","Master of Strategy+1","FearNoEvil+1","SpiritShield","Halt+1"],"relics":["SlaversCollar","InkBottle","CeramicFish","Bag of Preparation","Eternal Feather","Smiling Mask","Pandora\u0027s Box","Mango","HornCleat","StrikeDummy","VioletLotus","DollysMirror","Potion Belt","Mercury Hourglass","Bag of Marbles","Whetstone","Art of War"],"acts_visited":["Exordium","TheCity","TheBeyond","TheEnding"],"potions_floor_usage":[22,25,29,33,38,50,50,55,55,55,55,55],"damage_taken":[{"damage":2.0,"enemies":"Jaw Worm","floor":1.0,"turns":6.0},{"damage":16.0,"enemies":"Cultist","floor":2.0,"turns":5.0},{"damage":0.0,"enemies":"2 Louse","floor":5.0,"turns":3.0},{"damage":0.0,"enemies":"Gremlin Nob","floor":6.0,"turns":2.0},{"damage":3.0,"enemies":"Looter","floor":7.0,"turns":3.0},{"damage":10.0,"enemies":"3 Sentries","floor":8.0,"turns":6.0},{"damage":3.0,"enemies":"3 Sentries","floor":10.0,"turns":4.0},{"damage":0.0,"enemies":"3 Louse","floor":12.0,"turns":2.0},{"damage":0.0,"enemies":"Lagavulin","floor":13.0,"turns":5.0},{"damage":5.0,"enemies":"Hexaghost","floor":16.0,"turns":6.0},{"damage":0,"enemies":"Spheric Guardian","floor":18,"turns":4},{"damage":4,"enemies":"2 Thieves","floor":19,"turns":4},{"damage":0,"enemies":"Centurion and Healer","floor":22,"turns":5},{"damage":8,"enemies":"Sentry and Sphere","floor":24,"turns":6},{"damage":0,"enemies":"Book of Stabbing","floor":25,"turns":4},{"damage":7,"enemies":"Cultist and Chosen","floor":28,"turns":8},{"damage":14,"enemies":"Slavers","floor":29,"turns":4},{"damage":0,"enemies":"Snake Plant","floor":31,"turns":3},{"damage":2,"enemies":"Automaton","floor":33,"turns":6},{"damage":0,"enemies":"Orb Walker","floor":35,"turns":3},{"damage":16,"enemies":"3 Darklings","floor":38,"turns":5},{"damage":10,"enemies":"Giant Head","floor":40,"turns":4},{"damage":0,"enemies":"Reptomancer","floor":42,"turns":3},{"damage":1,"enemies":"Transient","floor":45,"turns":6},{"damage":3,"enemies":"Giant Head","floor":47,"turns":6},{"damage":4,"enemies":"4 Shapes","floor":48,"turns":6},{"damage":11,"enemies":"Time Eater","floor":50,"turns":5},{"damage":0,"enemies":"Shield and Spear","floor":54,"turns":4},{"damage":85,"enemies":"The Heart","floor":55,"turns":9}],"seed_played":"-7009966256814122877","potions_obtained":[{"floor":4.0,"key":"CultistPotion"},{"floor":4.0,"key":"LiquidMemories"},{"floor":4.0,"key":"Regen Potion"},{"floor":6.0,"key":"FearPotion"},{"floor":7.0,"key":"BottledMiracle"},{"floor":8.0,"key":"Swift Potion"},{"floor":10.0,"key":"DistilledChaos"},{"floor":24,"key":"DuplicationPotion"},{"floor":25,"key":"LiquidBronze"},{"floor":28,"key":"Fire Potion"},{"floor":31,"key":"PowerPotion"},{"floor":33,"key":"Dexterity Potion"},{"floor":42,"key":"Block Potion"},{"floor":47,"key":"SteroidPotion"},{"floor":48,"key":"BlessingOfTheForge"}],"is_trial":false,"path_per_floor":["M","M","$","?","M","E","M","?","T","E","R","M","E","?","R","B",null,"M","M","?","?","M","R","M","E","T","R","M","E","?","M","R","B",null,"M","$","?","M","?","E","R","E","T","?","M","R","E","M","R","B",null,"R","$","E","B",null],"character_chosen":"WATCHER","items_purchased":["Tantrum","BattleHymn","Establishment","DollysMirror","Apotheosis","EmptyMind","Potion Belt","InnerPeace","Block Potion","Regen Potion"],"campfire_rested":0,"item_purchase_floors":[3,3,36,36,36,36,36,36,53,53],"current_hp_per_floor":[63,47,47,47,47,47,44,49,49,46,55,55,55,48,60,55,68,68,64,58,58,58,70,62,76,76,86,79,65,65,65,80,78,84,84,84,84,68,68,58,76,76,76,66,65,82,79,75,82,71,79,82,82,82,12],"gold":124,"neow_bonus":"BOSS_RELIC","is_daily":false,"chose_seed":false,"campfire_upgraded":8,"win_rate":0.0,"timestamp":1611450072,"path_taken":["M","M","$","?","?","E","M","?","T","E","R","M","E","?","R","BOSS","M","M","?","?","M","R","M","E","T","R","M","E","?","M","R","BOSS","M","$","?","M","?","E","R","E","T","?","M","R","E","M","R","BOSS","R","$","E","BOSS"],"items_purchased_type":["Card","Card","Card","Relic","Card","Card","Relic","Card","Potion","Potion"],"build_version":"2020-12-22","purchased_purges":2,"victory":true,"max_hp_per_floor":[72,72,72,72,72,72,72,72,72,72,72,72,72,72,72,72,72,72,72,72,72,72,72,72,86,86,86,86,86,86,86,86,86,86,86,86,86,86,82,82,82,82,82,82,82,82,82,82,82,82,82,82,82,82,82],"relic_stats":{"counters":[29,137],"CeramicFish":306,"Eternal Feather":103,"Pandora\u0027s Box":["Wallop","FlyingSleeves","Weave","Adaptation","Meditate","Brilliance","MasterReality"],"VioletLotus":[34],"Bag of Preparation":[46],"Art of War":[2],"Whetstone":["Tantrum","Conclude"],"Smiling Mask":75,"obtain_stats":[{"Potion Belt":36,"CeramicFish":8,"Eternal Feather":10,"Mango":25,"Bag of Preparation":9,"Whetstone":47,"Smiling Mask":13,"Mercury Hourglass":40,"SlaversCollar":0,"HornCleat":26,"DollysMirror":36,"Pandora\u0027s Box":17,"VioletLotus":34,"Bag of Marbles":42,"Art of War":54,"PureWater":0,"StrikeDummy":29,"InkBottle":6},{"Potion Belt":20,"CeramicFish":6,"Eternal Feather":7,"Mango":15,"Bag of Preparation":6,"Whetstone":25,"Smiling Mask":9,"Mercury Hourglass":22,"SlaversCollar":0,"HornCleat":15,"DollysMirror":20,"Pandora\u0027s Box":10,"VioletLotus":19,"Bag of Marbles":23,"Art of War":28,"PureWater":0,"StrikeDummy":17,"InkBottle":4},{"Potion Belt":89,"CeramicFish":25,"Eternal Feather":29,"Mango":65,"Bag of Preparation":25,"Whetstone":113,"Smiling Mask":36,"Mercury Hourglass":98,"SlaversCollar":0,"HornCleat":65,"DollysMirror":89,"Pandora\u0027s Box":42,"VioletLotus":86,"Bag of Marbles":101,"Art of War":128,"PureWater":0,"StrikeDummy":77,"InkBottle":16}],"InkBottle":[64],"Mercury Hourglass":[160]},"card_choices":[{"not_picked":["BowlingBash","SashWhip"],"picked":"JustLucky","floor":1.0},{"not_picked":["Protect","WreathOfFlame"],"picked":"Prostrate","floor":2.0},{"not_picked":["Perseverance","Protect"],"picked":"WindmillStrike","floor":5.0},{"not_picked":["Nirvana","Tantrum"],"picked":"Perseverance","floor":6.0},{"not_picked":["FlyingSleeves","Establishment"],"picked":"FlurryOfBlows","floor":7.0},{"not_picked":["PathToVictory","Adaptation"],"picked":"EmptyBody","floor":8.0},{"not_picked":["DevaForm","Crescendo"],"picked":"EmptyFist","floor":10.0},{"not_picked":["FlyingSleeves","FlurryOfBlows"],"picked":"Protect","floor":12.0},{"not_picked":["FollowUp","ThirdEye"],"picked":"Vault","floor":13.0},{"not_picked":["Alpha","DevaForm"],"picked":"DeusExMachina","floor":16.0},{"not_picked":["Study","Vengeance"],"picked":"Evaluate","floor":18},{"not_picked":["Sanctity+1","Prostrate+1"],"picked":"Conclude","floor":19},{"not_picked":["Prostrate","FollowUp+1"],"picked":"EmptyBody","floor":22},{"not_picked":["WaveOfTheHand","Study+1","Consecrate"],"picked":"SKIP","floor":24},{"not_picked":["ConjureBlade","CrushJoints+1"],"picked":"ClearTheMind","floor":25},{"not_picked":["Conclude+1","WheelKick","FlyingSleeves"],"picked":"SKIP","floor":28},{"not_picked":["Crescendo","Protect"],"picked":"JustLucky+1","floor":29},{"not_picked":["Brilliance","BowlingBash"],"picked":"EmptyBody","floor":31},{"not_picked":["BowlingBash+1","ThirdEye"],"picked":"MentalFortress","floor":35},{"not_picked":["PathToVictory+1","EmptyMind"],"picked":"CutThroughFate+1","floor":38},{"not_picked":["CrushJoints+1","Crescendo"],"picked":"CutThroughFate+1","floor":40},{"not_picked":["FlyingSleeves","ForeignInfluence+1","Fasting2+1"],"picked":"SKIP","floor":42},{"not_picked":["Enlightenment","PanicButton"],"picked":"Panacea","floor":44},{"not_picked":["Swift Strike","Discovery"],"picked":"Master of Strategy","floor":44},{"not_picked":["EmptyFist+1","Evaluate"],"picked":"FearNoEvil+1","floor":45},{"not_picked":["WaveOfTheHand","Halt"],"picked":"SpiritShield","floor":47},{"not_picked":["Collect+1","Prostrate"],"picked":"Halt+1","floor":48},{"not_picked":["SpiritShield","Protect","JustLucky+1"],"picked":"SKIP","floor":54}],"player_experience":466381,"relics_obtained":[{"floor":6.0,"key":"InkBottle"},{"floor":8.0,"key":"CeramicFish"},{"floor":9.0,"key":"Bag of Preparation"},{"floor":10.0,"key":"Eternal Feather"},{"floor":13.0,"key":"Smiling Mask"},{"floor":25,"key":"Mango"},{"floor":26,"key":"HornCleat"},{"floor":29,"key":"StrikeDummy"},{"floor":40,"key":"Mercury Hourglass"},{"floor":42,"key":"Bag of Marbles"},{"floor":47,"key":"Whetstone"},{"floor":54,"key":"Art of War"}],"event_choices":[{"damage_healed":0.0,"max_hp_gain":0.0,"max_hp_loss":0.0,"gold_gain":0.0,"event_name":"Lab","player_choice":"Got Potions","floor":4.0,"gold_loss":0.0,"damage_taken":0.0},{"damage_healed":0.0,"max_hp_gain":0.0,"max_hp_loss":0.0,"gold_gain":0.0,"event_name":"Dead Adventurer","player_choice":"Searched \u00271\u0027 times","floor":8.0,"gold_loss":0.0,"damage_taken":0.0},{"cards_removed":["Strike_P"],"damage_healed":0.0,"max_hp_gain":0.0,"max_hp_loss":0.0,"gold_gain":0.0,"event_name":"Golden Wing","player_choice":"Card Removal","floor":14.0,"gold_loss":0.0,"damage_taken":7.0},{"damage_healed":0,"gold_gain":0,"player_choice":"Joined the Cult","damage_taken":6,"max_hp_gain":0,"max_hp_loss":0,"event_name":"Nest","floor":20,"gold_loss":0,"cards_obtained":["RitualDagger"]},{"cards_removed":["Weave"],"damage_healed":0,"gold_gain":0,"player_choice":"Gave Gold","damage_taken":0,"max_hp_gain":0,"max_hp_loss":0,"event_name":"Beggar","floor":21,"gold_loss":75},{"damage_healed":0,"gold_gain":0,"cards_transformed":["MasterReality","Brilliance"],"player_choice":"Became Test Subject","damage_taken":0,"max_hp_gain":0,"max_hp_loss":0,"event_name":"Drug Dealer","floor":30,"gold_loss":0,"cards_obtained":["Blasphemy","FlyingSleeves"]},{"cards_removed":["Wallop"],"damage_healed":0,"gold_gain":0,"player_choice":"Removed Attack","damage_taken":0,"max_hp_gain":0,"max_hp_loss":0,"event_name":"Falling","floor":37,"gold_loss":0},{"damage_healed":0,"gold_gain":0,"player_choice":"Max HP","damage_taken":0,"max_hp_gain":0,"max_hp_loss":4,"event_name":"Winding Halls","floor":39,"gold_loss":0},{"damage_healed":0,"gold_gain":0,"player_choice":"Memory 3","damage_taken":10,"max_hp_gain":0,"max_hp_loss":0,"event_name":"SensoryStone","floor":44,"gold_loss":0}],"is_beta":false,"boss_relics":[{"not_picked":["Fusion Hammer","Tiny House"],"picked":"Pandora\u0027s Box"},{"not_picked":["Runic Pyramid","Velvet Choker"],"picked":"VioletLotus"}],"items_purged_floors":[36,53],"is_endless":false,"potions_floor_spawned":[6,7,8,10,24,25,28,31,33,42,47,48],"ascension_level":6}}