{"host":"0rxdudjy6rylha1k","time":1611448193,"event":{"mods":["Aspiration","BaseMod","Colored Map","Colored Powertips","Downfall","Highlight Path","Hubris","Minty Spire (QoL Compilation)","StSLib"],"gold_per_floor":[99,99,23,23,23,23,23,23,39,52,94,12,12,27,49,161,161,61,85,111,128,228,263,289,309,335,235,253,273,273,28,43,141,141,141,158,176,176,196,196,221,221,246,261,161,180,180,192,211,211,211,211,211,211],"floor_reached":52,"language":"ENG","playtime":19828,"items_purged":["Pain"],"score":2358,"play_id":"d0272608-b559-4449-9f4a-b73bee71c6c8","local_time":"20210123172953","is_ascension_mode":false,"campfire_choices":[{"floor":1.0,"key":"RECALL"},{"data":"hexamod:Float","floor":8.0,"key":"SMITH"},{"data":"hexamod:WildfireWeapon","floor":18.0,"key":"SMITH"},{"floor":27.0,"key":"REST"},{"floor":30.0,"key":"REST"},{"data":"hexamod:VolcanoVisage","floor":35,"key":"SMITH"},{"floor":42,"key":"REST"},{"floor":45,"key":"REST"}],"circlet_count":0,"master_deck":["hexamod:Strike+1","hexamod:Strike+1","hexamod:Strike+1","hexamod:Defend+1","hexamod:Defend+1","hexamod:Defend+1","hexamod:Defend","hexamod:Sear+1","hexamod:Float+1","hexamod:HeatMetal","hexamod:PhantomFireball+1","hexamod:SecondSeal","hexamod:StepThrough+1","hexamod:SpectersWail","hexamod:SixthSeal","hexamod:SpectersWail+1","hexamod:SecondSeal","hexamod:FirstSeal","hexamod:GhostflameBarrier","hexamod:WildfireWeapon+1","hexamod:Incineration+1","hexamod:ThermalTransfer","hexamod:ThermalTransfer","hexamod:VolcanoVisage+1","hexamod:ThirdSeal","hexamod:Firestarter+1","hexamod:Hexaguard","hexamod:WildfireWeapon+1","hexamod:InspiringFlames+1","hexamod:GhostflameBarrier+1","hexamod:Hexaguard+1"],"relics":["hexamod:SpiritBrand","downfall:HeartsMalice","WarpedTongs","hexamod:CandleOfCauterizing","Ancient Tea Set","aspiration:RunicSpoon","downfall:HeartBlessingRed","Regal Pillow","hubris:TenFootPole","downfall:HeartBlessingBlue","Toolbox","aspiration:PoetsPen_weak","hubris:Icosahedron","Guardian:PocketSentry","Art of War","downfall:HeartBlessingGreen"],"acts_visited":["Exordium","TheCity","TheBeyond","TheEnding"],"potions_floor_usage":[33,33,33,39,50,50],"damage_taken":[{"damage":0.0,"enemies":"Small Slimes","floor":2.0,"turns":1.0},{"damage":0.0,"enemies":"downfall:FleeingMerchant","floor":3.0,"turns":1.0},{"damage":0.0,"enemies":"Cultist","floor":5.0,"turns":1.0},{"damage":3.0,"enemies":"Jaw Worm","floor":9.0,"turns":3.0},{"damage":2.0,"enemies":"Gremlin Gang","floor":10.0,"turns":3.0},{"damage":11.0,"enemies":"Gremlin Nob","floor":11.0,"turns":3.0},{"damage":9.0,"enemies":"downfall:FleeingMerchant","floor":12.0,"turns":4.0},{"damage":7.0,"enemies":"Exordium Thugs","floor":14.0,"turns":4.0},{"damage":0.0,"enemies":"Red Slaver","floor":15.0,"turns":3.0},{"damage":27.0,"enemies":"DF_ARCHETYPE_STREAMLINE","floor":16.0,"turns":14.0},{"damage":0.0,"enemies":"3 Byrds","floor":19.0,"turns":4.0},{"damage":4.0,"enemies":"Snake Plant","floor":20.0,"turns":3.0},{"damage":23.0,"enemies":"3 Cultists","floor":21.0,"turns":5.0},{"damage":26.0,"enemies":"Gremlin Leader","floor":23.0,"turns":6.0},{"damage":8.0,"enemies":"Shelled Parasite and Fungi","floor":25.0,"turns":5.0},{"damage":16.0,"enemies":"Snake Plant","floor":26.0,"turns":4.0},{"damage":13.0,"enemies":"Centurion and Healer","floor":28.0,"turns":6.0},{"damage":22.0,"enemies":"Shelled Parasite and Fungi","floor":29.0,"turns":6.0},{"damage":0.0,"enemies":"downfall:FleeingMerchant","floor":31.0,"turns":4.0},{"damage":7.0,"enemies":"3 Cultists","floor":32.0,"turns":4.0},{"damage":27,"enemies":"IC_MUSHROOM_ARCHETYPE","floor":33,"turns":7},{"damage":0,"enemies":"3 Darklings","floor":36,"turns":3},{"damage":4,"enemies":"Orb Walker","floor":37,"turns":3},{"damage":48,"enemies":"3 Darklings","floor":39,"turns":3},{"damage":34,"enemies":"Nemesis","floor":43,"turns":5},{"damage":21,"enemies":"Spire Growth","floor":44,"turns":4},{"damage":0,"enemies":"Transient","floor":46,"turns":5},{"damage":0,"enemies":"Sphere and 2 Shapes","floor":48,"turns":5},{"damage":10,"enemies":"3 Darklings","floor":49,"turns":6},{"damage":41,"enemies":"SI_POISON_ARCHETYPE","floor":50,"turns":4},{"damage":80,"enemies":"downfall:CharBossMerchant","floor":52,"turns":7}],"seed_played":"-8801459585534337230","potions_obtained":[{"floor":9.0,"key":"Fire Potion"},{"floor":10.0,"key":"Explosive Potion"},{"floor":11.0,"key":"sneckomod:MuddlingPotion"},{"floor":14.0,"key":"CultistPotion"},{"floor":16.0,"key":"champ:CounterPotion"},{"floor":21.0,"key":"Guardian:BlockOnCardUsePotion"},{"floor":23.0,"key":"Slimebound:ThreeZeroPotion"},{"floor":26.0,"key":"SteroidPotion"},{"floor":28.0,"key":"Block Potion"},{"floor":32.0,"key":"Block Potion"},{"floor":37,"key":"champ:CounterPotion"},{"floor":46,"key":"ColorlessPotion"},{"floor":49,"key":"Fire Potion"}],"is_trial":false,"path_per_floor":["R","M","$","?","M","?","T","R","M","M","E","$","?","M","M","B",null,"R","M","M","M","?","E","T","M","M","R","M","M","R","$","M","B",null,"R","M","M","?","M","?","T","R","E","M","R","M","?","M","M","B",null,"E"],"character_chosen":"THE_SPIRIT","items_purchased":["hexamod:SecondSeal","Toolbox","Strength Potion","Energy Potion"],"campfire_rested":4,"item_purchase_floors":[3,31,31,31],"current_hp_per_floor":[70,70,70,70,70,63,63,63,60,58,47,38,38,31,38,18,70,70,70,70,47,47,28,28,27,18,67,61,46,80,80,80,53,80,80,80,76,76,35,35,35,74,40,19,58,65,65,72,69,28,80,0,0,0],"gold":211,"neow_bonus":"THREE_ENEMY_KILL","is_daily":false,"chose_seed":false,"campfire_upgraded":3,"win_rate":0.0,"timestamp":1611448193,"path_taken":["R","M","$","?","?","?","T","R","M","M","E","$","?","M","M","BOSS","R","M","?","M","?","E","T","M","M","R","?","M","R","?","M","BOSS","R","M","M","?","M","?","T","R","E","M","R","?","?","M","M","BOSS","E"],"items_purchased_type":["Card","Relic","Potion","Potion"],"build_version":"2020-12-22","purchased_purges":1,"victory":false,"max_hp_per_floor":[70,70,70,70,70,70,70,70,70,70,70,70,70,70,70,70,70,70,70,70,70,70,70,70,70,70,80,80,80,80,80,80,80,80,80,80,80,80,80,80,80,80,80,80,80,80,80,80,80,80,80,80,80,80],"card_choices":[{"not_picked":["hexamod:NightmareGuise","hexamod:SpectralSpark"],"picked":"hexamod:HeatMetal","floor":2.0},{"not_picked":["hexamod:PhantomCloak","hexamod:BurningTouch"],"picked":"hexamod:PhantomFireball","floor":3.0},{"not_picked":["hexamod:BacktrackSmack","hexamod:FlamesFromBeyond"],"picked":"hexamod:StepThrough","floor":5.0},{"not_picked":["hexamod:NightmareGuise","hexamod:HauntingEcho"],"picked":"hexamod:SpectersWail","floor":9.0},{"not_picked":["hexamod:DynamicBlow","hexamod:GhostOfSpireFuture"],"picked":"hexamod:SixthSeal","floor":10.0},{"not_picked":["hexamod:NightmareStrike","hexamod:PhantomCloak","hexamod:EtherealExpedition"],"picked":"SKIP","floor":11.0},{"not_picked":["hexamod:PhantomFireball","hexamod:NightmareStrike"],"picked":"hexamod:SpectersWail","floor":12.0},{"not_picked":["hexamod:CatchUp","hexamod:BurningTouch"],"picked":"hexamod:FirstSeal","floor":14.0},{"not_picked":["hexamod:HeatCrush","hexamod:ChargedBarrage"],"picked":"hexamod:GhostflameBarrier","floor":15.0},{"not_picked":["hexamod:ForkedFlame","hexamod:GhostOfSpirePresent"],"picked":"hexamod:WildfireWeapon","floor":16.0},{"not_picked":["hexamod:GhostLash+1","hexamod:SuperheatedStrike","hexamod:HauntingEcho"],"picked":"SKIP","floor":19.0},{"not_picked":["hexamod:BacktrackSmack","hexamod:PowerFromBeyond"],"picked":"hexamod:Incineration","floor":20.0},{"not_picked":["hexamod:RainOfEmbers","hexamod:HeatMetal+1","hexamod:SpectralAdrenaline+1"],"picked":"SKIP","floor":21.0},{"not_picked":["hexamod:Rewind","hexamod:SixthSeal"],"picked":"hexamod:ThermalTransfer","floor":23.0},{"not_picked":["hexamod:GhostShield","hexamod:HauntingEcho","hexamod:Again+1"],"picked":"SKIP","floor":25.0},{"not_picked":["hexamod:SwordOfDarkness","hexamod:Again+1","hexamod:GhostShield"],"picked":"SKIP","floor":26.0},{"not_picked":["hexamod:NightmareStrike","hexamod:HauntingEcho+1"],"picked":"hexamod:ThermalTransfer","floor":28.0},{"not_picked":["hexamod:GhostOfSpireFuture","hexamod:HauntingEcho","hexamod:Hexaguard"],"picked":"SKIP","floor":29.0},{"not_picked":["hexamod:BurningTouch","hexamod:SuperheatedStrike","hexamod:NightmareGuise"],"picked":"SKIP","floor":31.0},{"not_picked":["hexamod:BurningTouch","hexamod:NightmareGuise"],"picked":"hexamod:VolcanoVisage","floor":32.0},{"not_picked":["hexamod:HeatShield+1","hexamod:Incineration+1"],"picked":"hexamod:ThirdSeal","floor":36},{"not_picked":["hexamod:PhantomFireball","hexamod:NightmareStrike+1"],"picked":"hexamod:Firestarter+1","floor":37},{"not_picked":["hexamod:SuperheatedStrike","hexamod:HauntingEcho"],"picked":"hexamod:Hexaguard","floor":39},{"not_picked":["hexamod:FlamesFromBeyond+1","hexamod:FastForward","hexamod:NightmareStrike"],"picked":"SKIP","floor":43},{"not_picked":["hexamod:EmpoweredFlame+1","hexamod:Firestarter"],"picked":"hexamod:InspiringFlames+1","floor":44},{"not_picked":["hexamod:GhostLash","hexamod:FlamesFromBeyond+1","hexamod:NightmareGuise"],"picked":"SKIP","floor":46},{"not_picked":["hexamod:HeatMetal","hexamod:HauntingEcho"],"picked":"hexamod:GhostflameBarrier+1","floor":48},{"not_picked":["hexamod:NightmareGuise+1","hexamod:InspiringFlames","hexamod:GhostOfSpireFuture+1"],"picked":"SKIP","floor":48},{"not_picked":["hexamod:GhostOfSpireFuture+1","hexamod:RainOfEmbers+1"],"picked":"hexamod:Hexaguard+1","floor":49}],"player_experience":2671485,"relics_obtained":[{"floor":11.0,"key":"Ancient Tea Set"},{"floor":23.0,"key":"Regal Pillow"},{"floor":24.0,"key":"hubris:TenFootPole"},{"floor":41,"key":"Guardian:PocketSentry"},{"floor":43,"key":"Art of War"}],"event_choices":[{"damage_healed":0.0,"max_hp_gain":0.0,"max_hp_loss":0.0,"gold_gain":0.0,"event_name":"Accursed Blacksmith","player_choice":"Rummage","floor":4.0,"gold_loss":0.0,"damage_taken":0.0,"relics_obtained":["WarpedTongs"],"cards_obtained":["Pain"]},{"damage_healed":0.0,"max_hp_gain":0.0,"max_hp_loss":0.0,"gold_gain":0.0,"event_name":"Scrap Ooze","player_choice":"Success","floor":6.0,"gold_loss":0.0,"damage_taken":7.0,"relics_obtained":["hexamod:CandleOfCauterizing"]},{"damage_healed":0,"gold_gain":0,"player_choice":"Ignored","damage_taken":0,"max_hp_gain":0,"max_hp_loss":0,"event_name":"Mysterious Sphere","floor":47,"gold_loss":0}],"is_beta":false,"boss_relics":[{"not_picked":["aspiration:FutureDiary","Velvet Choker"],"picked":"aspiration:RunicSpoon"},{"not_picked":["hubris:CrackedHourglass","Sozu"],"picked":"aspiration:PoetsPen_weak"}],"items_purged_floors":[12],"is_endless":false,"potions_floor_spawned":[9,10,11,14,16,21,23,26,28,32,37,46,49],"killed_by":"downfall:CharBossMerchant","ascension_level":0}}