{"host":"cbabs5wvj1yqiyjm","time":1611523682,"event":{"mods":["AchievementEnabler","Act Like it!","Bartender","BaseMod","Bestiary","Better Third Choice","BetterRewards","Colored Powertips","Curses Come First","Downfall","Friendly Minions","Hallownest","Hermit","Infinite Spire","Kratos Character Expansion","Marisa????????","Minty Spire (QoL Compilation)","Rare Cards Sparkle","Replay The Spire","SOS???????","Spicy Shops","StSLib","Td1madao Mod","The Bladedancer","The Bug Knight","The Cursed","The Disciple","The Forsaken","The Marked","The Necromancer","The Problem Sleuth","The Servant 0.9.4","Wandering Minibosses","???Mod??????Boss"],"gold_per_floor":[99,99,99,114,129,144,219,219,234,249,52,67,13,28,43,143,143,143,158,173,188,188,203,203,218,233,248,248,281,281,281,281,296,329,329,329,329],"floor_reached":35,"language":"ENG","playtime":3819,"items_purged":[],"score":286,"play_id":"b3d1b5d6-2b7d-41c4-bef4-3167ef5bd4ba","local_time":"20210124162802","daily_mods":["Specialized","Vintage","downfall:WorldOfGoo"],"is_ascension_mode":false,"campfire_choices":[{"data":"Im Angry","floor":18,"key":"SMITH"},{"floor":32,"key":"REST"}],"circlet_count":0,"master_deck":["sneckomod:Strike+1","sneckomod:Strike+1","sneckomod:Strike+1","sneckomod:Defend+1","sneckomod:Defend+1","sneckomod:Defend+1","sneckomod:TailWhip","sneckomod:SnekBite+1","sneckomod:Nope","sneckomod:Nope","sneckomod:Nope","sneckomod:Nope","sneckomod:Nope","SuperPerseids+1","Pot Of Greed","Pot Of Greed","Here Defend Chip","sneckomod:CheapStock","expansioncontent:InvincibleStrength","sneckomod:UnknownCommonAttack","sneckomod:IronFang","sneckomod:MasterEye","sneckomod:MorePower","Pot Of Greed","Im Angry+1","sneckomod:UnknownBoss+1","sneckomod:UnknownRareAttack+1","sneckomod:UnknownClassHEXA_GHOST_PURPLE+1","sneckomod:UnknownClassSILVER+1","LuminesStrike","sneckomod:UnknownClassKRATOS_COLOR+1"],"relics":["sneckomod:SuperSneckoSoul","infinitespire:CheckeredPen","Pen Nib","Protect_Vest","Grinning Jar","Eternal Feather","Kunai","Cleaning_Rag","Bronze Scales","ReplayTheSpireMod:TigerMarble","HollowMod:PaleOreRelic","Ancient Tea Set","PreservedInsect","bronze:DecasWashers","infinitespire:FocusingShard","Onion Ring","Snack Pack","White_Cape","HollowMod:LifeEnderRelic","Chameleon Ring","Bottled Flame","Torii"],"acts_visited":["Exordium","TheCity"],"potions_floor_usage":[16,16,16,26,27,33,35],"damage_taken":[{"damage":0,"enemies":"Small Slimes","floor":4,"turns":2},{"damage":0,"enemies":"2 Louse","floor":5,"turns":2},{"damage":0,"enemies":"Jaw Worm","floor":6,"turns":2},{"damage":0,"enemies":"Gremlin Gang","floor":9,"turns":4},{"damage":0,"enemies":"2 Fungi Beasts","floor":10,"turns":4},{"damage":2,"enemies":"downfall:FleeingMerchant","floor":11,"turns":4},{"damage":6,"enemies":"Blue Slaver","floor":12,"turns":3},{"damage":12,"enemies":"downfall:FleeingMerchant","floor":13,"turns":4},{"damage":0,"enemies":"Gremlin Gang","floor":14,"turns":2},{"damage":1,"enemies":"Exordium Thugs","floor":15,"turns":3},{"damage":6,"enemies":"Fading Forest","floor":16,"turns":11},{"damage":5,"enemies":"3 Byrds","floor":19,"turns":2},{"damage":16,"enemies":"Shell Parasite","floor":20,"turns":6},{"damage":16,"enemies":"Snake Plant","floor":21,"turns":3},{"damage":30,"enemies":"Cultist and Chosen","floor":23,"turns":5},{"damage":10,"enemies":"Centurion and Healer","floor":25,"turns":4},{"damage":9,"enemies":"Snake Plant","floor":26,"turns":4},{"damage":4,"enemies":"Cultist and Chosen","floor":27,"turns":4},{"damage":4,"enemies":"Centurion and Healer","floor":29,"turns":4},{"damage":15,"enemies":"Snake Plant","floor":33,"turns":5},{"damage":20,"enemies":"3 Cultists","floor":34,"turns":5},{"damage":34,"enemies":"IC_MUSHROOM_ARCHETYPE","floor":35,"turns":8}],"seed_played":"-992185634128019100","potions_obtained":[{"floor":5,"key":"LiquidBronze"},{"floor":9,"key":"Fire Potion"},{"floor":10,"key":"Swift Potion"},{"floor":15,"key":"BlessingOfTheForge"},{"floor":19,"key":"AttackPotion"},{"floor":21,"key":"CultistPotion"},{"floor":26,"key":"Milkshake"},{"floor":29,"key":"Milkshake"}],"is_trial":false,"path_per_floor":["R","?","?","M","M","M","T","R","M","M","$","M","$","M","M","B",null,"R","M","M","M","?","M","T","M","M","M","?","M","PTL","PTL","R","M","M","B"],"character_chosen":"THE_SNECKO","items_purchased":["expansioncontent:InvincibleStrength","sneckomod:UnknownCommonAttack","sneckomod:IronFang","sneckomod:MasterEye"],"campfire_rested":1,"item_purchase_floors":[11,11,11,13],"current_hp_per_floor":[90,90,72,72,72,72,72,81,81,81,79,73,61,61,60,64,90,90,85,69,57,57,27,27,17,12,10,10,8,8,8,53,38,18,0,0,0],"gold":329,"neow_bonus":"","is_daily":true,"chose_seed":false,"campfire_upgraded":1,"win_rate":0.0,"timestamp":1611523682,"path_taken":["R","?","?","M","M","M","T","R","M","M","$","M","?","?","M","BOSS","R","M","M","?","?","M","T","M","M","M","?","?","PTL","PTL","R","M","M","BOSS"],"items_purchased_type":["Card","Card","Card","Card"],"build_version":"2020-12-22","purchased_purges":0,"victory":false,"max_hp_per_floor":[90,90,90,90,90,90,90,90,90,90,90,90,90,90,90,90,90,90,90,90,90,90,90,90,90,90,90,90,90,90,90,90,90,90,90,90,90],"card_choices":[{"not_picked":["sneckomod:Rotation","sneckomod:SerpentMind"],"picked":"sneckomod:CheapStock","floor":11},{"not_picked":["sneckomod:SnekBeam","sneckomod:UnknownDraw"],"picked":"sneckomod:UnknownDexterity","floor":13},{"not_picked":["sneckomod:DangerNoodle","sneckomod:Mudshield"],"picked":"sneckomod:MorePower","floor":16},{"not_picked":["sneckomod:UnknownClassMARKED_PURPLE_COLOR+1","sneckomod:UnknownWeak+1"],"picked":"sneckomod:UnknownBoss+1","floor":19},{"not_picked":["sneckomod:UnknownVulnerable+1","sneckomod:UnknownClassGREEN+1"],"picked":"sneckomod:UnknownRareAttack+1","floor":20},{"not_picked":["sneckomod:UnknownClassTHE_CURSED_PURPLE+1","sneckomod:UnknownX+1"],"picked":"sneckomod:UnknownClassHEXA_GHOST_PURPLE+1","floor":21},{"not_picked":["sneckomod:UnknownClasssleuth_GRAY_COLOR+1","sneckomod:UnknownX+1"],"picked":"sneckomod:UnknownClassSILVER+1","floor":27},{"not_picked":["sneckomod:UnknownClassRED+1","sneckomod:UnknownClassDEFAULT_GRAY_COLOR+1"],"picked":"sneckomod:UnknownClassKRATOS_COLOR+1","floor":34}],"player_experience":73916,"relics_obtained":[{"floor":2,"key":"infinitespire:CheckeredPen"},{"floor":4,"key":"Pen Nib"},{"floor":5,"key":"Protect_Vest"},{"floor":6,"key":"Grinning Jar"},{"floor":7,"key":"Eternal Feather"},{"floor":9,"key":"Kunai"},{"floor":10,"key":"Cleaning_Rag"},{"floor":12,"key":"Bronze Scales"},{"floor":14,"key":"ReplayTheSpireMod:TigerMarble"},{"floor":15,"key":"HollowMod:PaleOreRelic"},{"floor":19,"key":"Ancient Tea Set"},{"floor":20,"key":"PreservedInsect"},{"floor":21,"key":"bronze:DecasWashers"},{"floor":23,"key":"infinitespire:FocusingShard"},{"floor":24,"key":"Onion Ring"},{"floor":25,"key":"Snack Pack"},{"floor":26,"key":"White_Cape"},{"floor":27,"key":"HollowMod:LifeEnderRelic"},{"floor":29,"key":"Chameleon Ring"},{"floor":33,"key":"Bottled Flame"},{"floor":34,"key":"Torii"}],"event_choices":[{"damage_healed":90,"gold_gain":0,"player_choice":"Upgrade","damage_taken":18,"max_hp_gain":0,"max_hp_loss":90,"event_name":"betterThird:BetterShining","floor":3,"gold_loss":0,"cards_upgraded":["sneckomod:SnekBite","SuperPerseids"]}],"is_beta":false,"boss_relics":[{"not_picked":["Snecko Heart","Pandora\u0027s Box"],"picked":"sneckomod:SuperSneckoSoul"}],"items_purged_floors":[],"is_endless":false,"potions_floor_spawned":[5,9,10,15,19,21,26,29],"killed_by":"IC_MUSHROOM_ARCHETYPE","ascension_level":0}}