{"host":"uv5ws9rdk87e8i5k","time":1611507347,"event":{"mods":["AchievementEnabler","BaseMod","Colored Map","Minty Spire (QoL Compilation)","StSLib","SuperFastMode"],"gold_per_floor":[114,133,149,169,169,204,221,221,221,238,271,285,297,314,314,419,419,432,444,461,40,60,92,92,92,92,92,92,103,138,138,138],"floor_reached":31,"language":"ENG","playtime":1055,"items_purged":["Slice"],"score":570,"play_id":"a6e5f156-e199-4e35-9afc-cde73313d0ae","local_time":"20210124105547","is_ascension_mode":true,"campfire_choices":[{"floor":8.0,"key":"REST"},{"floor":15.0,"key":"REST"},{"floor":24.0,"key":"REST"},{"floor":27.0,"key":"REST"}],"circlet_count":0,"master_deck":["Survivor","Neutralize","Quick Slash","Noxious Fumes","Crippling Poison","PiercingWail","Night Terror","Doppelganger","Deadly Poison","Quick Slash","Backflip","Leg Sweep","Catalyst","Corpse Explosion","Footwork+1","Outmaneuver","Flying Knee","Malaise","Cloak And Dagger","Tools of the Trade+1","Expertise","Infinite Blades+1","Backflip","Blur+1","Bouncing Flask","Poisoned Stab","Catalyst","Noxious Fumes+1","Deadly Poison+1","Poisoned Stab+1"],"relics":["Fusion Hammer","Frozen Egg 2","Darkstone Periapt","Mummified Hand","Pandora\u0027s Box","Toy Ornithopter","Bottled Lightning","Molten Egg 2","Pen Nib"],"acts_visited":["Exordium","TheCity"],"potions_floor_usage":[],"damage_taken":[{"damage":0.0,"enemies":"Small Slimes","floor":1.0,"turns":4.0},{"damage":1.0,"enemies":"Cultist","floor":2.0,"turns":5.0},{"damage":3.0,"enemies":"2 Louse","floor":3.0,"turns":3.0},{"damage":1.0,"enemies":"Red Slaver","floor":4.0,"turns":5.0},{"damage":23.0,"enemies":"Gremlin Nob","floor":6.0,"turns":5.0},{"damage":7.0,"enemies":"Exordium Thugs","floor":7.0,"turns":5.0},{"damage":10.0,"enemies":"Lots of Slimes","floor":10.0,"turns":3.0},{"damage":16.0,"enemies":"Lagavulin","floor":11.0,"turns":9.0},{"damage":1.0,"enemies":"Exordium Wildlife","floor":12.0,"turns":4.0},{"damage":12.0,"enemies":"Large Slime","floor":13.0,"turns":7.0},{"damage":3.0,"enemies":"Gremlin Gang","floor":14.0,"turns":5.0},{"damage":11.0,"enemies":"The Guardian","floor":16.0,"turns":5.0},{"damage":8.0,"enemies":"2 Thieves","floor":18.0,"turns":3.0},{"damage":0.0,"enemies":"Chosen","floor":19.0,"turns":5.0},{"damage":18.0,"enemies":"Sentry and Sphere","floor":20.0,"turns":4.0},{"damage":0.0,"enemies":"3 Cultists","floor":22.0,"turns":2.0},{"damage":25.0,"enemies":"Slavers","floor":23.0,"turns":3.0},{"damage":13.0,"enemies":"Snecko","floor":29.0,"turns":4.0},{"damage":36,"enemies":"Gremlin Leader","floor":30,"turns":5},{"damage":0,"enemies":"Centurion and Healer","floor":31,"turns":1}],"seed_played":"2231984136120592207","potions_obtained":[{"floor":2.0,"key":"GamblersBrew"},{"floor":4.0,"key":"BlessingOfTheForge"},{"floor":7.0,"key":"Weak Potion"},{"floor":10.0,"key":"Dexterity Potion"},{"floor":13.0,"key":"FearPotion"},{"floor":14.0,"key":"SneckoOil"},{"floor":16.0,"key":"SpeedPotion"},{"floor":19.0,"key":"FearPotion"},{"floor":22.0,"key":"Energy Potion"}],"is_trial":false,"path_per_floor":["M","M","M","M","?","E","M","R","T","M","E","M","M","M","R","B",null,"M","M","M","$","M","E","R","?","T","R","?","M","E","M"],"character_chosen":"THE_SILENT","items_purchased":["EntropicBrew","Bouncing Flask","Toy Ornithopter","Poisoned Stab"],"campfire_rested":4,"item_purchase_floors":[21,21,21,21],"current_hp_per_floor":[63,62,59,58,58,35,28,49,49,39,23,22,10,7,28,17,57,49,49,31,31,36,16,37,37,37,58,51,43,7,7,7],"gold":138,"neow_bonus":"BOSS_RELIC","is_daily":false,"chose_seed":false,"campfire_upgraded":0,"win_rate":0.0,"timestamp":1611507347,"path_taken":["M","M","M","M","?","E","M","R","T","M","E","M","M","?","R","BOSS","M","M","M","$","M","E","R","?","T","R","?","M","E","M"],"items_purchased_type":["Potion","Card","Relic","Card"],"build_version":"2020-12-22","purchased_purges":1,"victory":false,"max_hp_per_floor":[70,70,70,70,70,70,70,70,70,70,70,70,70,70,70,70,70,70,70,70,70,70,70,70,70,70,70,70,70,70,70,70],"card_choices":[{"not_picked":["Deflect","Bane"],"picked":"Quick Slash","floor":1.0},{"not_picked":["Flechettes","Quick Slash"],"picked":"Noxious Fumes","floor":2.0},{"not_picked":["Sucker Punch","Deadly Poison"],"picked":"Crippling Poison","floor":3.0},{"not_picked":["Dagger Spray","Flying Knee"],"picked":"PiercingWail","floor":4.0},{"not_picked":["Finisher","Deflect"],"picked":"Doppelganger","floor":6.0},{"not_picked":["Dash","Underhanded Strike"],"picked":"Deadly Poison","floor":7.0},{"not_picked":["Dodge and Roll","Blade Dance","Sucker Punch"],"picked":"SKIP","floor":10.0},{"not_picked":["Slice","Doppelganger"],"picked":"Quick Slash","floor":11.0},{"not_picked":["Sucker Punch","Cloak And Dagger"],"picked":"Backflip","floor":12.0},{"not_picked":["Dodge and Roll","Backflip"],"picked":"Leg Sweep","floor":13.0},{"not_picked":["Dagger Spray","Crippling Poison"],"picked":"Catalyst","floor":14.0},{"not_picked":["Wraith Form v2+1","Tools of the Trade+1"],"picked":"Corpse Explosion","floor":16.0},{"not_picked":["Bane","Skewer","All Out Attack+1"],"picked":"SKIP","floor":18.0},{"not_picked":["Quick Slash","Flechettes","PiercingWail"],"picked":"SKIP","floor":19.0},{"not_picked":["Tactician","Choke"],"picked":"Blur+1","floor":20.0},{"not_picked":["Bane","Dagger Throw+1"],"picked":"Catalyst","floor":22.0},{"not_picked":["Malaise","Slice"],"picked":"Noxious Fumes+1","floor":23.0},{"not_picked":["Prepared","All Out Attack+1"],"picked":"Deadly Poison+1","floor":29.0},{"not_picked":["Deflect+1","Caltrops+1"],"picked":"Poisoned Stab+1","floor":30}],"player_experience":226737,"relics_obtained":[{"floor":6.0,"key":"Frozen Egg 2"},{"floor":9.0,"key":"Darkstone Periapt"},{"floor":11.0,"key":"Mummified Hand"},{"floor":23.0,"key":"Bottled Lightning"},{"floor":26.0,"key":"Molten Egg 2"},{"floor":30,"key":"Pen Nib"}],"event_choices":[{"damage_healed":0.0,"max_hp_gain":0.0,"max_hp_loss":0.0,"gold_gain":0.0,"event_name":"Match and Keep!","player_choice":"1 cards matched","floor":5.0,"gold_loss":0.0,"damage_taken":0.0,"cards_obtained":["Night Terror"]},{"damage_healed":0.0,"max_hp_gain":0.0,"max_hp_loss":0.0,"gold_gain":0.0,"event_name":"The Mausoleum","player_choice":"Ignored","floor":25.0,"gold_loss":0.0,"damage_taken":0.0},{"damage_healed":0.0,"max_hp_gain":0.0,"max_hp_loss":0.0,"gold_gain":0.0,"event_name":"Wheel of Change","player_choice":"Damaged","floor":28.0,"gold_loss":0.0,"damage_taken":7.0}],"is_beta":false,"boss_relics":[{"not_picked":["Cursed Key","Sozu"],"picked":"Pandora\u0027s Box"}],"items_purged_floors":[21],"is_endless":false,"potions_floor_spawned":[2,4,7,10,13,14,16,19,22,29],"killed_by":"Centurion and Healer","ascension_level":9}}