{"host":"ew66i0vuc7r9fnl7","time":1611505105,"event":{"mods":["Arknights The Spire","BaseMod","DeckTracker","Minty Spire (QoL Compilation)","StSLib"],"gold_per_floor":[119,119,119,44,56,56,87,100,100,118,118,118],"floor_reached":11,"language":"KOR","playtime":262,"items_purged":["Decay"],"score":73,"play_id":"6de7c847-bd56-4815-baed-6535a574df2a","local_time":"20210125011825","is_ascension_mode":false,"campfire_choices":[{"data":"ats:Emotion Absorption","floor":6,"key":"SMITH"}],"circlet_count":0,"master_deck":["ats:Strike C","ats:Strike G","ats:Strike S","ats:Armor Crushing Shot","ats:Defend","ats:Defend","ats:Defend","ats:Defend","ats:Emotion Absorption+1","ats:Hammer On","ats:Support Order","ats:Hook Shot","ats:Curse Doll"],"relics":["ats:Sanity","Question Card","ats:Originium","Dead Branch","Pantograph"],"acts_visited":["Exordium"],"potions_floor_usage":[],"damage_taken":[{"damage":3,"enemies":"Jaw Worm","floor":1,"turns":4},{"damage":0,"enemies":"2 Louse","floor":5,"turns":5},{"damage":35,"enemies":"Gremlin Nob","floor":7,"turns":5},{"damage":5,"enemies":"Cultist","floor":8,"turns":4},{"damage":14,"enemies":"Blue Slaver","floor":10,"turns":5},{"damage":0,"enemies":"Lagavulin","floor":11,"turns":1}],"seed_played":"3814098778246817835","potions_obtained":[{"floor":1,"key":"BlessingOfTheForge"},{"floor":10,"key":"ats:Top Emergency Sanity Potion"}],"is_trial":false,"path_per_floor":["M","?","?","$","M","R","E","M","T","M","E"],"character_chosen":"DOCTOR_CLASS","items_purchased":[],"campfire_rested":0,"item_purchase_floors":[],"current_hp_per_floor":[69,66,66,66,66,66,31,26,26,12,12,12],"gold":118,"neow_bonus":"REMOVE_CARD","is_daily":false,"chose_seed":false,"campfire_upgraded":1,"win_rate":0.0,"timestamp":1611505105,"path_taken":["M","?","?","$","M","R","E","M","T","?","E"],"items_purchased_type":[],"build_version":"2020-12-22","purchased_purges":1,"victory":false,"max_hp_per_floor":[72,72,72,72,72,72,72,72,72,72,72,72],"card_choices":[{"not_picked":["ats:Burning Ground","ats:Revitalization","ats:Very Hot Blade"],"picked":"SKIP","floor":1},{"not_picked":["ats:Chain Hook","ats:Closed Bolt Burst Fire","ats:Absolute Focus"],"picked":"ats:Hammer On","floor":5},{"not_picked":["ats:Defend Order","ats:Composite Medical Shells","ats:Leaping Hammer"],"picked":"ats:Support Order","floor":7},{"not_picked":["ats:Echo Reverb","ats:Consecutive Shot Auto","ats:Demon Strength"],"picked":"ats:Hook Shot","floor":8},{"not_picked":["ats:Poison Spread","ats:Closed Bolt Burst Fire","ats:Thermite Blade"],"picked":"ats:Curse Doll","floor":10}],"player_experience":616877,"relics_obtained":[{"floor":7,"key":"ats:Originium"},{"floor":7,"key":"Dead Branch"},{"floor":9,"key":"Pantograph"}],"event_choices":[{"damage_healed":0,"gold_gain":0,"player_choice":"Success","damage_taken":3,"relics_obtained":["Question Card"],"max_hp_gain":0,"max_hp_loss":0,"event_name":"Scrap Ooze","floor":2,"gold_loss":0},{"damage_healed":0,"gold_gain":0,"player_choice":"Cursed","damage_taken":0,"max_hp_gain":0,"max_hp_loss":0,"event_name":"Wheel of Change","floor":3,"gold_loss":0,"cards_obtained":["Decay"]}],"is_beta":false,"boss_relics":[],"items_purged_floors":[4],"is_endless":false,"potions_floor_spawned":[1,10],"killed_by":"Lagavulin","ascension_level":0}}