{"host":"mg3e76uznu9x14du","time":1611467515,"event":{"mods":["BaseMod","Colored Map","Downfall","Minty Spire (QoL Compilation)","Permanent Neow","Relic Stats","StSLib","Waifu the Spire","everything is the same but u backflip on backflip"],"gold_per_floor":[99,109,126,141,156,156,156,186,199,216,226,254,54,65,75,75,75,75],"floor_reached":16,"language":"ENG","playtime":831,"items_purged":[],"score":164,"play_id":"25895aa4-702d-47bf-b5cc-dcb3a8db0770","local_time":"20210124005155","is_ascension_mode":true,"campfire_choices":[{"data":"champ:Execute","floor":1,"key":"SMITH"},{"floor":6,"key":"REST"},{"floor":13,"key":"REST"}],"circlet_count":0,"master_deck":["champ:Strike","champ:Strike","champ:Strike","champ:Strike","champ:Defend","champ:Defend","champ:Defend","champ:Defend","champ:Execute+1","champ:Taunt","champ:IgnorePain","champ:BladeFlurry","champ:GutPunch","champ:FlashCut","champ:BladeFlurry","champ:LastStand","champ:FocusedBerserking","champ:AdrenalArmor","champ:EnragedBash","champ:FanOfKnives","champ:Haymaker","champ:GutPunch"],"relics":["champ:ChampionCrown","Question Card","Unceasing Top","downfall:HeartBlessingGreen","downfall:HeartBlessingBlue"],"acts_visited":["Exordium"],"potions_floor_usage":[5,10,12,12,15,16],"damage_taken":[{"damage":10,"enemies":"Cultist","floor":2,"turns":5},{"damage":0,"enemies":"Jaw Worm","floor":3,"turns":4},{"damage":21,"enemies":"Small Slimes","floor":4,"turns":3},{"damage":38,"enemies":"Large Slime","floor":5,"turns":6},{"damage":36,"enemies":"Gremlin Nob","floor":8,"turns":4},{"damage":10,"enemies":"2 Fungi Beasts","floor":9,"turns":3},{"damage":28,"enemies":"Blue Slaver","floor":10,"turns":3},{"damage":34,"enemies":"Exordium Thugs","floor":11,"turns":5},{"damage":5,"enemies":"Lagavulin","floor":12,"turns":3},{"damage":35,"enemies":"Large Slime","floor":14,"turns":5},{"damage":23,"enemies":"Blue Slaver","floor":15,"turns":4},{"damage":86,"enemies":"WA_ARCHETYPE_RETAIN","floor":16,"turns":9}],"seed_played":"8441382071366046042","potions_obtained":[{"floor":3,"key":"champ:OpenerPotion"},{"floor":4,"key":"hexamod:SoulburnPotion"},{"floor":8,"key":"hexamod:SoulburnPotion"},{"floor":9,"key":"champ:TechniquePotion"},{"floor":11,"key":"ColorlessPotion"},{"floor":14,"key":"Swift Potion"}],"is_trial":false,"path_per_floor":["R","M","M","M","M","R","T","E","M","M","M","E","R","M","M","B"],"character_chosen":"THE_CHAMP","items_purchased":[],"campfire_rested":2,"item_purchase_floors":[],"current_hp_per_floor":[63,63,63,62,49,76,76,50,50,37,13,13,53,53,50,0,0,0],"gold":75,"neow_bonus":"THREE_RARE_CARDS","is_daily":false,"chose_seed":false,"campfire_upgraded":1,"win_rate":0.0,"timestamp":1611467515,"path_taken":["R","M","M","M","M","R","T","E","M","M","M","E","R","M","M","BOSS"],"items_purchased_type":[],"build_version":"2020-12-22","purchased_purges":0,"victory":false,"max_hp_per_floor":[90,90,90,90,90,90,90,90,90,90,90,90,100,100,100,100,100,100],"relic_stats":{"counters":[12,54],"Question Card":6,"obtain_stats":[{"downfall:HeartBlessingBlue":13,"champ:ChampionCrown":0,"downfall:HeartBlessingGreen":13,"Question Card":8,"Unceasing Top":12},{"downfall:HeartBlessingBlue":9,"champ:ChampionCrown":0,"downfall:HeartBlessingGreen":9,"Question Card":5,"Unceasing Top":9},{"downfall:HeartBlessingBlue":36,"champ:ChampionCrown":0,"downfall:HeartBlessingGreen":36,"Question Card":22,"Unceasing Top":36}],"Unceasing Top":[1]},"card_choices":[{"not_picked":["champ:SteelEdge","champ:EnchantShield"],"picked":"champ:IgnorePain","floor":0},{"not_picked":["champ:Duel","champ:PreemptiveStrike"],"picked":"champ:BladeFlurry","floor":2},{"not_picked":["champ:Parry","champ:RisingSlash"],"picked":"champ:GutPunch","floor":3},{"not_picked":["champ:ArenaPreparation","champ:CrownThrow"],"picked":"champ:FlashCut","floor":4},{"not_picked":["champ:Circumvent","champ:TornadoPunch"],"picked":"champ:BladeFlurry","floor":5},{"not_picked":["champ:PreciseThrust","champ:EnGarde"],"picked":"champ:LastStand","floor":8},{"not_picked":["champ:BerserkersShout","champ:SkillfulDodge","champ:PreciseThrust"],"picked":"champ:FocusedBerserking","floor":9},{"not_picked":["champ:PreciseThrust","champ:FancyFootwork","champ:SkillfulDodge"],"picked":"champ:AdrenalArmor","floor":10},{"not_picked":["champ:DefensiveShout","champ:ShieldSigil","champ:EndlessRage"],"picked":"champ:EnragedBash","floor":11},{"not_picked":["champ:AdrenalArmor","champ:RecklessLeap","champ:GutPunch"],"picked":"champ:FanOfKnives","floor":12},{"not_picked":["champ:FocusedBerserking","champ:FlashCut","champ:DefensiveShout"],"picked":"champ:Haymaker","floor":14},{"not_picked":["champ:SetATrap","champ:BerserkerStyle","champ:Shatter"],"picked":"champ:GutPunch","floor":15}],"player_experience":488182,"relics_obtained":[{"floor":8,"key":"Question Card"},{"floor":12,"key":"Unceasing Top"}],"event_choices":[],"is_beta":false,"boss_relics":[],"items_purged_floors":[],"is_endless":false,"potions_floor_spawned":[3,4,8,9,11,14],"killed_by":"WA_ARCHETYPE_RETAIN","ascension_level":3}}