{"host":"zk71suw73lg2r165","time":1611502662,"event":{"mods":["BaseMod","Colored Map","Minty Spire (QoL Compilation)","Permanent Neow","Relic Stats","StSLib"],"gold_per_floor":[110,124,124,124,140,171,321,377,401,401,428,452,43,69,69,69,69],"floor_reached":16,"language":"ENG","playtime":477,"items_purged":["Pain"],"score":236,"play_id":"d13d610a-63df-45e5-a3f7-50e8e75ca602","local_time":"20210124103742","is_ascension_mode":true,"campfire_choices":[{"data":"True Grit","floor":10,"key":"SMITH"},{"floor":15,"key":"REST"}],"circlet_count":0,"master_deck":["AscendersBane","Strike_R","Strike_R","Strike_R","Strike_R","Strike_R","Defend_R","Defend_R","Defend_R","Defend_R","Bash+1","Hemokinesis","Sword Boomerang","Headbutt","Juggernaut","Doubt","True Grit+1","Body Slam","Burning Pact","Dark Embrace"],"relics":["Burning Blood","NeowsBlessing","WarpedTongs","MealTicket","Smiling Mask","PreservedInsect","MawBank","CaptainsWheel","Centennial Puzzle"],"acts_visited":["Exordium"],"potions_floor_usage":[6,8,16],"damage_taken":[{"damage":0,"enemies":"Cultist","floor":1,"turns":1},{"damage":0,"enemies":"Jaw Worm","floor":2,"turns":1},{"damage":0,"enemies":"2 Louse","floor":5,"turns":1},{"damage":25,"enemies":"3 Sentries","floor":6,"turns":6},{"damage":14,"enemies":"3 Sentries","floor":8,"turns":3},{"damage":27,"enemies":"Lagavulin","floor":11,"turns":4},{"damage":17,"enemies":"Gremlin Gang","floor":12,"turns":7},{"damage":24,"enemies":"3 Sentries","floor":14,"turns":7},{"damage":27,"enemies":"Hexaghost","floor":16,"turns":9}],"seed_played":"-5807829768137847351","potions_obtained":[{"floor":2,"key":"Explosive Potion"},{"floor":5,"key":"Weak Potion"},{"floor":6,"key":"AttackPotion"}],"is_trial":false,"path_per_floor":["M","M","?","?","M","E","?","?","T","R","E","M","$","E","R","B"],"character_chosen":"IRONCLAD","items_purchased":["Dark Embrace","CaptainsWheel"],"campfire_rested":1,"item_purchase_floors":[13,13],"current_hp_per_floor":[74,75,75,75,75,56,56,48,48,48,27,16,31,13,35,8,8],"gold":69,"neow_bonus":"THREE_ENEMY_KILL","is_daily":false,"chose_seed":false,"campfire_upgraded":1,"win_rate":0.0,"timestamp":1611502662,"path_taken":["M","?","?","?","?","E","?","?","T","R","E","M","$","E","R","BOSS"],"items_purchased_type":["Card","Relic"],"build_version":"2020-12-22","purchased_purges":1,"victory":false,"max_hp_per_floor":[75,75,75,75,75,75,75,75,75,75,75,75,75,75,75,75,75],"relic_stats":{"Centennial Puzzle":[3],"counters":[9,39],"MealTicket":15,"PreservedInsect":62,"Smiling Mask":25,"MawBank":24,"obtain_stats":[{"CaptainsWheel":13,"Centennial Puzzle":14,"NeowsBlessing":0,"MealTicket":6,"PreservedInsect":9,"Smiling Mask":8,"MawBank":11,"Burning Blood":0,"WarpedTongs":4},{"CaptainsWheel":7,"Centennial Puzzle":8,"NeowsBlessing":0,"MealTicket":4,"PreservedInsect":5,"Smiling Mask":5,"MawBank":6,"Burning Blood":0,"WarpedTongs":2},{"CaptainsWheel":23,"Centennial Puzzle":30,"NeowsBlessing":0,"MealTicket":9,"PreservedInsect":12,"Smiling Mask":12,"MawBank":16,"Burning Blood":0,"WarpedTongs":2}],"Burning Blood":37,"WarpedTongs":[37]},"card_choices":[{"not_picked":["Flex","Infernal Blade"],"picked":"Hemokinesis","floor":1},{"not_picked":["Thunderclap","Power Through"],"picked":"Sword Boomerang","floor":2},{"not_picked":["Flex","Sword Boomerang"],"picked":"Headbutt","floor":5},{"not_picked":["Sword Boomerang","Heavy Blade"],"picked":"Juggernaut","floor":6},{"not_picked":["Body Slam","Warcry"],"picked":"True Grit","floor":8},{"not_picked":["Heavy Blade","Thunderclap"],"picked":"Body Slam","floor":11},{"not_picked":["Sword Boomerang","Body Slam"],"picked":"Burning Pact","floor":12},{"not_picked":["True Grit","Bludgeon","Warcry"],"picked":"SKIP","floor":14}],"player_experience":1355357,"relics_obtained":[{"floor":6,"key":"MealTicket"},{"floor":8,"key":"Smiling Mask"},{"floor":9,"key":"PreservedInsect"},{"floor":11,"key":"MawBank"},{"floor":14,"key":"Centennial Puzzle"}],"event_choices":[{"damage_healed":0,"gold_gain":0,"player_choice":"Grow","damage_taken":0,"max_hp_gain":0,"max_hp_loss":0,"event_name":"Living Wall","floor":3,"gold_loss":0,"cards_upgraded":["Bash"]},{"damage_healed":0,"gold_gain":0,"player_choice":"Rummage","damage_taken":0,"relics_obtained":["WarpedTongs"],"max_hp_gain":0,"max_hp_loss":0,"event_name":"Accursed Blacksmith","floor":4,"gold_loss":0,"cards_obtained":["Pain"]},{"damage_healed":0,"gold_gain":150,"player_choice":"AGREE","damage_taken":0,"max_hp_gain":0,"max_hp_loss":0,"event_name":"Liars Game","floor":7,"gold_loss":0,"cards_obtained":["Doubt"]},{"damage_healed":0,"gold_gain":0,"player_choice":"Searched \u00271\u0027 times","damage_taken":0,"max_hp_gain":0,"max_hp_loss":0,"event_name":"Dead Adventurer","floor":8,"gold_loss":0}],"is_beta":false,"boss_relics":[],"items_purged_floors":[13],"is_endless":false,"potions_floor_spawned":[2,5,6],"killed_by":"Hexaghost","ascension_level":20}}