{"host":"wshh0nphwn6jv7vj","time":1611514715,"event":{"mods":["BaseMod","Bestiary","Minty Spire (QoL Compilation)","Relic Stats"],"gold_per_floor":[110,110,110,110,35,35,60,93,147,10,54,54,72,105,105,198,198,216,232,322,347,16,16,52,52,76,9,27,38,38,63,63,139,139,151,171,217,116,116,116,0,12,12,12,39,49,49,83,83,83,83],"floor_reached":50,"language":"ENG","playtime":4037,"items_purged":["Shame"],"score":1071,"play_id":"e3099c7d-0a88-4b8a-a74b-fce234cac875","local_time":"20210124135835","is_ascension_mode":true,"campfire_choices":[{"floor":6,"key":"REST"},{"floor":12,"key":"REST"},{"floor":15,"key":"REST"},{"floor":23,"key":"REST"},{"data":"TalkToTheHand","floor":32,"key":"SMITH"},{"floor":40,"key":"RECALL"},{"floor":44,"key":"REST"},{"floor":47,"key":"REST"},{"floor":49,"key":"REST"}],"circlet_count":0,"master_deck":["AscendersBane","Eruption+1","Vigilance+1","Protect+1","Tantrum","Consecrate","FollowUp","SashWhip","EmptyBody+1","LessonLearned","Vengeance+1","Scrawl+1","ClearTheMind+1","Wireheading","Vault","FlurryOfBlows+1","Meditate","Perseverance","Wallop+1","Vault","Vault+1","LikeWater","TalkToTheHand+1","WheelKick","DevaForm+1","BowlingBash","SpiritShield","Perseverance","LikeWater","InnerPeace","Impatience","ThirdEye","BattleHymn+1"],"relics":["Cursed Key","Bloody Idol","The Courier","Shuriken","Bag of Preparation","Whetstone","Omamori","Torii","Orichalcum","Pandora\u0027s Box","Membership Card","Toy Ornithopter","InkBottle","Happy Flower","Blood Vial","Bronze Scales","Fusion Hammer","Thread and Needle","Red Mask","Blue Candle","War Paint"],"acts_visited":["Exordium","TheCity","TheBeyond"],"potions_floor_usage":[18,21,21,37,45],"damage_taken":[{"damage":0,"enemies":"Jaw Worm","floor":1,"turns":6},{"damage":0,"enemies":"Small Slimes","floor":7,"turns":4},{"damage":16,"enemies":"Gremlin Nob","floor":8,"turns":3},{"damage":15,"enemies":"3 Sentries","floor":11,"turns":5},{"damage":0,"enemies":"2 Louse","floor":13,"turns":2},{"damage":12,"enemies":"Lagavulin","floor":14,"turns":5},{"damage":21,"enemies":"Slime Boss","floor":16,"turns":6},{"damage":8,"enemies":"2 Thieves","floor":18,"turns":3},{"damage":22,"enemies":"Shell Parasite","floor":19,"turns":4},{"damage":7,"enemies":"Shelled Parasite and Fungi","floor":21,"turns":3},{"damage":1,"enemies":"Book of Stabbing","floor":24,"turns":4},{"damage":0,"enemies":"Centurion and Healer","floor":28,"turns":5},{"damage":0,"enemies":"Chosen and Byrds","floor":29,"turns":4},{"damage":6,"enemies":"Slavers","floor":31,"turns":5},{"damage":12,"enemies":"Champ","floor":33,"turns":9},{"damage":0,"enemies":"3 Darklings","floor":35,"turns":4},{"damage":0,"enemies":"Orb Walker","floor":36,"turns":5},{"damage":11,"enemies":"2 Orb Walkers","floor":37,"turns":5},{"damage":37,"enemies":"Spire Growth","floor":42,"turns":6},{"damage":30,"enemies":"Reptomancer","floor":45,"turns":7},{"damage":0,"enemies":"Maw","floor":46,"turns":6},{"damage":0,"enemies":"Nemesis","floor":48,"turns":5},{"damage":77,"enemies":"Time Eater","floor":50,"turns":5}],"seed_played":"2059272602882137010","potions_obtained":[{"floor":1,"key":"Energy Potion"},{"floor":7,"key":"StancePotion"},{"floor":18,"key":"StancePotion"},{"floor":19,"key":"Energy Potion"},{"floor":21,"key":"DuplicationPotion"},{"floor":33,"key":"Block Potion"},{"floor":45,"key":"SteroidPotion"}],"is_trial":false,"path_per_floor":["M","?","?","T","?","R","M","E","T","$","E","R","M","E","R","B",null,"M","M","?","M","$","R","E","?","T","$","M","M","?","E","R","B",null,"M","M","?","$","?","R","?","M","T","R","E","M","R","E","R","B"],"character_chosen":"WATCHER","items_purchased":["Omamori","Membership Card","Toy Ornithopter","Vault","DuplicationPotion","Blood Vial","Perseverance","LikeWater","InnerPeace","AttackPotion"],"campfire_rested":7,"item_purchase_floors":[10,22,22,22,22,27,38,38,38,38],"current_hp_per_floor":[61,38,33,33,33,53,53,37,37,37,22,42,42,30,50,29,58,50,28,16,9,9,29,28,28,33,33,40,47,47,48,48,43,62,68,68,62,62,52,52,52,22,22,42,24,31,51,58,68,0,0],"gold":83,"neow_bonus":"BOSS_RELIC","is_daily":false,"chose_seed":false,"campfire_upgraded":1,"win_rate":0.0,"timestamp":1611514715,"path_taken":["M","?","?","?","?","R","M","E","T","?","E","R","M","E","R","BOSS","M","M","?","?","$","R","E","?","T","$","M","M","?","E","R","BOSS","M","M","?","$","?","R","?","M","T","R","E","M","R","E","R","BOSS"],"items_purchased_type":["Relic","Relic","Relic","Card","Potion","Relic","Card","Card","Card","Potion"],"build_version":"2020-12-22","purchased_purges":1,"victory":false,"max_hp_per_floor":[68,68,68,68,68,68,68,68,68,68,68,68,68,68,68,68,68,68,68,68,68,68,68,68,68,68,68,68,68,68,68,68,68,68,68,68,68,68,68,68,68,68,68,68,68,68,68,68,68,68,68],"relic_stats":{"Torii":16,"Happy Flower":[22],"counters":[23,111],"Blue Candle":[0],"Bag of Preparation":[40],"Whetstone":["Eruption","Strike_P"],"Orichalcum":[96],"War Paint":["Protect","ClearTheMind"],"Cursed Key":4,"Blood Vial":18,"Shuriken":[58],"Bloody Idol":54,"Bronze Scales":[78],"Pandora\u0027s Box":["Vengeance","Scrawl","ClearTheMind","MasterReality","Wireheading","Vault","FlurryOfBlows","Meditate"],"obtain_stats":[{"Torii":11,"Happy Flower":26,"Golden Idol":2,"Blue Candle":45,"Thread and Needle":37,"The Courier":3,"Bag of Preparation":8,"Omamori":10,"Whetstone":9,"Orichalcum":14,"War Paint":48,"Cursed Key":0,"Blood Vial":27,"Shuriken":4,"Bloody Idol":25,"Bronze Scales":31,"Pandora\u0027s Box":17,"Fusion Hammer":34,"Red Mask":41,"Membership Card":22,"PureWater":0,"Toy Ornithopter":22,"InkBottle":24},{"Torii":4,"Happy Flower":11,"Golden Idol":1,"Blue Candle":20,"Thread and Needle":18,"The Courier":1,"Bag of Preparation":3,"Omamori":3,"Whetstone":3,"Orichalcum":6,"War Paint":22,"Cursed Key":0,"Blood Vial":11,"Shuriken":1,"Bloody Idol":11,"Bronze Scales":14,"Pandora\u0027s Box":7,"Fusion Hammer":15,"Red Mask":18,"Membership Card":10,"PureWater":0,"Toy Ornithopter":10,"InkBottle":11},{"Torii":18,"Happy Flower":45,"Golden Idol":6,"Blue Candle":95,"Thread and Needle":82,"The Courier":6,"Bag of Preparation":13,"Omamori":13,"Whetstone":13,"Orichalcum":25,"War Paint":106,"Cursed Key":0,"Blood Vial":45,"Shuriken":6,"Bloody Idol":45,"Bronze Scales":59,"Pandora\u0027s Box":31,"Fusion Hammer":68,"Red Mask":82,"Membership Card":41,"PureWater":0,"Toy Ornithopter":41,"InkBottle":45}],"Toy Ornithopter":5,"InkBottle":[27]},"card_choices":[{"not_picked":["Adaptation","Evaluate"],"picked":"Protect","floor":1},{"not_picked":["SandsOfTime","Perseverance"],"picked":"Tantrum","floor":7},{"not_picked":["WreathOfFlame","Perseverance"],"picked":"Consecrate","floor":8},{"not_picked":["Perseverance","ThirdEye"],"picked":"FollowUp","floor":11},{"not_picked":["Worship","ClearTheMind"],"picked":"SashWhip","floor":13},{"not_picked":["WreathOfFlame","ClearTheMind"],"picked":"EmptyBody","floor":14},{"not_picked":["Devotion","Alpha"],"picked":"LessonLearned","floor":16},{"not_picked":["EmptyFist","Swivel"],"picked":"Perseverance","floor":18},{"not_picked":["Crescendo+1","Study"],"picked":"Wallop","floor":19},{"not_picked":["SashWhip","CarveReality","Worship"],"picked":"SKIP","floor":21},{"not_picked":["ClearTheMind","Sanctity"],"picked":"Vault","floor":24},{"not_picked":["Worship","Nirvana"],"picked":"LikeWater","floor":28},{"not_picked":["FlyingSleeves","Crescendo"],"picked":"TalkToTheHand","floor":29},{"not_picked":["CrushJoints","ForeignInfluence"],"picked":"WheelKick","floor":31},{"not_picked":["Blasphemy","Ragnarok"],"picked":"DevaForm","floor":33},{"not_picked":["ThirdEye","Crescendo+1","SashWhip"],"picked":"SKIP","floor":35},{"not_picked":["CrushJoints","WheelKick+1"],"picked":"BowlingBash","floor":36},{"not_picked":["Worship","Crescendo+1"],"picked":"SpiritShield","floor":37},{"not_picked":["Madness","Bandage Up"],"picked":"Impatience","floor":39},{"not_picked":["Halt","Prostrate+1"],"picked":"ThirdEye","floor":42},{"not_picked":["WheelKick","BowlingBash"],"picked":"BattleHymn+1","floor":45},{"not_picked":["JustLucky","Meditate","WindmillStrike"],"picked":"SKIP","floor":46},{"not_picked":["Prostrate","EmptyBody","FlyingSleeves+1"],"picked":"SKIP","floor":48}],"player_experience":1607973,"relics_obtained":[{"floor":4,"key":"Shuriken"},{"floor":8,"key":"Bag of Preparation"},{"floor":9,"key":"Whetstone"},{"floor":11,"key":"Torii"},{"floor":14,"key":"Orichalcum"},{"floor":24,"key":"InkBottle"},{"floor":26,"key":"Happy Flower"},{"floor":31,"key":"Bronze Scales"},{"floor":37,"key":"Thread and Needle"},{"floor":45,"key":"Blue Candle"},{"floor":48,"key":"War Paint"}],"event_choices":[{"damage_healed":0,"gold_gain":0,"player_choice":"Take Damage","damage_taken":23,"relics_obtained":["Golden Idol"],"max_hp_gain":0,"max_hp_loss":0,"event_name":"Golden Idol","floor":2,"gold_loss":0},{"damage_healed":0,"gold_gain":0,"player_choice":"Success","damage_taken":5,"relics_obtained":["The Courier"],"max_hp_gain":0,"max_hp_loss":0,"event_name":"Scrap Ooze","floor":3,"gold_loss":0},{"cards_removed":["Pain"],"damage_healed":0,"gold_gain":0,"player_choice":"Card Removal","damage_taken":0,"max_hp_gain":0,"max_hp_loss":0,"event_name":"The Cleric","floor":5,"gold_loss":75},{"damage_healed":0,"gold_gain":90,"player_choice":"GOLD ","damage_taken":12,"max_hp_gain":0,"max_hp_loss":0,"event_name":"Knowing Skull","floor":20,"potions_obtained":[],"gold_loss":0,"cards_obtained":[]},{"damage_healed":0,"gold_gain":0,"player_choice":"Gave Idol","damage_taken":0,"relics_obtained":["Bloody Idol"],"max_hp_gain":0,"max_hp_loss":0,"event_name":"Forgotten Altar","floor":25,"relics_lost":["Golden Idol"],"gold_loss":0},{"cards_removed":["MasterReality"],"damage_healed":0,"gold_gain":0,"player_choice":"Elegance","damage_taken":0,"max_hp_gain":0,"max_hp_loss":0,"event_name":"Back to Basics","floor":30,"gold_loss":0},{"damage_healed":0,"gold_gain":0,"player_choice":"Fight","damage_taken":0,"max_hp_gain":0,"max_hp_loss":0,"event_name":"Mysterious Sphere","floor":37,"gold_loss":0},{"damage_healed":0,"gold_gain":0,"player_choice":"Memory 3","damage_taken":10,"max_hp_gain":0,"max_hp_loss":0,"event_name":"SensoryStone","floor":39,"gold_loss":0},{"damage_healed":0,"gold_gain":0,"player_choice":"Paid","damage_taken":0,"relics_obtained":["Red Mask"],"max_hp_gain":0,"max_hp_loss":0,"event_name":"Tomb of Lord Red Mask","floor":41,"gold_loss":116}],"is_beta":false,"boss_relics":[{"not_picked":["Ectoplasm","Coffee Dripper"],"picked":"Pandora\u0027s Box"},{"not_picked":["Black Star","SlaversCollar"],"picked":"Fusion Hammer"}],"items_purged_floors":[22],"is_endless":false,"potions_floor_spawned":[1,7,13,14,18,19,21,33,35,45],"killed_by":"Time Eater","ascension_level":17}}