{"host":"qc268ltokmxwqyrx","time":1611456907,"event":{"mods":["BaseMod","Colored Map","Colored Powertips","Minty Spire (QoL Compilation)","Relic Stats","Slay the Relics Exporter","StSLib","ojb\u0027s Info Mod"],"gold_per_floor":[115,115,133,133,148,148,183,183,233,246,256,272,272,272,272,350,350,370,389,27,43,43,43],"floor_reached":22,"language":"ENG","playtime":1410,"items_purged":["Pain"],"score":376,"play_id":"a7d598b9-9b71-498f-b6d2-ba2236eb8b96","local_time":"20210123205507","is_ascension_mode":true,"campfire_choices":[{"data":"Corpse Explosion","floor":6.0,"key":"SMITH"},{"floor":13,"key":"REST"},{"floor":15,"key":"REST"}],"circlet_count":0,"master_deck":["AscendersBane","Strike_G","Strike_G","Defend_G","Defend_G","Defend_G","Defend_G+1","Survivor+1","Neutralize","Dagger Throw","Backflip","Corpse Explosion+1","Noxious Fumes","Backstab","Leg Sweep","Skewer","After Image","Heel Hook+1","Storm of Steel+1","Eviscerate+1","Prepared"],"relics":["Sozu","Oddly Smooth Stone","WarpedTongs","Dream Catcher","Astrolabe","InkBottle"],"acts_visited":["Exordium","TheCity"],"potions_floor_usage":[],"damage_taken":[{"damage":0.0,"enemies":"Small Slimes","floor":1.0,"turns":5.0},{"damage":1.0,"enemies":"Cultist","floor":3.0,"turns":4.0},{"damage":3.0,"enemies":"2 Louse","floor":5.0,"turns":2.0},{"damage":17,"enemies":"3 Sentries","floor":7,"turns":4},{"damage":4,"enemies":"Blue Slaver","floor":10,"turns":4},{"damage":3,"enemies":"Red Slaver","floor":11,"turns":4},{"damage":7,"enemies":"3 Louse","floor":12,"turns":3},{"damage":24,"enemies":"The Guardian","floor":16,"turns":12},{"damage":12,"enemies":"3 Byrds","floor":18,"turns":3},{"damage":6,"enemies":"Spheric Guardian","floor":19,"turns":5},{"damage":7,"enemies":"Centurion and Healer","floor":21,"turns":4},{"damage":29,"enemies":"Cultist and Chosen","floor":22,"turns":5}],"seed_played":"-3010247844756612627","potions_obtained":[],"is_trial":false,"path_per_floor":["M","?","M","?","M","R","E","?","T","M","M","M","R","?","R","B",null,"M","M","$","M","M"],"character_chosen":"THE_SILENT","items_purchased":["InkBottle"],"campfire_rested":2,"item_purchase_floors":[20],"current_hp_per_floor":[59,59,58,51,48,48,31,31,31,27,24,17,36,16,35,11,52,40,34,34,27,0,0],"gold":43,"neow_bonus":"BOSS_RELIC","is_daily":false,"chose_seed":false,"campfire_upgraded":1,"win_rate":0.0,"timestamp":1611456907,"path_taken":["M","?","?","?","M","R","E","?","T","?","M","M","R","?","R","BOSS","M","M","$","M","M"],"items_purchased_type":["Relic"],"build_version":"2020-12-22","purchased_purges":1,"victory":false,"max_hp_per_floor":[66,66,66,66,66,66,66,66,66,66,66,66,66,66,66,66,66,66,66,66,66,66,66],"relic_stats":{"Sozu":6,"Dream Catcher":2,"counters":[12,55],"Astrolabe":["Heel Hook","Storm of Steel","Eviscerate"],"obtain_stats":[{"Sozu":0,"Dream Catcher":9,"Astrolabe":17,"Oddly Smooth Stone":7,"InkBottle":20,"Ring of the Snake":0,"WarpedTongs":8},{"Sozu":0,"Dream Catcher":4,"Astrolabe":8,"Oddly Smooth Stone":4,"InkBottle":10,"Ring of the Snake":0,"WarpedTongs":4},{"Sozu":0,"Dream Catcher":15,"Astrolabe":38,"Oddly Smooth Stone":15,"InkBottle":46,"Ring of the Snake":0,"WarpedTongs":15}],"InkBottle":[4],"WarpedTongs":[39]},"card_choices":[{"not_picked":["Poisoned Stab","Quick Slash"],"picked":"Dagger Throw","floor":1.0},{"not_picked":["Riddle With Holes","Dodge and Roll"],"picked":"Backflip","floor":3.0},{"not_picked":["Blade Dance","Acrobatics"],"picked":"Corpse Explosion","floor":5.0},{"not_picked":["Distraction","Well Laid Plans"],"picked":"Noxious Fumes","floor":7},{"not_picked":["Underhanded Strike","Noxious Fumes"],"picked":"Backstab","floor":10},{"not_picked":["Poisoned Stab","Deadly Poison"],"picked":"Leg Sweep","floor":11},{"not_picked":["Masterful Stab","Dagger Throw"],"picked":"Skewer","floor":12},{"not_picked":["A Thousand Cuts","Phantasmal Killer"],"picked":"After Image","floor":16},{"not_picked":["Flechettes","Deadly Poison","All Out Attack"],"picked":"SKIP","floor":18},{"not_picked":["Distraction","Outmaneuver","Deadly Poison"],"picked":"SKIP","floor":19},{"not_picked":["Flechettes","Sucker Punch"],"picked":"Prepared","floor":21}],"player_experience":1783486,"relics_obtained":[{"floor":7,"key":"Oddly Smooth Stone"},{"floor":9,"key":"Dream Catcher"}],"event_choices":[{"damage_healed":0.0,"max_hp_gain":0.0,"max_hp_loss":0.0,"gold_gain":0.0,"event_name":"Lab","player_choice":"Got Potions","floor":2.0,"gold_loss":0.0,"damage_taken":0.0},{"cards_removed":["Defend_G"],"damage_healed":0.0,"max_hp_gain":0.0,"max_hp_loss":0.0,"gold_gain":0.0,"event_name":"Golden Wing","player_choice":"Card Removal","floor":4.0,"gold_loss":0.0,"damage_taken":7.0},{"damage_healed":0,"gold_gain":0,"player_choice":"Rummage","damage_taken":0,"relics_obtained":["WarpedTongs"],"max_hp_gain":0,"max_hp_loss":0,"event_name":"Accursed Blacksmith","floor":8,"gold_loss":0,"cards_obtained":["Pain"]},{"damage_healed":0,"gold_gain":0,"player_choice":"Entered Light","damage_taken":20,"max_hp_gain":0,"max_hp_loss":0,"event_name":"Shining Light","floor":14,"gold_loss":0,"cards_upgraded":["Defend_G","Survivor"]}],"is_beta":false,"boss_relics":[{"not_picked":["SlaversCollar","Ectoplasm"],"picked":"Astrolabe"}],"items_purged_floors":[20],"is_endless":false,"potions_floor_spawned":[7,10,18,21],"killed_by":"Cultist and Chosen","ascension_level":20}}