{"host":"0fm1w3v00gid44jl","time":1611471223,"event":{"mods":["AchievementEnabler","BaseMod","Colored Map","Colored Powertips","Displayed Cursed Tome","Downfall","Googly Eyes","Highlight Path","Minty Spire (QoL Compilation)","Permanent Neow","Relic Stats","StSLib","SuperFastMode","slay the spire mod where everything is the same but ironclad has a cowboy hat"],"gold_per_floor":[99,113,127,577,577,144,144,158,158,188,249,249,283,15,30,134,134,34,53,53,67,25,25,25,40,67,67,167,242,261,278,297,297,297,297],"floor_reached":33,"language":"ENG","playtime":1250,"items_purged":[],"score":366,"play_id":"e2952248-f404-431d-931f-5edc2f723820","local_time":"20210124005343","is_ascension_mode":true,"campfire_choices":[{"data":"bronze:Overheat","floor":1.0,"key":"SMITH"},{"data":"bronze:Boost","floor":9.0,"key":"SMITH"},{"data":"bronze:Repulsor","floor":18.0,"key":"SMITH"},{"data":"bronze:Philosophize","floor":23.0,"key":"SMITH"}],"circlet_count":0,"master_deck":["bronze:Strike","bronze:Strike","bronze:Strike","bronze:Strike","bronze:Defend","bronze:Defend","bronze:Defend","bronze:Defend","bronze:Replicate","bronze:Goto","bronze:Overheat+1","bronze:Flail","bronze:Iterate","downfall:Icky","downfall:Icky","bronze:ForLoop","bronze:ChosenStrike","bronze:Repulsor+1","bronze:Boost+1","bronze:Deprecate","bronze:Iterate","Parasite","bronze:Shield","bronze:WhirlingStrike","bronze:Repulsor+1","CurseOfTheBell","bronze:Terminator","bronze:Philosophize+1","bronze:FineTuning","bronze:Shell","J.A.X.","bronze:Shield"],"relics":["bronze:BronzeCore","bronze:Timepiece","HornCleat","Guardian:PocketSentry","MealTicket","Bag of Preparation","Frozen Egg 2","Calling Bell","Vajra","hexamod:Sixitude","Darkstone Periapt","downfall:HeartBlessingGreen","Sundial","champ:DeflectingBracers"],"acts_visited":["Exordium","TheCity"],"potions_floor_usage":[],"damage_taken":[{"damage":2.0,"enemies":"2 Louse","floor":2.0,"turns":3.0},{"damage":5.0,"enemies":"Jaw Worm","floor":3.0,"turns":4.0},{"damage":0.0,"enemies":"downfall:FleeingMerchant","floor":6.0,"turns":4.0},{"damage":0.0,"enemies":"Cultist","floor":8.0,"turns":3.0},{"damage":0.0,"enemies":"Gremlin Nob","floor":10.0,"turns":3.0},{"damage":9.0,"enemies":"3 Sentries","floor":11.0,"turns":3.0},{"damage":0.0,"enemies":"Lagavulin","floor":13.0,"turns":4.0},{"damage":0.0,"enemies":"downfall:FleeingMerchant","floor":14.0,"turns":4.0},{"damage":0.0,"enemies":"3 Louse","floor":15.0,"turns":2.0},{"damage":45.0,"enemies":"IC_STATUS_ARCHETYPE","floor":16.0,"turns":9.0},{"damage":0.0,"enemies":"3 Byrds","floor":19.0,"turns":3.0},{"damage":10.0,"enemies":"Chosen","floor":21.0,"turns":3.0},{"damage":0.0,"enemies":"downfall:FleeingMerchant","floor":22.0,"turns":4.0},{"damage":10.0,"enemies":"Sentry and Sphere","floor":25.0,"turns":5.0},{"damage":30,"enemies":"Book of Stabbing","floor":26,"turns":5},{"damage":6,"enemies":"Shelled Parasite and Fungi","floor":30,"turns":3},{"damage":22,"enemies":"3 Cultists","floor":31,"turns":5},{"damage":18,"enemies":"Snake Plant","floor":32,"turns":4},{"damage":28,"enemies":"SI_MIRROR_ARCHETYPE","floor":33,"turns":4}],"seed_played":"7598418774647363846","potions_obtained":[{"floor":2.0,"key":"Block Potion"},{"floor":11.0,"key":"Ancient Potion"},{"floor":13.0,"key":"DuplicationPotion"},{"floor":29,"key":"downfall:CursedFountainPotion"}],"is_trial":false,"path_per_floor":["R","M","M","?","?","$","T","M","R","E","?","?","E","$","M","B",null,"R","M","?","M","$","R","T","M","E","?","?","?","M","M","M","B"],"character_chosen":"THE_AUTOMATON","items_purchased":["bronze:Timepiece","bronze:ChosenStrike","bronze:Repulsor","Frozen Egg 2","bronze:FineTuning"],"campfire_rested":0,"item_purchase_floors":[6,6,6,14,22],"current_hp_per_floor":[70,68,63,63,70,70,70,70,70,70,61,70,70,70,70,25,70,70,70,70,60,70,70,70,60,30,30,30,70,64,42,24,0,0,0],"gold":297,"neow_bonus":"THREE_CARDS","is_daily":false,"chose_seed":false,"campfire_upgraded":4,"win_rate":0.0,"timestamp":1611471223,"path_taken":["R","M","M","?","?","?","T","?","R","E","?","?","E","$","M","BOSS","R","M","?","?","?","R","T","M","E","?","?","?","M","M","M","BOSS"],"items_purchased_type":["Relic","Card","Card","Relic","Card"],"build_version":"2020-12-22","purchased_purges":0,"victory":false,"max_hp_per_floor":[70,70,70,70,70,70,70,70,70,70,70,70,70,70,70,70,70,70,70,70,70,70,70,70,70,70,70,70,70,70,70,70,70,70,70],"relic_stats":{"Darkstone Periapt":0,"counters":[19,74],"Sundial":[0],"MealTicket":10,"Bag of Preparation":[24],"obtain_stats":[{"Darkstone Periapt":17,"bronze:BronzeCore":0,"Vajra":17,"hexamod:Sixitude":17,"downfall:HeartBlessingGreen":18,"champ:DeflectingBracers":26,"Guardian:PocketSentry":10,"Bag of Preparation":13,"Frozen Egg 2":14,"Calling Bell":17,"HornCleat":7,"Sundial":24,"bronze:Timepiece":6,"MealTicket":11},{"Darkstone Periapt":10,"bronze:BronzeCore":0,"Vajra":10,"hexamod:Sixitude":10,"downfall:HeartBlessingGreen":10,"champ:DeflectingBracers":15,"Guardian:PocketSentry":5,"Bag of Preparation":7,"Frozen Egg 2":8,"Calling Bell":10,"HornCleat":3,"Sundial":13,"bronze:Timepiece":3,"MealTicket":6},{"Darkstone Periapt":39,"bronze:BronzeCore":0,"Vajra":39,"hexamod:Sixitude":39,"downfall:HeartBlessingGreen":39,"champ:DeflectingBracers":59,"Guardian:PocketSentry":17,"Bag of Preparation":24,"Frozen Egg 2":28,"Calling Bell":39,"HornCleat":11,"Sundial":49,"bronze:Timepiece":11,"MealTicket":20}]},"card_choices":[{"not_picked":["bronze:BronzeArmor","bronze:Shield"],"picked":"bronze:Overheat","floor":0.0},{"not_picked":["bronze:WhirlingStrike","bronze:Branch"],"picked":"bronze:Flail","floor":2.0},{"not_picked":["bronze:ForceShield","bronze:Separator"],"picked":"bronze:Iterate","floor":3.0},{"not_picked":["bronze:BugBarrage","bronze:Shield"],"picked":"bronze:ForLoop","floor":6.0},{"not_picked":["bronze:AlphaBuild","bronze:Iterate"],"picked":"bronze:Boost","floor":8.0},{"not_picked":["bronze:FollowUp","bronze:Turbo"],"picked":"bronze:Deprecate","floor":10.0},{"not_picked":["bronze:Shield","bronze:CutThrough"],"picked":"bronze:Iterate","floor":11.0},{"not_picked":["bronze:Iterate","bronze:DelayedGuard"],"picked":"bronze:Shield","floor":13.0},{"not_picked":["bronze:Invalidate","bronze:Separator"],"picked":"bronze:WhirlingStrike","floor":14.0},{"not_picked":["bronze:Branch","bronze:InfiniteBeams+1"],"picked":"bronze:Repulsor+1","floor":15.0},{"not_picked":["bronze:Allocate","bronze:Deprecate","bronze:Shield+1"],"picked":"SKIP","floor":19.0},{"not_picked":["bronze:Repair+1","bronze:OilSpill"],"picked":"bronze:Terminator","floor":21.0},{"not_picked":["bronze:BugBarrage+1","bronze:Break"],"picked":"bronze:Philosophize","floor":22.0},{"not_picked":["bronze:ChosenStrike","bronze:InfiniteBeams+1","bronze:Shield+1"],"picked":"SKIP","floor":25},{"not_picked":["bronze:Safeguard","bronze:Constructor"],"picked":"bronze:Shell","floor":26},{"not_picked":["bronze:BitShift","bronze:Invalidate+1","bronze:Overload"],"picked":"SKIP","floor":30},{"not_picked":["bronze:BronzeOrb","bronze:HyperBeam"],"picked":"bronze:Shield","floor":31},{"not_picked":["bronze:BitShift","bronze:Separator+1","bronze:DigitalCarnage+1"],"picked":"SKIP","floor":32}],"player_experience":1493100,"relics_obtained":[{"floor":7.0,"key":"HornCleat"},{"floor":10.0,"key":"Guardian:PocketSentry"},{"floor":11.0,"key":"MealTicket"},{"floor":13.0,"key":"Bag of Preparation"},{"floor":17.0,"key":"Vajra"},{"floor":17.0,"key":"hexamod:Sixitude"},{"floor":17.0,"key":"Darkstone Periapt"},{"floor":24.0,"key":"Sundial"},{"floor":26,"key":"champ:DeflectingBracers"}],"event_choices":[{"damage_healed":23.0,"max_hp_gain":0.0,"max_hp_loss":0.0,"gold_gain":0.0,"event_name":"Big Fish","player_choice":"Banana","floor":5.0,"gold_loss":0.0,"damage_taken":0.0},{"damage_healed":17.0,"max_hp_gain":0.0,"max_hp_loss":0.0,"gold_gain":0.0,"event_name":"Mushrooms","player_choice":"Healed and dodged fight","floor":12.0,"gold_loss":0.0,"damage_taken":0.0,"cards_obtained":["Parasite"]},{"cards_removed":["downfall:Icky"],"damage_healed":0.0,"max_hp_gain":0.0,"max_hp_loss":0.0,"gold_gain":0.0,"event_name":"Wheel of Change","player_choice":"Card Removal","floor":20.0,"gold_loss":0.0,"damage_taken":0.0},{"damage_healed":0,"gold_gain":0,"player_choice":"Obtain J.A.X.","damage_taken":0,"max_hp_gain":0,"max_hp_loss":0,"event_name":"Drug Dealer","floor":27,"gold_loss":0,"cards_obtained":["J.A.X."]}],"is_beta":false,"boss_relics":[{"not_picked":["Velvet Choker","bronze:MakeshiftBattery"],"picked":"Calling Bell"}],"items_purged_floors":[],"is_endless":false,"potions_floor_spawned":[2,11,13,21,26,31],"killed_by":"SI_MIRROR_ARCHETYPE","ascension_level":1}}