{"host":"qnw6fh3z6mhgqap2","time":1611446645,"event":{"mods":["BaseMod","Downfall","Minty Spire (QoL Compilation)","Quick Restart","Replay The Spire","StSLib","SuperFastMode"],"gold_per_floor":[119,132,147,159,170,199,45,45,45],"floor_reached":8,"language":"ENG","playtime":649,"items_purged":["Defend_P"],"score":63,"play_id":"9df252f5-aaa8-4f3e-b1fd-528fd516007f","local_time":"20210124010405","is_ascension_mode":true,"campfire_choices":[],"circlet_count":0,"master_deck":["Strike_P","Strike_P","Strike_P","Strike_P","Defend_P","Defend_P","Defend_P","Eruption","Vigilance","Replay:Battleflow","EmptyFist","Prostrate","MasterReality","ForeignInfluence","Pot Of Greed","Pot Of Greed","FollowUp","Adaptation"],"relics":["PureWater","NeowsBlessing","Grinning Jar"],"acts_visited":["Exordium"],"potions_floor_usage":[],"damage_taken":[{"damage":0,"enemies":"Cultist","floor":1,"turns":1},{"damage":0,"enemies":"2 Louse","floor":2,"turns":1},{"damage":0,"enemies":"Small Slimes","floor":3,"turns":1},{"damage":3,"enemies":"3 Louse","floor":4,"turns":4},{"damage":7,"enemies":"Large Slime","floor":5,"turns":6},{"damage":54,"enemies":"Lagavulin","floor":6,"turns":12},{"damage":10,"enemies":"3 Sentries","floor":8,"turns":2}],"seed_played":"3726015717606932025","potions_obtained":[{"floor":2,"key":"champ:CounterPotion"},{"floor":3,"key":"Reflective Coating"},{"floor":5,"key":"FearPotion"}],"is_trial":false,"path_per_floor":["M","M","M","M","M","E","$","E"],"character_chosen":"WATCHER","items_purchased":["Adaptation"],"campfire_rested":0,"item_purchase_floors":[7],"current_hp_per_floor":[72,72,72,69,62,8,8,0,0],"gold":45,"neow_bonus":"THREE_ENEMY_KILL","is_daily":false,"chose_seed":false,"campfire_upgraded":0,"win_rate":0.0,"timestamp":1611446645,"path_taken":["M","M","M","?","M","E","$","E"],"items_purchased_type":["Card"],"build_version":"2020-12-22","purchased_purges":1,"victory":false,"max_hp_per_floor":[72,72,72,72,72,72,72,72,72],"card_choices":[{"not_picked":["CutThroughFate","TalkToTheHand"],"picked":"Replay:Battleflow","floor":1},{"not_picked":["CrushJoints","CutThroughFate"],"picked":"EmptyFist","floor":2},{"not_picked":["Halt","JustLucky"],"picked":"Prostrate","floor":3},{"not_picked":["CrushJoints","JustLucky"],"picked":"MasterReality","floor":4},{"not_picked":["ClearTheMind","MentalFortress"],"picked":"ForeignInfluence","floor":5},{"not_picked":["JustLucky","FlurryOfBlows"],"picked":"FollowUp","floor":6}],"player_experience":171069,"relics_obtained":[{"floor":6,"key":"Grinning Jar"}],"event_choices":[],"is_beta":false,"boss_relics":[],"items_purged_floors":[7],"is_endless":false,"potions_floor_spawned":[2,3,5],"killed_by":"3 Sentries","ascension_level":1}}