{"host":"dhyczjm99amxd3qx","time":1611521653,"event":{"mods":["BaseMod","Colored Map","Googly Eyes","Highlight Path","Minty Spire (QoL Compilation)","Quick Restart","StSLib"],"gold_per_floor":[119,136,154,171,189,222,222,222,222],"floor_reached":8,"language":"ENG","playtime":432,"items_purged":[],"score":84,"play_id":"d4861ce0-b314-4933-b972-98a8f332f7c5","local_time":"20210124155413","is_ascension_mode":true,"campfire_choices":[{"data":"Body Slam","floor":7,"key":"SMITH"}],"circlet_count":0,"master_deck":["Strike_R","Strike_R","Strike_R","Strike_R","Strike_R","Defend_R","Defend_R","Defend_R","Bash","Thunderclap","Body Slam+1","Shockwave","Offering"],"relics":["Burning Blood","Tiny Chest"],"acts_visited":["Exordium"],"potions_floor_usage":[4,6,6],"damage_taken":[{"damage":11,"enemies":"Cultist","floor":1,"turns":4},{"damage":9,"enemies":"Jaw Worm","floor":2,"turns":4},{"damage":7,"enemies":"2 Louse","floor":3,"turns":3},{"damage":17,"enemies":"Large Slime","floor":4,"turns":6},{"damage":15,"enemies":"Exordium Thugs","floor":5,"turns":5},{"damage":23,"enemies":"Lagavulin","floor":6,"turns":6},{"damage":28,"enemies":"3 Sentries","floor":8,"turns":2}],"seed_played":"1340331904582851692","potions_obtained":[{"floor":2,"key":"BlessingOfTheForge"},{"floor":3,"key":"Energy Potion"},{"floor":5,"key":"SkillPotion"}],"is_trial":false,"path_per_floor":["M","M","M","M","M","E","R","E"],"character_chosen":"IRONCLAD","items_purchased":[],"campfire_rested":0,"item_purchase_floors":[],"current_hp_per_floor":[67,64,63,52,43,26,26,0,0],"gold":222,"neow_bonus":"REMOVE_CARD","is_daily":false,"chose_seed":false,"campfire_upgraded":1,"win_rate":0.0,"timestamp":1611521653,"path_taken":["M","M","M","?","M","E","R","E"],"items_purchased_type":[],"build_version":"2020-12-22","purchased_purges":0,"victory":false,"max_hp_per_floor":[80,80,80,80,80,80,80,80,80],"card_choices":[{"not_picked":["Havoc","Heavy Blade","Second Wind"],"picked":"SKIP","floor":1},{"not_picked":["Intimidate","Pommel Strike"],"picked":"Thunderclap","floor":2},{"not_picked":["Evolve","Warcry"],"picked":"Body Slam","floor":3},{"not_picked":["Pommel Strike","Clash"],"picked":"Shockwave","floor":4},{"not_picked":["Armaments","Anger","Pummel"],"picked":"SKIP","floor":5},{"not_picked":["Wild Strike","Seeing Red"],"picked":"Offering","floor":6}],"player_experience":368545,"relics_obtained":[{"floor":6,"key":"Tiny Chest"}],"event_choices":[],"is_beta":false,"boss_relics":[],"items_purged_floors":[],"is_endless":false,"potions_floor_spawned":[2,3,5],"killed_by":"3 Sentries","ascension_level":8}}