{"host":"o9ks9zgjwk1fcyk2","time":1611513061,"event":{"mods":["A Magickal Journey","AchievementEnabler","Aspiration","BaseMod","BetterRewards","Colored Map","Colored Powertips","Conspire","DeckTracker","Downfall","Friendly Minions","GifTheSpireLib","Halation","Highlight Path","Hubris","Infinite Spire","Ironclad Rager","Minty Spire (QoL Compilation)","Permanent Neow","Quarter Circle Forward PUNCH!","Quick Restart","READ ME - Guardian Mod","Relic Sorter","Replay The Spire","StSLib","Stuff the Spire","The Alterego","The Construct","The Cursed","The Disciple","The Forsaken","The Jungle","The Marked","The Mystic","vexMod"],"gold_per_floor":[100,112,112,123,137,156,156,156,156,13,23,34,34,52,71,171,171,171,185,185,185,202,202,202,202,202,187,205,235,235,252,264,366,366,366,377,394,394,405,405,454,454,466,16,16,92,108,108,128,128],"floor_reached":51,"language":"ENG","playtime":2926,"items_purged":["alterego_mod:Defend","Bite","alterego_mod:Defend"],"score":713,"play_id":"f8b8372c-0a87-457b-aff2-9bafc68f70f9","local_time":"20210124183101","is_ascension_mode":false,"campfire_choices":[{"data":"alterego_mod:DiscoLights","floor":1,"key":"PURGE"},{"data":"alterego_mod:Impale","floor":9,"key":"SMITH"},{"data":"alterego_mod:Mirror","floor":13,"key":"SMITH"},{"data":"alterego_mod:TrashNCrash","floor":18,"key":"SMITH"},{"data":"alterego_mod:RocketPunch","floor":26,"key":"SMITH"},{"data":"alterego_mod:Birthday","floor":30,"key":"SMITH"},{"data":"alterego_mod:GIGAMILK","floor":35,"key":"SMITH"},{"data":"alterego_mod:IndependentAction","floor":42,"key":"SMITH"},{"data":"alterego_mod:Birthday","floor":45,"key":"SMITH"},{"data":"expansioncontent:AwakenDeath","floor":48,"key":"SMITH"}],"circlet_count":0,"master_deck":["alterego_mod:Defend","alterego_mod:Impale+1","alterego_mod:BrynhildrsRune","alterego_mod:SakuraFive+1","alterego_mod:Birthday+1","alterego_mod:Mirror+1","alterego_mod:TrashNCrash+1","alterego_mod:RocketPunch+1","alterego_mod:Birthday+1","alterego_mod:Nekomimi+1","Bite","Bite","Bite","Bite","alterego_mod:RidiculouslyBig+1","alterego_mod:IndependentAction+1","alterego_mod:GIGAMILK+1","alterego_mod:Bunnysuit+1","expansioncontent:AwakenDeath+1","alterego_mod:Valentines+1"],"relics":["alterego_mod:MasochisticConstitution","hubris:Icosahedron","hubris:TinFlute","aspiration:RitualDagger","Bag of Marbles","Black Star","Replay:Mystery Machine","vexMod:Dragonfruit","Pet Ghost"],"acts_visited":["Exordium","TheCity","TheBeyond"],"potions_floor_usage":[16,22,36,39,50],"damage_taken":[{"damage":2,"enemies":"Small Slimes","floor":2,"turns":4},{"damage":1,"enemies":"Cultist","floor":4,"turns":4},{"damage":0,"enemies":"2 Louse","floor":5,"turns":2},{"damage":13,"enemies":"2 Fungi Beasts","floor":6,"turns":5},{"damage":1,"enemies":"downfall:FleeingMerchant","floor":10,"turns":4},{"damage":6,"enemies":"3 Louse","floor":11,"turns":3},{"damage":20,"enemies":"Lots of Slimes","floor":12,"turns":4},{"damage":0,"enemies":"Exordium Wildlife","floor":14,"turns":3},{"damage":15,"enemies":"Exordium Thugs","floor":15,"turns":5},{"damage":15,"enemies":"DF_ARCHETYPE_STREAMLINE","floor":16,"turns":8},{"damage":25,"enemies":"Shell Parasite","floor":19,"turns":4},{"damage":29,"enemies":"Snake Plant","floor":22,"turns":4},{"damage":24,"enemies":"downfall:FleeingMerchant","floor":27,"turns":4},{"damage":50,"enemies":"Shelled Parasite and Fungi","floor":28,"turns":5},{"damage":37,"enemies":"Replay:Snechameleon","floor":29,"turns":4},{"damage":18,"enemies":"3 Cultists","floor":31,"turns":5},{"damage":19,"enemies":"Centurion and Healer","floor":32,"turns":4},{"damage":48,"enemies":"WA_ARCHETYPE_CALM","floor":33,"turns":9},{"damage":44,"enemies":"3 Darklings","floor":36,"turns":7},{"damage":35,"enemies":"Orb Walker","floor":37,"turns":4},{"damage":48,"enemies":"Sphere and 2 Shapes","floor":39,"turns":6},{"damage":7,"enemies":"Transient","floor":43,"turns":5},{"damage":12,"enemies":"downfall:FleeingMerchant","floor":44,"turns":4},{"damage":17,"enemies":"downfall:FleeingMerchant","floor":46,"turns":4},{"damage":29,"enemies":"3 Darklings","floor":47,"turns":5},{"damage":24,"enemies":"Spire Growth","floor":49,"turns":3},{"damage":39,"enemies":"SI_POISON_ARCHETYPE","floor":50,"turns":5}],"seed_played":"6836278185729378653","potions_obtained":[{"floor":2,"key":"champ:CounterPotion"},{"floor":3,"key":"hexamod:SoulburnPotion"},{"floor":3,"key":"SneckoOil"},{"floor":11,"key":"Strength Potion"},{"floor":16,"key":"Strength Potion"},{"floor":29,"key":"sneckomod:MuddlingPotion"},{"floor":31,"key":"Swift Potion"},{"floor":47,"key":"LiquidMemories"},{"floor":49,"key":"ColorlessPotion"}],"is_trial":false,"path_per_floor":["R_BF","M","?","M","M","M","T","?","R","$","M","M","R","M","M","B",null,"R","M","?","?","M","?","T","?","R","$","M","E","R","M","M","B",null,"R_BF","M","M","?","M","?","T","R","M","$","R","$","M","R","M","B",null],"character_chosen":"The_Alterego","items_purchased":["alterego_mod:Birthday","expansioncontent:AwakenDeath","vexMod:Dragonfruit","Pet Ghost"],"campfire_rested":0,"item_purchase_floors":[10,44,44,46],"current_hp_per_floor":[70,69,69,69,69,64,64,64,64,64,61,58,58,60,48,36,78,78,56,56,56,39,39,39,31,31,20,45,43,43,51,58,44,62,62,63,42,42,21,21,21,21,61,72,72,73,58,58,62,73],"gold":128,"neow_bonus":"TRANSFORM_CARD","is_daily":false,"chose_seed":false,"campfire_upgraded":9,"win_rate":0.0,"timestamp":1611513061,"path_taken":["R_BF","M","?","M","?","?","T","?","R","$","M","M","R","M","M","BOSS","R","M","?","?","M","?","T","?","R","$","M","E","R","?","M","BOSS","R_BF","M","M","?","M","?","T","R","M","?","R","$","?","R","M","BOSS"],"items_purchased_type":["Card","Card","Relic","Relic"],"build_version":"2020-12-22","purchased_purges":3,"victory":true,"max_hp_per_floor":[70,71,71,72,72,73,73,73,73,74,75,76,76,76,77,78,78,78,79,79,79,80,56,56,56,56,57,58,59,59,60,61,62,62,62,63,64,64,65,65,65,65,66,72,72,73,74,74,75,76],"card_choices":[{"not_picked":["alterego_mod:Undulate","alterego_mod:PerceptionDisorder"],"picked":"alterego_mod:SakuraFive","floor":2},{"not_picked":["alterego_mod:Punishment","alterego_mod:Belts","alterego_mod:GoddessCore"],"picked":"SKIP","floor":4},{"not_picked":["alterego_mod:Schoolgirl","alterego_mod:SakuraLabyrinth","alterego_mod:Swimsuit"],"picked":"SKIP","floor":5},{"not_picked":["alterego_mod:BreastValley","alterego_mod:Swimsuit","alterego_mod:DestructionOfProperty"],"picked":"SKIP","floor":6},{"not_picked":["alterego_mod:Clones","alterego_mod:Cooking","alterego_mod:InsideBaseball"],"picked":"SKIP","floor":10},{"not_picked":["alterego_mod:DestructionOfProperty","alterego_mod:MagicResistance","alterego_mod:Punishment"],"picked":"SKIP","floor":11},{"not_picked":["alterego_mod:HighServant","alterego_mod:DeftHands"],"picked":"alterego_mod:Mirror","floor":12},{"not_picked":["alterego_mod:Rip","alterego_mod:Belle"],"picked":"alterego_mod:TrashNCrash","floor":14},{"not_picked":["alterego_mod:BiFurious","alterego_mod:TrashNCrash"],"picked":"alterego_mod:RocketPunch","floor":15},{"not_picked":["alterego_mod:BustOut","alterego_mod:SakuraPetals"],"picked":"alterego_mod:Birthday","floor":19},{"not_picked":["alterego_mod:Bounce+1","alterego_mod:Lingerie"],"picked":"alterego_mod:Nekomimi+1","floor":22},{"not_picked":["alterego_mod:Bloomers","alterego_mod:BiFurious+1","alterego_mod:Punishment+1"],"picked":"SKIP","floor":28},{"not_picked":["alterego_mod:TrashNCrash","alterego_mod:PerceptionDisorder"],"picked":"alterego_mod:RidiculouslyBig+1","floor":29},{"not_picked":["alterego_mod:Mirror","alterego_mod:Jiggle","alterego_mod:Maid"],"picked":"SKIP","floor":31},{"not_picked":["alterego_mod:Vow","alterego_mod:1TonWallop"],"picked":"alterego_mod:IndependentAction","floor":32},{"not_picked":["alterego_mod:STier","alterego_mod:Valkyrie"],"picked":"alterego_mod:GIGAMILK","floor":33},{"not_picked":["alterego_mod:Bounce","alterego_mod:PresenceConcealment"],"picked":"alterego_mod:Bunnysuit+1","floor":36},{"not_picked":["alterego_mod:Cooking+1","alterego_mod:Punishment","alterego_mod:Crossover+1"],"picked":"SKIP","floor":37},{"not_picked":["alterego_mod:Belle+1","alterego_mod:Table+1","alterego_mod:BiFurious+1"],"picked":"SKIP","floor":39},{"not_picked":["alterego_mod:Jiggle+1","alterego_mod:HighServant","alterego_mod:Skirt"],"picked":"SKIP","floor":43},{"not_picked":["alterego_mod:Belts","alterego_mod:Pet+1","alterego_mod:BrynhildrRomantia"],"picked":"SKIP","floor":44},{"not_picked":["alterego_mod:Jiggle+1","alterego_mod:GoddessCore+1","alterego_mod:Swimsuit"],"picked":"SKIP","floor":46},{"not_picked":["alterego_mod:Schoolgirl+1","alterego_mod:Undulate+1","alterego_mod:Cycle+1"],"picked":"SKIP","floor":47},{"not_picked":["alterego_mod:BiFurious+1","alterego_mod:DiscoLights+1"],"picked":"alterego_mod:Valentines+1","floor":49}],"player_experience":327691,"relics_obtained":[{"floor":7,"key":"hubris:TinFlute"},{"floor":29,"key":"Bag of Marbles"},{"floor":41,"key":"Replay:Mystery Machine"}],"event_choices":[{"damage_healed":0,"gold_gain":0,"player_choice":"Got Potions","damage_taken":0,"max_hp_gain":0,"max_hp_loss":0,"event_name":"Lab","floor":3,"gold_loss":0},{"cards_removed":["alterego_mod:Strike"],"damage_healed":0,"gold_gain":0,"player_choice":"Offered Basic","damage_taken":0,"max_hp_gain":0,"max_hp_loss":0,"event_name":"Bonfire Elementals","floor":8,"gold_loss":0},{"damage_healed":0,"gold_gain":0,"player_choice":"Leave","damage_taken":0,"max_hp_gain":0,"max_hp_loss":0,"event_name":"conspire:Investor","floor":20,"gold_loss":0},{"damage_healed":0,"gold_gain":0,"player_choice":"Ignored","damage_taken":0,"max_hp_gain":0,"max_hp_loss":0,"event_name":"Ghosts","floor":21,"gold_loss":0},{"damage_healed":0,"gold_gain":0,"player_choice":"Became a vampire","damage_taken":0,"max_hp_gain":0,"max_hp_loss":24,"event_name":"Vampires","floor":23,"gold_loss":0,"cards_obtained":["Bite","Bite","Bite","Bite","Bite"]}],"is_beta":false,"boss_relics":[{"not_picked":["Calling Bell","Fusion Hammer"],"picked":"aspiration:RitualDagger"},{"not_picked":["bronze:MakeshiftBattery","StuffTheSpire:ModemDavis"],"picked":"Black Star"}],"items_purged_floors":[10,44,46],"is_endless":false,"potions_floor_spawned":[2,11,12,15,16,29,31,32,47,49],"ascension_level":0}}