{"host":"qdfumeom6htv8yxl","time":1611498673,"event":{"mods":["AchievementEnabler","BaseMod","Bestiary","Block Reminder","Minty Spire (QoL Compilation)","Quick Restart","Relic Stats"],"gold_per_floor":[110,110,136,164,176,217,229,241,308,330,342,384,406,383,395,483,495,520,532,561,573,601,613,654,666,701,731,773,785,847,876,888,900,900],"floor_reached":33,"language":"ENG","playtime":1087,"items_purged":[],"score":656,"play_id":"cb170a51-20f7-48a2-b44b-d1e72ccf4e8e","local_time":"20210124083113","is_ascension_mode":true,"campfire_choices":[{"floor":8.0,"key":"REST"},{"floor":11.0,"key":"REST"},{"data":"Chaos","floor":15.0,"key":"SMITH"},{"floor":23,"key":"REST"},{"floor":25,"key":"REST"},{"floor":29,"key":"REST"},{"data":"Fission","floor":32,"key":"SMITH"}],"circlet_count":0,"master_deck":["AscendersBane","Strike_B+1","Strike_B","Strike_B","Defend_B","Defend_B","Defend_B","Defend_B","Zap","Dualcast","Ball Lightning","Chaos+1","Genetic Algorithm","Sunder+1","Lockon","Cold Snap","Coolheaded","Static Discharge","Electrodynamics","Leap","Compile Driver+1","Beam Cell","FTL","Fission+1"],"relics":["Cracked Core","MawBank","Akabeko","DataDisk","Whetstone","Busted Crown","Nloth\u0027s Gift","Shuriken","Smiling Mask","Juzu Bracelet"],"acts_visited":["Exordium","TheCity"],"potions_floor_usage":[22,33],"damage_taken":[{"damage":2.0,"enemies":"Jaw Worm","floor":1.0,"turns":4.0},{"damage":4.0,"enemies":"2 Louse","floor":3.0,"turns":3.0},{"damage":0.0,"enemies":"Small Slimes","floor":4.0,"turns":2.0},{"damage":25.0,"enemies":"Lagavulin","floor":6.0,"turns":5.0},{"damage":5.0,"enemies":"Blue Slaver","floor":10.0,"turns":2.0},{"damage":32.0,"enemies":"Gremlin Nob","floor":12.0,"turns":4.0},{"damage":2.0,"enemies":"Lots of Slimes","floor":13.0,"turns":3.0},{"damage":0.0,"enemies":"Slime Boss","floor":16.0,"turns":5.0},{"damage":17,"enemies":"Shell Parasite","floor":18,"turns":3},{"damage":3,"enemies":"2 Thieves","floor":20,"turns":4},{"damage":12,"enemies":"Shelled Parasite and Fungi","floor":22,"turns":3},{"damage":20,"enemies":"Book of Stabbing","floor":24,"turns":4},{"damage":13,"enemies":"Snecko","floor":27,"turns":3},{"damage":8,"enemies":"Gremlin Leader","floor":28,"turns":4},{"damage":0,"enemies":"Sentry and Sphere","floor":31,"turns":3},{"damage":56,"enemies":"Champ","floor":33,"turns":7}],"seed_played":"8434875988021736719","potions_obtained":[{"floor":1.0,"key":"LiquidMemories"},{"floor":4.0,"key":"FearPotion"},{"floor":12.0,"key":"SteroidPotion"},{"floor":16.0,"key":"Fire Potion"},{"floor":20,"key":"ColorlessPotion"},{"floor":27,"key":"SpeedPotion"},{"floor":28,"key":"LiquidMemories"}],"is_trial":false,"path_per_floor":["M","?","M","M","?","E","$","R","T","M","R","E","M","?","R","B",null,"M","?","M","?","M","R","E","R","T","M","E","R","?","M","R","B"],"character_chosen":"DEFECT","items_purchased":[],"campfire_rested":5,"item_purchase_floors":[],"current_hp_per_floor":[62,51,47,47,47,22,22,41,41,36,55,23,21,37,37,37,57,40,40,37,37,25,44,24,43,43,30,22,41,41,41,41,0,0],"gold":900,"neow_bonus":"ONE_RARE_RELIC","is_daily":false,"chose_seed":false,"campfire_upgraded":2,"win_rate":0.0,"timestamp":1611498673,"path_taken":["M","?","M","M","?","E","$","R","T","?","R","E","M","?","R","BOSS","M","?","?","?","M","R","E","R","T","?","E","R","?","M","R","BOSS"],"items_purchased_type":[],"build_version":"2020-12-22","purchased_purges":0,"victory":false,"max_hp_per_floor":[64,64,64,64,64,64,64,64,64,64,64,64,64,64,64,64,64,64,64,64,64,64,64,64,64,64,64,64,64,64,64,64,64,64],"relic_stats":{"Busted Crown":14,"counters":[16,59],"Shuriken":[6],"Nloth\u0027s Gift":1,"Juzu Bracelet":0,"Whetstone":["Strike_B","Sunder"],"MawBank":372,"Smiling Mask":0,"obtain_stats":[{"Lizard Tail":0,"DataDisk":9,"Busted Crown":17,"Shuriken":24,"Nloth\u0027s Gift":19,"Juzu Bracelet":28,"Whetstone":12,"Cracked Core":0,"MawBank":2,"Smiling Mask":26,"Akabeko":6},{"Lizard Tail":0,"DataDisk":4,"Busted Crown":8,"Shuriken":12,"Nloth\u0027s Gift":9,"Juzu Bracelet":14,"Whetstone":6,"Cracked Core":0,"MawBank":1,"Smiling Mask":12,"Akabeko":4},{"Lizard Tail":0,"DataDisk":14,"Busted Crown":28,"Shuriken":42,"Nloth\u0027s Gift":31,"Juzu Bracelet":49,"Whetstone":20,"Cracked Core":0,"MawBank":4,"Smiling Mask":42,"Akabeko":14}]},"card_choices":[{"not_picked":["Skim","Gash"],"picked":"Ball Lightning","floor":1.0},{"not_picked":["BootSequence","Conserve Battery"],"picked":"Chaos","floor":3.0},{"not_picked":["FTL","Capacitor"],"picked":"Genetic Algorithm","floor":4.0},{"not_picked":["Reprogram","Redo"],"picked":"Lockon","floor":6.0},{"not_picked":["Conserve Battery","Beam Cell"],"picked":"Cold Snap","floor":10.0},{"not_picked":["Sweeping Beam","Genetic Algorithm"],"picked":"Coolheaded","floor":12.0},{"not_picked":["Hello World","Beam Cell"],"picked":"Static Discharge","floor":13.0},{"not_picked":["Buffer","Meteor Strike"],"picked":"Electrodynamics","floor":16.0},{"not_picked":[],"picked":"Leap","floor":18},{"not_picked":[],"picked":"Compile Driver+1","floor":20},{"not_picked":["Gash+1"],"picked":"SKIP","floor":22},{"not_picked":["Aggregate"],"picked":"SKIP","floor":24},{"not_picked":["Compile Driver"],"picked":"SKIP","floor":27},{"not_picked":[],"picked":"Fission","floor":28},{"not_picked":["Redo"],"picked":"SKIP","floor":31}],"player_experience":1821561,"relics_obtained":[{"floor":6.0,"key":"Akabeko"},{"floor":9.0,"key":"DataDisk"},{"floor":12.0,"key":"Whetstone"},{"floor":24,"key":"Shuriken"},{"floor":26,"key":"Smiling Mask"},{"floor":28,"key":"Juzu Bracelet"}],"event_choices":[{"damage_healed":0.0,"max_hp_gain":0.0,"max_hp_loss":0.0,"gold_gain":0.0,"event_name":"Scrap Ooze","player_choice":"Success","floor":2.0,"gold_loss":0.0,"damage_taken":11.0,"relics_obtained":["MawBank"]},{"damage_healed":0.0,"max_hp_gain":0.0,"max_hp_loss":0.0,"gold_gain":0.0,"cards_transformed":["Strike_B"],"event_name":"Living Wall","player_choice":"Change","floor":5.0,"gold_loss":0.0,"damage_taken":0.0,"cards_obtained":["Sunder"]},{"damage_healed":16.0,"max_hp_gain":0.0,"max_hp_loss":0.0,"gold_gain":0.0,"event_name":"The Cleric","player_choice":"Healed","floor":14.0,"gold_loss":35.0,"damage_taken":0.0},{"damage_healed":0,"gold_gain":0,"player_choice":"Traded Relic","damage_taken":0,"relics_obtained":["Nloth\u0027s Gift"],"max_hp_gain":0,"max_hp_loss":0,"event_name":"N\u0027loth","floor":19,"relics_lost":["Lizard Tail"],"gold_loss":0},{"damage_healed":0,"gold_gain":0,"player_choice":"2 cards matched","damage_taken":0,"max_hp_gain":0,"max_hp_loss":0,"event_name":"Match and Keep!","floor":21,"gold_loss":0,"cards_obtained":["Beam Cell","FTL"]},{"damage_healed":0,"gold_gain":50,"player_choice":"Stole From Cult","damage_taken":0,"max_hp_gain":0,"max_hp_loss":0,"event_name":"Nest","floor":30,"gold_loss":0}],"is_beta":false,"boss_relics":[{"not_picked":["Runic Pyramid","Pandora\u0027s Box"],"picked":"Busted Crown"}],"items_purged_floors":[],"is_endless":false,"potions_floor_spawned":[1,4,12,16,20,27,28],"killed_by":"Champ","ascension_level":18}}