{"host":"3c27c697js19kaoo","time":1611486014,"event":{"mods":["ATMod(°¢èªMod)","Aspiration","BaseMod","CapriCore","Dota2Spire","Hermit","Minty Spire (QoL Compilation)","Quick Restart","Replay The Spire","Spicy Shops","StSLib","The Alterego","The Cursed","The Marked","The Runesmith","The Servant 0.9.4","vexMod","¡¾¹¦ÄÜMod¡¿»ìãçÖ®»·ÐÞ¸´²¹¶¡","¡¾ÒÅÎï¿¨ÅÆ¡¿REMEMod"],"gold_per_floor":[115,169,119,137,137,168,178,178,203,223,223,73,73,102,102,199,199,216,216,156,187,201,201,55,85,137,137,149,181,181,181,181],"floor_reached":31,"language":"ZHS","playtime":1365,"items_purged":[],"score":293,"play_id":"e8640462-b4ab-422b-a754-5975fe930039","local_time":"20210124190014","is_ascension_mode":true,"campfire_choices":[{"data":"theMarked:Electrocute","floor":8,"key":"SMITH"},{"data":"theMarked:ParalyzingBlade","floor":13,"key":"SMITH"},{"data":"theMarked:ComboAttacks","floor":15,"key":"SMITH"},{"data":"theMarked:Polarize","floor":23,"key":"SMITH"},{"floor":27,"key":"REST"}],"circlet_count":0,"master_deck":["theMarked:Strike+1","theMarked:Strike+1","theMarked:Strike+1","theMarked:Strike+1","theMarked:Strike+1","theMarked:Defend+1","theMarked:Defend+1","theMarked:Defend+1","theMarked:SoldierOfQuellstein","AT_DarkMatter+1","Backstab+1","theMarked:Electrocute+1","theMarked:PowerFlow+1","Clash","theMarked:ComboAttacks+1","theMarked:ParalyzingBlade+1","Infernal Blade+1","theMarked:MagicAdept+1","theMarked:Polarize+1"],"relics":["theMarked:ArtifactOfAir","REME_ComplimentaryCards","AT_ATBox","aspiration:Nostalgia","Replay:M_SmolderingBlood","Vajra","aspiration:ChemicalBlood","AT_SpeedBoots","Orrery","vexMod:BarristanHead","vexMod:ImprovementManual","Red Mask","REME_HandOfSuture","Shuriken","Dream Catcher","Blood Vial"],"acts_visited":["Exordium","TheCity"],"potions_floor_usage":[6,16,16,21,29,29],"damage_taken":[{"damage":0,"enemies":"2 Louse","floor":1,"turns":2},{"damage":6,"enemies":"Jaw Worm","floor":4,"turns":2},{"damage":17,"enemies":"Replay:BlueRogue","floor":6,"turns":4},{"damage":0,"enemies":"Small Slimes","floor":7,"turns":3},{"damage":2,"enemies":"Blue Slaver","floor":10,"turns":2},{"damage":4,"enemies":"3 Sentries","floor":14,"turns":4},{"damage":51,"enemies":"Hexaghost","floor":16,"turns":8},{"damage":5,"enemies":"Chosen","floor":18,"turns":4},{"damage":0,"enemies":"Masked Bandits","floor":21,"turns":2},{"damage":10,"enemies":"Shell Parasite","floor":22,"turns":3},{"damage":28,"enemies":"Gremlin Leader","floor":25,"turns":4},{"damage":15,"enemies":"Snake Plant","floor":28,"turns":2},{"damage":23,"enemies":"REME_1_Revenger","floor":29,"turns":4},{"damage":13,"enemies":"3 Cultists","floor":31,"turns":3}],"seed_played":"761860116732908255","potions_obtained":[{"floor":1,"key":"Elixir"},{"floor":4,"key":"SpeedPotion"},{"floor":10,"key":"SpeedPotion"},{"floor":14,"key":"Dota2Spire:HealingSalve"},{"floor":16,"key":"Fire Potion"},{"floor":16,"key":"Doom Potion"},{"floor":22,"key":"Strength Potion"}],"is_trial":false,"path_per_floor":["M","?","?","M","?","E","M","R","T","M","?","$","R","E","R","B",null,"M","?","?","?","M","R","$","E","T","R","M","E","?","M"],"character_chosen":"THE_DEFAULT","items_purchased":["Orrery","REME_HandOfSuture"],"campfire_rested":1,"item_purchase_floors":[12,24],"current_hp_per_floor":[70,70,70,64,57,40,40,40,40,38,70,70,70,66,66,18,70,65,65,65,65,55,55,55,27,27,48,33,10,10,0,0],"gold":181,"neow_bonus":"NOSTALGIA","is_daily":false,"chose_seed":false,"campfire_upgraded":4,"win_rate":0.0,"timestamp":1611486014,"path_taken":["M","?","?","M","?","E","M","R","T","?","?","?","R","E","R","BOSS","M","?","?","?","M","R","$","E","T","R","M","E","?","M"],"items_purchased_type":["Relic","Relic"],"build_version":"2020-12-22","purchased_purges":0,"victory":false,"max_hp_per_floor":[70,70,70,70,70,70,70,70,70,70,70,70,70,70,70,70,70,70,70,70,70,70,70,70,70,70,70,70,70,70,70,70],"card_choices":[{"not_picked":["theMarked:DeterminationOfTheMarked","theMarked:EmpowerWeapon"],"picked":"theMarked:Electrocute","floor":1},{"not_picked":["theMarked:AttractMetal","FlyingSleeves"],"picked":"theMarked:PowerFlow","floor":4},{"not_picked":["theMarked:HeightenedSenses","theMarked:Seal","BowlingBash"],"picked":"SKIP","floor":6},{"not_picked":["Halt","theMarked:ShockingTouch","Crescendo"],"picked":"SKIP","floor":7},{"not_picked":["theMarked:HeightenedSenses","theMarked:Improvise","Uppercut"],"picked":"SKIP","floor":10},{"not_picked":["Tantrum","theMarked:Generate"],"picked":"Clash","floor":12},{"not_picked":["FlyingSleeves","theMarked:Indomitable"],"picked":"theMarked:ComboAttacks","floor":12},{"not_picked":["CrushJoints","theMarked:WardOff"],"picked":"theMarked:ParalyzingBlade","floor":12},{"not_picked":["Whirlwind","theMarked:BanishingStrike"],"picked":"Infernal Blade","floor":12},{"not_picked":["theMarked:RepellingDischarge","theMarked:HeightenedSenses","theMarked:Improvise"],"picked":"SKIP","floor":14},{"not_picked":["theMarked:Abjuration","theMarked:ThrowWeapon"],"picked":"theMarked:MagicAdept","floor":16},{"not_picked":["theMarked:ResourceFulStrike+1","theMarked:TwofoldDefense","theMarked:SwordAndMagic"],"picked":"SKIP","floor":18},{"not_picked":["theMarked:Overthink","theMarked:Static+1"],"picked":"theMarked:Polarize","floor":22},{"not_picked":["theMarked:WardOff","theMarked:Polarize","theMarked:Generate+1"],"picked":"SKIP","floor":25},{"not_picked":["theMarked:WastefulDefense","theMarked:Panic","theMarked:CreepingChasm"],"picked":"SKIP","floor":28},{"not_picked":["theMarked:ChainLightning","theMarked:AttractMetal","theMarked:SwordAndMagic"],"picked":"SKIP","floor":29}],"player_experience":216129,"relics_obtained":[{"floor":6,"key":"aspiration:ChemicalBlood"},{"floor":9,"key":"AT_SpeedBoots"},{"floor":14,"key":"vexMod:BarristanHead"},{"floor":21,"key":"Red Mask"},{"floor":25,"key":"Shuriken"},{"floor":26,"key":"Dream Catcher"},{"floor":29,"key":"Blood Vial"}],"event_choices":[{"damage_healed":0,"gold_gain":54,"player_choice":"Gained Gold","damage_taken":0,"max_hp_gain":0,"max_hp_loss":0,"event_name":"Golden Wing","floor":2,"gold_loss":0},{"cards_removed":["theMarked:Defend"],"damage_healed":0,"gold_gain":0,"player_choice":"Card Removal","damage_taken":0,"max_hp_gain":0,"max_hp_loss":0,"event_name":"The Cleric","floor":3,"gold_loss":50},{"damage_healed":0,"gold_gain":0,"player_choice":"Success","damage_taken":7,"relics_obtained":["Vajra"],"max_hp_gain":0,"max_hp_loss":0,"event_name":"Scrap Ooze","floor":5,"gold_loss":0},{"damage_healed":32,"gold_gain":0,"player_choice":"Full Heal","damage_taken":0,"max_hp_gain":0,"max_hp_loss":0,"event_name":"Wheel of Change","floor":11,"gold_loss":0},{"damage_healed":0,"gold_gain":0,"player_choice":"Ignored","damage_taken":0,"max_hp_gain":0,"max_hp_loss":0,"event_name":"Ghosts","floor":19,"gold_loss":0},{"damage_healed":0,"gold_gain":0,"player_choice":"Fought Bandits","damage_taken":0,"max_hp_gain":0,"max_hp_loss":0,"event_name":"Masked Bandits","floor":21,"gold_loss":0},{"damage_healed":0,"gold_gain":0,"player_choice":"Simplicity","damage_taken":0,"max_hp_gain":0,"max_hp_loss":0,"event_name":"Back to Basics","floor":30,"gold_loss":0,"cards_upgraded":["theMarked:Strike","theMarked:Strike","theMarked:Strike","theMarked:Strike","theMarked:Strike","theMarked:Defend","theMarked:Defend","theMarked:Defend"]}],"is_beta":false,"boss_relics":[{"not_picked":["aspiration:SilentSkillbook","vexMod:TanglingVine"],"picked":"vexMod:ImprovementManual"}],"items_purged_floors":[],"is_endless":false,"potions_floor_spawned":[1,4,10,14,22],"killed_by":"3 Cultists","ascension_level":1}}