{"host":"p34rppyhk302xzzg","time":1611487488,"event":{"mods":["Arknights The Spire","Ascension Reborn","BaseMod","Better Vampires","Lobotomy","LobotomyExtend","Marisa£®ÏF”Í°°ƒß¿Ì…≥£©","Minty Spire (QoL Compilation)","Quick Restart","READ ME - Guardian Mod","Remilia£®¿Ÿ√◊¿Ú—«£©","SOS£®Àπ∞Õ¥Ô÷Æ◊”£©","StSLib","Td1madao Mod","Waifu the Spire","Youmu£®ªÍ∆«—˝√Œ£©","[IsaacMod]“‘»ˆº‚À˛","noobMod","°æ“≈ŒÔø®≈∆°øREMEMod"],"gold_per_floor":[110,127,227,242,255,255,285,296,371,371,153,228,242,275,275,475,525,540,556,167,186,202,227,245,245,245],"floor_reached":25,"language":"ZHS","playtime":1184,"items_purged":[],"score":437,"play_id":"59000c16-aeb0-487e-9c4f-4aeea0c4aae6","local_time":"20210124192448","is_ascension_mode":true,"campfire_choices":[{"data":"EpicFetus","floor":6.0,"key":"SMITH"},{"data":"Ball Lightning","floor":15.0,"key":"SMITH"}],"circlet_count":0,"master_deck":["Strike_B","Strike_B","Strike_B","Strike_B","Defend_B","Defend_B+1","Defend_B","Defend_B","Zap","Dualcast+1","EpicFetus+1","DemonKingCradle","CherryBlossoms","Compile Driver","SpiderBud","Darkness","Fusion+1","BlackArmy","Thunder Strike","Scorched","Conserve Battery","Freischutz","Leap","BootSequence","Defragment","Consume","Beam Cell","Force Field","Redo","Chaos","Capacitor","Heatsinks","Capacitor","Beam Cell","Rip and Tear","Steam","All For One","Cold Snap","Gash","Hello World","REME_ForAll","Ball Lightning+1","REME_ForAll","Echo Form","Amplify","Echo Form","REME_Shoggoth","Capacitor","Leap","Self Repair","Redo+1","Coolheaded","Beam Cell","Skim","Streamline+1","Redo","Coolheaded","Streamline","Gash+1","Hologram","Loop","Sweeping Beam","Skim","Reprogram","Creative AI","Melter","Pulse","Redo","Melter+1","Steam+1","BootSequence+1","Redo","DespairKnight","REME_Whirling+1","Streamline","Steam+1","GalaxyChild","Ball Lightning+1"],"relics":["Cracked Core","HushsDoor","REME_ComplimentaryCards","ice","GuppysTail","CogitoBucket","LetterFromLob","REME_IWantAll","HellTrain","Bottled Lightning","REME_PuzzleBoxRelic","Bronze Scales","Tiny House","SatanicBible","Orichalcum","Medical Kit","War Paint"],"acts_visited":["Exordium","TheCity"],"potions_floor_usage":[25,25,25],"damage_taken":[{"damage":0.0,"enemies":"Cultist","floor":1.0,"turns":3.0},{"damage":18.0,"enemies":"Jaw Worm","floor":2.0,"turns":4.0},{"damage":11.0,"enemies":"Small Slimes","floor":4.0,"turns":2.0},{"damage":15.0,"enemies":"Looter","floor":5.0,"turns":4.0},{"damage":32.0,"enemies":"Lagavulin","floor":7.0,"turns":5.0},{"damage":8.0,"enemies":"Blue Slaver","floor":8.0,"turns":4.0},{"damage":0.0,"enemies":"Large Slime","floor":13.0,"turns":2.0},{"damage":1.0,"enemies":"Gremlin Nob","floor":14.0,"turns":3.0},{"damage":4.0,"enemies":"Slime Boss","floor":16.0,"turns":4.0},{"damage":0.0,"enemies":"Spheric Guardian","floor":18.0,"turns":1.0},{"damage":14.0,"enemies":"2 Thieves","floor":19.0,"turns":3.0},{"damage":20.0,"enemies":"Centurion and Healer","floor":21.0,"turns":2.0},{"damage":23.0,"enemies":"3 Cultists","floor":22.0,"turns":2.0},{"damage":58.0,"enemies":"Book of Stabbing","floor":23.0,"turns":5.0},{"damage":2.0,"enemies":"Snecko","floor":24.0,"turns":4.0},{"damage":138,"enemies":"Centurion and Healer","floor":25,"turns":13}],"seed_played":"5093097858814148810","potions_obtained":[{"floor":4.0,"key":"CultistPotion"},{"floor":5.0,"key":"REME_GoldPotion"},{"floor":8.0,"key":"AttackPotion"},{"floor":13.0,"key":"Fruit Juice"},{"floor":16.0,"key":"Block Potion"},{"floor":18.0,"key":"FocusPotion"},{"floor":22.0,"key":"REME_GoldPotion"},{"floor":23.0,"key":"EssenceOfDarkness"},{"floor":24.0,"key":"FearPotion"}],"is_trial":false,"path_per_floor":["M","M","?","M","M","R","E","M","T","?","$","?","M","E","R","B",null,"M","M","$","M","M","E","M","M"],"character_chosen":"DEFECT","items_purchased":["REME_PuzzleBoxRelic","Capacitor","SatanicBible","REME_Shoggoth","Capacitor","Orichalcum","Medical Kit","Loop","Sweeping Beam"],"campfire_rested":0,"item_purchase_floors":[11,11,17,17,17,20,20,20,20],"current_hp_per_floor":[75,57,57,46,32,32,78,78,78,78,78,67,73,81,81,85,100,106,98,98,81,64,9,144,-999855,-999855],"gold":245,"neow_bonus":"","is_daily":false,"chose_seed":false,"campfire_upgraded":2,"win_rate":0.0,"timestamp":1611487488,"path_taken":["M","M","?","M","?","R","E","M","T","?","$","?","M","E","R","BOSS","M","M","$","M","M","E","M","M"],"items_purchased_type":["Relic","Card","Relic","Card","Card","Relic","Relic","Card","Card"],"build_version":"2020-12-22","purchased_purges":0,"victory":false,"max_hp_per_floor":[75,75,75,75,75,75,78,90,90,90,90,90,97,104,104,112,100,106,120,120,124,130,143,144,144,144],"card_choices":[{"not_picked":[],"picked":"EpicFetus","floor":0.0},{"not_picked":["PunishingBird","OSAHOGD"],"picked":"CherryBlossoms","floor":1.0},{"not_picked":["Rebound","Reboot"],"picked":"Compile Driver","floor":1.0},{"not_picked":["RedShoes","BeautyBeast","Bloodbath"],"picked":"Singing Bowl","floor":2.0},{"not_picked":["QueenBee","Funeral"],"picked":"SpiderBud","floor":2.0},{"not_picked":["REME_SelfUpgrade","White Noise"],"picked":"Darkness","floor":2.0},{"not_picked":["Leap","Distribution"],"picked":"Fusion","floor":3.0},{"not_picked":["Murderer","MHz"],"picked":"BlackArmy","floor":4.0},{"not_picked":["Stack","Aggregate"],"picked":"Thunder Strike","floor":4.0},{"not_picked":["OSAHOGD","ShyLook","Woodsman"],"picked":"Singing Bowl","floor":5.0},{"not_picked":["Wellcheers","CrumblingArmor"],"picked":"Scorched","floor":5.0},{"not_picked":["REME_DataAnalysis","Redo"],"picked":"Conserve Battery","floor":5.0},{"not_picked":["VoidDream","WallGazer"],"picked":"Freischutz","floor":7.0},{"not_picked":["Leap","BootSequence","Defragment"],"picked":"Singing Bowl","floor":7.0},{"not_picked":["VoidDream","OldLady","PunishingBird"],"picked":"Singing Bowl","floor":8.0},{"not_picked":["Redo","Bomb","Chaos"],"picked":"Singing Bowl","floor":8.0},{"not_picked":["ShyLook","Scarecrow","MeatLantern"],"picked":"Singing Bowl","floor":13.0},{"not_picked":["Beam Cell","Rip and Tear","Steam"],"picked":"Singing Bowl","floor":13.0},{"not_picked":["WhitesApple","ShyLook","Murderer"],"picked":"Singing Bowl","floor":14.0},{"not_picked":["Hello World","REME_ForAll","Ball Lightning"],"picked":"Singing Bowl","floor":14.0},{"not_picked":["LaLuna","Wellcheers","GalaxyChild"],"picked":"Singing Bowl","floor":16.0},{"not_picked":["Seek","ElectricPowerLearning"],"picked":"Echo Form","floor":16.0},{"not_picked":["MHz","Rudolta","ShyLook"],"picked":"Singing Bowl","floor":18.0},{"not_picked":["Coolheaded","Beam Cell","Skim"],"picked":"Singing Bowl","floor":18.0},{"not_picked":["BlackSwan","MeatLantern","OldLady"],"picked":"Singing Bowl","floor":19.0},{"not_picked":["Streamline","Gash+1","Hologram"],"picked":"Singing Bowl","floor":19.0},{"not_picked":["BeautyBeast","BlueStar","LittlePrince"],"picked":"Singing Bowl","floor":21.0},{"not_picked":["Cold Snap","Streamline+1"],"picked":"Melter","floor":21.0},{"not_picked":["Bloodbath","GalaxyChild","HeroicMonk"],"picked":"Singing Bowl","floor":22.0},{"not_picked":["Steam+1","BootSequence","Redo"],"picked":"Singing Bowl","floor":22.0},{"not_picked":["MeatLantern","Yin"],"picked":"DespairKnight","floor":23.0},{"not_picked":["REME_Whirling+1","Streamline","Steam+1"],"picked":"Singing Bowl","floor":23.0},{"not_picked":["VoidDream","OldLady"],"picked":"GalaxyChild","floor":24.0},{"not_picked":["Sweeping Beam","Glacier"],"picked":"Ball Lightning+1","floor":24.0}],"player_experience":63161,"relics_obtained":[{"floor":1.0,"key":"LetterFromLob"},{"floor":7.0,"key":"REME_IWantAll"},{"floor":9.0,"key":"Bottled Lightning"},{"floor":14.0,"key":"Bronze Scales"},{"floor":23.0,"key":"War Paint"}],"event_choices":[{"damage_healed":0.0,"max_hp_gain":0.0,"max_hp_loss":0.0,"gold_gain":0.0,"event_name":"Living Wall","player_choice":"Grow","floor":10.0,"gold_loss":0.0,"damage_taken":0.0,"cards_upgraded":["Dualcast"]},{"damage_healed":0.0,"max_hp_gain":0.0,"max_hp_loss":0.0,"gold_gain":75.0,"event_name":"World of Goop","player_choice":"Gather Gold","floor":12.0,"gold_loss":0.0,"damage_taken":11.0}],"is_beta":false,"boss_relics":[{"not_picked":["Ectoplasm","Runic Pyramid"],"picked":"Tiny House"},{"not_picked":[]}],"items_purged_floors":[],"is_endless":false,"potions_floor_spawned":[4,5,8,13,18,22,23,24],"killed_by":"Centurion and Healer","ascension_level":0}}