{"host":"p8pxxhl9h7qv5y4h","time":1611470213,"event":{"mods":["BaseMod","BetterRewards","Colored Map","Custom Start","Minty Spire (QoL Compilation)","Shop Mod","StSLib"],"gold_per_floor":[45111,45121,44730,44750,44770,44770,44805,44824,44824,44824,44843,44485,44504,44504,44504,44504,44504],"floor_reached":16,"language":"ZHT","playtime":640,"items_purged":["Defend_P","Defend_P"],"score":229,"play_id":"8698220a-9ed3-4767-b970-c0b95a910db2","local_time":"20210124143653","is_ascension_mode":false,"campfire_choices":[{"data":"Eruption","floor":6,"key":"SMITH"},{"data":"Ragnarok","floor":10,"key":"SMITH"},{"data":"Tantrum","floor":15,"key":"SMITH"}],"circlet_count":0,"master_deck":["Strike_P","Strike_P","Strike_P","Strike_P","Defend_P","Eruption+1","Vigilance","Ragnarok+1","BattleHymn","CarveReality","Tantrum+1","Worship","BattleHymn"],"relics":["PureWater","Membership Card","Damaru","Centennial Puzzle","Happy Flower","White Beast Statue","Lantern","Oddly Smooth Stone","MerchantsRug","Cauldron"],"acts_visited":["Exordium"],"potions_floor_usage":[12,12],"damage_taken":[{"damage":3,"enemies":"2 Louse","floor":1,"turns":3},{"damage":0,"enemies":"Cultist","floor":2,"turns":2},{"damage":5,"enemies":"Small Slimes","floor":4,"turns":2},{"damage":13,"enemies":"3 Louse","floor":5,"turns":2},{"damage":18,"enemies":"3 Sentries","floor":7,"turns":2},{"damage":10,"enemies":"Looter","floor":8,"turns":2},{"damage":13,"enemies":"Red Slaver","floor":11,"turns":2},{"damage":0,"enemies":"Gremlin Gang","floor":13,"turns":1},{"damage":600132,"enemies":"Hexaghost","floor":16,"turns":2}],"seed_played":"-2020334842749056632","potions_obtained":[{"floor":2,"key":"Swift Potion"},{"floor":4,"key":"BottledMiracle"},{"floor":8,"key":"FearPotion"},{"floor":12,"key":"Fruit Juice"},{"floor":12,"key":"Fruit Juice"},{"floor":12,"key":"SpeedPotion"},{"floor":12,"key":"Dexterity Potion"},{"floor":13,"key":"AttackPotion"}],"is_trial":false,"path_per_floor":["M","M","$","M","M","R","E","M","T","R","M","$","M","?","R","B"],"character_chosen":"WATCHER","items_purchased":["Membership Card","Damaru","Centennial Puzzle","BattleHymn","CarveReality","Lantern","Oddly Smooth Stone","MerchantsRug","Cauldron"],"campfire_rested":0,"item_purchase_floors":[3,3,3,3,3,12,12,12,12],"current_hp_per_floor":[600171,600171,600171,600166,600153,600153,600135,600125,600125,600125,600112,600122,600122,600122,600122,0,0],"gold":44504,"neow_bonus":"ONE_RANDOM_RARE_CARD","is_daily":false,"chose_seed":false,"campfire_upgraded":3,"win_rate":0.0,"timestamp":1611470213,"path_taken":["M","M","$","M","M","R","E","M","T","R","M","$","M","?","R","BOSS"],"items_purchased_type":["Relic","Relic","Relic","Card","Card","Relic","Relic","Relic","Relic"],"build_version":"2020-12-22","purchased_purges":2,"victory":false,"max_hp_per_floor":[600174,600174,600174,600174,600174,600174,600174,600174,600174,600174,600174,600184,600184,600184,600184,600184,600184],"card_choices":[{"not_picked":["Evaluate","Nirvana","ClearTheMind"],"picked":"SKIP","floor":1},{"not_picked":["Crescendo","Sanctity","CutThroughFate"],"picked":"SKIP","floor":2},{"not_picked":["FlyingSleeves","Meditate","Adaptation"],"picked":"SKIP","floor":4},{"not_picked":["ThirdEye","FlurryOfBlows"],"picked":"Tantrum","floor":5},{"not_picked":["Indignation","Swivel"],"picked":"Worship","floor":7},{"not_picked":["Pray","EmptyFist"],"picked":"BattleHymn","floor":8},{"not_picked":["InnerPeace","EmptyFist","ThirdEye"],"picked":"SKIP","floor":11},{"not_picked":["Omniscience","Consecrate","Prostrate"],"picked":"SKIP","floor":13}],"player_experience":114822,"relics_obtained":[{"floor":7,"key":"Happy Flower"},{"floor":9,"key":"White Beast Statue"}],"event_choices":[{"cards_removed":["Defend_P"],"damage_healed":0,"gold_gain":0,"player_choice":"Purged","damage_taken":0,"max_hp_gain":0,"max_hp_loss":0,"event_name":"Purifier","floor":14,"gold_loss":0}],"is_beta":false,"boss_relics":[],"items_purged_floors":[3,12],"is_endless":false,"potions_floor_spawned":[2,4,8,11,13],"killed_by":"Hexaghost","ascension_level":0}}