{"host":"g8ufh7m4frdlkxwv","time":1611464279,"event":{"mods":["AchievementEnabler","BaseMod","Colored Map","Dark Map","Minty Spire (QoL Compilation)","Relic Stats","StSLib","ojb\u0027s Info Mod"],"gold_per_floor":[114,114,114,129,147,179,179,194,194,194,194],"floor_reached":10,"language":"ENG","playtime":798,"items_purged":[],"score":136,"play_id":"dbbbfb6d-cb2d-42cd-8467-55768119a744","local_time":"20210124055759","is_ascension_mode":true,"campfire_choices":[{"floor":7,"key":"REST"}],"circlet_count":0,"master_deck":["AscendersBane","Strike_G","Strike_G","Strike_G","Strike_G+1","Strike_G","Defend_G+1","Defend_G+1","Defend_G+1","Defend_G","Survivor","Neutralize","Terror","Poisoned Stab","Sucker Punch","Blade Dance","Poisoned Stab"],"relics":["Ring of the Snake","War Paint","Pantograph","Matryoshka"],"acts_visited":["Exordium"],"potions_floor_usage":[6,10],"damage_taken":[{"damage":1,"enemies":"Small Slimes","floor":1,"turns":4},{"damage":0,"enemies":"2 Louse","floor":4,"turns":4},{"damage":0,"enemies":"Jaw Worm","floor":5,"turns":4},{"damage":21,"enemies":"Gremlin Nob","floor":6,"turns":4},{"damage":6,"enemies":"Exordium Wildlife","floor":8,"turns":4},{"damage":23,"enemies":"3 Sentries","floor":10,"turns":8}],"seed_played":"7334471231139070969","potions_obtained":[{"floor":1,"key":"Fire Potion"},{"floor":8,"key":"LiquidMemories"}],"is_trial":false,"path_per_floor":["M","?","?","M","M","E","R","M","T","E"],"character_chosen":"THE_SILENT","items_purchased":[],"campfire_rested":1,"item_purchase_floors":[],"current_hp_per_floor":[58,51,31,31,31,10,29,23,23,0,0],"gold":194,"neow_bonus":"RANDOM_COMMON_RELIC","is_daily":false,"chose_seed":false,"campfire_upgraded":0,"win_rate":0.0,"timestamp":1611464279,"path_taken":["M","?","?","M","M","E","R","M","T","E"],"items_purchased_type":[],"build_version":"2020-12-22","purchased_purges":0,"victory":false,"max_hp_per_floor":[66,66,66,66,66,66,66,66,66,66,66],"relic_stats":{"counters":[6,28],"Pantograph":0,"War Paint":["Defend_G","Defend_G"],"obtain_stats":[{"Matryoshka":9,"Pantograph":6,"War Paint":0,"Ring of the Snake":0},{"Matryoshka":5,"Pantograph":4,"War Paint":0,"Ring of the Snake":0},{"Matryoshka":20,"Pantograph":16,"War Paint":0,"Ring of the Snake":0}],"Ring of the Snake":[12]},"card_choices":[{"not_picked":["Blur","Prepared"],"picked":"Terror","floor":1},{"not_picked":["Blade Dance","Escape Plan"],"picked":"Poisoned Stab","floor":4},{"not_picked":["Expertise","Bane"],"picked":"Sucker Punch","floor":5},{"not_picked":["Grand Finale","Accuracy"],"picked":"Blade Dance","floor":6},{"not_picked":["Flying Knee","Predator"],"picked":"Poisoned Stab","floor":8}],"player_experience":1098775,"relics_obtained":[{"floor":6,"key":"Pantograph"},{"floor":9,"key":"Matryoshka"}],"event_choices":[{"cards_removed":["Defend_G"],"damage_healed":0,"gold_gain":0,"player_choice":"Card Removal","damage_taken":7,"max_hp_gain":0,"max_hp_loss":0,"event_name":"Golden Wing","floor":2,"gold_loss":0},{"damage_healed":0,"gold_gain":0,"player_choice":"Entered Light","damage_taken":20,"max_hp_gain":0,"max_hp_loss":0,"event_name":"Shining Light","floor":3,"gold_loss":0,"cards_upgraded":["Strike_G","Defend_G"]}],"is_beta":false,"boss_relics":[],"items_purged_floors":[],"is_endless":false,"potions_floor_spawned":[1,8],"killed_by":"3 Sentries","ascension_level":20}}