{"host":"2yhbarjh4s9lrrzt","time":1611512313,"event":{"mods":["BaseMod","Better Third Choice","Minty Spire (QoL Compilation)","Replay The Spire","StSLib"],"gold_per_floor":[117,163,173,192,39,39,16,16,70,95,107,117,117,135,135,135,135],"floor_reached":16,"language":"ENG","playtime":1468,"items_purged":[],"score":102,"play_id":"aaab44e0-c205-45f9-b2a0-811594206fb6","local_time":"20210124131833","is_ascension_mode":false,"campfire_choices":[{"floor":6,"key":"REST"},{"data":"DevaForm","floor":15,"key":"SMITH"}],"circlet_count":0,"master_deck":["Strike_P","Strike_P+1","Strike_P+1","Strike_P","Defend_P","Defend_P","Defend_P","Defend_P","Eruption","Vigilance","EmptyFist","ReplayTheSpireMod:Splinters","Replay:AtTheReady","Indignation","DevaForm+1","Prostrate","Burn","LikeWater","ClearTheMind","ThirdEye","Swivel"],"relics":["PureWater","Boot","Toolbox","Whetstone","Replay:Baseball","Juzu Bracelet"],"acts_visited":["Exordium"],"potions_floor_usage":[10,10,14,14,16],"damage_taken":[{"damage":3,"enemies":"Jaw Worm","floor":1,"turns":5},{"damage":0,"enemies":"2 Louse","floor":3,"turns":3},{"damage":10,"enemies":"Small Slimes","floor":4,"turns":3},{"damage":26,"enemies":"Gremlin Nob","floor":10,"turns":5},{"damage":8,"enemies":"3 Louse","floor":11,"turns":2},{"damage":11,"enemies":"2 Fungi Beasts","floor":12,"turns":4},{"damage":11,"enemies":"Exordium Wildlife","floor":14,"turns":7},{"damage":12,"enemies":"Hexaghost","floor":16,"turns":9}],"seed_played":"-2082241092362285304","potions_obtained":[{"floor":1,"key":"Energy Potion"},{"floor":2,"key":"Death Potion"},{"floor":2,"key":"PowerPotion"},{"floor":2,"key":"Reflective Coating"},{"floor":3,"key":"BottledMiracle"},{"floor":10,"key":"ColorlessPotion"},{"floor":12,"key":"ColorlessPotion"}],"is_trial":false,"path_per_floor":["M","?","M","M","$","R","$","?","T","E","M","M","?","M","R","B"],"character_chosen":"WATCHER","items_purchased":["Toolbox","Prostrate"],"campfire_rested":1,"item_purchase_floors":[5,7],"current_hp_per_floor":[69,69,69,59,59,72,72,72,72,46,38,27,20,9,9,0,0],"gold":135,"neow_bonus":"RANDOM_COMMON_RELIC","is_daily":false,"chose_seed":false,"campfire_upgraded":1,"win_rate":0.0,"timestamp":1611512313,"path_taken":["M","?","M","M","$","R","$","?","T","E","M","M","?","M","R","BOSS"],"items_purchased_type":["Relic","Card"],"build_version":"2020-12-22","purchased_purges":0,"victory":false,"max_hp_per_floor":[72,72,72,72,72,72,72,72,72,72,72,72,72,72,72,72,72],"card_choices":[{"not_picked":["Vengeance","WheelKick"],"picked":"EmptyFist","floor":1},{"not_picked":["WaveOfTheHand","CarveReality"],"picked":"Replay:AtTheReady","floor":2},{"not_picked":["FollowUp","FlurryOfBlows"],"picked":"Indignation","floor":3},{"not_picked":["Replay:AtTheReady","EmptyFist"],"picked":"DevaForm","floor":4},{"not_picked":["Protect","ClearTheMind"],"picked":"LikeWater","floor":10},{"not_picked":["Halt","Replay:Hum"],"picked":"ClearTheMind","floor":11},{"not_picked":["SashWhip","Worship"],"picked":"ThirdEye","floor":12},{"not_picked":["Consecrate","Worship"],"picked":"Swivel","floor":14}],"player_experience":245408,"relics_obtained":[{"floor":9,"key":"Whetstone"},{"floor":10,"key":"Replay:Baseball"}],"event_choices":[{"damage_healed":72,"gold_gain":0,"player_choice":"Embrace Burn","damage_taken":0,"max_hp_gain":0,"max_hp_loss":72,"event_name":"betterThird:BetterShining","floor":8,"gold_loss":0},{"damage_healed":0,"gold_gain":0,"player_choice":"Relic ","damage_taken":7,"max_hp_gain":0,"max_hp_loss":0,"event_name":"betterThird:BetterScrap","floor":13,"gold_loss":0,"cards_obtained":["Scrape"]}],"is_beta":false,"boss_relics":[],"items_purged_floors":[],"is_endless":false,"potions_floor_spawned":[1,3,10,12],"killed_by":"Hexaghost","ascension_level":0}}