{"host":"daa8jqyg4gqfaysm","time":1611470610,"event":{"mods":["BaseMod","Colored Powertips","Minty Spire (QoL Compilation)","StSLib"],"gold_per_floor":[109,109,109,6,6,6,39,63,136,136,136,136],"floor_reached":11,"language":"ENG","playtime":201,"items_purged":["Strike_R"],"score":138,"play_id":"6b5b1c91-9f32-49a2-b00e-8444d078c4b5","local_time":"20210124144330","is_ascension_mode":true,"campfire_choices":[{"data":"Twin Strike","floor":6,"key":"SMITH"},{"data":"Armaments","floor":10,"key":"SMITH"}],"circlet_count":0,"master_deck":["AscendersBane","Strike_R+1","Strike_R","Strike_R","Strike_R","Defend_R","Defend_R","Defend_R","Defend_R+1","Bash+1","Ghostly Armor+1","Twin Strike+1","Armaments+1"],"relics":["Burning Blood","Golden Idol","Vajra"],"acts_visited":["Exordium"],"potions_floor_usage":[11],"damage_taken":[{"damage":7,"enemies":"2 Louse","floor":1,"turns":3},{"damage":28,"enemies":"Gremlin Nob","floor":7,"turns":4},{"damage":7,"enemies":"Small Slimes","floor":8,"turns":3},{"damage":22,"enemies":"3 Sentries","floor":11,"turns":5}],"seed_played":"2034933840123091227","potions_obtained":[{"floor":7,"key":"PowerPotion"}],"is_trial":false,"path_per_floor":["M","?","?","$","?","R","E","M","T","R","E"],"character_chosen":"IRONCLAD","items_purchased":["Twin Strike"],"campfire_rested":0,"item_purchase_floors":[4],"current_hp_per_floor":[67,44,44,44,44,44,22,21,21,21,0,0],"gold":136,"neow_bonus":"UPGRADE_CARD","is_daily":false,"chose_seed":false,"campfire_upgraded":2,"win_rate":0.0,"timestamp":1611470610,"path_taken":["M","?","?","$","?","R","E","M","T","R","E"],"items_purchased_type":["Card"],"build_version":"2020-12-22","purchased_purges":1,"victory":false,"max_hp_per_floor":[75,75,75,75,68,68,68,68,68,68,68,68],"card_choices":[{"not_picked":["Perfected Strike","Havoc"],"picked":"Ghostly Armor","floor":1},{"not_picked":["Ghostly Armor","Thunderclap"],"picked":"Armaments","floor":7},{"not_picked":["Thunderclap","Heavy Blade","Fire Breathing"],"picked":"SKIP","floor":8}],"player_experience":859215,"relics_obtained":[{"floor":7,"key":"Vajra"}],"event_choices":[{"damage_healed":0,"gold_gain":0,"player_choice":"Entered Light","damage_taken":23,"max_hp_gain":0,"max_hp_loss":0,"event_name":"Shining Light","floor":2,"gold_loss":0,"cards_upgraded":["Defend_R","Strike_R"]},{"damage_healed":0,"gold_gain":0,"player_choice":"Grow","damage_taken":0,"max_hp_gain":0,"max_hp_loss":0,"event_name":"Living Wall","floor":3,"gold_loss":0,"cards_upgraded":["Ghostly Armor"]},{"damage_healed":0,"gold_gain":0,"player_choice":"Lose Max HP","damage_taken":0,"relics_obtained":["Golden Idol"],"max_hp_gain":0,"max_hp_loss":7,"event_name":"Golden Idol","floor":5,"gold_loss":0}],"is_beta":false,"boss_relics":[],"items_purged_floors":[4],"is_endless":false,"potions_floor_spawned":[7],"killed_by":"3 Sentries","ascension_level":20}}