{"host":"wwmqne3dwir10erh","time":1611457134,"event":{"mods":["BaseMod","Better Note","Hubris","Mimic Mod","Minty Spire (QoL Compilation)","Replay The Spire","StSLib"],"gold_per_floor":[112,129,145,164,164,189,189,189,270,270,323,13,13,44,44,142,142,158,358,358,19,19,19,44,44,44,70,70,70,96,109,109,206,206,220,146,157,168,168,197,197,214,214,214,234,264,264,13,13,13],"floor_reached":51,"language":"ENG","playtime":2752,"items_purged":["blademaster:Defend","Regret","hubris:Envy","Pain"],"score":1037,"play_id":"c5e9f484-3a8b-4c07-b8c9-6a31e56fd62f","local_time":"20210123215854","is_ascension_mode":true,"campfire_choices":[{"floor":7.0,"key":"REST"},{"data":"Neutralize","floor":10.0,"key":"SMITH"},{"data":"Noxious Fumes","floor":13.0,"key":"SMITH"},{"floor":15.0,"key":"REST"},{"data":"Bane","floor":23.0,"key":"SMITH"},{"data":"1","floor":29.0,"key":"LIFT"},{"floor":32.0,"key":"DIG"},{"data":"Replay:BasicMightCard","floor":41.0,"key":"SMITH"},{"data":"ReplayTheSpireMod:Faulty Equipment","floor":41.0,"key":"SMITH"},{"data":"2","floor":44.0,"key":"LIFT"},{"data":"Leg Sweep","floor":49.0,"key":"SMITH"},{"data":"Caltrops","floor":49.0,"key":"SMITH"}],"circlet_count":0,"master_deck":["Strike_G","Strike_G","Strike_G","Strike_G","Strike_G","Defend_G","Defend_G","Defend_G+1","Defend_G+1","Defend_G","Survivor","Neutralize+1","Defend_B","Heel Hook","Dagger Spray","Escape Plan","Bane+1","Leg Sweep+1","Skewer","Noxious Fumes+1","Deadly Poison","Malaise+1","AbeCurse","Apotheosis+1","Terror+1","Sucker Punch+1","Accuracy","ReplayTheSpireMod:From All Sides+1","Doubt","hubris:Envy","Acrobatics+1","Caltrops+1","All Out Attack+1","Replay:BasicMightCard+1","Slice+1","Slice+1","Envenom+1"],"relics":["Ring of the Snake","Replay:Multitool","MealTicket","ReplayTheSpireMod:Ninjato","Mummified Hand","Replay:Mystery Machine","War Paint","Gambling Chip","Replay:Grab Bag","Abe\u0027s Treasure","Cursed Key","WristBlade","Letter Opener","Pear","Girya","Golden Egg","hubris:BottledHeart","Smiling Mask","Pen Nib","Replay:Ancient Bell","Boot","Quantum Egg","Basket Of Snakes","Replay:Arrowhead","Durian","Ornamental Fan"],"acts_visited":["TheCity","TheBeyond"],"potions_floor_usage":[50,50,50],"damage_taken":[{"damage":5.0,"enemies":"Cultist","floor":1.0,"turns":5.0},{"damage":0.0,"enemies":"2 Louse","floor":2.0,"turns":4.0},{"damage":2.0,"enemies":"Small Slimes","floor":3.0,"turns":4.0},{"damage":6.0,"enemies":"Blue Slaver","floor":4.0,"turns":6.0},{"damage":19.0,"enemies":"3 Sentries","floor":6.0,"turns":11.0},{"damage":24.0,"enemies":"Gremlin Nob","floor":14.0,"turns":4.0},{"damage":18.0,"enemies":"Fading Forest","floor":16.0,"turns":11.0},{"damage":15.0,"enemies":"Shell Parasite","floor":18.0,"turns":6.0},{"damage":20.0,"enemies":"Slavers","floor":24.0,"turns":4.0},{"damage":1.0,"enemies":"Replay:Snechameleon","floor":27.0,"turns":6.0},{"damage":0.0,"enemies":"Slavers","floor":30.0,"turns":5.0},{"damage":0.0,"enemies":"3 Byrds","floor":31.0,"turns":4.0},{"damage":0.0,"enemies":"Champ","floor":33.0,"turns":11.0},{"damage":0.0,"enemies":"3 Darklings","floor":35.0,"turns":6.0},{"damage":0.0,"enemies":"Orb Walker","floor":37.0,"turns":3.0},{"damage":0.0,"enemies":"4 Shapes","floor":38.0,"turns":4.0},{"damage":0.0,"enemies":"Reptomancer","floor":40.0,"turns":4.0},{"damage":0.0,"enemies":"3 Darklings","floor":42.0,"turns":3.0},{"damage":0.0,"enemies":"Maw","floor":45.0,"turns":5.0},{"damage":0.0,"enemies":"Giant Head","floor":46.0,"turns":9.0},{"damage":0,"enemies":"Donu and Deca","floor":50,"turns":8}],"seed_played":"-3699884035129760208","potions_obtained":[{"floor":3.0,"key":"Dexterity Potion"},{"floor":14.0,"key":"ColorlessPotion"},{"floor":27.0,"key":"Swift Potion"},{"floor":30.0,"key":"GamblersBrew"},{"floor":33.0,"key":"SteroidPotion"},{"floor":37.0,"key":"CunningPotion"},{"floor":38.0,"key":"Flashbang"},{"floor":45.0,"key":"Block Potion"}],"is_trial":false,"path_per_floor":["M","M","M","M","?","E","R","?","T","R","T","$","R","E","R","B",null,"M","?","?","$","?","R","E","R","T","E","?","R","E","M","R","B",null,"M","$","M","M","?","E","R","M","T","R","M","E","?","$","R","B",null],"character_chosen":"THE_SILENT","items_purchased":["War Paint","Noxious Fumes","Letter Opener","Acrobatics","CunningPotion","Slice","Envenom"],"campfire_rested":2,"item_purchase_floors":[12,12,21,36,48,48,48],"current_hp_per_floor":[65,65,63,57,57,38,59,59,59,59,59,70,70,46,67,61,70,55,55,55,70,70,70,60,80,80,79,1,1,1,1,1,1,1,1,1,1,1,1,1,1,1,1,1,1,1,1,1,1,1],"gold":13,"neow_bonus":"ONE_RARE_RELIC","is_daily":false,"chose_seed":false,"campfire_upgraded":7,"win_rate":0.0,"timestamp":1611457134,"path_taken":["M","M","?","M","?","E","R","?","T","R","?","$","R","E","R","BOSS","M","?","?","$","?","R","E","R","T","E","?","R","E","M","R","BOSS","M","$","M","M","?","E","R","M","T","R","M","E","?","$","R","BOSS"],"items_purchased_type":["Relic","Card","Relic","Card","Potion","Card","Card"],"build_version":"2020-12-22","purchased_purges":4,"victory":true,"max_hp_per_floor":[70,70,70,70,70,70,70,70,70,70,70,70,70,70,70,70,70,70,70,70,70,70,70,80,80,80,80,1,1,1,1,1,1,1,1,1,1,1,1,1,1,1,1,1,1,1,1,1,1,1],"card_choices":[{"not_picked":["Sucker Punch","Setup"],"picked":"Heel Hook","floor":1.0},{"not_picked":["ReplayTheSpireMod:Exploit Weakness","Cloak And Dagger"],"picked":"Dagger Spray","floor":2.0},{"not_picked":["Deadly Poison","Acrobatics"],"picked":"Escape Plan","floor":3.0},{"not_picked":["Underhanded Strike","Reflex"],"picked":"Bane","floor":4.0},{"not_picked":["Heel Hook","Tactician"],"picked":"Skewer","floor":6.0},{"not_picked":["Prepared","Deflect"],"picked":"Deadly Poison","floor":14.0},{"not_picked":["Burst","Unload"],"picked":"Malaise","floor":16.0},{"not_picked":["Expertise","Riddle With Holes","Finisher"],"picked":"SKIP","floor":18.0},{"not_picked":["Fluid Movement","Footwork"],"picked":"Terror","floor":24.0},{"not_picked":["Reflex","PiercingWail"],"picked":"Sucker Punch+1","floor":27.0},{"not_picked":["Expertise+1","Deadly Poison+1"],"picked":"Accuracy","floor":30.0},{"not_picked":["hubris:Sniper","Flying Knee","Dagger Spray+1"],"picked":"SKIP","floor":31.0},{"not_picked":["Phantasmal Killer","Malaise"],"picked":"ReplayTheSpireMod:From All Sides","floor":33.0},{"not_picked":["Regret","hubris:Disease"],"picked":"Doubt","floor":34.0},{"not_picked":["hubris:Sloth","Normality"],"picked":"hubris:Envy","floor":34.0},{"not_picked":["hubris:Gluttony","Hallucinations"],"picked":"hubris:Envy","floor":34.0},{"not_picked":["Flechettes+1","PiercingWail","Bouncing Flask+1"],"picked":"SKIP","floor":35.0},{"not_picked":["Quick Slash+1","Sucker Punch"],"picked":"Caltrops","floor":37.0},{"not_picked":["Flying Knee+1","Outmaneuver+1"],"picked":"All Out Attack+1","floor":38.0},{"not_picked":["hubris:Insight","The Bomb"],"picked":"Replay:BasicMightCard","floor":39.0},{"not_picked":["Outmaneuver","Poisoned Stab+1"],"picked":"Slice+1","floor":40.0},{"not_picked":["Backstab","Slice+1","Well Laid Plans+1"],"picked":"SKIP","floor":42.0},{"not_picked":["Dodge and Roll","hubris:SlightOfHand+1","Dagger Throw"],"picked":"SKIP","floor":45.0},{"not_picked":["hubris:TrickCloak","Poisoned Stab","hubris:SlightOfHand+1"],"picked":"SKIP","floor":46.0}],"player_experience":2111586,"relics_obtained":[{"floor":6.0,"key":"MealTicket"},{"floor":9.0,"key":"Mummified Hand"},{"floor":11.0,"key":"Replay:Mystery Machine"},{"floor":14.0,"key":"Gambling Chip"},{"floor":24.0,"key":"Pear"},{"floor":26.0,"key":"Girya"},{"floor":27.0,"key":"Golden Egg"},{"floor":30.0,"key":"Smiling Mask"},{"floor":32.0,"key":"Pen Nib"},{"floor":40.0,"key":"Replay:Arrowhead"},{"floor":43.0,"key":"Durian"},{"floor":46.0,"key":"Ornamental Fan"}],"event_choices":[{"damage_healed":0.0,"max_hp_gain":0.0,"max_hp_loss":0.0,"gold_gain":0.0,"event_name":"Big Fish","player_choice":"Box","floor":8.0,"gold_loss":0.0,"damage_taken":0.0,"relics_obtained":["ReplayTheSpireMod:Ninjato"],"cards_obtained":["Regret"]},{"damage_healed":0.0,"max_hp_gain":0.0,"max_hp_loss":0.0,"gold_gain":200.0,"event_name":"Wheel of Change","player_choice":"Gold","floor":19.0,"gold_loss":0.0,"damage_taken":0.0},{"damage_healed":0.0,"max_hp_gain":0.0,"max_hp_loss":0.0,"gold_gain":0.0,"event_name":"Upgrade Shrine","player_choice":"Upgraded","floor":20.0,"gold_loss":0.0,"damage_taken":0.0,"cards_upgraded":["Malaise"]},{"cards_removed":["Apotheosis"],"damage_healed":0.0,"max_hp_gain":0.0,"max_hp_loss":0.0,"gold_gain":0.0,"event_name":"betterNote:BetterNote","player_choice":"Take \u0026 Give","floor":22.0,"gold_loss":0.0,"damage_taken":0.0,"cards_obtained":["Apotheosis"]},{"damage_healed":0.0,"max_hp_gain":0.0,"max_hp_loss":0.0,"gold_gain":0.0,"event_name":"SensoryStone","player_choice":"Memory 1","floor":39.0,"gold_loss":0.0,"damage_taken":0.0},{"damage_healed":0.0,"max_hp_gain":0.0,"max_hp_loss":0.0,"gold_gain":0.0,"event_name":"WeMeetAgain","player_choice":"Ignored","floor":47.0,"gold_loss":0.0,"damage_taken":0.0}],"is_beta":false,"boss_relics":[{"not_picked":["Replay:Drink Me","Painkiller Herb"],"picked":"Replay:Grab Bag"},{"not_picked":["Coffee Dripper","Replay:Wanted Poster"],"picked":"Abe\u0027s Treasure"},{"not_picked":["Replay:Bronze Core","Runic Dome"],"picked":"Cursed Key"},{"not_picked":["Runic Pyramid","Empty Cage"],"picked":"WristBlade"},{"not_picked":["Honey Jar","SlaversCollar"],"picked":"Replay:Ancient Bell"},{"not_picked":["hubris:SlimyHat","Regal Pillow"],"picked":"Boot"},{"not_picked":["Replay:Bottled Flurry","HornCleat"],"picked":"Quantum Egg"},{"not_picked":["Byrd Skull","Vampiric Spirits"],"picked":"Basket Of Snakes"}],"items_purged_floors":[12,21,36,48],"is_endless":false,"potions_floor_spawned":[3,14,27,30,33,37,38,45],"ascension_level":1}}