{"host":"sdjng9zhqonqi3uc","time":1611510306,"event":{"mods":["2.2 Compatiblity","AchievementEnabler","BaseMod","Better Note","Better Third Choice","BetterRewards","Colored Map","Colored Powertips","Downfall","Hero for Fun","Hubris","Minty Spire (QoL Compilation)","Quick Restart","Relic Stats","Shop Mod","Spicy Shops","StSLib","Td1madao Mod","The Animator","The Cursed","The Servant 0.9.4"],"gold_per_floor":[118,118,148,164,164,164,178,353,379,398,447,145,176,205,205,312,312,324,324,341,341,341,341,341,341],"floor_reached":24,"language":"ENG","playtime":1387,"items_purged":[],"score":284,"play_id":"da8330cf-9b4c-4298-bef8-665b23e403bb","local_time":"20210124184506","is_ascension_mode":true,"campfire_choices":[{"data":"animator:Kuroyukihime","floor":6,"key":"SMITH"},{"data":"animator:HomuraAkemi","floor":15,"key":"SMITH"},{"data":"RitualDagger","floor":23,"key":"SMITH"}],"circlet_count":0,"master_deck":["animator:Strike_AccelWorld","animator:Defend_AccelWorld","animator:Strike","animator:Strike","animator:Strike","animator:Defend","animator:Defend","animator:Defend","animator:Kuroyukihime+1","animator:LimeBell","Pain","animator:IzunaHatsuse","Burn","animator:IrohaTamaki","animator:Megumin+1","animator:Wiz","animator:HomuraAkemi+1","Doubt","animator:Priestess","animator:MadokaKaname","animator:Eve","animator:Elsword","RitualDagger+1","animator:DolaStephanie","Decay"],"relics":["animator:LivingPicture","animator:TheMissingPiece","animator:PurgingStone","animator:WornHelmet","hubris:MysteriousPyramids","hubris:EmptyBottle","hubris:PeanutButter","hubris:Potato","Ancient Tea Set","Vajra","animator:EngravedStaff","Ginger","Black Star"],"acts_visited":["Exordium","TheCity"],"potions_floor_usage":[13,13,16,16,24,24],"damage_taken":[{"damage":0,"enemies":"2 Louse","floor":1,"turns":3},{"damage":0,"enemies":"Jaw Worm","floor":3,"turns":5},{"damage":0,"enemies":"Small Slimes","floor":4,"turns":5},{"damage":1,"enemies":"Blue Slaver","floor":7,"turns":4},{"damage":0,"enemies":"3 Louse","floor":10,"turns":5},{"damage":7,"enemies":"3 Sentries","floor":13,"turns":4},{"damage":0,"enemies":"2 Fungi Beasts","floor":14,"turns":2},{"damage":5,"enemies":"Slime Boss","floor":16,"turns":13},{"damage":37,"enemies":"Shell Parasite","floor":18,"turns":9},{"damage":5,"enemies":"Spheric Guardian","floor":20,"turns":5},{"damage":45,"enemies":"Slavers","floor":24,"turns":5}],"seed_played":"-2095520796057484892","potions_obtained":[{"floor":1,"key":"Explosive Potion"},{"floor":3,"key":"Guardian:BlockOnCardUsePotion"},{"floor":10,"key":"Fire Potion"},{"floor":18,"key":"SpeedPotion"}],"is_trial":false,"path_per_floor":["M","?","M","M","?","R","M","?","T","M","T","$","E","M","R","B",null,"M","?","M","?","?","R","E"],"character_chosen":"THE_ANIMATOR","items_purchased":["animator:WornHelmet","hubris:MysteriousPyramids","hubris:EmptyBottle","hubris:PeanutButter","animator:EngravedStaff"],"campfire_rested":0,"item_purchase_floors":[0,0,0,0,12],"current_hp_per_floor":[28,28,28,28,28,28,28,28,28,28,28,28,21,21,21,25,57,30,24,19,19,41,41,0,0],"gold":341,"neow_bonus":"","is_daily":false,"chose_seed":false,"campfire_upgraded":3,"win_rate":0.0,"timestamp":1611510306,"path_taken":["M","?","M","M","?","R","M","?","T","?","?","$","E","M","R","BOSS","M","?","M","?","?","R","E"],"items_purchased_type":["Relic","Relic","Relic","Relic","Relic"],"build_version":"2020-12-22","purchased_purges":0,"victory":false,"max_hp_per_floor":[66,66,66,66,66,66,67,67,67,67,67,67,67,67,67,67,67,68,68,68,68,68,68,68,68],"relic_stats":{"counters":[11,60],"Black Star":0,"Ginger":[12],"obtain_stats":[{"animator:TheMissingPiece":0,"Vajra":11,"Ginger":13,"animator:WornHelmet":0,"hubris:MysteriousPyramids":0,"hubris:EmptyBottle":0,"Ancient Tea Set":9,"animator:PurgingStone":0,"hubris:PeanutButter":0,"animator:EngravedStaff":12,"animator:LivingPicture":0,"Black Star":17,"hubris:Potato":0},{"animator:TheMissingPiece":0,"Vajra":5,"Ginger":6,"animator:WornHelmet":0,"hubris:MysteriousPyramids":0,"hubris:EmptyBottle":0,"Ancient Tea Set":4,"animator:PurgingStone":0,"hubris:PeanutButter":0,"animator:EngravedStaff":5,"animator:LivingPicture":0,"Black Star":8,"hubris:Potato":0},{"animator:TheMissingPiece":0,"Vajra":22,"Ginger":26,"animator:WornHelmet":0,"hubris:MysteriousPyramids":0,"hubris:EmptyBottle":0,"Ancient Tea Set":17,"animator:PurgingStone":0,"hubris:PeanutButter":0,"animator:EngravedStaff":22,"animator:LivingPicture":0,"Black Star":41,"hubris:Potato":0}]},"card_choices":[{"not_picked":["animator:Vesta","animator:Spearman"],"picked":"animator:IzunaHatsuse","floor":1},{"not_picked":["animator:Verdia","animator:YuiTsuruno"],"picked":"animator:IrohaTamaki","floor":3},{"not_picked":["animator:Entoma","animator:Mitsuba"],"picked":"animator:Megumin","floor":4},{"not_picked":["animator:KyokoSakura","animator:NagisaMomoe"],"picked":"animator:HomuraAkemi","floor":7},{"not_picked":["animator:Shuna","animator:LizardPriest","animator:Ciel"],"picked":"SKIP","floor":10},{"not_picked":["animator:Add","animator:CrowleyEusford"],"picked":"animator:Priestess","floor":13},{"not_picked":["animator:PandorasActor","animator:Megumin"],"picked":"animator:MadokaKaname","floor":14},{"not_picked":["animator:Rimuru","animator:Shizu"],"picked":"animator:Eve","floor":16},{"not_picked":["animator:Ara","animator:Aisha"],"picked":"animator:Elsword","floor":18},{"not_picked":["animator:Kazuma","animator:Shinoa+1"],"picked":"animator:DolaStephanie","floor":20}],"player_experience":385967,"relics_obtained":[{"floor":9,"key":"Ancient Tea Set"},{"floor":11,"key":"Vajra"},{"floor":13,"key":"Ginger"}],"event_choices":[{"damage_healed":28,"gold_gain":0,"player_choice":"Embrace Burn","damage_taken":0,"max_hp_gain":0,"max_hp_loss":66,"event_name":"betterThird:BetterShining","floor":2,"gold_loss":0},{"damage_healed":0,"gold_gain":175,"player_choice":"AGREE","damage_taken":178,"max_hp_gain":0,"max_hp_loss":0,"event_name":"betterThird:BetterSerpent","floor":8,"gold_loss":0},{"damage_healed":0,"gold_gain":0,"player_choice":"Dagger","damage_taken":6,"max_hp_gain":0,"max_hp_loss":0,"event_name":"betterThird:BetterNest","floor":19,"gold_loss":0,"cards_obtained":["RitualDagger"]},{"damage_healed":0,"gold_gain":0,"player_choice":"Smashed Altar","damage_taken":0,"max_hp_gain":0,"max_hp_loss":0,"event_name":"Forgotten Altar","floor":21,"gold_loss":0,"cards_obtained":["Decay"]},{"damage_healed":22,"gold_gain":0,"player_choice":"Heal","damage_taken":0,"max_hp_gain":0,"max_hp_loss":0,"event_name":"The Library","floor":22,"gold_loss":0}],"is_beta":false,"boss_relics":[{"not_picked":["hubris:TerracottaHorce","Fusion Hammer"],"picked":"Black Star"}],"items_purged_floors":[],"is_endless":false,"potions_floor_spawned":[1,3,10,18],"killed_by":"Slavers","ascension_level":9}}