{"host":"6q94iy5iz6612v89","time":1611497455,"event":{"mods":["2.2 Compatiblity","AchievementEnabler","BaseMod","Colored Map","DeckTracker","Keyboard Shortcuts","Marisa£¨Ùöéë¡¡Øª×âÞÞ£©","Minty Spire (QoL Compilation)","Permanent Neow","StSLib","SuperFastMode"],"gold_per_floor":[112,125,125,50,61,61,79,79,125,152,162,193,205,239,239,341,341,341,341],"floor_reached":18,"language":"KOR","playtime":459,"items_purged":["Strike_MRS"],"score":237,"play_id":"38038952-969c-4da2-86fe-a7d621af4e6f","local_time":"20210124231055","is_ascension_mode":true,"campfire_choices":[{"data":"MasterSpark","floor":6,"key":"SMITH"},{"data":"NonDirectionalLaser","floor":8,"key":"SMITH"},{"data":"GalacticHalo","floor":15,"key":"SMITH"}],"circlet_count":0,"master_deck":["Strike_MRS","Defend_MRS","Defend_MRS","Defend_MRS","Defend_MRS","MasterSpark+1","UpSweep","6A","GalacticHalo+1","NonDirectionalLaser+1","MagicAbsorber"],"relics":["MiniHakkero","Blood Vial","Bag of Preparation","Frozen Egg 2","Darkstone Periapt","SacredBark"],"acts_visited":["Exordium","TheCity"],"potions_floor_usage":[10,12,13,16],"damage_taken":[{"damage":7,"enemies":"Jaw Worm","floor":1,"turns":3},{"damage":0,"enemies":"Small Slimes","floor":2,"turns":3},{"damage":1,"enemies":"2 Louse","floor":5,"turns":2},{"damage":0,"enemies":"Red Slaver","floor":7,"turns":4},{"damage":6,"enemies":"Lagavulin","floor":10,"turns":6},{"damage":1,"enemies":"Looter","floor":11,"turns":3},{"damage":12,"enemies":"Gremlin Nob","floor":12,"turns":4},{"damage":4,"enemies":"Exordium Thugs","floor":13,"turns":3},{"damage":7,"enemies":"3 Sentries","floor":14,"turns":5},{"damage":34,"enemies":"Hexaghost","floor":16,"turns":9},{"damage":33,"enemies":"Shell Parasite","floor":18,"turns":6}],"seed_played":"1883980903935012793","potions_obtained":[{"floor":2,"key":"Block Potion"},{"floor":7,"key":"Block Potion"},{"floor":10,"key":"Energy Potion"},{"floor":14,"key":"Explosive Potion"}],"is_trial":false,"path_per_floor":["M","M","?","$","M","R","M","R","T","E","M","E","M","E","R","B",null,"M"],"character_chosen":"MARISA","items_purchased":[],"campfire_rested":0,"item_purchase_floors":[],"current_hp_per_floor":[61,61,66,66,65,65,65,65,65,61,62,52,50,45,45,13,58,27,27],"gold":341,"neow_bonus":"REMOVE_TWO","is_daily":false,"chose_seed":false,"campfire_upgraded":3,"win_rate":0.0,"timestamp":1611497455,"path_taken":["M","M","?","$","M","R","M","R","T","E","M","E","M","E","R","BOSS","M"],"items_purchased_type":[],"build_version":"2020-12-22","purchased_purges":1,"victory":false,"max_hp_per_floor":[68,68,73,73,73,73,73,73,73,73,73,73,73,73,73,73,73,73,73],"card_choices":[{"not_picked":["SprinkleStarSeal","GravityBeat"],"picked":"6A","floor":1},{"not_picked":["EnergyRecoil","UnstableBomb"],"picked":"GalacticHalo","floor":2},{"not_picked":["GravityBeat","DC"],"picked":"NonDirectionalLaser","floor":5},{"not_picked":["AsteroidBelt","ShootingEcho","MysteriousBeam"],"picked":"SKIP","floor":7},{"not_picked":["PowerUp","DC"],"picked":"MagicAbsorber","floor":10},{"not_picked":["IllusionStar","NonDirectionalLaser","ShootingEcho"],"picked":"SKIP","floor":11},{"not_picked":["FinalSpark","SporeBomb","DragonMeteor"],"picked":"SKIP","floor":12},{"not_picked":["NonDirectionalLaser","DeepEcoloBomb","MysteriousBeam"],"picked":"SKIP","floor":13},{"not_picked":["StarlightTyphoon","MysteriousBeam","Orbital"],"picked":"SKIP","floor":14}],"player_experience":1485507,"relics_obtained":[{"floor":9,"key":"Blood Vial"},{"floor":10,"key":"Bag of Preparation"},{"floor":12,"key":"Frozen Egg 2"},{"floor":14,"key":"Darkstone Periapt"}],"event_choices":[{"damage_healed":0,"gold_gain":0,"player_choice":"Donut","damage_taken":0,"max_hp_gain":5,"max_hp_loss":0,"event_name":"Big Fish","floor":3,"gold_loss":0}],"is_beta":false,"boss_relics":[{"not_picked":["Ectoplasm","Snecko Eye"],"picked":"SacredBark"}],"items_purged_floors":[4],"is_endless":false,"potions_floor_spawned":[2,7,10,14],"killed_by":"Shell Parasite","ascension_level":6}}