{"host":"mhr97lg0mj90r8b2","time":1611482475,"event":{"mods":["BaseMod","Lobotomy","Minty Spire (QoL Compilation)","Quick Restart","StSLib","The Servant 0.9.4"],"gold_per_floor":[113,131,131,146,159,159,171,182,182,132,150,150,168,180,180,281,281,294,249,249],"floor_reached":19,"language":"ZHS","playtime":1182,"items_purged":[],"score":165,"play_id":"cb985b47-3e1e-4b5d-b679-7386f882965e","local_time":"20210124180115","is_ascension_mode":false,"campfire_choices":[{"data":"Survivor","floor":6,"key":"SMITH"},{"data":"Masterful Stab","floor":15,"key":"SMITH"}],"circlet_count":0,"master_deck":["Strike_G","Strike_G","Strike_G","Strike_G","Defend_G","Defend_G","Defend_G","Defend_G","Defend_G","Survivor+1","Neutralize","Woodsman","Calculated Gamble","WhitesApple","Iron Wave","Parasite","Scorched","Masterful Stab+1","CrumblingArmor","Masterful Stab","LaLuna","Reflex","SnowQueen","Blade Dance","Wellcheers","Rudolta","OSAHOGD","Escape Plan","Parasite","FieryBird","Burst","CurseOfTheBell","ShyLook"],"relics":["Ring of the Snake","CogitoBucket","AspirationHeart","Eternal Feather","Sundial","Calling Bell","Dream Catcher","HornCleat","Tingsha","ResearcherNote"],"acts_visited":["Exordium","TheCity"],"potions_floor_usage":[16,18,18,18],"damage_taken":[{"damage":2,"enemies":"Small Slimes","floor":1,"turns":3},{"damage":4,"enemies":"Cultist","floor":2,"turns":4},{"damage":2,"enemies":"2 Louse","floor":4,"turns":4},{"damage":1,"enemies":"Red Slaver","floor":5,"turns":3},{"damage":29,"enemies":"2 Fungi Beasts","floor":7,"turns":4},{"damage":0,"enemies":"Gremlin Gang","floor":8,"turns":1},{"damage":0,"enemies":"Red Slaver","floor":11,"turns":2},{"damage":0,"enemies":"Large Slime","floor":13,"turns":3},{"damage":0,"enemies":"Looter","floor":14,"turns":2},{"damage":75,"enemies":"Hexaghost","floor":16,"turns":10},{"damage":96,"enemies":"Chosen","floor":18,"turns":11},{"damage":38,"enemies":"2 Thieves","floor":19,"turns":4}],"seed_played":"-3891197372347221378","potions_obtained":[{"floor":1,"key":"DuplicationPotion"},{"floor":5,"key":"ColorlessPotion"},{"floor":11,"key":"FearPotion"},{"floor":14,"key":"Regen Potion"},{"floor":16,"key":"EssenceOfSteel"}],"is_trial":false,"path_per_floor":["M","M","?","M","M","R","M","M","T","?","M","?","M","M","R","B",null,"M","M"],"character_chosen":"THE_SILENT","items_purchased":[],"campfire_rested":0,"item_purchase_floors":[],"current_hp_per_floor":[68,70,70,70,70,70,47,80,80,80,80,80,80,80,80,32,80,22,0,0],"gold":249,"neow_bonus":"","is_daily":false,"chose_seed":false,"campfire_upgraded":2,"win_rate":0.0,"timestamp":1611482475,"path_taken":["M","M","?","M","M","R","?","M","T","?","M","?","M","?","R","BOSS","M","M"],"items_purchased_type":[],"build_version":"2020-12-22","purchased_purges":0,"victory":false,"max_hp_per_floor":[70,70,70,70,70,70,70,80,80,80,80,80,80,80,80,80,80,80,80,80],"card_choices":[{"not_picked":["MHz","WallGazer"],"picked":"Woodsman","floor":1},{"not_picked":["Underhanded Strike","Dagger Spray"],"picked":"Calculated Gamble","floor":1},{"not_picked":["Bloodbath","UniverseFragment"],"picked":"WhitesApple","floor":2},{"not_picked":["Cloak And Dagger","Outmaneuver"],"picked":"Acrobatics","floor":2},{"not_picked":["NakedNest","LongBird"],"picked":"Scorched","floor":4},{"not_picked":["Acrobatics","Catalyst"],"picked":"Masterful Stab","floor":4},{"not_picked":["NakedNest","OldLady"],"picked":"CrumblingArmor","floor":5},{"not_picked":["Flying Knee","Sucker Punch"],"picked":"Masterful Stab","floor":5},{"not_picked":["Murderer","WallGazer"],"picked":"LaLuna","floor":7},{"not_picked":["Choke","Prepared"],"picked":"Reflex","floor":7},{"not_picked":["SpiderBud","Scarecrow"],"picked":"SnowQueen","floor":8},{"not_picked":["Terror","Finisher"],"picked":"Blade Dance","floor":8},{"not_picked":["WallGazer","Murderer"],"picked":"Wellcheers","floor":11},{"not_picked":["Noxious Fumes","Reflex","Dash"],"picked":"SKIP","floor":11},{"not_picked":["Variant","Scarecrow"],"picked":"Rudolta","floor":13},{"not_picked":["Poisoned Stab","Well Laid Plans","Dodge and Roll"],"picked":"SKIP","floor":13},{"not_picked":["HeroicMonk","CherryBlossoms"],"picked":"OSAHOGD","floor":14},{"not_picked":["Bane","Flying Knee"],"picked":"Escape Plan","floor":14},{"not_picked":["CherryBlossoms","DreamingCurrent"],"picked":"FieryBird","floor":16},{"not_picked":["A Thousand Cuts","Unload"],"picked":"Burst","floor":16},{"not_picked":["RedShoes","MHz"],"picked":"ShyLook","floor":18},{"not_picked":["Cloak And Dagger","Flechettes","Unload"],"picked":"SKIP","floor":18}],"player_experience":100464,"relics_obtained":[{"floor":9,"key":"Eternal Feather"},{"floor":12,"key":"Sundial"},{"floor":17,"key":"Dream Catcher"},{"floor":17,"key":"HornCleat"},{"floor":17,"key":"Tingsha"}],"event_choices":[{"cards_removed":["Acrobatics"],"damage_healed":0,"gold_gain":0,"player_choice":"Took Card","damage_taken":0,"max_hp_gain":0,"max_hp_loss":0,"event_name":"NoteForYourself","floor":3,"gold_loss":0,"cards_obtained":["Iron Wave"]},{"cards_removed":["Strike_G"],"damage_healed":0,"gold_gain":0,"player_choice":"Card Removal","damage_taken":0,"max_hp_gain":0,"max_hp_loss":0,"event_name":"The Cleric","floor":10,"gold_loss":50},{"damage_healed":0,"gold_gain":0,"player_choice":"Relic","damage_taken":0,"max_hp_gain":0,"max_hp_loss":0,"event_name":"Wheel of Change","floor":12,"gold_loss":0}],"is_beta":false,"boss_relics":[{"not_picked":["Black Star","Runic Dome"],"picked":"Calling Bell"}],"items_purged_floors":[],"is_endless":false,"potions_floor_spawned":[1,5,11,14,16],"killed_by":"2 Thieves","ascension_level":0}}