{"host":"2brg86hfzr3u5cix","time":1611469034,"event":{"mods":["AchievementEnabler","Ascension Unlocker","BaseMod","CapriCore","DeckTracker","Highlight Path","Keyboard Shortcuts","Minty Spire (QoL Compilation)","Permanent Neow","Relic Stats","StSLib","Twitch Utils","Uncapped","UnlockEverythingMod"],"gold_per_floor":[119,7,7,23,35,61,61,61,61],"floor_reached":8,"language":"KOR","playtime":308,"items_purged":["Defend_R"],"score":112,"play_id":"3fb76dc3-e0d2-405c-a0d5-1539c5025587","local_time":"20210124151714","is_ascension_mode":true,"campfire_choices":[{"data":"Seeing Red","floor":7,"key":"SMITH"}],"circlet_count":0,"master_deck":["AscendersBane","Strike_R","Strike_R","Strike_R","Defend_R","Defend_R","Bash","Clothesline","True Grit","Shrug It Off","Metallicize","Seeing Red+1","Intimidate","Body Slam","Bludgeon"],"relics":["Burning Blood","Girya"],"acts_visited":["Exordium"],"potions_floor_usage":[5,6],"damage_taken":[{"damage":7,"enemies":"2 Louse","floor":1,"turns":4},{"damage":3,"enemies":"Cultist","floor":4,"turns":4},{"damage":8,"enemies":"Small Slimes","floor":5,"turns":4},{"damage":32,"enemies":"Lagavulin","floor":6,"turns":11},{"damage":26,"enemies":"3 Sentries","floor":8,"turns":5}],"seed_played":"1414465977649031612","potions_obtained":[{"floor":4,"key":"ColorlessPotion"},{"floor":5,"key":"BlessingOfTheForge"}],"is_trial":false,"path_per_floor":["M","$","?","M","M","E","R","E"],"character_chosen":"IRONCLAD","items_purchased":["Metallicize"],"campfire_rested":0,"item_purchase_floors":[2],"current_hp_per_floor":[67,67,67,68,66,40,40,14,14],"gold":61,"neow_bonus":"TRANSFORM_TWO_CARDS","is_daily":false,"chose_seed":false,"campfire_upgraded":1,"win_rate":0.0,"timestamp":1611469034,"path_taken":["M","$","?","?","M","E","R","E"],"items_purchased_type":["Card"],"build_version":"2020-12-22","purchased_purges":1,"victory":false,"max_hp_per_floor":[68,68,68,68,68,68,68,68,68],"relic_stats":{"counters":[5,28],"obtain_stats":[{"Girya":6,"Burning Blood":0},{"Girya":4,"Burning Blood":0},{"Girya":23,"Burning Blood":0}],"Burning Blood":22},"card_choices":[{"not_picked":["Evolve","Iron Wave"],"picked":"Shrug It Off","floor":1},{"not_picked":["Havoc","Twin Strike"],"picked":"Intimidate","floor":4},{"not_picked":["Perfected Strike","Cleave"],"picked":"Body Slam","floor":5},{"not_picked":["Clothesline","Rampage"],"picked":"Bludgeon","floor":6}],"player_experience":333129,"relics_obtained":[{"floor":6,"key":"Girya"}],"event_choices":[{"damage_healed":0,"gold_gain":0,"cards_transformed":["Defend_R"],"player_choice":"Transformed","damage_taken":0,"max_hp_gain":0,"max_hp_loss":0,"event_name":"Transmorgrifier","floor":3,"gold_loss":0,"cards_obtained":["Seeing Red"]}],"is_beta":false,"boss_relics":[],"items_purged_floors":[2],"is_endless":false,"potions_floor_spawned":[4,5],"killed_by":"3 Sentries","ascension_level":20}}