{"host":"b4vwm7jq6jdk6nca","time":1611476869,"event":{"mods":["Act Like it!","BaseMod","Lobotomy","Minty Spire (QoL Compilation)","Quick Restart","StSLib","TestMod","The Cursed","[IsaacMod]ÒÔÈö¼âËþ","vexMod"],"gold_per_floor":[115,115,134,150,150,179,194,226,226,296,646,672,749,801,801,980,1646,1688,1738,1888,1904,1991,1991,1452,1521,1521,1571,1616,1646,1460,1499,1499,1615,1615,1655,1197,1292,1310,1360,1360,1403,1403,1403,1455,820,858,872,920,920,941,941,941,469,534,569],"floor_reached":56,"language":"ZHS","playtime":3602,"items_purged":["Strike_R","Strike_R","Strike_R","Strike_R"],"score":1552,"play_id":"3d2441ed-cc9b-4881-9f70-1281b6ffcd8c","local_time":"20210124162749","is_ascension_mode":true,"campfire_choices":[{"data":"Uppercut","floor":15.0,"key":"SMITH"},{"floor":23.0,"key":"REST"},{"data":"1","floor":32.0,"key":"LIFT"},{"floor":40.0,"key":"RECALL"},{"data":"Limit Break","floor":42.0,"key":"SMITH"},{"data":"2","floor":49.0,"key":"LIFT"},{"data":"3","floor":52,"key":"LIFT"}],"circlet_count":0,"master_deck":["Strike_R","Defend_R","Defend_R","Defend_R","Bash","Uppercut+1","Clash","Inflame","Hemokinesis","Shrug It Off","Iron Wave","Ghostly Armor","Feed","Flex","Dropkick","Rupture+1","Fire Breathing","Burning Pact+1","Dual Wield","Flash of Steel","Limit Break+1","Reaper","Feel No Pain","Power Through","Battle Trance+1","Feel No Pain","Secret Technique","Hemokinesis+1","Power Through+1","Dark Embrace","Immolate"],"relics":["testmod-TestBox","HushsDoor","GuppysPaw","testmod-Prudence","testmod-EnergyCheck","SsserpentHead","DoctorsRemote","UnicornStump","SalivaCoin","Calipers","vexMod:RockOfEvil","Paper Frog","vexMod:Cooldron","Blue Candle","Girya","HornCleat","BookOfRevelations","Ancient Tea Set","testmod-IncinerationGenerator","MyShadow","GuppysCollar","testmod-InjuryResistance","HowToJump","Omamori","testmod-Justice","Mercury Hourglass","Membership Card","BlankCard","testmod-Hope","Strange Spoon","Gremlin Horn","Centennial Puzzle","vexMod:FocusSash"],"acts_visited":["Exordium","TheCity","TheBeyond","TheEnding"],"potions_floor_usage":[50,50,55,55,55],"damage_taken":[{"damage":0.0,"enemies":"Cultist","floor":1.0,"turns":2.0},{"damage":0.0,"enemies":"2 Louse","floor":3.0,"turns":2.0},{"damage":0.0,"enemies":"Small Slimes","floor":4.0,"turns":2.0},{"damage":0.0,"enemies":"3 Sentries","floor":6.0,"turns":2.0},{"damage":0.0,"enemies":"Blue Slaver","floor":7.0,"turns":2.0},{"damage":2.0,"enemies":"Gremlin Nob","floor":8.0,"turns":2.0},{"damage":2.0,"enemies":"Red Slaver","floor":10.0,"turns":1.0},{"damage":6.0,"enemies":"3 Sentries","floor":12.0,"turns":5.0},{"damage":2.0,"enemies":"3 Louse","floor":13.0,"turns":2.0},{"damage":9.0,"enemies":"Lagavulin","floor":14.0,"turns":5.0},{"damage":39.0,"enemies":"The Guardian","floor":16.0,"turns":7.0},{"damage":13.0,"enemies":"Shell Parasite","floor":18.0,"turns":7.0},{"damage":0.0,"enemies":"Spheric Guardian","floor":21.0,"turns":1.0},{"damage":54.0,"enemies":"Chosen and Byrds","floor":22.0,"turns":8.0},{"damage":26.0,"enemies":"Book of Stabbing","floor":25.0,"turns":5.0},{"damage":7.0,"enemies":"Gremlin Leader","floor":28.0,"turns":5.0},{"damage":3.0,"enemies":"Snake Plant","floor":29.0,"turns":3.0},{"damage":11.0,"enemies":"Book of Stabbing","floor":31.0,"turns":5.0},{"damage":0.0,"enemies":"Automaton","floor":33.0,"turns":9.0},{"damage":5.0,"enemies":"3 Shapes","floor":35.0,"turns":5.0},{"damage":2.0,"enemies":"Orb Walker","floor":38.0,"turns":3.0},{"damage":4.0,"enemies":"Giant Head","floor":41.0,"turns":6.0},{"damage":5.0,"enemies":"Nemesis","floor":44.0,"turns":5.0},{"damage":3.0,"enemies":"Maw","floor":46.0,"turns":6.0},{"damage":0.0,"enemies":"Jaw Worm Horde","floor":47.0,"turns":2.0},{"damage":12.0,"enemies":"4 Shapes","floor":48.0,"turns":3.0},{"damage":0,"enemies":"Time Eater","floor":50,"turns":8},{"damage":3,"enemies":"Shield and Spear","floor":54,"turns":3},{"damage":14,"enemies":"LittleHush","floor":55,"turns":11}],"seed_played":"3786763121590335065","potions_obtained":[{"floor":6.0,"key":"Ancient Potion"},{"floor":8.0,"key":"ColorlessPotion"},{"floor":10.0,"key":"DuplicationPotion"},{"floor":16.0,"key":"Swift Potion"},{"floor":18.0,"key":"Energy Potion"},{"floor":22.0,"key":"BloodPotion"},{"floor":29.0,"key":"EntropicBrew"},{"floor":33.0,"key":"EntropicBrew"},{"floor":35.0,"key":"EntropicBrew"},{"floor":48.0,"key":"EntropicBrew"}],"is_trial":false,"path_per_floor":["M","?","M","M","?","E","M","E","T","M","?","E","M","E","R","B",null,"M","?","?","M","M","R","$","E","T","?","E","M","$","E","R","B",null,"M","$","T","M","?","R","E","R","T","E","$","M","M","M","R","B",null,"R","$","E","B",null],"character_chosen":"IRONCLAD","items_purchased":["Paper Frog","Rupture","vexMod:Cooldron","BookOfRevelations","Flash of Steel","MyShadow","GuppysCollar","Reaper","Feel No Pain","Power Through","testmod-InjuryResistance","Membership Card","BlankCard","Secret Technique","testmod-Hope","EntropicBrew","Strange Spoon","Gremlin Horn","Dark Embrace","Centennial Puzzle","Immolate","EntropicBrew"],"campfire_rested":1,"item_purchase_floors":[24,24,24,30,30,34,34,34,34,36,36,45,45,45,45,45,53,53,53,53,53,53],"current_hp_per_floor":[77,77,77,77,77,77,77,75,75,73,73,67,65,56,56,17,77,64,64,64,67,29,53,53,27,27,27,23,23,23,12,12,12,52,47,47,47,45,50,50,49,49,49,44,44,49,52,52,52,52,52,52,52,52,38],"gold":569,"neow_bonus":"BOSS_RELIC","is_daily":false,"chose_seed":false,"campfire_upgraded":2,"win_rate":0.0,"timestamp":1611476869,"path_taken":["M","?","M","M","?","E","M","E","T","?","?","E","?","E","R","BOSS","M","?","?","M","M","R","$","E","T","?","E","M","?","E","R","BOSS","M","$","?","M","?","R","E","R","T","E","$","M","M","M","R","BOSS","R","$","E","BOSS"],"items_purchased_type":["Relic","Card","Relic","Relic","Card","Relic","Relic","Card","Card","Card","Relic","Relic","Relic","Card","Relic","Potion","Relic","Relic","Card","Relic","Card","Potion"],"build_version":"2020-12-22","purchased_purges":4,"victory":true,"max_hp_per_floor":[77,77,77,77,77,77,77,77,77,77,77,77,77,77,77,77,77,77,77,77,80,80,80,80,80,80,80,83,86,86,86,86,83,52,52,52,52,52,52,52,52,52,52,52,52,52,52,52,52,52,52,52,52,52,52],"card_choices":[{"not_picked":[],"picked":"Bomb","floor":0.0},{"not_picked":["Pommel Strike","Perfected Strike"],"picked":"Uppercut","floor":1.0},{"not_picked":["Thunderclap","Evolve"],"picked":"Clash","floor":3.0},{"not_picked":["Anger","Intimidate","Evolve"],"picked":"SKIP","floor":4.0},{"not_picked":["Pommel Strike","Clothesline"],"picked":"Inflame","floor":6.0},{"not_picked":["Reckless Charge","True Grit"],"picked":"Hemokinesis","floor":7.0},{"not_picked":["Sword Boomerang","Infernal Blade"],"picked":"Shrug It Off","floor":8.0},{"not_picked":["Wild Strike","Havoc","Dark Embrace"],"picked":"SKIP","floor":10.0},{"not_picked":["Flex","Cleave"],"picked":"Iron Wave","floor":12.0},{"not_picked":["Intimidate","Wild Strike"],"picked":"Ghostly Armor","floor":13.0},{"not_picked":["Barricade","Clothesline","Sentinel"],"picked":"SKIP","floor":14.0},{"not_picked":["Brutality","Impervious"],"picked":"Feed","floor":16.0},{"not_picked":["Havoc","Anger"],"picked":"Flex","floor":18.0},{"not_picked":["Second Wind","Perfected Strike+1"],"picked":"Dropkick","floor":21.0},{"not_picked":["Armaments","Perfected Strike","Whirlwind"],"picked":"SKIP","floor":22.0},{"not_picked":["Pummel","Flex"],"picked":"Fire Breathing","floor":25.0},{"not_picked":["Headbutt+1","Blood for Blood"],"picked":"Burning Pact+1","floor":28.0},{"not_picked":["Feed","Anger"],"picked":"Dual Wield","floor":29.0},{"not_picked":["Ghostly Armor+1","Headbutt","Flame Barrier"],"picked":"SKIP","floor":31.0},{"not_picked":["Barricade","Exhume"],"picked":"Limit Break","floor":33.0},{"not_picked":["Havoc+1","Cleave","Disarm+1"],"picked":"SKIP","floor":35.0},{"not_picked":["Cleave","Rupture"],"picked":"Battle Trance+1","floor":38.0},{"not_picked":["Flame Barrier+1","Headbutt"],"picked":"Feel No Pain","floor":41.0},{"not_picked":["Havoc+1","Anger+1","Sword Boomerang+1"],"picked":"SKIP","floor":44.0},{"not_picked":["Metallicize","Searing Blow+1"],"picked":"Hemokinesis+1","floor":46.0},{"not_picked":["Burning Pact","Seeing Red+1","Sword Boomerang"],"picked":"SKIP","floor":47.0},{"not_picked":["Disarm+1","Anger"],"picked":"Power Through+1","floor":48.0},{"not_picked":["Offering","Sentinel","Perfected Strike"],"picked":"SKIP","floor":54}],"player_experience":224053,"relics_obtained":[{"floor":6.0,"key":"DoctorsRemote"},{"floor":8.0,"key":"UnicornStump"},{"floor":12.0,"key":"SalivaCoin"},{"floor":14.0,"key":"Calipers"},{"floor":25.0,"key":"Blue Candle"},{"floor":26.0,"key":"Girya"},{"floor":28.0,"key":"HornCleat"},{"floor":31.0,"key":"Ancient Tea Set"},{"floor":37.0,"key":"HowToJump"},{"floor":41.0,"key":"Omamori"},{"floor":43.0,"key":"testmod-Justice"},{"floor":44.0,"key":"Mercury Hourglass"},{"floor":54,"key":"vexMod:FocusSash"}],"event_choices":[{"damage_healed":0.0,"max_hp_gain":0.0,"max_hp_loss":0.0,"gold_gain":0.0,"event_name":"Match and Keep!","player_choice":"0 cards matched","floor":2.0,"gold_loss":0.0,"damage_taken":0.0,"cards_obtained":[]},{"damage_healed":0.0,"max_hp_gain":0.0,"max_hp_loss":0.0,"gold_gain":0.0,"event_name":"FaceTrader","player_choice":"Trade","floor":5.0,"gold_loss":0.0,"damage_taken":0.0,"relics_obtained":["SsserpentHead"]},{"cards_removed":["Defend_R"],"damage_healed":0.0,"max_hp_gain":0.0,"max_hp_loss":0.0,"gold_gain":0.0,"event_name":"Bonfire Elementals","player_choice":"Offered Basic","floor":19.0,"gold_loss":0.0,"damage_taken":0.0},{"damage_healed":0.0,"max_hp_gain":0.0,"max_hp_loss":0.0,"gold_gain":100.0,"event_name":"Golden Shrine","player_choice":"Pray","floor":20.0,"gold_loss":0.0,"damage_taken":0.0},{"damage_healed":0.0,"max_hp_gain":0.0,"max_hp_loss":0.0,"gold_gain":0.0,"event_name":"Accursed Blacksmith","player_choice":"Forge","floor":27.0,"gold_loss":0.0,"damage_taken":0.0,"cards_upgraded":["Rupture"]}],"is_beta":false,"boss_relics":[{"not_picked":["testmod-Recursion","testmod-DreamHouse"],"picked":"vexMod:RockOfEvil"},{"not_picked":[]},{"not_picked":["Velvet Choker","Astrolabe"],"picked":"testmod-IncinerationGenerator"},{"not_picked":[]}],"items_purged_floors":[24,36,45,53],"is_endless":false,"potions_floor_spawned":[6,8,10,16,18,22,29,33,35,48],"ascension_level":1}}