{"host":"qgpqu878cmwvz894","time":1611449115,"event":{"mods":["AchievementEnabler","BaseMod","Colored Map","Minty Spire (QoL Compilation)","Rare Cards Sparkle","SuperFastMode"],"gold_per_floor":[113,35,35,35,50,90,90,130,156,190,203,153,153,173,173,302,302,321,15,15,34,34,34,48,66,120,120,164,64,102,118,118,237,237,257,271,284,303,22,60,76,76,76,119,188,188,188,212,212,212,212,212,45,79,79],"floor_reached":56,"language":"KOR","playtime":4649,"items_purged":["Feel No Pain","Corruption","Juggernaut"],"score":1362,"play_id":"d5644b0a-c03e-4aec-9593-9a74fbed7a3c","local_time":"20210124094515","is_ascension_mode":true,"campfire_choices":[{"floor":7,"key":"RECALL"},{"data":"Seeing Red","floor":13,"key":"SMITH"},{"data":"Infernal Blade","floor":15,"key":"SMITH"},{"data":"Feed","floor":23,"key":"SMITH"},{"data":"Combust","floor":27,"key":"SMITH"},{"data":"Wild Strike","floor":32,"key":"SMITH"},{"data":"Inflame","floor":42,"key":"SMITH"},{"data":"Inflame","floor":46,"key":"SMITH"},{"data":"Madness","floor":49,"key":"SMITH"},{"data":"Offering","floor":52,"key":"SMITH"}],"circlet_count":1,"master_deck":["Strike_R","Strike_R","Strike_R","Strike_R","Strike_R","Defend_R","Defend_R","Defend_R","Bash","Combust+1","Infernal Blade+1","Seeing Red+1","Hemokinesis","Flex","Flex","Inflame+1","Shrug It Off","Disarm","Offering+1","Inflame+1","Feed+1","Decay","Flex","Wild Strike+1","Clash","Infernal Blade+1","Anger","Inflame+1","Infernal Blade+1","Ghostly Armor+1","Thunderclap","Flex","Madness","Madness+1","Cleave+1","Master of Strategy","Power Through+1"],"relics":["Burning Blood","Circlet","Magic Flower","Golden Idol","Strawberry","Ancient Tea Set","Blood Vial","Runic Cube","Lee\u0027s Waffle","Tiny Chest","Self Forming Clay","Darkstone Periapt","SlaversCollar","TheAbacus","Regal Pillow","Ice Cream","Happy Flower","StoneCalendar","Toy Ornithopter"],"acts_visited":["Exordium","TheCity","TheBeyond","TheEnding"],"potions_floor_usage":[18,18,18,24,30,31,33,36,36,37,38,48,50],"damage_taken":[{"damage":11,"enemies":"Jaw Worm","floor":1,"turns":3},{"damage":3,"enemies":"2 Louse","floor":5,"turns":3},{"damage":33,"enemies":"3 Sentries","floor":6,"turns":6},{"damage":43,"enemies":"Lagavulin","floor":8,"turns":5},{"damage":48,"enemies":"3 Sentries","floor":10,"turns":7},{"damage":6,"enemies":"Small Slimes","floor":11,"turns":3},{"damage":18,"enemies":"Red Slaver","floor":14,"turns":3},{"damage":17,"enemies":"Slime Boss","floor":16,"turns":6},{"damage":17,"enemies":"3 Byrds","floor":18,"turns":3},{"damage":25,"enemies":"Shell Parasite","floor":21,"turns":3},{"damage":48,"enemies":"3 Cultists","floor":24,"turns":5},{"damage":54,"enemies":"Sentry and Sphere","floor":25,"turns":6},{"damage":53,"enemies":"Book of Stabbing","floor":28,"turns":6},{"damage":33,"enemies":"Gremlin Leader","floor":30,"turns":7},{"damage":16,"enemies":"Snecko","floor":31,"turns":3},{"damage":120,"enemies":"Collector","floor":33,"turns":13},{"damage":22,"enemies":"3 Shapes","floor":35,"turns":4},{"damage":40,"enemies":"3 Darklings","floor":36,"turns":4},{"damage":52,"enemies":"Transient","floor":37,"turns":5},{"damage":28,"enemies":"4 Shapes","floor":38,"turns":5},{"damage":51,"enemies":"Reptomancer","floor":40,"turns":5},{"damage":62,"enemies":"Writhing Mass","floor":41,"turns":6},{"damage":81,"enemies":"Giant Head","floor":44,"turns":8},{"damage":26,"enemies":"2 Orb Walkers","floor":45,"turns":3},{"damage":18,"enemies":"Spire Growth","floor":48,"turns":4},{"damage":106,"enemies":"Time Eater","floor":50,"turns":6},{"damage":85,"enemies":"Shield and Spear","floor":54,"turns":6},{"damage":251,"enemies":"The Heart","floor":55,"turns":10}],"seed_played":"-7171770564101099739","potions_obtained":[{"floor":1,"key":"ElixirPotion"},{"floor":8,"key":"Energy Potion"},{"floor":10,"key":"FearPotion"},{"floor":11,"key":"BlessingOfTheForge"},{"floor":14,"key":"Weak Potion"},{"floor":16,"key":"DuplicationPotion"},{"floor":18,"key":"SneckoOil"},{"floor":24,"key":"ElixirPotion"},{"floor":28,"key":"BloodPotion"},{"floor":30,"key":"PowerPotion"},{"floor":33,"key":"BloodPotion"},{"floor":35,"key":"Weak Potion"},{"floor":36,"key":"AttackPotion"},{"floor":37,"key":"AttackPotion"},{"floor":45,"key":"ColorlessPotion"},{"floor":48,"key":"Fire Potion"}],"is_trial":false,"path_per_floor":["M","$","?","?","M","E","R","E","T","E","M","?","R","M","R","B",null,"M","$","?","M","?","R","M","M","T","R","E","$","E","M","R","B",null,"M","M","M","M","$","E","M","R","T","E","?","R","?","M","R","B",null,"R","$","E","B",null],"character_chosen":"IRONCLAD","items_purchased":["Seeing Red","Lee\u0027s Waffle","Inflame","Feed","TheAbacus","Master of Strategy"],"campfire_rested":0,"item_purchase_floors":[2,19,19,19,39,53],"current_hp_per_floor":[78,78,78,78,80,63,63,74,74,73,79,79,79,73,73,68,87,79,94,94,78,78,78,48,51,51,51,63,63,71,73,73,85,102,89,91,51,41,41,44,63,63,63,98,84,84,70,70,70,114,114,114,114,103,59],"gold":79,"neow_bonus":"THREE_CARDS","is_daily":false,"chose_seed":false,"campfire_upgraded":9,"win_rate":0.0,"timestamp":1611449115,"path_taken":["M","$","?","?","?","E","R","E","T","E","M","?","R","M","R","BOSS","M","$","?","?","?","R","M","?","T","R","E","?","E","M","R","BOSS","M","M","M","M","$","E","M","R","T","E","?","R","?","M","R","BOSS","R","$","E","BOSS"],"items_purchased_type":["Card","Relic","Card","Card","Relic","Card"],"build_version":"2020-12-22","purchased_purges":3,"victory":true,"max_hp_per_floor":[80,80,80,80,80,87,87,87,87,87,87,87,87,87,87,87,87,87,94,94,94,94,94,98,98,98,98,98,98,98,102,102,102,102,102,102,102,106,106,106,106,106,106,110,110,110,110,114,114,114,114,114,114,114,114],"card_choices":[{"not_picked":["Sentinel","Clash"],"picked":"Combust","floor":0},{"not_picked":["Feel No Pain","Rupture"],"picked":"Infernal Blade","floor":1},{"not_picked":["Havoc","Searing Blow"],"picked":"Hemokinesis","floor":5},{"not_picked":["Cleave","Heavy Blade"],"picked":"Flex","floor":6},{"not_picked":["Limit Break","Intimidate"],"picked":"Flex","floor":8},{"not_picked":["Feel No Pain","Havoc"],"picked":"Inflame","floor":10},{"not_picked":["Headbutt","True Grit"],"picked":"Shrug It Off","floor":11},{"not_picked":["Clothesline","Infernal Blade"],"picked":"Disarm","floor":14},{"not_picked":["Bludgeon","Juggernaut"],"picked":"Offering","floor":16},{"not_picked":["Armaments+1","Entrench"],"picked":"Feel No Pain","floor":18},{"not_picked":["Armaments","Twin Strike"],"picked":"Flex","floor":21},{"not_picked":["Sword Boomerang","Intimidate","Shrug It Off"],"picked":"SKIP","floor":24},{"not_picked":["Rampage","Twin Strike"],"picked":"Wild Strike","floor":25},{"not_picked":["Sword Boomerang","Warcry","Uppercut+1"],"picked":"SKIP","floor":28},{"not_picked":["Anger","Dark Embrace"],"picked":"Clash","floor":30},{"not_picked":["Iron Wave","Armaments","Evolve"],"picked":"SKIP","floor":31},{"not_picked":["Fiend Fire","Offering"],"picked":"Juggernaut","floor":33},{"not_picked":["Shrug It Off+1","Anger+1"],"picked":"Infernal Blade+1","floor":35},{"not_picked":["Dark Embrace","Body Slam"],"picked":"Anger","floor":36},{"not_picked":["Wild Strike+1","Havoc+1"],"picked":"Inflame+1","floor":37},{"not_picked":["Seeing Red","Havoc"],"picked":"Infernal Blade+1","floor":38},{"not_picked":["Power Through","Shockwave+1"],"picked":"Ghostly Armor+1","floor":40},{"not_picked":["Warcry+1","Shockwave","Burning Pact+1"],"picked":"SKIP","floor":41},{"not_picked":["Entrench+1","Dual Wield+1"],"picked":"Thunderclap","floor":44},{"not_picked":["Iron Wave","Uppercut+1"],"picked":"Flex","floor":45},{"not_picked":["Twin Strike","Inflame"],"picked":"Cleave+1","floor":48},{"not_picked":["Headbutt+1","Impervious"],"picked":"Power Through+1","floor":54}],"player_experience":114574,"relics_obtained":[{"floor":6,"key":"Strawberry"},{"floor":8,"key":"Ancient Tea Set"},{"floor":10,"key":"Blood Vial"},{"floor":26,"key":"Tiny Chest"},{"floor":28,"key":"Self Forming Clay"},{"floor":30,"key":"Darkstone Periapt"},{"floor":40,"key":"Regal Pillow"},{"floor":43,"key":"Ice Cream"},{"floor":44,"key":"Happy Flower"},{"floor":45,"key":"StoneCalendar"},{"floor":54,"key":"Toy Ornithopter"}],"event_choices":[{"damage_healed":0,"gold_gain":0,"player_choice":"Take Wound","damage_taken":0,"relics_obtained":["Golden Idol"],"max_hp_gain":0,"max_hp_loss":0,"event_name":"Golden Idol","floor":3,"gold_loss":0,"cards_obtained":["Injury"]},{"damage_healed":0,"gold_gain":0,"player_choice":"Ignored","damage_taken":0,"max_hp_gain":0,"max_hp_loss":0,"event_name":"Liars Game","floor":4,"gold_loss":0},{"cards_removed":["Injury"],"damage_healed":0,"gold_gain":0,"player_choice":"Card Removal","damage_taken":0,"max_hp_gain":0,"max_hp_loss":0,"event_name":"The Cleric","floor":12,"gold_loss":50},{"damage_healed":0,"gold_gain":0,"player_choice":"Cursed","damage_taken":0,"max_hp_gain":0,"max_hp_loss":0,"event_name":"Wheel of Change","floor":20,"gold_loss":0,"cards_obtained":["Decay"]},{"damage_healed":0,"gold_gain":0,"cards_transformed":["Defend_R"],"player_choice":"Transformed","damage_taken":0,"max_hp_gain":0,"max_hp_loss":0,"event_name":"Transmorgrifier","floor":22,"gold_loss":0,"cards_obtained":["Corruption"]},{"damage_healed":0,"gold_gain":0,"player_choice":"Fight","damage_taken":0,"max_hp_gain":0,"max_hp_loss":0,"event_name":"Mysterious Sphere","floor":45,"gold_loss":0},{"damage_healed":0,"gold_gain":0,"player_choice":"Embrace Madness","damage_taken":14,"max_hp_gain":0,"max_hp_loss":0,"event_name":"Winding Halls","floor":47,"gold_loss":0,"cards_obtained":["Madness","Madness"]}],"is_beta":false,"boss_relics":[{"not_picked":["Astrolabe","Empty Cage"],"picked":"Runic Cube"},{"not_picked":["Velvet Choker","Philosopher\u0027s Stone"],"picked":"SlaversCollar"}],"items_purged_floors":[19,29,39],"is_endless":false,"potions_floor_spawned":[1,8,10,11,14,16,18,24,28,30,33,35,36,37,45,48],"ascension_level":1}}