{"host":"ws1rigs6jhqnf67d","time":1611502424,"event":{"mods":["BaseMod","Friendly Minions","KinomotoSakuraMod(ƒæ÷Æ±æ”£)","Kiyohime£®«Âºß£©","Lobotomy","LobotomyExtend","Marisa£®ÏF”Í°°ƒß¿Ì…≥£©","Minty Spire (QoL Compilation)","Remilia£®¿Ÿ√◊¿Ú—«£©","StSLib","The Bug Knight","Youmu£®ªÍ∆«—˝√Œ£©","[IsaacMod]“‘»ˆº‚À˛"],"gold_per_floor":[112,123,143,143,153,87,97,97,170,170,225,236,236,267,267,362,362,382,393,408,423,437,437,469,500,500,514,526,560,610,641,653,763,775,806,837,887,950,708,708,734,734,734,747,776,786,786,800,800,800,800],"floor_reached":52,"language":"ZHS","playtime":2368,"items_purged":[],"score":1388,"play_id":"409eedfd-03e1-432d-8909-902bd69dcd1f","local_time":"20210124233344","is_ascension_mode":true,"campfire_choices":[{"floor":8.0,"key":"REST"},{"data":"ClowCardTheShield","floor":10.0,"key":"SMITH"},{"data":"ClowCardTheMove","floor":13.0,"key":"SMITH"},{"floor":15.0,"key":"REST"},{"data":"ClowCardTheLight","floor":23.0,"key":"SMITH"},{"floor":32.0,"key":"REST"},{"floor":40,"key":"REST"},{"data":"ClowCardTheFight","floor":42,"key":"SMITH"},{"floor":47,"key":"REST"},{"data":"ClowCardTheFight","floor":49,"key":"SMITH"}],"circlet_count":0,"master_deck":["SakuraCardTheFight+","SakuraCardTheMove+","SakuraCardTheShield+","SakuraCardTheSword+","AscendersBane","ClowCardTheSword","ClowCardTheSword","ClowCardTheSword","ClowCardTheShield","ClowCardTheShield","ClowCardTheShield+1","SpellCardSeal+1","SpellCardRelease","ClowCardTheMove+1","ClowCardTheLight+1","ClowCardTheFloat+1","ClowCardTheFirey","ClowCardTheJump","ClowCardTheThrough","ClowCardTheBig+1","ClowCardTheNothing","ClowCardTheFight+1","ClowCardTheStorm+1"],"relics":["KSMOD_SealedBook","KSMOD_StarWand","HushsDoor","TuHaoJin","LetterFromLob","Heaven_r","Bronze Scales","DoctorsRemote","Ornamental Fan","HowToJump","Red Mask","UnicornStump","Bottled Lightning","Juzu Bracelet","StrikeDummy","MawBank","SacredBark","CatCart","SteamSale","Pen Nib","MealTicket","Akabeko","Pantograph"],"acts_visited":["Exordium","TheCity","TheBeyond"],"potions_floor_usage":[50,50],"damage_taken":[{"damage":2.0,"enemies":"2 Louse","floor":1.0,"turns":2.0},{"damage":2.0,"enemies":"Jaw Worm","floor":2.0,"turns":5.0},{"damage":0.0,"enemies":"Cultist","floor":3.0,"turns":4.0},{"damage":5.0,"enemies":"3 Louse","floor":5.0,"turns":4.0},{"damage":0.0,"enemies":"Lagavulin","floor":6.0,"turns":1.0},{"damage":26.0,"enemies":"Exordium Wildlife","floor":7.0,"turns":5.0},{"damage":20.0,"enemies":"Lagavulin Event","floor":11.0,"turns":3.0},{"damage":0.0,"enemies":"2 Fungi Beasts","floor":12.0,"turns":3.0},{"damage":7.0,"enemies":"Lagavulin","floor":14.0,"turns":3.0},{"damage":14.0,"enemies":"Slime Boss","floor":16.0,"turns":7.0},{"damage":0.0,"enemies":"Spheric Guardian","floor":18.0,"turns":2.0},{"damage":14.0,"enemies":"2 Thieves","floor":19.0,"turns":3.0},{"damage":0.0,"enemies":"Sentry and Sphere","floor":20.0,"turns":5.0},{"damage":12.0,"enemies":"Snake Plant","floor":21.0,"turns":3.0},{"damage":6.0,"enemies":"Shelled Parasite and Fungi","floor":22.0,"turns":4.0},{"damage":0.0,"enemies":"Masked Bandits","floor":24.0,"turns":3.0},{"damage":8.0,"enemies":"Book of Stabbing","floor":25.0,"turns":5.0},{"damage":0.0,"enemies":"Cultist and Chosen","floor":27.0,"turns":4.0},{"damage":1.0,"enemies":"Centurion and Healer","floor":28.0,"turns":4.0},{"damage":0.0,"enemies":"Slavers","floor":29.0,"turns":2.0},{"damage":0.0,"enemies":"Hiden Room Battle","floor":30.0,"turns":3.0},{"damage":0.0,"enemies":"Snake Plant","floor":31.0,"turns":2.0},{"damage":4.0,"enemies":"Automaton","floor":33.0,"turns":6.0},{"damage":20.0,"enemies":"3 Darklings","floor":35.0,"turns":3.0},{"damage":0.0,"enemies":"Orb Walker","floor":36.0,"turns":3.0},{"damage":24.0,"enemies":"KSMOD_TheNothingMonster","floor":37.0,"turns":3.0},{"damage":10,"enemies":"Orin","floor":38,"turns":6},{"damage":33,"enemies":"Giant Head","floor":41,"turns":6},{"damage":20,"enemies":"Maw","floor":44,"turns":6},{"damage":20,"enemies":"Nemesis","floor":45,"turns":7},{"damage":4,"enemies":"4 Shapes","floor":46,"turns":4},{"damage":13,"enemies":"Spire Growth","floor":48,"turns":3},{"damage":30,"enemies":"Donu and Deca","floor":50,"turns":5}],"seed_played":"826721895372452099","potions_obtained":[{"floor":1.0,"key":"FairyPotion"},{"floor":3.0,"key":"PowerPotion"},{"floor":12.0,"key":"Weak Potion"},{"floor":24.0,"key":"EssenceOfSteel"},{"floor":28.0,"key":"AttackPotion"},{"floor":31.0,"key":"ColorlessPotion"},{"floor":38,"key":"BlessingOfTheForge"},{"floor":44,"key":"Weak Potion"}],"is_trial":false,"path_per_floor":["M","M","M","?","M","E","M","R","T","R","?","M","R","E","R","B",null,"M","M","M","M","M","R","?","E","T","M","M","E","?","M","R","B",null,"M","M","?","?","$","R","E","R","T","M","E","M","R","M","R","B",null,null],"character_chosen":"KINOMOTOSAKURA","items_purchased":["SteamSale","ClowCardTheFight","SkillPotion"],"campfire_rested":5,"item_purchase_floors":[39,39,39],"current_hp_per_floor":[61,59,59,63,58,58,32,53,53,53,33,33,33,26,47,33,61,61,47,47,35,29,29,29,21,21,21,20,20,20,20,41,37,62,42,42,18,8,8,29,42,42,42,22,2,32,53,40,40,35,35],"gold":800,"neow_bonus":"UPGRADE_CARD","is_daily":false,"chose_seed":false,"campfire_upgraded":5,"win_rate":0.0,"timestamp":1611502424,"path_taken":["M","M","M","?","M","E","?","R","T","R","?","M","R","E","R","BOSS","M","M","M","M","M","R","?","E","T","M","M","E","?","M","R","BOSS","M","M","?","?","$","R","E","R","T","M","E","M","R","M","R","BOSS"],"items_purchased_type":["Relic","Card","Potion"],"build_version":"2020-12-22","purchased_purges":0,"victory":true,"max_hp_per_floor":[70,70,70,70,70,70,70,70,70,70,70,70,70,70,70,70,70,70,70,70,70,70,70,70,70,70,70,70,70,70,70,70,70,70,70,70,70,70,70,70,70,70,70,70,70,70,70,70,70,70,70],"card_choices":[{"not_picked":["ClowCardTheWave","ClowCardTheTime","ClowCardTheWood"],"picked":"SKIP","floor":1.0},{"not_picked":["ClowCardTheSilent","ClowCardTheMirror","ClowCardTheWindy"],"picked":"SKIP","floor":2.0},{"not_picked":["ClowCardTheLibra","ClowCardTheLoop","ClowCardTheShadow"],"picked":"SKIP","floor":3.0},{"not_picked":["ClowCardTheLock","ClowCardTheSand"],"picked":"ClowCardTheCreate","floor":5.0},{"not_picked":["ClowCardTheShadow","ClowCardTheMaze","ClowCardTheMist"],"picked":"SKIP","floor":7.0},{"not_picked":["ClowCardTheMaze","ClowCardTheLock"],"picked":"ClowCardTheMove","floor":12.0},{"not_picked":["ClowCardTheWave","ClowCardTheShadow","ClowCardTheDream"],"picked":"SKIP","floor":14.0},{"not_picked":["ClowCardTheThrough","ClowCardTheThunder"],"picked":"ClowCardTheLight","floor":16.0},{"not_picked":["ClowCardTheSand+1","ClowCardTheSnow"],"picked":"ClowCardTheFloat+1","floor":18.0},{"not_picked":["ClowCardTheFly+1","ClowCardTheWatery+1","ClowCardTheGlow"],"picked":"SKIP","floor":19.0},{"not_picked":["ClowCardTheWindy","ClowCardTheLock"],"picked":"ClowCardTheFirey","floor":20.0},{"not_picked":["ClowCardTheDream","ClowCardTheShot"],"picked":"ClowCardTheJump","floor":21.0},{"not_picked":["ClowCardTheSweet","ClowCardTheShot","ClowCardTheShadow"],"picked":"SKIP","floor":22.0},{"not_picked":["ClowCardTheSleep","ClowCardTheStorm"],"picked":"ClowCardTheThrough","floor":25.0},{"not_picked":["ClowCardTheMirror","ClowCardTheCloud"],"picked":"ClowCardTheMove","floor":27.0},{"not_picked":["ClowCardTheMaze","ClowCardTheFlower","ClowCardTheJump"],"picked":"SKIP","floor":28.0},{"not_picked":["ClowCardTheLibra","ClowCardTheMaze+1","ClowCardTheIllusion"],"picked":"SKIP","floor":29.0},{"not_picked":["ClowCardTheErase","ClowCardTheBubbles","ClowCardTheSweet"],"picked":"SKIP","floor":31.0},{"not_picked":["ClowCardTheThunder","ClowCardTheTwin"],"picked":"ClowCardTheFight","floor":33.0},{"not_picked":["ClowCardTheBubbles","ClowCardTheLibra+1","ClowCardTheMaze"],"picked":"SKIP","floor":35.0},{"not_picked":["ClowCardTheLock","ClowCardTheWatery"],"picked":"ClowCardTheBig+1","floor":36.0},{"not_picked":["ClowCardTheMove","ClowCardTheSand"],"picked":"ClowCardTheCreate","floor":41},{"not_picked":["ClowCardTheSand","ClowCardTheSleep","ClowCardTheShot"],"picked":"SKIP","floor":44},{"not_picked":["ClowCardTheMirror","ClowCardTheLock","ClowCardTheEarthy"],"picked":"SKIP","floor":45},{"not_picked":["ClowCardTheIllusion","ClowCardTheMaze","ClowCardTheSand+1"],"picked":"SKIP","floor":46},{"not_picked":["ClowCardTheThunder","ClowCardTheMist"],"picked":"ClowCardTheStorm+1","floor":48}],"player_experience":840104,"relics_obtained":[{"floor":1.0,"key":"LetterFromLob"},{"floor":7.0,"key":"Bronze Scales"},{"floor":9.0,"key":"DoctorsRemote"},{"floor":11.0,"key":"Ornamental Fan"},{"floor":14.0,"key":"HowToJump"},{"floor":24.0,"key":"Red Mask"},{"floor":25.0,"key":"UnicornStump"},{"floor":26.0,"key":"Bottled Lightning"},{"floor":29.0,"key":"Juzu Bracelet"},{"floor":30.0,"key":"StrikeDummy"},{"floor":30.0,"key":"MawBank"},{"floor":38,"key":"CatCart"},{"floor":41,"key":"Pen Nib"},{"floor":43,"key":"MealTicket"},{"floor":45,"key":"Akabeko"},{"floor":45,"key":"Pantograph"}],"event_choices":[{"damage_healed":0.0,"max_hp_gain":0.0,"max_hp_loss":0.0,"gold_gain":0.0,"event_name":"Dead Adventurer","player_choice":"Searched \u00271\u0027 times","floor":11.0,"gold_loss":0.0,"damage_taken":0.0},{"damage_healed":0.0,"max_hp_gain":0.0,"max_hp_loss":0.0,"gold_gain":0.0,"event_name":"Masked Bandits","player_choice":"Fought Bandits","floor":24.0,"gold_loss":0.0,"damage_taken":0.0},{"damage_healed":0.0,"max_hp_gain":0.0,"max_hp_loss":0.0,"gold_gain":0.0,"event_name":"HidenRoomEvent","player_choice":"Fight","floor":30.0,"gold_loss":0.0,"damage_taken":0.0},{"damage_healed":0,"gold_gain":0,"player_choice":"Fight","damage_taken":0,"max_hp_gain":0,"max_hp_loss":0,"event_name":"OrinTheCat","floor":38,"gold_loss":0}],"is_beta":false,"boss_relics":[{"not_picked":["Philosopher\u0027s Stone","Ectoplasm"],"picked":"KSMOD_StarWand"},{"not_picked":[]},{"not_picked":["Astrolabe","Runic Dome"],"picked":"SacredBark"},{"not_picked":[]}],"items_purged_floors":[],"is_endless":false,"potions_floor_spawned":[1,3,12,16,19,21,24,27,28,31,38,44,45,46,48],"ascension_level":12}}