{"host":"sav7uxregyirlf69","time":1611497015,"event":{"mods":["AchievementEnabler","BaseMod","Colored Map","DeckTracker","Keyboard Shortcuts","Minty Spire (QoL Compilation)","READ ME - Guardian Mod","StSLib","SuperFastMode"],"gold_per_floor":[117,117,117,135,135,161,161,193,274,289,289,59,59,72,72,72,72],"floor_reached":16,"language":"KOR","playtime":191,"items_purged":["Strike_R"],"score":266,"play_id":"56ebeb09-5052-41aa-8030-71cae6f909a9","local_time":"20210124230335","is_ascension_mode":true,"campfire_choices":[{"data":"Searing Blow","floor":7,"key":"SMITH"},{"data":"Searing Blow+1","floor":11,"key":"SMITH"},{"data":"Searing Blow+2","floor":13,"key":"SMITH"},{"data":"Searing Blow+3","floor":15,"key":"SMITH"}],"circlet_count":0,"master_deck":["AscendersBane","Strike_R","Strike_R","Strike_R","Defend_R","Defend_R","Defend_R","Defend_R","Bash","Anger+1","Second Wind","Searing Blow+4","Shrug It Off","Double Tap"],"relics":["Burning Blood","NeowsBlessing","Oddly Smooth Stone","Self Forming Clay","Anchor"],"acts_visited":["Exordium"],"potions_floor_usage":[],"damage_taken":[{"damage":0,"enemies":"Small Slimes","floor":1,"turns":1},{"damage":0,"enemies":"Jaw Worm","floor":4,"turns":1},{"damage":0,"enemies":"Lagavulin","floor":6,"turns":1},{"damage":55,"enemies":"3 Sentries","floor":8,"turns":13},{"damage":6,"enemies":"Cultist","floor":10,"turns":3},{"damage":0,"enemies":"Blue Slaver","floor":14,"turns":1},{"damage":25,"enemies":"The Guardian","floor":16,"turns":8}],"seed_played":"2515587268469538674","potions_obtained":[{"floor":4,"key":"CultistPotion"},{"floor":10,"key":"Explosive Potion"},{"floor":14,"key":"SpeedPotion"}],"is_trial":false,"path_per_floor":["M","?","?","M","?","E","R","E","T","M","R","$","R","M","R","B"],"character_chosen":"IRONCLAD","items_purchased":["Double Tap"],"campfire_rested":0,"item_purchase_floors":[12],"current_hp_per_floor":[74,67,67,73,73,75,75,26,26,26,26,26,26,32,32,7,7],"gold":72,"neow_bonus":"THREE_ENEMY_KILL","is_daily":false,"chose_seed":false,"campfire_upgraded":4,"win_rate":0.0,"timestamp":1611497015,"path_taken":["M","?","?","?","?","E","R","E","T","?","R","?","R","M","R","BOSS"],"items_purchased_type":["Card"],"build_version":"2020-12-22","purchased_purges":1,"victory":false,"max_hp_per_floor":[75,75,75,75,75,75,75,75,75,75,75,75,75,75,75,75,75],"card_choices":[{"not_picked":["Armaments","True Grit"],"picked":"Anger","floor":1},{"not_picked":["Clash","Iron Wave"],"picked":"Second Wind","floor":4},{"not_picked":["Flex","Spot Weakness"],"picked":"Searing Blow","floor":6},{"not_picked":["Heavy Blade","Whirlwind","Berserk"],"picked":"SKIP","floor":8},{"not_picked":["Fire Breathing","Pommel Strike"],"picked":"Shrug It Off","floor":10},{"not_picked":["Metallicize","Searing Blow","Hemokinesis"],"picked":"SKIP","floor":14}],"player_experience":1378807,"relics_obtained":[{"floor":6,"key":"Self Forming Clay"},{"floor":8,"key":"Anchor"}],"event_choices":[{"cards_removed":["Strike_R"],"damage_healed":0,"gold_gain":0,"player_choice":"Card Removal","damage_taken":7,"max_hp_gain":0,"max_hp_loss":0,"event_name":"Golden Wing","floor":2,"gold_loss":0},{"damage_healed":0,"gold_gain":0,"player_choice":"Upgraded","damage_taken":0,"max_hp_gain":0,"max_hp_loss":0,"event_name":"Upgrade Shrine","floor":3,"gold_loss":0,"cards_upgraded":["Anger"]},{"damage_healed":0,"gold_gain":0,"player_choice":"Gave Potion","damage_taken":0,"relics_obtained":["Oddly Smooth Stone"],"max_hp_gain":0,"max_hp_loss":0,"event_name":"WeMeetAgain","floor":5,"gold_loss":0}],"is_beta":false,"boss_relics":[],"items_purged_floors":[12],"is_endless":false,"potions_floor_spawned":[4,10,14],"killed_by":"The Guardian","ascension_level":20}}