{"host":"n264v15x7h51zqzc","time":1611511489,"event":{"mods":["AchievementEnabler","BaseMod","BetterRewards","Colored Powertips","Hermit","Hubris","Infinite Spire","Minty Spire (QoL Compilation)","Replay The Spire","StSLib","The Construct"],"gold_per_floor":[109,9110,9185,8662,8662,8687,8787,8812,8812,8824,8857,8877,8877,8891,8891,8991,9091,9101,9116,9127,9127,9127,9162,9162,9172,9172,9203,9223,9223,9255,9265,9265,9368,9368,9385,9435,9488,8966,8978,9009,9029,9029,9055,9055,9086,9103,9113,9131,9131,9235,9235,9242,9253,9260,9262,8744,8744,8185,8189,8189,8207,8007,8007,8007,8016,8016,8088,8088,8094,7298,7297,7297,7292,7294,7344,7359,7359,7351,7348,7348,7355,7355,7355,7900,7900,8405,8405,7468,7468,7963,8484,9019,9019,9100,9100,9100,9100,9679,10308,10308,11025,11025,11751,11701,11041,11765,11774,11774,12552,12552,12575,13407,14284,15229,15229,15229,15229,16304,16304,17360,17360,17413,16775,17858,19029,20259,20259,20259,21581,22979,22960,22960],"floor_reached":131,"language":"ENG","playtime":5968,"items_purged":["Rebound","Strike_B","Adaptation+1","Defend_B","Redo","Dualcast","Zap","Meteor Strike","Secret Technique","Strike_B","Defend_B"],"score":3826,"play_id":"21648198-fe93-4fa1-ae22-c0debefdb1af","local_time":"20210124120449","is_ascension_mode":true,"campfire_choices":[{"data":"Consume","floor":13.0,"key":"SMITH"},{"data":"White Noise","floor":15.0,"key":"SMITH"},{"data":"Capacitor","floor":24.0,"key":"SMITH"},{"data":"Echo Form","floor":32.0,"key":"SMITH"},{"floor":42,"key":"RECALL"},{"data":"Mirror Shield","floor":49,"key":"SMITH"},{"data":"Capacitor","floor":57,"key":"SMITH"},{"data":"White Noise","floor":63,"key":"SMITH"},{"data":"Buffer","floor":66,"key":"SMITH"},{"floor":80,"key":"REST"},{"data":"Defragment","floor":83,"key":"SMITH"},{"data":"ReplayTheSpireMod:Calculation Training","floor":93,"key":"SMITH"},{"data":"Storm","floor":95,"key":"SMITH"},{"data":"Seek","floor":100,"key":"SMITH"},{"data":"infinitespire:UltimateForm","floor":108,"key":"SMITH"},{"data":"ReplayRNGCard","floor":115,"key":"SMITH"},{"data":"Coolheaded","floor":117,"key":"SMITH"},{"data":"Defragment","floor":127,"key":"SMITH"}],"circlet_count":1,"master_deck":["Strike_B+1","Defend_B+1","Defend_B+1","Barrage+1","Coolheaded+1","Crystallizer","Conserve Battery+1","Cold Snap","Electrodynamics+1","Conserve Battery","Consume+1","Reinforced Body","White Noise+1","Glacier+1","Echo Form+1","Capacitor+1","Consume+1","Ball Lightning","Mirror Shield+1","Coolheaded+1","White Noise+1","Capacitor+1","Glacier","ReplayTheSpireMod:Calculation Training+1","infinitespire:Fortify+1","Coolheaded+1","Storm+1","Buffer+1","Capacitor+1","Panache+1","ReplayRNGCard+1","Apotheosis+1","infinitespire:UltimateForm+1","Defragment+1","Coolheaded+1","ReplayTheSpireMod:Calculation Training","Static Discharge","Crystallizer","Seek+1","Storm+1","White Noise+1","Self Repair","Mirror Shield","Self Repair","Loop","Reboot+1","Defragment+1","Consume"],"relics":["Cracked Core","TungstenRod","OrangePellets","Replay:Bottled Flurry","War Paint","hubris:Zylophone","Odd Mushroom","Replay:Antivirus Software","hubris:ToyBattleship","Whetstone","Chameleon Ring","Chemical X","Strange Spoon","Pen Nib","infinitespire:Lucky Rock","Anchor","Boot","Replay:Mystery Machine","Replay:Wanted Poster","hubris:Icosahedron","Bottled Flame","hubris:GlazedTorus","hubris:Towel","Bottled Tornado","Nuclear Battery","hubris:CuriousFeather","Turnip","Replay:Bottled Steam","Omamori","Centennial Puzzle","hubris:SoftwareUpdate","Lantern","Blood Vial","hubris:MedicalManual","hubris:TinFlute","Toy Ornithopter","Potion Belt","Replay:Frozen Program","Sundial","Tiny House","construct:RocketBooster","infinitespire:EmpoweringShard","ReplayFunnel","Prayer Wheel","infinitespire:EvilPickle","Lee\u0027s Waffle","MealTicket","DataDisk","infinitespire:Freezer","Cables","WarpedTongs","Mummified Hand","ClockworkSouvenir","SacredBark","Runic Capacitor","hubris:BallOfYels","Circlet","Smiling Mask","PreservedInsect","Black Star","Enchiridion","hubris:SlimyHat","Unceasing Top","HandDrill","infinitespire:WardingShard","Juzu Bracelet","hubris:DisguiseKit"],"acts_visited":["Exordium","TheCity","TheBeyond","Exordium","TheCity","TheBeyond","Exordium","TheCity"],"potions_floor_usage":[40,41,50,50,50,52,67,67,74,74,76,78,81,90,90,92,98,99,107,114,126],"damage_taken":[{"damage":6.0,"enemies":"Jaw Worm","floor":1.0,"turns":3.0},{"damage":1.0,"enemies":"Lagavulin","floor":6.0,"turns":8.0},{"damage":0.0,"enemies":"Replay:BlueRogue","floor":8.0,"turns":5.0},{"damage":0.0,"enemies":"Small Slimes","floor":10.0,"turns":3.0},{"damage":7.0,"enemies":"3 Sentries","floor":11.0,"turns":3.0},{"damage":0.0,"enemies":"infinitespire:Voidling","floor":12.0,"turns":2.0},{"damage":0.0,"enemies":"3 Louse","floor":14.0,"turns":3.0},{"damage":5.0,"enemies":"Slime Boss","floor":16.0,"turns":7.0},{"damage":18.0,"enemies":"2 Thieves","floor":18.0,"turns":4.0},{"damage":0.0,"enemies":"Chosen","floor":19.0,"turns":3.0},{"damage":0.0,"enemies":"Snecko","floor":20.0,"turns":5.0},{"damage":0.0,"enemies":"Replay:Snechameleon","floor":23.0,"turns":7.0},{"damage":12.0,"enemies":"Sentry and Sphere","floor":25.0,"turns":6.0},{"damage":6.0,"enemies":"Book of Stabbing","floor":27.0,"turns":7.0},{"damage":0.0,"enemies":"3 Cultists","floor":28.0,"turns":3.0},{"damage":0.0,"enemies":"Gremlin Leader","floor":30.0,"turns":3.0},{"damage":0.0,"enemies":"Cultist and Chosen","floor":31.0,"turns":4.0},{"damage":0.0,"enemies":"Collector","floor":33.0,"turns":5.0},{"damage":0.0,"enemies":"Orb Walker","floor":35.0,"turns":4.0},{"damage":2.0,"enemies":"Mind Bloom Boss Battle","floor":36.0,"turns":6.0},{"damage":0.0,"enemies":"2 Orb Walkers","floor":37.0,"turns":4.0},{"damage":30,"enemies":"3 Darklings","floor":39,"turns":6},{"damage":0,"enemies":"R_Hoarder","floor":40,"turns":7},{"damage":0,"enemies":"Spire Growth","floor":41,"turns":4},{"damage":0,"enemies":"Nightmare","floor":45,"turns":6},{"damage":0,"enemies":"Writhing Mass","floor":46,"turns":7},{"damage":7,"enemies":"4 Shapes","floor":47,"turns":2},{"damage":0,"enemies":"Sphere and 2 Shapes","floor":48,"turns":5},{"damage":0,"enemies":"hubris:GrandSnecko","floor":50,"turns":9},{"damage":0,"enemies":"Jaw Worm","floor":52,"turns":1},{"damage":0,"enemies":"Small Slimes","floor":53,"turns":1},{"damage":0,"enemies":"Cultist","floor":54,"turns":2},{"damage":0,"enemies":"3 Louse","floor":55,"turns":2},{"damage":0,"enemies":"2 Fungi Beasts","floor":59,"turns":3},{"damage":0,"enemies":"Gremlin Nob","floor":61,"turns":2},{"damage":0,"enemies":"3 Sentries","floor":65,"turns":3},{"damage":0,"enemies":"Slime Boss","floor":67,"turns":3},{"damage":0,"enemies":"Spheric Guardian","floor":69,"turns":3},{"damage":1,"enemies":"3 Byrds","floor":71,"turns":3},{"damage":0,"enemies":"3 Cultists","floor":73,"turns":3},{"damage":0,"enemies":"Shelled Parasite and Fungi","floor":74,"turns":2},{"damage":4,"enemies":"Gremlin Leader","floor":76,"turns":3},{"damage":34,"enemies":"Centurion and Healer","floor":78,"turns":3},{"damage":24,"enemies":"Snake Plant","floor":79,"turns":2},{"damage":0,"enemies":"Chosen and Byrds","floor":81,"turns":2},{"damage":0,"enemies":"Pondfish","floor":84,"turns":5},{"damage":67,"enemies":"3 Darklings","floor":86,"turns":3},{"damage":7,"enemies":"Orb Walker","floor":90,"turns":2},{"damage":0,"enemies":"R_Hoarder","floor":91,"turns":4},{"damage":10,"enemies":"Jaw Worm Horde","floor":92,"turns":4},{"damage":1,"enemies":"Maw","floor":98,"turns":3},{"damage":13,"enemies":"4 Shapes","floor":99,"turns":2},{"damage":0,"enemies":"hubris:GrandSnecko","floor":101,"turns":6},{"damage":0,"enemies":"Small Slimes","floor":103,"turns":2},{"damage":0,"enemies":"Jaw Worm","floor":106,"turns":1},{"damage":0,"enemies":"The Mushroom Lair","floor":107,"turns":3},{"damage":0,"enemies":"3 Sentries","floor":109,"turns":2},{"damage":0,"enemies":"2 Louse","floor":112,"turns":1},{"damage":0,"enemies":"Looter","floor":113,"turns":2},{"damage":0,"enemies":"Gremlin Nob","floor":114,"turns":3},{"damage":0,"enemies":"Slime Boss","floor":118,"turns":3},{"damage":23,"enemies":"2 Thieves","floor":120,"turns":2},{"damage":0,"enemies":"Chosen","floor":124,"turns":2},{"damage":17,"enemies":"Gremlin Leader","floor":125,"turns":2},{"damage":0,"enemies":"Sentry and Sphere","floor":126,"turns":3},{"damage":0,"enemies":"3 Cultists","floor":129,"turns":1},{"damage":0,"enemies":"Cultist and Chosen","floor":130,"turns":3},{"damage":88,"enemies":"Nightmare_Alpha","floor":131,"turns":3}],"seed_played":"104843217540714797","potions_obtained":[{"floor":1.0,"key":"LiquidMemories"},{"floor":6.0,"key":"ColorlessPotion"},{"floor":10.0,"key":"Dexterity Potion"},{"floor":14.0,"key":"Dexterity Potion"},{"floor":18.0,"key":"Fire Potion"},{"floor":20.0,"key":"Energy Potion"},{"floor":23.0,"key":"Reflective Coating"},{"floor":39,"key":"LifebloodPotion"},{"floor":40,"key":"Elixir"},{"floor":45,"key":"SmokeBomb"},{"floor":47,"key":"LifebloodPotion"},{"floor":48,"key":"EntropicBrew"},{"floor":50,"key":"Adrenaline Potion"},{"floor":65,"key":"Fire Potion"},{"floor":73,"key":"Fire Potion"},{"floor":74,"key":"Reflective Coating"},{"floor":75,"key":"Death Potion"},{"floor":79,"key":"Fire Potion"},{"floor":90,"key":"Languid Potion"},{"floor":98,"key":"Explosive Potion"},{"floor":99,"key":"SpeedPotion"},{"floor":103,"key":"SkillPotion"},{"floor":118,"key":"Dexterity Potion"},{"floor":126,"key":"LiquidMemories"}],"is_trial":false,"path_per_floor":["M","$","?","$","?","E","?","E","T","M","E","M","R","M","R","B",null,"M","M","M","?","?","E","R","M","T","E","M","?","E","M","R","B",null,"M","?","?","$","M","E","M","R","T","?","NM","M","M","M","R","B",null,"M","M","M","M","?","R","$","M","T","E","$","R","?","E","R","B",null,"M","$","M","?","M","M","AVR","E","T","M","M","R","M","?","R","B",null,"M","?","$","?","M","E","M","R","T","R","?","$","M","M","R","B",null,"M","?","$","M","?","R","E","?","T","M","M","E","R","?","R","B",null,"M","?","T","$","M","E","M","R","T","M","M","NM"],"character_chosen":"DEFECT","items_purchased":["Crystallizer","Redo","OrangePellets","Energy Potion","Barrage","Replay:Bottled Flurry","War Paint","ColorlessPotion","Fruit Juice","Crystallizer","Regen Potion","Reflective Coating","Whetstone","Chameleon Ring","Chemical X","Strange Spoon","Conserve Battery","Cold Snap","Pen Nib","Replay:Bottled Steam","Glacier","ReplayTheSpireMod:Calculation Training","Capacitor","Blood Vial","Panache","Replay:Frozen Program","Apotheosis","Sundial","Lee\u0027s Waffle","MealTicket","DataDisk","SneckoOil","LiquidMemories","SteroidPotion","PowerPotion","Mummified Hand","ClockworkSouvenir","Runic Capacitor","hubris:BallOfYels","Loop","Unceasing Top","Defragment","HandDrill","Swift Potion"],"campfire_rested":1,"item_purchase_floors":[0,0,0,0,0,0,0,0,2,2,2,2,2,2,2,4,4,4,4,38,38,38,58,58,58,70,70,70,88,88,88,88,88,88,97,97,97,105,105,105,123,123,123,123],"current_hp_per_floor":[47,52,42,42,47,74,74,74,74,74,67,67,67,67,67,62,85,67,67,67,67,67,67,67,55,55,49,49,49,49,49,49,49,85,85,83,83,83,53,53,53,53,53,53,53,53,46,46,46,46,85,85,85,85,85,85,85,85,85,85,85,85,85,85,85,85,85,85,85,85,84,84,85,85,90,86,86,59,37,64,71,71,71,73,90,23,23,97,97,90,92,94,94,94,94,94,65,81,89,89,97,97,97,97,97,97,97,97,97,97,97,97,97,97,97,97,97,97,97,74,62,62,77,79,64,71,71,71,73,75,0,0],"gold":22960,"neow_bonus":"","is_daily":false,"chose_seed":false,"campfire_upgraded":16,"win_rate":0.0,"timestamp":1611511489,"path_taken":["M","$","?","$","?","E","?","E","T","M","E","M","R","?","R","BOSS","M","M","M","?","?","E","R","M","T","E","M","?","E","M","R","BOSS","M","?","?","$","M","E","M","R","T","?","NM","M","?","M","R","BOSS","M","M","M","M","?","R","$","M","T","E","$","R","?","E","R","BOSS","M","$","M","?","M","M","AVR","E","T","M","M","R","M","?","R","BOSS","M","?","$","?","?","E","M","R","T","R","?","?","M","M","R","BOSS","M","?","?","M","?","R","E","?","T","M","M","E","R","?","R","BOSS","M","?","?","?","?","E","M","R","T","M","M","NM"],"items_purchased_type":["Card","Card","Relic","Potion","Card","Relic","Relic","Potion","Potion","Card","Potion","Potion","Relic","Relic","Relic","Relic","Card","Card","Relic","Relic","Card","Card","Card","Relic","Card","Relic","Card","Relic","Relic","Relic","Relic","Potion","Potion","Potion","Potion","Relic","Relic","Relic","Relic","Card","Relic","Card","Relic","Potion"],"build_version":"2020-12-22","purchased_purges":11,"victory":false,"max_hp_per_floor":[75,80,80,80,85,85,85,85,85,85,85,85,85,85,85,85,85,85,85,85,85,85,85,85,85,85,85,85,85,85,85,85,85,85,85,85,85,85,85,85,85,85,85,85,85,85,85,85,85,85,85,85,85,85,85,85,85,85,85,85,85,85,85,85,85,85,85,85,85,85,85,85,85,85,90,90,90,90,90,90,90,90,90,90,90,90,90,97,97,97,97,97,97,97,97,97,97,97,97,97,97,97,97,97,97,97,97,97,97,97,97,97,97,97,97,97,97,97,97,97,97,97,97,97,97,97,97,97,97,97,97,97],"card_choices":[{"not_picked":["Go for the Eyes","Undo"],"picked":"Coolheaded","floor":1.0},{"not_picked":["Panic Button","ReplayTheSpireMod:Calculation Training"],"picked":"Electrodynamics","floor":6.0},{"not_picked":["hubris:DoWhile","Electrodynamics"],"picked":"Conserve Battery","floor":8.0},{"not_picked":["Go for the Eyes","Steam"],"picked":"Consume","floor":10.0},{"not_picked":["Streamline","Skim"],"picked":"Reinforced Body","floor":11.0},{"not_picked":["hubris:PowerSurge","Recycle"],"picked":"White Noise","floor":12.0},{"not_picked":["Ball Lightning","Gash"],"picked":"Glacier","floor":14.0},{"not_picked":["Biased Cognition","Creative AI"],"picked":"Echo Form","floor":16.0},{"not_picked":["Hello World","Beam Cell","Compile Driver"],"picked":"SKIP","floor":18.0},{"not_picked":["Time Bomb+1","ReplayTheSpireMod:Reroute Power"],"picked":"Capacitor","floor":19.0},{"not_picked":["Barrage+1","Steam","Glacier"],"picked":"SKIP","floor":20.0},{"not_picked":["Compile Driver","Genetic Algorithm"],"picked":"Ball Lightning","floor":23.0},{"not_picked":["Panic Button","ReplayTheSpireMod:System Scan","Leap"],"picked":"SKIP","floor":25.0},{"not_picked":["Steam+1","Redo","Lockon"],"picked":"SKIP","floor":27.0},{"not_picked":["Barrage","Streamline"],"picked":"Mirror Shield","floor":28.0},{"not_picked":["Force Field","Doom and Gloom","ReplaySolidLightProjector"],"picked":"SKIP","floor":30.0},{"not_picked":["Genetic Algorithm","Panic Button","Gash"],"picked":"SKIP","floor":31.0},{"not_picked":["Steam+1","Cold Snap+1"],"picked":"Coolheaded+1","floor":35.0},{"not_picked":["Redo","Compile Driver"],"picked":"White Noise","floor":36.0},{"not_picked":["Sweeping Beam+1","Cold Snap"],"picked":"Capacitor","floor":37},{"not_picked":["ReplayTheSpireMod:GoodbyeWorld","Rebound","FTL+1"],"picked":"SKIP","floor":39},{"not_picked":["BootSequence+1","Cold Snap"],"picked":"Redo+1","floor":40},{"not_picked":["Go for the Eyes+1","Rebound+1","Force Field+1"],"picked":"SKIP","floor":41},{"not_picked":["infinitespire:Starlight","infinitespire:TheBestDefense"],"picked":"infinitespire:Fortify","floor":45},{"not_picked":["Panic Button","Leap+1"],"picked":"Coolheaded+1","floor":45},{"not_picked":["Blizzard","Redo"],"picked":"Storm+1","floor":46},{"not_picked":["Sweeping Beam","Turbo+1"],"picked":"Meteor Strike","floor":47},{"not_picked":["Darkness","Hologram+1","Rebound"],"picked":"SKIP","floor":48},{"not_picked":["Rainbow","Hyperbeam"],"picked":"Buffer","floor":50},{"not_picked":["Ball Lightning","ReplayGash","Turbo"],"picked":"SKIP","floor":52},{"not_picked":["Turbo","Compile Driver","Lockon"],"picked":"SKIP","floor":53},{"not_picked":["Panic Button","Streamline","Ball Lightning"],"picked":"SKIP","floor":54},{"not_picked":["Leap","Streamline","Chill"],"picked":"SKIP","floor":55},{"not_picked":["Sunder","Turbo","BasicCrystalCard"],"picked":"SKIP","floor":59},{"not_picked":["Hologram","Steam","Tempest"],"picked":"SKIP","floor":61},{"not_picked":["Crystallizer","Skim","Redo"],"picked":"SKIP","floor":65},{"not_picked":["ReplayTheSpireMod:Fabricate Wheel","Buffer"],"picked":"ReplayRNGCard","floor":67},{"not_picked":["ReplayTheSpireMod:System Scan","Steam Power+1","Barrage"],"picked":"SKIP","floor":69},{"not_picked":["ReplayTheSpireMod:Repulse","Gash","Redo"],"picked":"SKIP","floor":71},{"not_picked":["Beam Cell+1","Compile Driver","Cold Snap"],"picked":"SKIP","floor":73},{"not_picked":["Redo","Darkness"],"picked":"ReplayTheSpireMod:Fabricate Wheel","floor":74},{"not_picked":["Beam Cell","Doom and Gloom"],"picked":"Coolheaded","floor":76},{"not_picked":["hubris:Ukulele","Sweeping Beam"],"picked":"Defragment","floor":78},{"not_picked":["Hello World+1","Streamline","Beam Cell"],"picked":"SKIP","floor":78},{"not_picked":["Streamline","Double Energy+1"],"picked":"Coolheaded+1","floor":79},{"not_picked":["Auto Shields","Barrage","Stack"],"picked":"SKIP","floor":79},{"not_picked":["Hologram","Compile Driver+1"],"picked":"ReplayTheSpireMod:Calculation Training","floor":81},{"not_picked":["Meteor Strike","Coolheaded","BasicCrystalCard"],"picked":"SKIP","floor":81},{"not_picked":["ReplayRNGCard","Multi-Cast"],"picked":"Seek","floor":84},{"not_picked":["Panic Button+1","BasicCrystalCard"],"picked":"Storm","floor":86},{"not_picked":["Time Bomb+1","Double Energy","Rainbow"],"picked":"SKIP","floor":86},{"not_picked":["Time Bomb+1","Double Energy","Rainbow"],"picked":"SKIP","floor":86},{"not_picked":["ReplayRNGCard","Panic Button+1"],"picked":"Self Repair","floor":90},{"not_picked":["hubris:PowerSurge+1","Heatsinks","Redo"],"picked":"SKIP","floor":90},{"not_picked":["Aggregate+1","Cold Snap"],"picked":"Mirror Shield","floor":91},{"not_picked":["Capacitor","Redo+1","Leap+1"],"picked":"SKIP","floor":92},{"not_picked":["Force Field+1","Coolheaded","Doom and Gloom+1"],"picked":"SKIP","floor":92},{"not_picked":["Time Bomb+1","Sweeping Beam","Rip and Tear"],"picked":"SKIP","floor":98},{"not_picked":["Coolheaded+1","Auto Shields+1","ReplaySort+1"],"picked":"SKIP","floor":98},{"not_picked":["Ball Lightning+1","Cold Snap+1","Compile Driver+1"],"picked":"SKIP","floor":99},{"not_picked":["ReplayTheSpireMod:Reroute Power","Doom and Gloom","ReplayGash+1"],"picked":"SKIP","floor":99},{"not_picked":["Gash","Scrape"],"picked":"Self Repair","floor":103},{"not_picked":["Turbo","Go for the Eyes","Scrape"],"picked":"SKIP","floor":103},{"not_picked":["Mirror Shield","Hologram","BasicCrystalCard"],"picked":"SKIP","floor":106},{"not_picked":["ReplayTheSpireMod:Repulse","Redo","Leap"],"picked":"SKIP","floor":106},{"not_picked":["Gash","ReplayTheSpireMod:Calculation Training","ReplayTheSpireMod:Fabricate Wheel"],"picked":"SKIP","floor":109},{"not_picked":["Rebound","Time Bomb","Gash"],"picked":"SKIP","floor":112},{"not_picked":["hubris:PowerSurge","Sweeping Beam","ReplayGash"],"picked":"SKIP","floor":112},{"not_picked":["Leap","Sweeping Beam","Hologram"],"picked":"SKIP","floor":113},{"not_picked":["ReplayGash","Barrage","hubris:Ukulele"],"picked":"SKIP","floor":113},{"not_picked":["Aggregate","Sweeping Beam","ReplayTheSpireMod:Repulse"],"picked":"SKIP","floor":114},{"not_picked":["Streamline","Ball Lightning+1","BasicCrystalCard"],"picked":"SKIP","floor":120},{"not_picked":["Sweeping Beam","Genetic Algorithm+1","Rebound"],"picked":"SKIP","floor":120},{"not_picked":["ReplayRNGCard","Redo","Stack"],"picked":"SKIP","floor":124},{"not_picked":["Turbo","Beam Cell","Go for the Eyes"],"picked":"SKIP","floor":124},{"not_picked":["Consume+1","Meteor Strike","Stack"],"picked":"SKIP","floor":125},{"not_picked":["Ball Lightning","Aggregate","ReplayTheSpireMod:Repulse"],"picked":"SKIP","floor":126},{"not_picked":["Aggregate","Cold Snap","hubris:Ukulele+1"],"picked":"SKIP","floor":126},{"not_picked":["Gash","Steam","Reprogram","Distraction"],"picked":"SKIP","floor":129},{"not_picked":["Chaos+1","Beam Cell","Chill","Backflip"],"picked":"SKIP","floor":129},{"not_picked":["Compile Driver+1","BasicCrystalCard","PiercingWail"],"picked":"Consume","floor":130},{"not_picked":["Coolheaded+1","Beam Cell+1","Loop+1","Backflip"],"picked":"SKIP","floor":130}],"player_experience":210274,"relics_obtained":[{"floor":6.0,"key":"infinitespire:Lucky Rock"},{"floor":8.0,"key":"Anchor"},{"floor":9.0,"key":"Boot"},{"floor":11.0,"key":"Replay:Mystery Machine"},{"floor":23.0,"key":"Bottled Flame"},{"floor":27.0,"key":"hubris:GlazedTorus"},{"floor":30.0,"key":"Bottled Tornado"},{"floor":36.0,"key":"hubris:CuriousFeather"},{"floor":37,"key":"Turnip"},{"floor":40,"key":"Omamori"},{"floor":43,"key":"Centennial Puzzle"},{"floor":44,"key":"hubris:SoftwareUpdate"},{"floor":45,"key":"Lantern"},{"floor":60,"key":"hubris:MedicalManual"},{"floor":61,"key":"hubris:TinFlute"},{"floor":64,"key":"Toy Ornithopter"},{"floor":65,"key":"Potion Belt"},{"floor":76,"key":"infinitespire:EmpoweringShard"},{"floor":77,"key":"ReplayFunnel"},{"floor":91,"key":"infinitespire:Freezer"},{"floor":94,"key":"Cables"},{"floor":107,"key":"Circlet"},{"floor":111,"key":"Smiling Mask"},{"floor":114,"key":"PreservedInsect"},{"floor":121,"key":"Enchiridion"},{"floor":122,"key":"hubris:SlimyHat"},{"floor":125,"key":"infinitespire:WardingShard"},{"floor":125,"key":"Juzu Bracelet"},{"floor":128,"key":"hubris:DisguiseKit"}],"event_choices":[{"damage_healed":0.0,"max_hp_gain":0.0,"max_hp_loss":0.0,"gold_gain":75.0,"event_name":"World of Goop","player_choice":"Gather Gold","floor":3.0,"gold_loss":0.0,"damage_taken":11.0},{"damage_healed":0.0,"max_hp_gain":5.0,"max_hp_loss":0.0,"gold_gain":0.0,"event_name":"Big Fish","player_choice":"Donut","floor":5.0,"gold_loss":0.0,"damage_taken":0.0},{"damage_healed":0.0,"max_hp_gain":0.0,"max_hp_loss":0.0,"gold_gain":100.0,"event_name":"Golden Shrine","player_choice":"Pray","floor":7.0,"gold_loss":0.0,"damage_taken":0.0},{"damage_healed":0.0,"max_hp_gain":0.0,"max_hp_loss":0.0,"gold_gain":0.0,"event_name":"The Library","player_choice":"Read","floor":21.0,"gold_loss":0.0,"damage_taken":0.0,"cards_obtained":["Consume"]},{"damage_healed":0.0,"max_hp_gain":0.0,"max_hp_loss":0.0,"gold_gain":0.0,"event_name":"MindBloom","player_choice":"Fight","floor":36.0,"gold_loss":0.0,"damage_taken":0.0},{"damage_healed":0.0,"max_hp_gain":0.0,"max_hp_loss":0.0,"gold_gain":0.0,"event_name":"Mysterious Sphere","player_choice":"Fight","floor":37.0,"gold_loss":0.0,"damage_taken":0.0},{"damage_healed":0,"gold_gain":0,"player_choice":"Relic","damage_taken":0,"max_hp_gain":0,"max_hp_loss":0,"event_name":"Wheel of Change","floor":44,"gold_loss":0},{"damage_healed":0,"gold_gain":0,"cards_transformed":["Crystallizer","Coolheaded"],"player_choice":"Became Test Subject","damage_taken":0,"max_hp_gain":0,"max_hp_loss":0,"event_name":"Drug Dealer","floor":82,"gold_loss":0,"cards_obtained":["Static Discharge","Crystallizer"]},{"damage_healed":0,"gold_gain":0,"player_choice":"Copied","damage_taken":0,"max_hp_gain":0,"max_hp_loss":0,"event_name":"Duplicator","floor":89,"gold_loss":0,"cards_obtained":["White Noise"]},{"damage_healed":0,"gold_gain":0,"player_choice":"Rummage","damage_taken":0,"relics_obtained":["WarpedTongs"],"max_hp_gain":0,"max_hp_loss":0,"event_name":"Accursed Blacksmith","floor":96,"gold_loss":0,"cards_obtained":["Pain"]},{"cards_removed":["Strike_B"],"damage_healed":0,"gold_gain":0,"player_choice":"Card Removal","damage_taken":0,"max_hp_gain":0,"max_hp_loss":0,"event_name":"The Cleric","floor":104,"gold_loss":50},{"damage_healed":0,"gold_gain":0,"player_choice":"Fought Mushrooms","damage_taken":0,"max_hp_gain":0,"max_hp_loss":0,"event_name":"Mushrooms","floor":107,"gold_loss":0},{"damage_healed":0,"gold_gain":0,"player_choice":"Grow","damage_taken":0,"max_hp_gain":0,"max_hp_loss":0,"event_name":"Living Wall","floor":116,"gold_loss":0,"cards_upgraded":["Consume"]},{"damage_healed":0,"gold_gain":0,"player_choice":"Obtained Book","damage_taken":16,"max_hp_gain":0,"max_hp_loss":0,"event_name":"Cursed Tome","floor":121,"gold_loss":0}],"is_beta":false,"boss_relics":[{"not_picked":["hubris:TerracottaHorce","hubris:GrandSneckoEye"],"picked":"Replay:Wanted Poster"},{"not_picked":["hubris:ScarierMask","ReplayTheSpireMod:SealedPack"],"picked":"Nuclear Battery"},{"not_picked":["Snecko Eye","Replay:Drink Me","Replay:Ancient Bell"]},{"not_picked":["Calling Bell","hubris:BlackHole","Sozu"]},{"not_picked":["Snecko Eye","ReplayTheSpireMod:DimensionalGlitch","ReplayTheSpireMod:SealedPack"]},{"not_picked":["infinitespire:Cupcake","Fusion Hammer"],"picked":"SacredBark"},{"not_picked":["Sozu","construct:ClawGrip"],"picked":"Black Star"}],"items_purged_floors":[0,2,4,38,58,62,70,75,88,105,123],"is_endless":true,"potions_floor_spawned":[1,6,10,14,18,20,23,25,30,31,39,40,45,47,48,50,59,61,65,73,74,79,90,98,99,103,114,118,124,126],"killed_by":"Nightmare_Alpha","ascension_level":2}}