{"host":"1v94wza6sq30pv3l","time":1611515650,"event":{"mods":["AchievementEnabler","BaseMod","Highlight Path","Minty Spire (QoL Compilation)"],"gold_per_floor":[113,113,129,129,144,170,170,200,226,301,301,317,317,351,351,455,455,469,469,3,15,49,49,78,78,127,127,160,175,175,190,190,295,295,312,330,78,91,141,141,192,221,233,264,276,364,376,610,622,634,646,658,105,140,140,140],"floor_reached":55,"language":"ENG","playtime":6742,"items_purged":["Parasite","Strike_B","Strike_B"],"score":784,"play_id":"c6409a4a-8bea-4b35-89cd-e3979e91a196","local_time":"20210124141410","is_ascension_mode":true,"campfire_choices":[{"floor":7,"key":"REST"},{"floor":11,"key":"REST"},{"data":"Streamline","floor":13,"key":"SMITH"},{"data":"Echo Form","floor":15,"key":"SMITH"},{"data":"Redo","floor":23,"key":"SMITH"},{"floor":25,"key":"REST"},{"floor":32,"key":"REST"},{"floor":40,"key":"RECALL"},{"data":"Sunder","floor":45,"key":"SMITH"},{"data":"Rainbow","floor":49,"key":"SMITH"},{"data":"Turbo","floor":52,"key":"SMITH"}],"circlet_count":0,"master_deck":["Strike_B","Defend_B+1","Defend_B","Defend_B","Zap","Dualcast","Turbo+1","Conserve Battery+1","Rebound","Echo Form+1","Streamline+1","Redo+1","Rainbow","Self Repair","Rainbow+1","Sunder+1","Compile Driver","Sunder+1","Glacier","Barrage+1","Machine Learning","Beam Cell+1","Conserve Battery+1","Redo+1","Blind"],"relics":["FrozenCore","PreservedInsect","Regal Pillow","Lantern","Ginger","Bottled Lightning","Tiny Chest","Red Mask","Gremlin Horn","Eternal Feather","Question Card","SlaversCollar","Happy Flower","Mango","Oddly Smooth Stone","MawBank","Juzu Bracelet","Mercury Hourglass","Cables","Frozen Eye","Vajra","Sundial"],"acts_visited":["Exordium","TheCity","TheBeyond","TheEnding"],"potions_floor_usage":[14,16,16,22,22,35,44,54,55],"damage_taken":[{"damage":0,"enemies":"Small Slimes","floor":1,"turns":3},{"damage":8,"enemies":"2 Louse","floor":3,"turns":2},{"damage":1,"enemies":"Jaw Worm","floor":5,"turns":2},{"damage":20,"enemies":"Lagavulin","floor":6,"turns":7},{"damage":8,"enemies":"Gremlin Nob","floor":8,"turns":3},{"damage":7,"enemies":"Large Slime","floor":12,"turns":5},{"damage":2,"enemies":"3 Sentries","floor":14,"turns":3},{"damage":36,"enemies":"Hexaghost","floor":16,"turns":8},{"damage":5,"enemies":"Spheric Guardian","floor":18,"turns":4},{"damage":0,"enemies":"Chosen","floor":21,"turns":4},{"damage":40,"enemies":"Masked Bandits","floor":22,"turns":5},{"damage":26,"enemies":"Book of Stabbing","floor":24,"turns":4},{"damage":21,"enemies":"Slavers","floor":28,"turns":4},{"damage":28,"enemies":"Snake Plant","floor":29,"turns":5},{"damage":8,"enemies":"Snecko","floor":31,"turns":4},{"damage":22,"enemies":"Automaton","floor":33,"turns":10},{"damage":14,"enemies":"3 Darklings","floor":35,"turns":5},{"damage":11,"enemies":"Orb Walker","floor":36,"turns":5},{"damage":22,"enemies":"3 Darklings","floor":38,"turns":5},{"damage":28,"enemies":"Mind Bloom Boss Battle","floor":39,"turns":5},{"damage":8,"enemies":"Nemesis","floor":42,"turns":5},{"damage":24,"enemies":"Sphere and 2 Shapes","floor":44,"turns":5},{"damage":60,"enemies":"Awakened One","floor":50,"turns":11},{"damage":42,"enemies":"Shield and Spear","floor":54,"turns":6},{"damage":63,"enemies":"The Heart","floor":55,"turns":6}],"seed_played":"-3362022184566585990","potions_obtained":[{"floor":3,"key":"AttackPotion"},{"floor":6,"key":"Explosive Potion"},{"floor":12,"key":"ColorlessPotion"},{"floor":16,"key":"Strength Potion"},{"floor":18,"key":"GamblersBrew"},{"floor":22,"key":"Fruit Juice"},{"floor":29,"key":"Block Potion"},{"floor":38,"key":"Fire Potion"},{"floor":42,"key":"Block Potion"}],"is_trial":false,"path_per_floor":["M","?","M","?","M","E","R","E","T","?","R","M","R","E","R","B",null,"M","?","$","M","?","R","E","R","T","?","E","M","T","M","R","B",null,"M","M","$","M","?","R","T","E","T","M","R","T","T","?","R","B",null,"R","$","E","B"],"character_chosen":"DEFECT","items_purchased":["Bottled Lightning","Tiny Chest","Happy Flower","Energy Potion","Frozen Eye","Vajra","Blind"],"campfire_rested":4,"item_purchase_floors":[20,20,37,53,53,53,53],"current_hp_per_floor":[82,75,67,51,50,30,54,46,46,35,74,67,67,65,65,29,82,77,77,77,79,51,51,25,65,65,65,51,30,30,29,81,66,84,77,80,80,65,58,70,70,69,69,52,67,67,67,67,82,29,98,98,98,63,0,0],"gold":140,"neow_bonus":"TEN_PERCENT_HP_BONUS","is_daily":false,"chose_seed":false,"campfire_upgraded":6,"win_rate":0.0,"timestamp":1611515650,"path_taken":["M","?","M","?","M","E","R","E","T","?","R","?","R","E","R","BOSS","M","?","$","?","?","R","E","R","T","?","E","M","?","M","R","BOSS","M","M","$","M","?","R","?","E","T","M","R","?","?","?","R","BOSS","R","$","E","BOSS"],"items_purchased_type":["Relic","Relic","Relic","Potion","Relic","Relic","Card"],"build_version":"2020-12-22","purchased_purges":3,"victory":false,"max_hp_per_floor":[82,82,82,82,82,82,82,82,82,82,82,82,82,82,82,82,82,82,82,79,79,84,84,84,84,84,84,84,84,84,84,84,84,84,84,84,84,84,98,98,98,98,98,98,98,98,98,98,98,98,98,98,98,98,98,98],"card_choices":[{"not_picked":["Steam","BootSequence"],"picked":"Turbo","floor":1},{"not_picked":["Stack","Coolheaded"],"picked":"Conserve Battery","floor":3},{"not_picked":["Beam Cell","Steam"],"picked":"Rebound","floor":5},{"not_picked":["Self Repair","Blizzard"],"picked":"Echo Form","floor":6},{"not_picked":["Fusion","Turbo","Recycle"],"picked":"SKIP","floor":8},{"not_picked":["White Noise","Stack"],"picked":"Streamline","floor":12},{"not_picked":["Rip and Tear","Turbo"],"picked":"Redo","floor":14},{"not_picked":["Thunder Strike","Core Surge"],"picked":"Rainbow","floor":16},{"not_picked":["Steam","Leap"],"picked":"Self Repair","floor":18},{"not_picked":["Go for the Eyes+1","Force Field"],"picked":"Sunder+1","floor":21},{"not_picked":["Redo","Reboot"],"picked":"Compile Driver","floor":22},{"not_picked":["Compile Driver+1","Hologram","Recycle"],"picked":"SKIP","floor":24},{"not_picked":["Stack+1","Steam","Hello World"],"picked":"SKIP","floor":28},{"not_picked":["Leap","Beam Cell"],"picked":"Glacier","floor":29},{"not_picked":["Redo","Streamline+1","Rip and Tear+1"],"picked":"Barrage+1","floor":31},{"not_picked":["Hyperbeam","Electrodynamics","Fission"],"picked":"Machine Learning","floor":33},{"not_picked":["Stack+1","Ball Lightning+1","Chill"],"picked":"Beam Cell+1","floor":35},{"not_picked":["Streamline","Sweeping Beam","Rainbow","Steam Power+1"],"picked":"SKIP","floor":36},{"not_picked":["Stack+1","Capacitor","Rip and Tear+1","Gash+1"],"picked":"SKIP","floor":38},{"not_picked":["Force Field","Recycle","Stack"],"picked":"Conserve Battery+1","floor":39},{"not_picked":["Conserve Battery","BootSequence","Sweeping Beam+1","Steam+1"],"picked":"SKIP","floor":42},{"not_picked":["Stack","Barrage","Beam Cell"],"picked":"Redo+1","floor":44},{"not_picked":["Recycle","Machine Learning","Beam Cell","Steam+1"],"picked":"SKIP","floor":54}],"player_experience":105953,"relics_obtained":[{"floor":6,"key":"PreservedInsect"},{"floor":8,"key":"Regal Pillow"},{"floor":9,"key":"Lantern"},{"floor":14,"key":"Ginger"},{"floor":22,"key":"Red Mask"},{"floor":24,"key":"Gremlin Horn"},{"floor":28,"key":"Eternal Feather"},{"floor":30,"key":"Question Card"},{"floor":39,"key":"Mango"},{"floor":41,"key":"Oddly Smooth Stone"},{"floor":42,"key":"MawBank"},{"floor":43,"key":"Juzu Bracelet"},{"floor":46,"key":"Mercury Hourglass"},{"floor":47,"key":"Cables"},{"floor":54,"key":"Sundial"}],"event_choices":[{"cards_removed":["Defend_B"],"damage_healed":0,"gold_gain":0,"player_choice":"Card Removal","damage_taken":7,"max_hp_gain":0,"max_hp_loss":0,"event_name":"Golden Wing","floor":2,"gold_loss":0},{"damage_healed":0,"gold_gain":0,"player_choice":"Entered Light","damage_taken":16,"max_hp_gain":0,"max_hp_loss":0,"event_name":"Shining Light","floor":4,"gold_loss":0,"cards_upgraded":["Conserve Battery","Defend_B"]},{"damage_healed":0,"gold_gain":75,"player_choice":"Gather Gold","damage_taken":11,"max_hp_gain":0,"max_hp_loss":0,"event_name":"World of Goop","floor":10,"gold_loss":0},{"damage_healed":0,"gold_gain":0,"player_choice":"2 cards matched","damage_taken":0,"max_hp_gain":0,"max_hp_loss":0,"event_name":"Match and Keep!","floor":19,"gold_loss":0,"cards_obtained":["Parasite","Rainbow"]},{"damage_healed":0,"gold_gain":0,"player_choice":"Fought Bandits","damage_taken":0,"max_hp_gain":0,"max_hp_loss":0,"event_name":"Masked Bandits","floor":22,"gold_loss":0},{"damage_healed":0,"gold_gain":0,"cards_transformed":["Strike_B"],"player_choice":"Transformed","damage_taken":0,"max_hp_gain":0,"max_hp_loss":0,"event_name":"Transmorgrifier","floor":27,"gold_loss":0,"cards_obtained":["Sunder"]},{"damage_healed":0,"gold_gain":0,"player_choice":"Fight","damage_taken":0,"max_hp_gain":0,"max_hp_loss":0,"event_name":"MindBloom","floor":39,"gold_loss":0},{"damage_healed":0,"gold_gain":222,"player_choice":"Wore Mask","damage_taken":0,"max_hp_gain":0,"max_hp_loss":0,"event_name":"Tomb of Lord Red Mask","floor":48,"gold_loss":0}],"is_beta":false,"boss_relics":[{"not_picked":["Sozu","Cursed Key"],"picked":"FrozenCore"},{"not_picked":["Fusion Hammer","Runic Pyramid"],"picked":"SlaversCollar"}],"items_purged_floors":[20,37,53],"is_endless":false,"potions_floor_spawned":[3,6,12,16,18,22,29,38,42],"killed_by":"The Heart","ascension_level":1}}