{"host":"yqa5il53nhlo2jdd","time":1611491177,"event":{"mods":["AchievementEnabler","Arknights The Spire","BaseMod","BetterRewards","Minty Spire (QoL Compilation)","StSLib","[IsaacMod]ÒÔÈö¼âËþ"],"gold_per_floor":[117,127,127,140,140,140,140,140,140],"floor_reached":8,"language":"ZHS","playtime":399,"items_purged":["ats:Strike G"],"score":60,"play_id":"38c0f915-630a-4489-bef0-43b88b0b1573","local_time":"20210124202617","is_ascension_mode":true,"campfire_choices":[{"data":"ats:Emotion Absorption","floor":6.0,"key":"SMITH"}],"circlet_count":0,"master_deck":["ats:Strike C","ats:Strike S","ats:Strike V","ats:Defend","ats:Defend","ats:Defend","ats:Defend","ats:Emotion Absorption+1"],"relics":["ats:Sanity","HushsDoor","D6","ClockworkSouvenir","Golden Idol"],"acts_visited":["Exordium"],"potions_floor_usage":[8],"damage_taken":[{"damage":6.0,"enemies":"Cultist","floor":1.0,"turns":5.0},{"damage":0.0,"enemies":"Small Slimes","floor":2.0,"turns":4.0},{"damage":0.0,"enemies":"2 Louse","floor":4.0,"turns":5.0},{"damage":87,"enemies":"Gremlin Nob","floor":8,"turns":6}],"seed_played":"284014903914479400","potions_obtained":[{"floor":1.0,"key":"DuplicationPotion"}],"is_trial":false,"path_per_floor":["M","M","?","M","?","R","?","E"],"character_chosen":"DOCTOR_CLASS","items_purchased":["ClockworkSouvenir"],"campfire_rested":0,"item_purchase_floors":[0],"current_hp_per_floor":[59,59,59,59,59,59,64,0,0],"gold":140,"neow_bonus":"","is_daily":false,"chose_seed":false,"campfire_upgraded":1,"win_rate":0.0,"timestamp":1611491177,"path_taken":["M","M","?","M","?","R","?","E"],"items_purchased_type":["Relic"],"build_version":"2020-12-22","purchased_purges":1,"victory":false,"max_hp_per_floor":[72,72,72,72,67,67,72,72,72],"card_choices":[{"not_picked":["ats:Spore Proliferation","ats:Powerful Strike","ats:Leaping Hammer"],"picked":"SKIP","floor":1.0},{"not_picked":["ats:Blood Oath","ats:Hammer On","Bomb"],"picked":"SKIP","floor":2.0},{"not_picked":["ats:Spore Proliferation","ats:Sword Rain","ats:Rapid Magazine"],"picked":"SKIP","floor":4.0}],"player_experience":682263,"relics_obtained":[],"event_choices":[{"cards_removed":["ats:Armor Crushing Shot"],"damage_healed":0.0,"max_hp_gain":0.0,"max_hp_loss":0.0,"gold_gain":0.0,"event_name":"Living Wall","player_choice":"Forget","floor":3.0,"gold_loss":0.0,"damage_taken":0.0},{"damage_healed":0.0,"max_hp_gain":0.0,"max_hp_loss":5.0,"gold_gain":0.0,"event_name":"Golden Idol","player_choice":"Lose Max HP","floor":5.0,"gold_loss":0.0,"damage_taken":0.0,"relics_obtained":["Golden Idol"]},{"damage_healed":0.0,"max_hp_gain":5.0,"max_hp_loss":0.0,"gold_gain":0.0,"event_name":"Big Fish","player_choice":"Donut","floor":7.0,"gold_loss":0.0,"damage_taken":0.0}],"is_beta":false,"boss_relics":[],"items_purged_floors":[0],"is_endless":false,"potions_floor_spawned":[1],"killed_by":"Gremlin Nob","ascension_level":6}}