{"host":"agbyy69nq62afhwx","time":1611519973,"event":{"mods":["BaseMod","Colored Map","DeckTracker","Highlight Path","Keyboard Shortcuts","Minty Spire (QoL Compilation)","Quick Restart","StSLib","SuperFastMode","everything is the same but u backflip on backflip"],"gold_per_floor":[14,14,32,46,46,74,74,104,157,177,194,194,208,224,224,301,301,320,320,331,331,331,359,359,359,359],"floor_reached":25,"language":"KOR","playtime":503,"items_purged":[],"score":409,"play_id":"6318af02-1d86-40d1-b85f-357b1b7a7d0c","local_time":"20210125052613","is_ascension_mode":true,"campfire_choices":[{"data":"ClearTheMind","floor":7.0,"key":"SMITH"},{"data":"WheelKick","floor":15.0,"key":"SMITH"}],"circlet_count":0,"master_deck":["AscendersBane","Defend_P","Defend_P","Defend_P","Defend_P","Eruption+1","Vigilance","Master of Strategy","ReachHeaven","ClearTheMind+1","FollowUp","WheelKick+1","SpiritShield","Tantrum","Bite","Bite","Bite","Bite","Bite"],"relics":["PureWater","Singing Bowl","Akabeko","Bag of Marbles","Philosopher\u0027s Stone","Enchiridion","Blood Vial","Letter Opener"],"acts_visited":["Exordium","TheCity"],"potions_floor_usage":[],"damage_taken":[{"damage":0.0,"enemies":"Cultist","floor":1.0,"turns":3.0},{"damage":7.0,"enemies":"Small Slimes","floor":3.0,"turns":3.0},{"damage":0.0,"enemies":"2 Louse","floor":4.0,"turns":1.0},{"damage":35.0,"enemies":"Lagavulin","floor":6.0,"turns":5.0},{"damage":17.0,"enemies":"3 Sentries","floor":8.0,"turns":6.0},{"damage":1.0,"enemies":"Looter","floor":10.0,"turns":2.0},{"damage":0.0,"enemies":"3 Louse","floor":11.0,"turns":1.0},{"damage":0.0,"enemies":"Exordium Wildlife","floor":13.0,"turns":2.0},{"damage":3.0,"enemies":"Blue Slaver","floor":14.0,"turns":2.0},{"damage":36.0,"enemies":"The Guardian","floor":16.0,"turns":5.0},{"damage":0.0,"enemies":"Chosen","floor":18.0,"turns":3.0},{"damage":0.0,"enemies":"3 Byrds","floor":20.0,"turns":3.0},{"damage":27,"enemies":"Slavers","floor":23,"turns":4},{"damage":39,"enemies":"Snake Plant","floor":25,"turns":2}],"seed_played":"6846126189734964566","potions_obtained":[{"floor":4.0,"key":"Energy Potion"},{"floor":8.0,"key":"Weak Potion"},{"floor":16.0,"key":"AttackPotion"}],"is_trial":false,"path_per_floor":["M","?","M","M","?","E","R","E","T","M","M","?","M","M","R","B",null,"M","?","M","?","?","E","T","M"],"character_chosen":"WATCHER","items_purchased":[],"campfire_rested":0,"item_purchase_floors":[],"current_hp_per_floor":[65,65,58,58,58,25,25,8,8,9,11,78,80,77,77,41,70,70,70,72,57,41,26,26,0,0],"gold":359,"neow_bonus":"RANDOM_COLORLESS_2","is_daily":false,"chose_seed":false,"campfire_upgraded":2,"win_rate":0.0,"timestamp":1611519973,"path_taken":["M","?","?","M","?","E","R","E","T","M","M","?","?","M","R","BOSS","M","?","M","?","?","E","?","M"],"items_purchased_type":[],"build_version":"2020-12-22","purchased_purges":0,"victory":false,"max_hp_per_floor":[72,72,72,72,72,74,74,74,74,76,78,78,80,80,80,80,80,80,80,82,57,57,59,59,59,59],"card_choices":[{"not_picked":["Transmutation","Chrysalis"],"picked":"Master of Strategy","floor":0.0},{"not_picked":["EmptyBody","JustLucky"],"picked":"ReachHeaven","floor":1.0},{"not_picked":["SashWhip","ThirdEye"],"picked":"ClearTheMind","floor":3.0},{"not_picked":["SashWhip","Swivel"],"picked":"FearNoEvil","floor":4.0},{"not_picked":["InnerPeace","Wireheading","FlyingSleeves"],"picked":"Singing Bowl","floor":6.0},{"not_picked":["Wireheading","FearNoEvil"],"picked":"FollowUp","floor":8.0},{"not_picked":["Fasting2","ClearTheMind","Consecrate"],"picked":"Singing Bowl","floor":10.0},{"not_picked":["Pray","WaveOfTheHand","Fasting2"],"picked":"Singing Bowl","floor":11.0},{"not_picked":["Nirvana","SignatureMove","Protect"],"picked":"Singing Bowl","floor":13.0},{"not_picked":["Evaluate","CrushJoints"],"picked":"WheelKick","floor":14.0},{"not_picked":["LessonLearned","Establishment"],"picked":"SpiritShield","floor":16.0},{"not_picked":["Protect","InnerPeace"],"picked":"Tantrum","floor":18.0},{"not_picked":["FollowUp","EmptyFist","CrushJoints"],"picked":"Singing Bowl","floor":20.0},{"not_picked":["Consecrate+1","Evaluate","Crescendo"],"picked":"Singing Bowl","floor":23}],"player_experience":466999,"relics_obtained":[{"floor":6.0,"key":"Singing Bowl"},{"floor":8.0,"key":"Akabeko"},{"floor":9.0,"key":"Bag of Marbles"},{"floor":22.0,"key":"Enchiridion"},{"floor":23,"key":"Blood Vial"},{"floor":24,"key":"Letter Opener"}],"event_choices":[{"damage_healed":0.0,"max_hp_gain":0.0,"max_hp_loss":0.0,"gold_gain":0.0,"event_name":"Upgrade Shrine","player_choice":"Upgraded","floor":2.0,"gold_loss":0.0,"damage_taken":0.0,"cards_upgraded":["Eruption"]},{"damage_healed":0.0,"max_hp_gain":0.0,"max_hp_loss":0.0,"gold_gain":0.0,"event_name":"Liars Game","player_choice":"Ignored","floor":5.0,"gold_loss":0.0,"damage_taken":0.0},{"cards_removed":["FearNoEvil"],"damage_healed":67.0,"max_hp_gain":0.0,"max_hp_loss":0.0,"gold_gain":0.0,"event_name":"Bonfire Elementals","player_choice":"Offered Uncommon","floor":12.0,"gold_loss":0.0,"damage_taken":0.0},{"damage_healed":0.0,"max_hp_gain":0.0,"max_hp_loss":0.0,"gold_gain":0.0,"event_name":"The Mausoleum","player_choice":"Ignored","floor":19.0,"gold_loss":0.0,"damage_taken":0.0},{"damage_healed":0.0,"max_hp_gain":0.0,"max_hp_loss":25.0,"gold_gain":0.0,"event_name":"Vampires","player_choice":"Became a vampire","floor":21.0,"gold_loss":0.0,"damage_taken":0.0,"cards_obtained":["Bite","Bite","Bite","Bite","Bite"]},{"damage_healed":0.0,"max_hp_gain":0.0,"max_hp_loss":0.0,"gold_gain":0.0,"event_name":"Cursed Tome","player_choice":"Obtained Book","floor":22.0,"gold_loss":0.0,"damage_taken":16.0}],"is_beta":false,"boss_relics":[{"not_picked":["Astrolabe","Runic Dome"],"picked":"Philosopher\u0027s Stone"}],"items_purged_floors":[],"is_endless":false,"potions_floor_spawned":[4,8,10,11,16,20,23],"killed_by":"Snake Plant","ascension_level":13}}