{"host":"s41rn2jhghpwfrvz","time":1611513255,"event":{"mods":["BaseMod","Minty Spire (QoL Compilation)","Quick Restart","Relic Stats","SuperFastMode"],"gold_per_floor":[117,134,149,165,90,117,137,110,110,135,60,87,113,113,113,113,113],"floor_reached":16,"language":"ENG","playtime":514,"items_purged":["Calculated Gamble"],"score":364,"play_id":"4999daf1-8dbb-409a-997f-4e47752d9368","local_time":"20210124203415","daily_mods":["SealedDeck","Diverse","DeadlyEvents"],"is_ascension_mode":true,"campfire_choices":[{"data":"Recycle","floor":15,"key":"SMITH"}],"circlet_count":0,"master_deck":["AscendersBane","Protect","Sweeping Beam","Dagger Spray","Flex","Recycle+1","Wallop","Shrug It Off","Genetic Algorithm","Offering","Shrug It Off"],"relics":["Burning Blood","Ginger","InkBottle","Sundial","Nunchaku","The Courier"],"acts_visited":["Exordium"],"potions_floor_usage":[10,10,13],"damage_taken":[{"damage":0,"enemies":"Cultist","floor":1,"turns":4},{"damage":12,"enemies":"2 Louse","floor":2,"turns":2},{"damage":1,"enemies":"Small Slimes","floor":3,"turns":4},{"damage":12,"enemies":"Exordium Wildlife","floor":4,"turns":4},{"damage":25,"enemies":"3 Sentries","floor":6,"turns":12},{"damage":11,"enemies":"Large Slime","floor":7,"turns":5},{"damage":8,"enemies":"Exordium Thugs","floor":8,"turns":4},{"damage":0,"enemies":"Lagavulin","floor":10,"turns":6},{"damage":41,"enemies":"Gremlin Nob","floor":12,"turns":5},{"damage":6,"enemies":"3 Sentries","floor":13,"turns":2},{"damage":12,"enemies":"Hexaghost","floor":16,"turns":9}],"seed_played":"8352397359771850753","potions_obtained":[{"floor":1,"key":"SkillPotion"},{"floor":6,"key":"ColorlessPotion"},{"floor":10,"key":"Explosive Potion"}],"is_trial":true,"path_per_floor":["M","M","M","M","?","E","M","M","T","E","$","E","E","T","R","B"],"character_chosen":"IRONCLAD","items_purchased":[],"campfire_rested":0,"item_purchase_floors":[],"current_hp_per_floor":[74,68,73,67,67,48,43,41,41,47,47,12,12,12,12,0,0],"gold":113,"neow_bonus":"","is_daily":false,"chose_seed":false,"campfire_upgraded":1,"win_rate":0.0,"timestamp":1611513255,"path_taken":["M","?","?","M","?","E","M","?","T","E","$","?","E","?","R","BOSS"],"items_purchased_type":[],"build_version":"2020-12-22","purchased_purges":1,"victory":false,"max_hp_per_floor":[75,75,75,75,75,75,75,75,75,75,75,75,75,75,75,75,75],"relic_stats":{"Nunchaku":[1],"counters":[11,57],"Sundial":[6],"Ginger":[3],"obtain_stats":[{"Nunchaku":13,"Sundial":12,"The Courier":14,"Ginger":6,"Burning Blood":0,"InkBottle":10},{"Nunchaku":10,"Sundial":9,"The Courier":10,"Ginger":5,"Burning Blood":0,"InkBottle":8},{"Nunchaku":48,"Sundial":46,"The Courier":48,"Ginger":26,"Burning Blood":0,"InkBottle":41}],"Burning Blood":60,"InkBottle":[6]},"card_choices":[{"not_picked":["PathToVictory","Flying Knee","FollowUp"],"picked":"SKIP","floor":1},{"not_picked":["Clash","Halt","Dagger Spray"],"picked":"SKIP","floor":2},{"not_picked":["Sucker Punch","Capacitor","Cloak And Dagger"],"picked":"SKIP","floor":3},{"not_picked":["BowlingBash","Storm","Rebound"],"picked":"SKIP","floor":4},{"not_picked":["Uppercut","Protect","EmptyMind"],"picked":"SKIP","floor":6},{"not_picked":["Redo","Flechettes","Omniscience"],"picked":"SKIP","floor":7},{"not_picked":["Fasting2","Iron Wave","Inflame"],"picked":"SKIP","floor":8},{"not_picked":["CarveReality","Backstab","Armaments"],"picked":"SKIP","floor":10},{"not_picked":["Dagger Spray","Cleave"],"picked":"Offering","floor":12},{"not_picked":["Capacitor","Burning Pact"],"picked":"Shrug It Off","floor":13}],"player_experience":1851290,"relics_obtained":[{"floor":6,"key":"Ginger"},{"floor":10,"key":"InkBottle"},{"floor":12,"key":"Sundial"},{"floor":13,"key":"Nunchaku"},{"floor":14,"key":"The Courier"}],"event_choices":[{"cards_removed":["Storm"],"damage_healed":0,"gold_gain":0,"player_choice":"Card Removal","damage_taken":0,"max_hp_gain":0,"max_hp_loss":0,"event_name":"The Cleric","floor":5,"gold_loss":75}],"is_beta":false,"boss_relics":[],"items_purged_floors":[11],"is_endless":false,"potions_floor_spawned":[1,6,8,10],"killed_by":"Hexaghost","ascension_level":20}}