{"host":"pf47v7h0307523iy","time":1611474856,"event":{"mods":["BaseMod","Minty Spire (QoL Compilation)","Relic Stats"],"gold_per_floor":[115,115,26,26,37,63,4,4,30,30,59,82,101,101,101],"floor_reached":14,"language":"ENG","playtime":410,"items_purged":[],"score":242,"play_id":"347994cf-797d-4ba4-bf5f-4acc7f7c4abf","local_time":"20210124095416","is_ascension_mode":true,"campfire_choices":[{"data":"Well Laid Plans","floor":8,"key":"SMITH"},{"data":"Dagger Spray","floor":10,"key":"SMITH"}],"circlet_count":0,"master_deck":["AscendersBane","Strike_G","Strike_G","Strike_G","Strike_G","Strike_G","Defend_G","Defend_G","Defend_G","Defend_G","Defend_G","Survivor","Neutralize","Backflip","Well Laid Plans+1","Dagger Spray+1","PiercingWail+1","Dodge and Roll+1","PiercingWail+1","Dodge and Roll+1"],"relics":["Ring of the Snake","NeowsBlessing","Toxic Egg 2","Dream Catcher","Snake Skull","Lantern"],"acts_visited":["Exordium"],"potions_floor_usage":[11,14],"damage_taken":[{"damage":0,"enemies":"2 Louse","floor":1,"turns":1},{"damage":0,"enemies":"Cultist","floor":5,"turns":1},{"damage":0,"enemies":"Lagavulin","floor":6,"turns":1},{"damage":1,"enemies":"3 Sentries","floor":11,"turns":8},{"damage":0,"enemies":"Jaw Worm","floor":13,"turns":6},{"damage":38,"enemies":"Gremlin Nob","floor":14,"turns":5}],"seed_played":"7070585040776810715","potions_obtained":[{"floor":2,"key":"EssenceOfSteel"},{"floor":2,"key":"AttackPotion"},{"floor":13,"key":"SpeedPotion"}],"is_trial":false,"path_per_floor":["M","?","$","$","M","E","$","R","T","R","E","T","M","E"],"character_chosen":"THE_SILENT","items_purchased":["Well Laid Plans","Dodge and Roll+1"],"campfire_rested":0,"item_purchase_floors":[3,7],"current_hp_per_floor":[59,59,59,59,59,59,59,59,59,59,58,58,58,20,20],"gold":101,"neow_bonus":"THREE_ENEMY_KILL","is_daily":false,"chose_seed":false,"campfire_upgraded":2,"win_rate":0.0,"timestamp":1611474856,"path_taken":["M","?","?","$","M","E","$","R","T","R","E","?","?","E"],"items_purchased_type":["Card","Card"],"build_version":"2020-12-22","purchased_purges":0,"victory":false,"max_hp_per_floor":[66,66,66,66,66,66,66,66,66,66,66,66,66,66,66],"relic_stats":{"Dream Catcher":0,"counters":[6,22],"Snake Skull":[0],"obtain_stats":[{"Dream Catcher":9,"Lantern":12,"NeowsBlessing":0,"Snake Skull":11,"Toxic Egg 2":6,"Ring of the Snake":0},{"Dream Catcher":3,"Lantern":4,"NeowsBlessing":0,"Snake Skull":4,"Toxic Egg 2":3,"Ring of the Snake":0},{"Dream Catcher":3,"Lantern":11,"NeowsBlessing":0,"Snake Skull":11,"Toxic Egg 2":3,"Ring of the Snake":0}],"Ring of the Snake":[12]},"card_choices":[{"not_picked":["Dodge and Roll","Catalyst"],"picked":"Backflip","floor":1},{"not_picked":["Cloak And Dagger","Flying Knee"],"picked":"Dagger Spray","floor":5},{"not_picked":["Heel Hook","Infinite Blades"],"picked":"PiercingWail+1","floor":6},{"not_picked":["Blade Dance+1","Backstab"],"picked":"PiercingWail+1","floor":11},{"not_picked":["Acrobatics+1","Backstab"],"picked":"Dodge and Roll+1","floor":13}],"player_experience":1697473,"relics_obtained":[{"floor":6,"key":"Toxic Egg 2"},{"floor":9,"key":"Dream Catcher"},{"floor":11,"key":"Snake Skull"},{"floor":12,"key":"Lantern"}],"event_choices":[{"damage_healed":0,"gold_gain":0,"player_choice":"Got Potions","damage_taken":0,"max_hp_gain":0,"max_hp_loss":0,"event_name":"Lab","floor":2,"gold_loss":0}],"is_beta":false,"boss_relics":[],"items_purged_floors":[],"is_endless":false,"potions_floor_spawned":[13],"killed_by":"Gremlin Nob","ascension_level":20}}