{"host":"pf47v7h0307523iy","time":1611470025,"event":{"mods":["BaseMod","Minty Spire (QoL Compilation)","Relic Stats"],"gold_per_floor":[111,111,111,36,36,36,76,76,147,172,172,196,196,241,241,346,346,374,333,44,44,53,65,102,114,152,185,218,249,261,299,311,323,323],"floor_reached":33,"language":"ENG","playtime":2003,"items_purged":["Strike_G"],"score":560,"play_id":"162a0c30-10fa-4be3-b770-e755f2cc31b5","local_time":"20210124083345","is_ascension_mode":true,"campfire_choices":[{"data":"Noxious Fumes","floor":6,"key":"SMITH"},{"data":"Deadly Poison","floor":8,"key":"SMITH"},{"data":"Dagger Spray","floor":13,"key":"SMITH"},{"data":"Neutralize","floor":15,"key":"SMITH"},{"floor":23,"key":"REST"},{"data":"After Image","floor":25,"key":"SMITH"},{"data":"Blur","floor":30,"key":"SMITH"},{"data":"Deflect","floor":32,"key":"SMITH"}],"circlet_count":0,"master_deck":["AscendersBane","Defend_G","Defend_G","Defend_G","Defend_G","Defend_G","Survivor","Neutralize+1","Deadly Poison+1","Noxious Fumes+1","Deadly Poison","Dagger Spray+1","Blur+1","After Image+1","Deflect+1","PiercingWail+1","Shame","Prepared+1","Calculated Gamble+1","Backflip+1","Deflect+1","Dodge and Roll+1"],"relics":["Ring of the Snake","NeowsBlessing","Bloody Idol","Kunai","Pear","FaceOfCleric","CeramicFish","Empty Cage","Toxic Egg 2","MawBank","Akabeko"],"acts_visited":["Exordium","TheCity"],"potions_floor_usage":[14,14,16,29,33],"damage_taken":[{"damage":0,"enemies":"Jaw Worm","floor":1,"turns":1},{"damage":0,"enemies":"Lagavulin","floor":7,"turns":1},{"damage":0,"enemies":"2 Louse","floor":10,"turns":1},{"damage":0,"enemies":"Small Slimes","floor":12,"turns":4},{"damage":24,"enemies":"Gremlin Nob","floor":14,"turns":4},{"damage":35,"enemies":"Slime Boss","floor":16,"turns":10},{"damage":14,"enemies":"Spheric Guardian","floor":18,"turns":7},{"damage":28,"enemies":"2 Thieves","floor":19,"turns":5},{"damage":21,"enemies":"Snake Plant","floor":24,"turns":5},{"damage":44,"enemies":"Centurion and Healer","floor":27,"turns":11},{"damage":5,"enemies":"3 Cultists","floor":28,"turns":5},{"damage":0,"enemies":"Snecko","floor":29,"turns":5},{"damage":3,"enemies":"Snake Plant","floor":31,"turns":6},{"damage":90,"enemies":"Champ","floor":33,"turns":14}],"seed_played":"-8674324148320754843","potions_obtained":[{"floor":1,"key":"Poison Potion"},{"floor":7,"key":"Weak Potion"},{"floor":14,"key":"DistilledChaos"},{"floor":28,"key":"AttackPotion"},{"floor":29,"key":"SneckoOil"}],"is_trial":false,"path_per_floor":["M","?","?","$","?","R","E","R","T","M","?","M","R","E","R","B",null,"M","M","$","?","?","R","M","R","T","M","M","M","R","M","R","B"],"character_chosen":"THE_SILENT","items_purchased":["Toxic Egg 2","PiercingWail+1"],"campfire_rested":1,"item_purchase_floors":[20,20],"current_hp_per_floor":[59,59,59,59,52,52,52,52,62,62,62,63,63,40,40,6,56,43,16,16,16,21,48,43,48,58,30,41,57,62,75,80,0,0],"gold":323,"neow_bonus":"THREE_ENEMY_KILL","is_daily":false,"chose_seed":false,"campfire_upgraded":7,"win_rate":0.0,"timestamp":1611470025,"path_taken":["M","?","?","$","?","R","E","R","T","M","?","?","R","E","R","BOSS","M","M","$","?","?","R","M","R","T","M","M","M","R","M","R","BOSS"],"items_purchased_type":["Relic","Card"],"build_version":"2020-12-22","purchased_purges":1,"victory":false,"max_hp_per_floor":[66,60,60,60,60,60,60,60,70,70,70,71,71,72,72,73,73,74,75,75,75,75,75,76,76,76,77,78,79,79,80,80,80,80],"relic_stats":{"FaceOfCleric":10,"counters":[14,79],"Bloody Idol":110,"CeramicFish":90,"Kunai":[3],"MawBank":132,"obtain_stats":[{"Pear":9,"NeowsBlessing":0,"FaceOfCleric":11,"Golden Idol":2,"CeramicFish":14,"Bloody Idol":21,"Kunai":7,"Toxic Egg 2":20,"Empty Cage":17,"MawBank":22,"Akabeko":26,"Ring of the Snake":0},{"Pear":2,"NeowsBlessing":0,"FaceOfCleric":3,"Golden Idol":1,"CeramicFish":5,"Bloody Idol":8,"Kunai":2,"Toxic Egg 2":8,"Empty Cage":6,"MawBank":8,"Akabeko":9,"Ring of the Snake":0},{"Pear":2,"NeowsBlessing":0,"FaceOfCleric":3,"Golden Idol":1,"CeramicFish":11,"Bloody Idol":33,"Kunai":2,"Toxic Egg 2":33,"Empty Cage":21,"MawBank":33,"Akabeko":38,"Ring of the Snake":0}],"Ring of the Snake":[28]},"card_choices":[{"not_picked":["Blur","Predator"],"picked":"Deadly Poison","floor":1},{"not_picked":["Concentrate","Sucker Punch"],"picked":"Deadly Poison","floor":7},{"not_picked":["Quick Slash","Flying Knee"],"picked":"Dagger Spray","floor":10},{"not_picked":["Dagger Spray","Endless Agony","Acrobatics"],"picked":"SKIP","floor":12},{"not_picked":["Storm of Steel","Finisher"],"picked":"Blur","floor":14},{"not_picked":["Unload","Phantasmal Killer"],"picked":"After Image","floor":16},{"not_picked":["Blur","Reflex"],"picked":"Deflect","floor":18},{"not_picked":["Sucker Punch","Dagger Spray","Outmaneuver"],"picked":"SKIP","floor":19},{"not_picked":["Eviscerate+1","Bane"],"picked":"Prepared+1","floor":24},{"not_picked":["Sucker Punch","Infinite Blades"],"picked":"Calculated Gamble+1","floor":27},{"not_picked":["Dagger Spray","Outmaneuver+1"],"picked":"Backflip+1","floor":28},{"not_picked":["Cloak And Dagger+1","PiercingWail+1"],"picked":"Deflect+1","floor":29},{"not_picked":["Dagger Spray","Deadly Poison+1"],"picked":"Dodge and Roll+1","floor":31}],"player_experience":1694961,"relics_obtained":[{"floor":7,"key":"Kunai"},{"floor":9,"key":"Pear"},{"floor":14,"key":"CeramicFish"},{"floor":26,"key":"Akabeko"}],"event_choices":[{"damage_healed":0,"gold_gain":0,"player_choice":"Lose Max HP","damage_taken":0,"relics_obtained":["Golden Idol"],"max_hp_gain":0,"max_hp_loss":6,"event_name":"Golden Idol","floor":2,"gold_loss":0},{"damage_healed":0,"gold_gain":0,"cards_transformed":["Strike_G"],"player_choice":"Change","damage_taken":0,"max_hp_gain":0,"max_hp_loss":0,"event_name":"Living Wall","floor":3,"gold_loss":0,"cards_obtained":["Noxious Fumes"]},{"cards_removed":["Strike_G"],"damage_healed":0,"gold_gain":0,"player_choice":"Card Removal","damage_taken":7,"max_hp_gain":0,"max_hp_loss":0,"event_name":"Golden Wing","floor":5,"gold_loss":0},{"damage_healed":0,"gold_gain":0,"player_choice":"Trade","damage_taken":0,"relics_obtained":["FaceOfCleric"],"max_hp_gain":0,"max_hp_loss":0,"event_name":"FaceTrader","floor":11,"gold_loss":0},{"damage_healed":0,"gold_gain":0,"player_choice":"Gave Idol","damage_taken":0,"relics_obtained":["Bloody Idol"],"max_hp_gain":0,"max_hp_loss":0,"event_name":"Forgotten Altar","floor":21,"relics_lost":["Golden Idol"],"gold_loss":0},{"damage_healed":0,"gold_gain":0,"player_choice":"Stole Relic","damage_taken":0,"relics_obtained":["MawBank"],"max_hp_gain":0,"max_hp_loss":0,"event_name":"Addict","floor":22,"gold_loss":0,"cards_obtained":["Shame"]}],"is_beta":false,"boss_relics":[{"not_picked":["WristBlade","Velvet Choker"],"picked":"Empty Cage"}],"items_purged_floors":[4],"is_endless":false,"potions_floor_spawned":[1,7,14,28,29],"killed_by":"Champ","ascension_level":20}}