{"host":"rn4c402gwd40h2z6","time":1611506129,"event":{"mods":["100% Spire Juice","AchievementEnabler","Act Like it!","BaseMod","CapriCore","Challenge The Spire","Data Control","Downfall","Gensokyo","Good Game Mod","Hallownest","Infinite Spire","KinomotoSakuraMod(Ä¾Ö®±¾Ó£)","Koishi","Lobotomy","LobotomyExtend","Marisa£¨ìFÓê¡¡Ä§ÀíÉ³£©","Minty Spire (QoL Compilation)","Pale of the Ancients","Quick Restart","Random Character Button","Reimu£¨²©ÀöÁéÃÎ£©","Relic Filter Mod","Remilia£¨ÀÙÃ×ÀòÑÇ£©","Replay The Spire","RumiaBox-Â¶Ã×æ«µÄÉñÃØºÐ×Ó","StSLib","Td1madao Mod","The Administrix","The Alterego","The Animator","The Bug Knight","The Construct","The Cursed","The Immortal","The Saiyan","The Senshi","UnlockEverythingMod","Yakumo Yukari mod","Youmu£¨»êÆÇÑýÃÎ£©","Yuyuko","noobMod","¡¾¹¦ÄÜMod¡¿»ìãçÖ®»·ÐÞ¸´²¹¶¡"],"gold_per_floor":[10009,10012,9999,9999,9999,10027,9999,10023,9999,10034,10017,10031,9999,10012,9999,9999,9999,10016,9999,9999,9999,9999,10033,9999,9999,9999,9999,10019,10023,9999,10032,9999,9999,9999,10016,9999,10017,9999,9999,10016,10031,10013,10022,10017,10029,9999,10028,9999,9999,9999,9999],"floor_reached":50,"language":"ZHS","playtime":4877,"items_purged":["Defend_P","Defend_P","Strike_P+1","Decay","Hallucinations","Strike_P+1"],"score":1849,"play_id":"35260ea6-4e9f-4864-ab49-d8a02b152b66","local_time":"20210125003528","is_ascension_mode":true,"campfire_choices":[{"floor":15,"key":"RECALL"},{"data":"champ:HeavySlash","floor":24,"key":"SMITH"},{"floor":27,"key":"REST"},{"floor":32,"key":"REST"},{"data":"Vigilance","floor":49,"key":"SMITH"}],"circlet_count":0,"master_deck":["WhiteNight","AscendersBane","Eruption","Vigilance+1","champ:HeavySlash+1","MeatLantern","Consecrate","WallGazer","WheelKick","Porccubus","SpiderBud","Consecrate","ReachHeaven","Conclude+1","OSAHOGD","Devotion","VoidDream","ReachHeaven","Brilliance","Worship","Gensokyo:FourOfAKind","Gensokyo:FourOfAKind+1","Gensokyo:FourOfAKind+1","Gensokyo:FourOfAKind","Ragnarok","Secret Weapon","CutThroughFate","infinitespire:UltimateForm","SpiritShield","Protect","RedShoes","Alpha","UniverseFragment","ConjureBlade","Rudolta","Prostrate","LittlePrince","Pray+1","Replay:Hum","Scorched","QueenOfHatred","BeautyBeast","NothingThere","Ragnarok+1","Mercenary","FlyingSleeves+1","NakedNest"],"relics":["PureWater","REME:ComplimentaryCards","ice","CogitoBucket","LetterFromLob","Baka2","Sundial","CloakClasp","theSenshi:SailorFukuRelic","Frozen Eye","WingedGreaves","MealTicket","Pet Ghost","Sling","MagicDraw1","MagicDraw4","Bird Faced Urn","SkinProphecy","Kintsugi","SSSystem","Mastiff:ReiMu","Bronze Scales","TentaclePot:ReiMu","Gremlin Food","infinitespire:FocusingShard","ReplayTheSpireMod:ShopPack","GodSword3","Replay:Bottled Snecko","HollowMod:PaleOreRelic","DeathAngel","Mercury Hourglass","Tiny House","BackwardClock","AtMidnight","Tea:ReiMu","StrikeDummy","Guardian:PocketSentry","Replay:Bandana","Snack Pack","MawBank"],"acts_visited":["Exordium","Gensokyo:Gensokyoer","TheBeyond"],"potions_floor_usage":[],"damage_taken":[{"damage":0,"enemies":"Cultist","floor":1,"turns":3},{"damage":0,"enemies":"Jaw Worm","floor":2,"turns":1},{"damage":18,"enemies":"3 Sentries","floor":6,"turns":1},{"damage":2,"enemies":"Gremlin Nob","floor":10,"turns":1},{"damage":0,"enemies":"Small Slimes","floor":11,"turns":1},{"damage":2,"enemies":"3 Sentries","floor":12,"turns":1},{"damage":0,"enemies":"Exordium Thugs","floor":14,"turns":1},{"damage":2,"enemies":"Hexaghost","floor":16,"turns":4},{"damage":7,"enemies":"Gensokyo:AngelMirror","floor":18,"turns":1},{"damage":28,"enemies":"Gensokyo:Tenshi","floor":23,"turns":2},{"damage":1,"enemies":"Gensokyo:CosmicMonolith","floor":28,"turns":2},{"damage":30,"enemies":"Gensokyo:Slime_Group","floor":30,"turns":5},{"damage":35,"enemies":"Nightmare","floor":31,"turns":3},{"damage":2,"enemies":"Gensokyo:Kaguya","floor":33,"turns":2},{"damage":0,"enemies":"Orb Walker","floor":35,"turns":1},{"damage":3,"enemies":"3 Darklings","floor":37,"turns":3},{"damage":2,"enemies":"Transient","floor":40,"turns":1},{"damage":2,"enemies":"Nightmare","floor":41,"turns":1},{"damage":0,"enemies":"Spire Growth","floor":42,"turns":1},{"damage":2,"enemies":"HollowMod:SlobberingHusk","floor":44,"turns":2},{"damage":0,"enemies":"HollowMod:StalkingDevout","floor":45,"turns":1},{"damage":0,"enemies":"Reptomancer","floor":47,"turns":1},{"damage":123,"enemies":"Time Eater","floor":50,"turns":1}],"seed_played":"958289632197514112","potions_obtained":[{"floor":1,"key":"FearPotion"},{"floor":6,"key":"ZuzhouPotion:ReiMu"}],"is_trial":false,"path_per_floor":["M","M","?","$","?","E","$","T","T","E","M","E","?","M","R","B",null,"M","T","$","?","$","E","R","AVR","T","R","M","T","M","NM","R","B",null,"M","?","M","AVR","?","M","NM","M","T","M","E","T","E","?","R","B"],"character_chosen":"WATCHER","items_purchased":["CloakClasp","theSenshi:SailorFukuRelic","Frozen Eye","LessonLearned","MealTicket","Pet Ghost","Sling","LessonLearned","Apotheosis","Brilliance","Worship","Mastiff:ReiMu","Bronze Scales","TentaclePot:ReiMu","Gremlin Food","infinitespire:FocusingShard","ReplayTheSpireMod:ShopPack","Ragnarok"],"campfire_rested":2,"item_purchase_floors":[4,4,4,4,7,7,7,7,7,20,20,20,20,20,22,22,22,22],"current_hp_per_floor":[61,61,43,43,43,37,37,37,37,35,35,33,33,35,35,70,71,66,66,74,49,49,33,33,33,33,49,49,49,63,41,41,71,71,74,74,84,84,84,86,88,90,90,94,96,96,98,98,98,0,0],"gold":9999,"neow_bonus":"","is_daily":false,"chose_seed":false,"campfire_upgraded":2,"win_rate":0.0,"timestamp":1611506128,"path_taken":["M","M","?","$","?","E","$","?","T","E","?","E","?","M","R","BOSS","M","?","?","?","$","E","R","AVR","T","R","?","?","M","NM","R","BOSS","M","?","M","AVR","?","?","NM","M","T","M","E","?","E","?","R","BOSS"],"items_purchased_type":["Relic","Relic","Relic","Card","Relic","Relic","Relic","Card","Card","Card","Card","Relic","Relic","Relic","Relic","Relic","Relic","Card"],"build_version":"2020-12-22","purchased_purges":6,"victory":false,"max_hp_per_floor":[68,68,68,68,68,68,68,68,68,68,68,68,68,68,68,71,71,74,74,74,49,49,54,54,54,54,54,57,57,63,71,71,73,78,80,80,84,84,84,86,88,90,90,94,96,96,98,98,98,180,180],"card_choices":[{"not_picked":["Bloodbath","SpiderBud"],"picked":"MeatLantern","floor":1},{"not_picked":["EmptyMind","FollowUp"],"picked":"Consecrate","floor":1},{"not_picked":["LittleHelper","Mercenary"],"picked":"WallGazer","floor":2},{"not_picked":["ClearTheMind","Replay:Hum"],"picked":"WheelKick","floor":2},{"not_picked":["SpiderBud","VoidDream","Laetitia"],"picked":"Singing Bowl","floor":6},{"not_picked":["OSAHOGD","CrumblingArmor"],"picked":"Porccubus","floor":6},{"not_picked":["Ragnarok","PathToVictory"],"picked":"Protect","floor":6},{"not_picked":["Murderer","CherryBlossoms"],"picked":"Bloodbath","floor":10},{"not_picked":["WaveOfTheHand","Replay:ManipulateFuture"],"picked":"Ragnarok","floor":10},{"not_picked":["Wellcheers","ShyLook"],"picked":"SpiderBud","floor":11},{"not_picked":["Crescendo","SashWhip"],"picked":"Consecrate","floor":11},{"not_picked":["Wellcheers","Scorched"],"picked":"PunishingBird","floor":12},{"not_picked":["BattleHymn","PathToVictory"],"picked":"ReachHeaven","floor":12},{"not_picked":["SingingMachine","UniverseFragment"],"picked":"OSAHOGD","floor":14},{"not_picked":["DeusExMachina","FollowUp"],"picked":"FlurryOfBlows","floor":14},{"not_picked":["Freischutz","UniverseFragment","FairyFestival"],"picked":"Singing Bowl","floor":16},{"not_picked":["BlackArmy","Wellcheers"],"picked":"Scorched","floor":16},{"not_picked":["Omniscience","MasterReality"],"picked":"Devotion","floor":16},{"not_picked":["Murderer","CherryBlossoms","NothingThere"],"picked":"Singing Bowl","floor":18},{"not_picked":["BeautyBeast","RedShoes"],"picked":"VoidDream","floor":18},{"not_picked":["Meditate","LikeWater"],"picked":"ReachHeaven","floor":18},{"not_picked":["Sadistic Nature","Transmutation"],"picked":"Secret Weapon","floor":22},{"not_picked":["HeroicMonk","OldLady","LittlePrince"],"picked":"Singing Bowl","floor":23},{"not_picked":["MeltingLove","LittleHelper"],"picked":"PlagueDoctor","floor":23},{"not_picked":["WreathOfFlame","Replay:Anticipation+1"],"picked":"CutThroughFate","floor":23},{"not_picked":["Wellcheers","RedShoes","OldLady"],"picked":"Singing Bowl","floor":28},{"not_picked":["UniverseFragment","MHz"],"picked":"Funeral","floor":28},{"not_picked":["Replay:ManipulateFuture","SashWhip"],"picked":"SpiritShield","floor":28},{"not_picked":["Wellcheers","BeautyBeast","QueenBee"],"picked":"Singing Bowl","floor":30},{"not_picked":["BeautyBeast","LongBird"],"picked":"LaLuna","floor":30},{"not_picked":["SashWhip","DevaForm"],"picked":"Protect","floor":30},{"not_picked":["Laetitia","OldLady","GreedKing"],"picked":"Singing Bowl","floor":31},{"not_picked":["NakedNest","Variant"],"picked":"RedShoes","floor":31},{"not_picked":["FollowUp","PathToVictory"],"picked":"Alpha","floor":31},{"not_picked":["BigBadWolf","UniverseFragment","DreamingCurrent"],"picked":"Singing Bowl","floor":33},{"not_picked":["SnowQueen","CherryBlossoms"],"picked":"UniverseFragment","floor":33},{"not_picked":["Replay:LoomingThreat","Devotion"],"picked":"ConjureBlade","floor":33},{"not_picked":["Replay:DivineShield+1","WreathOfFlame"],"picked":"Worship+1","floor":34},{"not_picked":["Murderer","BigBadWolf"],"picked":"Rudolta","floor":35},{"not_picked":["Wireheading","WindmillStrike"],"picked":"Prostrate","floor":35},{"not_picked":["CherryBlossoms","Mercenary","Freischutz"],"picked":"Singing Bowl","floor":37},{"not_picked":["BlackSwan","WhitesApple"],"picked":"LittlePrince","floor":37},{"not_picked":["SashWhip+1","Replay:AtTheReady"],"picked":"Pray+1","floor":37},{"not_picked":["QueenOfHatred","BlackArmy"],"picked":"Scorched","floor":40},{"not_picked":["Replay:AtTheReady+1","Replay:Vibes"],"picked":"CutThroughFate+1","floor":40},{"not_picked":["CherryBlossoms","Mercenary","LaLuna"],"picked":"Singing Bowl","floor":41},{"not_picked":["FairyFestival","WhitesApple"],"picked":"QueenOfHatred","floor":41},{"not_picked":["Wallop","BowlingBash","FollowUp"],"picked":"SKIP","floor":41},{"not_picked":["Yin","DreamingCurrent"],"picked":"BeautyBeast","floor":42},{"not_picked":["MentalFortress","WreathOfFlame","SashWhip"],"picked":"SKIP","floor":42},{"not_picked":["MentalFortress","WreathOfFlame","SashWhip"],"picked":"SKIP","floor":42},{"not_picked":["WhitesApple","LongBird"],"picked":"NothingThere","floor":44},{"not_picked":["Vault","BowlingBash","Replay:BluntJabs"],"picked":"SKIP","floor":44},{"not_picked":["ShyLook","Yin"],"picked":"Mercenary","floor":45},{"not_picked":["WreathOfFlame+1","WindmillStrike"],"picked":"FlyingSleeves+1","floor":45},{"not_picked":["MeltingLove","HeroicMonk"],"picked":"NakedNest","floor":47},{"not_picked":["ClearTheMind","FollowUp","Indignation"],"picked":"SKIP","floor":47}],"player_experience":71317,"relics_obtained":[{"floor":1,"key":"Baka"},{"floor":1,"key":"LetterFromLob"},{"floor":2,"key":"Baka2"},{"floor":6,"key":"WingedGreaves"},{"floor":9,"key":"MagicDraw1"},{"floor":10,"key":"MagicDraw4"},{"floor":12,"key":"Bird Faced Urn"},{"floor":19,"key":"SSSystem"},{"floor":23,"key":"GodSword3"},{"floor":26,"key":"Replay:Bottled Snecko"},{"floor":29,"key":"HollowMod:PaleOreRelic"},{"floor":30,"key":"DeathAngel"},{"floor":31,"key":"Mercury Hourglass"},{"floor":37,"key":"AtMidnight"},{"floor":41,"key":"StrikeDummy"},{"floor":43,"key":"Guardian:PocketSentry"},{"floor":45,"key":"Replay:Bandana"},{"floor":46,"key":"Snack Pack"},{"floor":47,"key":"MawBank"}],"event_choices":[{"damage_healed":0,"gold_gain":0,"player_choice":"Success","damage_taken":18,"relics_obtained":["Sundial"],"max_hp_gain":0,"max_hp_loss":0,"event_name":"Scrap Ooze","floor":3,"gold_loss":0},{"damage_healed":0,"gold_gain":0,"player_choice":"Ignored","damage_taken":0,"max_hp_gain":0,"max_hp_loss":0,"event_name":"Golden Idol","floor":5,"gold_loss":0},{"damage_healed":0,"gold_gain":0,"player_choice":"1 cards matched","damage_taken":0,"max_hp_gain":0,"max_hp_loss":0,"event_name":"Match and Keep!","floor":13,"gold_loss":0,"cards_obtained":["Conclude"]},{"damage_healed":0,"gold_gain":0,"cards_transformed":["Bloodbath"],"player_choice":"Transformed","damage_taken":0,"max_hp_gain":0,"max_hp_loss":0,"event_name":"Transmorgrifier","floor":39,"gold_loss":0,"cards_obtained":["Replay:Hum"]}],"is_beta":false,"boss_relics":[{"not_picked":["Replay:Ancient Bell","Replay:Wanted Poster"],"picked":"Kintsugi"},{"not_picked":["RedLine:ReiMu","Honey Jar"],"picked":"Tiny House"}],"items_purged_floors":[4,7,20,22,25,38],"is_endless":true,"potions_floor_spawned":[1,6,11,12,23,28,31,35,45],"killed_by":"Time Eater","ascension_level":20}}