{"host":"kywtqy4o43fs5yna","time":1611472089,"event":{"mods":["AchievementEnabler","Act Like it!","BaseMod","Better Note","BetterRewards","Colored Map","Minty Spire (QoL Compilation)","Quick Restart","Rare Cards Sparkle","StSLib"],"gold_per_floor":[118,128,128,141,141,169,169,182,231,231,251,268,268,279,279,378,378,391,391,391,411,431,431,148,148,148,148,178,178,198,230,230,325,325,339,339,353,107,119,144,144,144,144],"floor_reached":42,"language":"RUS","playtime":2332,"items_purged":[],"score":674,"play_id":"9ce2f99a-43a9-4170-9d30-6eda679fef24","local_time":"20210124170809","is_ascension_mode":true,"campfire_choices":[{"floor":10,"key":"DIG"},{"floor":13,"key":"DIG"},{"floor":15,"key":"DIG"},{"floor":23,"key":"DIG"},{"floor":25,"key":"DIG"},{"data":"Dual Wield","floor":27,"key":"SMITH"},{"floor":29,"key":"DIG"},{"floor":32,"key":"DIG"},{"floor":41,"key":"DIG"}],"circlet_count":0,"master_deck":["Strike_R","Strike_R","Strike_R","Strike_R","Strike_R","Defend_R+1","Defend_R","Defend_R","Defend_R+1","Bash","Mayhem+1","Rage","Perfected Strike","Carnage","Uppercut","Perfected Strike","Pommel Strike","Anger","Bludgeon","Spot Weakness+1","Defend_R+1","RitualDagger","Dual Wield+1","Spot Weakness+1","Rupture","Jack Of All Trades","Writhe","Twin Strike+1","Pommel Strike","Carnage","Offering","Perfected Strike","Inflame","Combust","Evolve","Wild Strike+1"],"relics":["Burning Blood","Shovel","The Courier","War Paint","Dream Catcher","Bag of Preparation","Meat on the Bone","Cursed Key","Kunai","Ornamental Fan","Mummified Hand","Bottled Lightning","Bottled Flame","Blue Candle","Potion Belt","Anchor","Mark of Pain","Self Forming Clay","Du-Vu Doll","Shuriken"],"acts_visited":["Exordium","TheCity","TheBeyond"],"potions_floor_usage":[8,8,14,28,33,42],"damage_taken":[{"damage":6,"enemies":"Jaw Worm","floor":1,"turns":6},{"damage":7,"enemies":"Cultist","floor":2,"turns":5},{"damage":0,"enemies":"Small Slimes","floor":4,"turns":3},{"damage":31,"enemies":"Gremlin Nob","floor":6,"turns":5},{"damage":20,"enemies":"Exordium Thugs","floor":8,"turns":6},{"damage":10,"enemies":"Blue Slaver","floor":11,"turns":4},{"damage":9,"enemies":"2 Fungi Beasts","floor":12,"turns":3},{"damage":18,"enemies":"Exordium Wildlife","floor":14,"turns":5},{"damage":24,"enemies":"Hexaghost","floor":16,"turns":8},{"damage":1,"enemies":"Chosen","floor":18,"turns":3},{"damage":2,"enemies":"Spheric Guardian","floor":21,"turns":3},{"damage":18,"enemies":"Centurion and Healer","floor":22,"turns":3},{"damage":21,"enemies":"Gremlin Leader","floor":28,"turns":6},{"damage":10,"enemies":"Cultist and Chosen","floor":30,"turns":3},{"damage":20,"enemies":"Slavers","floor":31,"turns":4},{"damage":20,"enemies":"Champ","floor":33,"turns":7},{"damage":0,"enemies":"Orb Walker","floor":35,"turns":2},{"damage":17,"enemies":"3 Shapes","floor":37,"turns":3},{"damage":6,"enemies":"Jaw Worm Horde","floor":39,"turns":3},{"damage":33,"enemies":"Giant Head","floor":40,"turns":6},{"damage":64,"enemies":"Reptomancer","floor":42,"turns":3}],"seed_played":"7160985129651665736","potions_obtained":[{"floor":6,"key":"SteroidPotion"},{"floor":7,"key":"Fire Potion"},{"floor":7,"key":"FairyPotion"},{"floor":7,"key":"Energy Potion"},{"floor":8,"key":"Fruit Juice"},{"floor":22,"key":"Regen Potion"},{"floor":30,"key":"Strength Potion"},{"floor":35,"key":"Weak Potion"}],"is_trial":false,"path_per_floor":["M","M","?","M","$","E","?","M","T","R","M","M","R","M","R","B",null,"M","?","?","M","M","R","$","R","T","R","E","R","M","E","R","B",null,"M","?","M","$","M","E","R","E"],"character_chosen":"IRONCLAD","items_purchased":["Mayhem","Ornamental Fan","Rupture","Jack Of All Trades","Combust","Self Forming Clay"],"campfire_rested":0,"item_purchase_floors":[0,24,24,24,38,38],"current_hp_per_floor":[62,61,61,67,67,42,42,33,33,33,29,26,26,14,14,33,85,85,85,79,83,71,71,71,71,71,71,65,65,61,59,59,57,85,85,85,74,74,74,59,59,0,0],"gold":144,"neow_bonus":"","is_daily":false,"chose_seed":false,"campfire_upgraded":1,"win_rate":0.0,"timestamp":1611472089,"path_taken":["M","M","?","M","?","E","?","M","T","R","M","M","R","M","R","BOSS","M","?","?","M","M","R","?","R","T","R","E","R","M","E","R","BOSS","M","?","M","$","M","E","R","E"],"items_purchased_type":["Card","Relic","Card","Card","Card","Relic"],"build_version":"2020-12-22","purchased_purges":0,"victory":false,"max_hp_per_floor":[80,80,80,80,80,80,80,85,85,85,85,85,85,85,85,85,85,85,85,85,85,85,85,85,85,85,85,85,85,85,85,85,85,85,85,85,85,85,85,85,85,85,85],"card_choices":[{"not_picked":["Twin Strike","Cleave"],"picked":"Rage","floor":1},{"not_picked":["Sentinel","Shockwave"],"picked":"Perfected Strike","floor":2},{"not_picked":["Battle Trance","Power Through"],"picked":"Carnage","floor":4},{"not_picked":["Wild Strike","Havoc"],"picked":"Berserk","floor":6},{"not_picked":["Blood for Blood","Body Slam"],"picked":"Uppercut","floor":8},{"not_picked":["Havoc","Fire Breathing"],"picked":"Perfected Strike","floor":11},{"not_picked":["Warcry","Rage"],"picked":"Pommel Strike","floor":12},{"not_picked":["Sentinel","Feel No Pain"],"picked":"Anger","floor":14},{"not_picked":["Offering","Fiend Fire"],"picked":"Bludgeon","floor":16},{"not_picked":["Clash+1","Power Through"],"picked":"Spot Weakness+1","floor":18},{"not_picked":["Body Slam","Dropkick"],"picked":"Dual Wield","floor":21},{"not_picked":["Cleave+1","Feel No Pain"],"picked":"Spot Weakness+1","floor":22},{"not_picked":["Havoc+1","Searing Blow+1"],"picked":"Twin Strike+1","floor":28},{"not_picked":["Body Slam","Searing Blow"],"picked":"Pommel Strike","floor":30},{"not_picked":["Shrug It Off","Impervious"],"picked":"Carnage","floor":31},{"not_picked":["Exhume","Brutality"],"picked":"Offering","floor":33},{"not_picked":["Sword Boomerang+1","Havoc"],"picked":"Perfected Strike","floor":35},{"not_picked":["Perfected Strike","Intimidate"],"picked":"Inflame","floor":37},{"not_picked":["Burning Pact","Rage+1"],"picked":"Evolve","floor":39},{"not_picked":["Havoc","Flex+1"],"picked":"Wild Strike+1","floor":40}],"player_experience":174405,"relics_obtained":[{"floor":6,"key":"The Courier"},{"floor":9,"key":"War Paint"},{"floor":10,"key":"Dream Catcher"},{"floor":13,"key":"Bag of Preparation"},{"floor":15,"key":"Meat on the Bone"},{"floor":23,"key":"Kunai"},{"floor":25,"key":"Mummified Hand"},{"floor":26,"key":"Bottled Lightning"},{"floor":28,"key":"Bottled Flame"},{"floor":29,"key":"Blue Candle"},{"floor":31,"key":"Potion Belt"},{"floor":32,"key":"Anchor"},{"floor":40,"key":"Du-Vu Doll"},{"floor":41,"key":"Shuriken"}],"event_choices":[{"damage_healed":0,"gold_gain":0,"player_choice":"Upgraded","damage_taken":0,"max_hp_gain":0,"max_hp_loss":0,"event_name":"Upgrade Shrine","floor":3,"gold_loss":0,"cards_upgraded":["Mayhem"]},{"damage_healed":0,"gold_gain":0,"player_choice":"Got Potions","damage_taken":0,"max_hp_gain":0,"max_hp_loss":0,"event_name":"Lab","floor":7,"gold_loss":0},{"cards_removed":["Mayhem"],"damage_healed":0,"gold_gain":0,"player_choice":"Take \u0026 Give","damage_taken":0,"max_hp_gain":0,"max_hp_loss":0,"event_name":"betterNote:BetterNote","floor":19,"gold_loss":0,"cards_obtained":["Defend_R"]},{"damage_healed":0,"gold_gain":0,"player_choice":"Joined the Cult","damage_taken":6,"max_hp_gain":0,"max_hp_loss":0,"event_name":"Nest","floor":20,"gold_loss":0,"cards_obtained":["RitualDagger"]},{"cards_removed":["Berserk"],"damage_healed":0,"gold_gain":0,"player_choice":"Removed Power","damage_taken":0,"max_hp_gain":0,"max_hp_loss":0,"event_name":"Falling","floor":36,"gold_loss":0}],"is_beta":false,"boss_relics":[{"not_picked":["Runic Dome","Black Blood"],"picked":"Cursed Key"},{"not_picked":["Runic Cube","Sozu"],"picked":"Mark of Pain"}],"items_purged_floors":[],"is_endless":false,"potions_floor_spawned":[6,8,22,30,35],"killed_by":"Reptomancer","ascension_level":1}}