{"host":"x205naxbihvu3p76","time":1611506588,"event":{"mods":["AchievementEnabler","BaseMod","Minty Spire (QoL Compilation)","StSLib","SuperFastMode"],"gold_per_floor":[111,54,54,129,143,175,175,175,175,189,200,217,233,243,243,318,318,338,338,94,110,110,110],"floor_reached":22,"language":"KOR","playtime":406,"items_purged":["Strike_B"],"score":426,"play_id":"9a919ccf-4d24-4fda-8d53-6c2104e3ebd0","local_time":"20210125014308","is_ascension_mode":true,"campfire_choices":[{"data":"Zap","floor":7,"key":"SMITH"},{"data":"Capacitor","floor":15,"key":"SMITH"}],"circlet_count":0,"master_deck":["AscendersBane","Strike_B","Strike_B","Strike_B+1","Defend_B","Defend_B","Defend_B","Defend_B","Zap+1","Dualcast","Sweeping Beam+1","Compile Driver","Leap","Self Repair","Ball Lightning","Capacitor+1","Glacier","Electrodynamics","Chaos","Seek","White Noise"],"relics":["Cracked Core","NeowsBlessing","Potion Belt","Ice Cream","Runic Pyramid"],"acts_visited":["Exordium","TheCity"],"potions_floor_usage":[16,16],"damage_taken":[{"damage":0,"enemies":"2 Louse","floor":1,"turns":1},{"damage":0,"enemies":"Small Slimes","floor":5,"turns":1},{"damage":0,"enemies":"3 Sentries","floor":6,"turns":1},{"damage":2,"enemies":"Jaw Worm","floor":10,"turns":3},{"damage":9,"enemies":"Red Slaver","floor":11,"turns":3},{"damage":5,"enemies":"3 Louse","floor":12,"turns":3},{"damage":8,"enemies":"Blue Slaver","floor":13,"turns":3},{"damage":0,"enemies":"Exordium Wildlife","floor":14,"turns":2},{"damage":23,"enemies":"The Guardian","floor":16,"turns":10},{"damage":2,"enemies":"Chosen","floor":18,"turns":5},{"damage":27,"enemies":"Spheric Guardian","floor":21,"turns":6},{"damage":48,"enemies":"Snake Plant","floor":22,"turns":5}],"seed_played":"-2690914435818567312","potions_obtained":[{"floor":6,"key":"Explosive Potion"},{"floor":12,"key":"BlessingOfTheForge"},{"floor":13,"key":"Explosive Potion"},{"floor":16,"key":"FocusPotion"}],"is_trial":false,"path_per_floor":["M","$","?","?","M","E","R","?","T","M","M","M","M","M","R","B",null,"M","?","$","M","M"],"character_chosen":"DEFECT","items_purchased":["Sweeping Beam","Seek"],"campfire_rested":0,"item_purchase_floors":[2,20],"current_hp_per_floor":[64,64,69,58,58,58,58,35,35,33,24,26,25,25,25,9,59,64,64,64,44,0,0],"gold":110,"neow_bonus":"THREE_ENEMY_KILL","is_daily":false,"chose_seed":false,"campfire_upgraded":2,"win_rate":0.0,"timestamp":1611506588,"path_taken":["M","$","?","?","M","E","R","?","T","M","M","M","M","M","R","BOSS","M","?","$","M","M"],"items_purchased_type":["Card","Card"],"build_version":"2020-12-22","purchased_purges":1,"victory":false,"max_hp_per_floor":[71,71,76,76,76,76,76,76,76,76,76,76,76,76,76,76,76,76,76,76,76,76,76],"card_choices":[{"not_picked":["Beam Cell","Fusion","Coolheaded"],"picked":"SKIP","floor":1},{"not_picked":["Stack","Auto Shields"],"picked":"Compile Driver","floor":5},{"not_picked":["Recycle","Stack","Double Energy"],"picked":"SKIP","floor":6},{"not_picked":["Rebound","Coolheaded"],"picked":"Leap","floor":10},{"not_picked":["Conserve Battery","Sweeping Beam"],"picked":"Self Repair","floor":11},{"not_picked":["Compile Driver","Doom and Gloom"],"picked":"Ball Lightning","floor":12},{"not_picked":["Machine Learning","Reinforced Body"],"picked":"Capacitor","floor":13},{"not_picked":["Genetic Algorithm","Hologram"],"picked":"Glacier","floor":14},{"not_picked":["Core Surge","Hyperbeam"],"picked":"Electrodynamics","floor":16},{"not_picked":["Coolheaded","Lockon"],"picked":"Chaos","floor":18},{"not_picked":["Turbo","Melter"],"picked":"White Noise","floor":21}],"player_experience":994963,"relics_obtained":[{"floor":6,"key":"Potion Belt"},{"floor":9,"key":"Ice Cream"}],"event_choices":[{"damage_healed":0,"gold_gain":0,"player_choice":"Donut","damage_taken":0,"max_hp_gain":5,"max_hp_loss":0,"event_name":"Big Fish","floor":3,"gold_loss":0},{"damage_healed":0,"gold_gain":75,"player_choice":"Gather Gold","damage_taken":11,"max_hp_gain":0,"max_hp_loss":0,"event_name":"World of Goop","floor":4,"gold_loss":0},{"damage_healed":0,"gold_gain":0,"player_choice":"Entered Light","damage_taken":23,"max_hp_gain":0,"max_hp_loss":0,"event_name":"Shining Light","floor":8,"gold_loss":0,"cards_upgraded":["Strike_B","Sweeping Beam"]},{"damage_healed":0,"gold_gain":0,"player_choice":"Ignored","damage_taken":0,"max_hp_gain":0,"max_hp_loss":0,"event_name":"Cursed Tome","floor":19,"gold_loss":0}],"is_beta":false,"boss_relics":[{"not_picked":["Tiny House","Coffee Dripper"],"picked":"Runic Pyramid"}],"items_purged_floors":[20],"is_endless":false,"potions_floor_spawned":[6,12,13,16],"killed_by":"Snake Plant","ascension_level":20}}