{"host":"syozzdlzcqop4jia","time":1611522947,"event":{"mods":["BaseMod","Colored Powertips","Minty Spire (QoL Compilation)","Quick Restart"],"gold_per_floor":[113,124,134,152,32,32,60,80,105,105,115,134,154,171,171,267,267,278,278,291,306,306,306,324,358,395,407,438,463,475,534,546,558,558],"floor_reached":33,"language":"ENG","playtime":2328,"items_purged":[],"score":328,"play_id":"a857c312-bed2-4939-9cbe-357c9548c72f","local_time":"20210124221547","is_ascension_mode":true,"campfire_choices":[{"data":"Heavy Blade","floor":6,"key":"SMITH"},{"data":"Limit Break","floor":10,"key":"SMITH"},{"data":"Seeing Red","floor":15,"key":"SMITH"},{"floor":23,"key":"REST"},{"data":"Heavy Blade","floor":32,"key":"SMITH"}],"circlet_count":0,"master_deck":["Defend_R+1","Defend_R+1","Defend_R+1","Defend_R+1","Bash","Armaments+1","Flex","Heavy Blade+1","Pommel Strike","Inflame","Wild Strike","Perfected Strike","Limit Break+1","Seeing Red+1","Reckless Charge","Twin Strike","Anger","Reaper","Heavy Blade+1","Cleave+1","Bite","Bite","Bite","Bite","Bite","Flex+1","Flex"],"relics":["Burning Blood","Darkstone Periapt","Bag of Preparation","Mark of Pain","MawBank","War Paint","MutagenicStrength","InkBottle","Akabeko"],"acts_visited":["Exordium","TheCity"],"potions_floor_usage":[7,7,13,14,16,25],"damage_taken":[{"damage":1,"enemies":"Cultist","floor":1,"turns":3},{"damage":6,"enemies":"2 Louse","floor":2,"turns":5},{"damage":15,"enemies":"Small Slimes","floor":3,"turns":3},{"damage":7,"enemies":"Looter","floor":4,"turns":5},{"damage":19,"enemies":"Lagavulin","floor":7,"turns":5},{"damage":0,"enemies":"Large Slime","floor":8,"turns":3},{"damage":13,"enemies":"Blue Slaver","floor":11,"turns":3},{"damage":6,"enemies":"Looter","floor":12,"turns":2},{"damage":6,"enemies":"Exordium Thugs","floor":13,"turns":3},{"damage":0,"enemies":"3 Louse","floor":14,"turns":2},{"damage":44,"enemies":"Hexaghost","floor":16,"turns":9},{"damage":29,"enemies":"3 Byrds","floor":18,"turns":5},{"damage":12,"enemies":"Chosen","floor":20,"turns":2},{"damage":12,"enemies":"Snake Plant","floor":21,"turns":4},{"damage":55,"enemies":"Cultist and Chosen","floor":24,"turns":7},{"damage":22,"enemies":"Slavers","floor":25,"turns":5},{"damage":9,"enemies":"3 Cultists","floor":28,"turns":4},{"damage":0,"enemies":"Shelled Parasite and Fungi","floor":29,"turns":2},{"damage":75,"enemies":"Collector","floor":33,"turns":5}],"seed_played":"718481535986515705","potions_obtained":[{"floor":2,"key":"Weak Potion"},{"floor":4,"key":"EssenceOfSteel"},{"floor":12,"key":"Dexterity Potion"},{"floor":13,"key":"SteroidPotion"},{"floor":14,"key":"Strength Potion"},{"floor":20,"key":"Ancient Potion"},{"floor":24,"key":"EssenceOfSteel"}],"is_trial":false,"path_per_floor":["M","M","M","M","$","R","E","M","T","R","M","M","M","M","R","B",null,"M","?","M","M","?","R","M","E","T","?","M","M","T","T","R","B"],"character_chosen":"IRONCLAD","items_purchased":["Inflame","Wild Strike"],"campfire_rested":1,"item_purchase_floors":[5,5],"current_hp_per_floor":[88,88,79,78,78,78,65,71,71,71,64,64,64,70,70,32,88,65,65,59,56,56,61,28,34,34,34,50,58,58,58,58,0,0],"gold":558,"neow_bonus":"TEN_PERCENT_HP_BONUS","is_daily":false,"chose_seed":false,"campfire_upgraded":4,"win_rate":0.0,"timestamp":1611522947,"path_taken":["M","M","M","M","$","R","E","?","T","R","M","?","M","M","R","BOSS","M","?","M","M","?","R","M","E","T","?","M","M","?","?","R","BOSS"],"items_purchased_type":["Card","Card"],"build_version":"2020-12-22","purchased_purges":0,"victory":false,"max_hp_per_floor":[88,88,88,88,88,88,88,88,88,88,88,88,88,88,88,88,88,88,88,88,88,61,61,61,61,61,61,61,61,61,61,61,61,61],"card_choices":[{"not_picked":["True Grit","Second Wind"],"picked":"Armaments","floor":1},{"not_picked":["Combust","Bloodletting"],"picked":"Flex","floor":2},{"not_picked":["Feel No Pain","Pommel Strike"],"picked":"Heavy Blade","floor":3},{"not_picked":["Shrug It Off","Dark Embrace"],"picked":"Pommel Strike","floor":4},{"not_picked":["Pommel Strike","Headbutt"],"picked":"Perfected Strike","floor":7},{"not_picked":["Warcry","Anger"],"picked":"Limit Break","floor":8},{"not_picked":["Dropkick","Pommel Strike"],"picked":"Seeing Red","floor":11},{"not_picked":["Whirlwind","Spot Weakness"],"picked":"Reckless Charge","floor":12},{"not_picked":["Brutality","Clothesline"],"picked":"Twin Strike","floor":13},{"not_picked":["Clash","Body Slam"],"picked":"Anger","floor":14},{"not_picked":["Brutality","Offering"],"picked":"Reaper","floor":16},{"not_picked":["Second Wind","Combust+1"],"picked":"Heavy Blade","floor":18},{"not_picked":["Dropkick","Clash","Metallicize+1"],"picked":"SKIP","floor":20},{"not_picked":["Iron Wave","Searing Blow"],"picked":"Cleave+1","floor":21},{"not_picked":["Twin Strike","Warcry"],"picked":"Flex","floor":24},{"not_picked":["Fiend Fire","Pommel Strike"],"picked":"Flex","floor":25},{"not_picked":["Blood for Blood","Intimidate","Pommel Strike"],"picked":"SKIP","floor":28},{"not_picked":["Perfected Strike","Pommel Strike","Sword Boomerang"],"picked":"SKIP","floor":29}],"player_experience":362071,"relics_obtained":[{"floor":7,"key":"Darkstone Periapt"},{"floor":9,"key":"Bag of Preparation"},{"floor":25,"key":"MawBank"},{"floor":26,"key":"War Paint"},{"floor":30,"key":"InkBottle"},{"floor":31,"key":"Akabeko"}],"event_choices":[{"damage_healed":0,"gold_gain":0,"player_choice":"Simplicity","damage_taken":0,"max_hp_gain":0,"max_hp_loss":0,"event_name":"Back to Basics","floor":19,"gold_loss":0,"cards_upgraded":["Strike_R","Strike_R","Strike_R","Strike_R","Strike_R","Defend_R","Defend_R","Defend_R","Defend_R"]},{"damage_healed":0,"gold_gain":0,"player_choice":"Became a vampire","damage_taken":0,"max_hp_gain":0,"max_hp_loss":27,"event_name":"Vampires","floor":22,"gold_loss":0,"cards_obtained":["Bite","Bite","Bite","Bite","Bite"]},{"damage_healed":0,"gold_gain":0,"player_choice":"Inject Mutagens","damage_taken":0,"relics_obtained":["MutagenicStrength"],"max_hp_gain":0,"max_hp_loss":0,"event_name":"Drug Dealer","floor":27,"gold_loss":0}],"is_beta":false,"boss_relics":[{"not_picked":["Empty Cage","Sozu"],"picked":"Mark of Pain"}],"items_purged_floors":[],"is_endless":false,"potions_floor_spawned":[2,4,12,13,14,20,24],"killed_by":"Collector","ascension_level":2}}