{"host":"19r1ww88x2tc73i0","time":1611471273,"event":{"mods":["BaseMod","BetterRewards","Colored Map","Minty Spire (QoL Compilation)","Relic Stats","StSLib","SuperFastMode","slay the spire mod where everything is the same but ironclad has a cowboy hat"],"gold_per_floor":[112,122,122,136,159,199,266,266,291,90,133,149,169,208,208,297,297,318,368,293,307,332,370,391,425,479,522,26,26,26,26],"floor_reached":30,"language":"ENG","playtime":1241,"items_purged":["Strike_G","Strike_G"],"score":620,"play_id":"cff5d8fc-70f5-4f19-a25c-248d93192063","local_time":"25640124135433","is_ascension_mode":true,"campfire_choices":[{"data":"Dagger Spray","floor":8,"key":"SMITH"},{"floor":15,"key":"REST"}],"circlet_count":0,"master_deck":["AscendersBane","Strike_G","Strike_G","Defend_G","Defend_G","Defend_G","Defend_G","Defend_G","Survivor","Neutralize","Catalyst+1","Calculated Gamble+1","Bane","Prepared+1","Poisoned Stab","Catalyst+1","Deflect+1","Dagger Spray+1","Backstab","PiercingWail+1","Blade Dance+1","Dodge and Roll+1","Acrobatics+1","Bullet Time+1","Escape Plan+1","Venomology+1","Outmaneuver+1","Leg Sweep+1","Caltrops+1"],"relics":["Ring of the Snake","Toxic Egg 2","Bloody Idol","Boot","Ancient Tea Set","TwistedFunnel","Toy Ornithopter","Frozen Egg 2","SlaversCollar","Akabeko","Smiling Mask","Potion Belt","Centennial Puzzle","Matryoshka","Strange Spoon"],"acts_visited":["Exordium","TheCity"],"potions_floor_usage":[6,6,22,22,27,30],"damage_taken":[{"damage":6,"enemies":"2 Louse","floor":1,"turns":4},{"damage":1,"enemies":"Small Slimes","floor":2,"turns":3},{"damage":2,"enemies":"Jaw Worm","floor":4,"turns":5},{"damage":1,"enemies":"Looter","floor":5,"turns":3},{"damage":19,"enemies":"3 Sentries","floor":6,"turns":8},{"damage":8,"enemies":"Gremlin Nob","floor":11,"turns":3},{"damage":0,"enemies":"Blue Slaver","floor":12,"turns":2},{"damage":6,"enemies":"Large Slime","floor":13,"turns":4},{"damage":14,"enemies":"Lagavulin","floor":14,"turns":4},{"damage":7,"enemies":"The Guardian","floor":16,"turns":6},{"damage":0,"enemies":"Shell Parasite","floor":18,"turns":3},{"damage":6,"enemies":"3 Byrds","floor":21,"turns":5},{"damage":0,"enemies":"Cultist and Chosen","floor":22,"turns":4},{"damage":27,"enemies":"Book of Stabbing","floor":23,"turns":5},{"damage":18,"enemies":"Snake Plant","floor":24,"turns":3},{"damage":5,"enemies":"Gremlin Leader","floor":25,"turns":4},{"damage":29,"enemies":"Slavers","floor":27,"turns":5},{"damage":0,"enemies":"Sentry and Sphere","floor":30,"turns":2}],"seed_played":"-1325971259523349130","potions_obtained":[{"floor":4,"key":"Swift Potion"},{"floor":5,"key":"Strength Potion"},{"floor":11,"key":"Explosive Potion"},{"floor":14,"key":"Strength Potion"},{"floor":16,"key":"Energy Potion"},{"floor":18,"key":"CultistPotion"}],"is_trial":false,"path_per_floor":["M","M","?","M","M","E","?","R","T","$","E","M","M","E","R","B",null,"M","?","?","M","M","E","M","E","T","E","$","?","M"],"character_chosen":"THE_SILENT","items_purchased":["Toxic Egg 2","Catalyst+1","Calculated Gamble+1","Bane","Prepared+1","TwistedFunnel","PiercingWail+1","Matryoshka","Strange Spoon"],"campfire_rested":1,"item_purchase_floors":[0,0,0,0,0,10,10,28,28],"current_hp_per_floor":[53,52,52,50,49,30,30,30,30,30,22,22,16,2,20,13,48,48,48,48,42,52,25,7,2,2,2,2,2,7,7],"gold":26,"neow_bonus":"","is_daily":false,"chose_seed":false,"campfire_upgraded":1,"win_rate":0.0,"timestamp":1611471273,"path_taken":["M","M","?","M","M","E","?","R","T","$","E","M","M","E","R","BOSS","M","?","?","M","M","E","M","E","T","E","$","?","M"],"items_purchased_type":["Relic","Card","Card","Card","Card","Relic","Card","Relic","Relic"],"build_version":"2020-12-22","purchased_purges":2,"victory":false,"max_hp_per_floor":[66,66,60,60,60,60,60,60,60,60,60,60,60,60,60,60,60,60,60,60,60,60,60,60,60,60,60,60,60,60,60],"relic_stats":{"Strange Spoon":[5],"Centennial Puzzle":[0],"counters":[27,113],"Bloody Idol":0,"Boot":[82],"Smiling Mask":50,"obtain_stats":[{"TwistedFunnel":10,"Potion Belt":26,"NeowsBlessing":0,"Golden Idol":3,"Snake Skull":2,"Juzu Bracelet":9,"Letter Opener":7,"Frozen Egg 2":14,"Boot":6,"Ancient Tea Set":9,"Smiling Mask":25,"Akabeko":23,"SlaversCollar":17,"Strange Spoon":28,"Centennial Puzzle":27,"Matryoshka":28,"Bloody Idol":29,"Toxic Egg 2":0,"Toy Ornithopter":11,"Ring of the Snake":0,"Meat on the Bone":12},{"TwistedFunnel":14,"Potion Belt":25,"NeowsBlessing":0,"Golden Idol":11,"Snake Skull":1,"Juzu Bracelet":2,"Letter Opener":2,"Frozen Egg 2":18,"Boot":14,"Ancient Tea Set":14,"Smiling Mask":25,"Akabeko":23,"SlaversCollar":5,"Strange Spoon":26,"Centennial Puzzle":26,"Matryoshka":26,"Bloody Idol":26,"Toxic Egg 2":9,"Toy Ornithopter":15,"Ring of the Snake":0,"Meat on the Bone":3},{"TwistedFunnel":63,"Potion Belt":106,"NeowsBlessing":0,"Golden Idol":47,"Snake Skull":1,"Juzu Bracelet":2,"Letter Opener":2,"Frozen Egg 2":76,"Boot":63,"Ancient Tea Set":63,"Smiling Mask":106,"Akabeko":99,"SlaversCollar":20,"Strange Spoon":111,"Centennial Puzzle":111,"Matryoshka":111,"Bloody Idol":111,"Toxic Egg 2":40,"Toy Ornithopter":66,"Ring of the Snake":0,"Meat on the Bone":3}],"Toy Ornithopter":20,"Ring of the Snake":[54]},"card_choices":[{"not_picked":["Flying Knee","Masterful Stab"],"picked":"Poisoned Stab","floor":1},{"not_picked":["Cloak And Dagger+1","Reflex+1"],"picked":"Catalyst+1","floor":2},{"not_picked":["Underhanded Strike","Poisoned Stab"],"picked":"Deflect+1","floor":4},{"not_picked":["Caltrops","Infinite Blades"],"picked":"Dagger Spray","floor":5},{"not_picked":["Flechettes","Sucker Punch"],"picked":"Backstab","floor":6},{"not_picked":["Deflect+1","Prepared+1"],"picked":"Blade Dance+1","floor":11},{"not_picked":["Skewer","Infinite Blades"],"picked":"Dodge and Roll+1","floor":12},{"not_picked":["Predator","Heel Hook","Flying Knee"],"picked":"SKIP","floor":13},{"not_picked":["Riddle With Holes","Dagger Throw"],"picked":"Acrobatics+1","floor":14},{"not_picked":["Die Die Die","Unload"],"picked":"Bullet Time+1","floor":16},{"not_picked":["Cloak And Dagger+1","Dagger Spray"],"picked":"Escape Plan+1","floor":18},{"not_picked":["Blade Dance+1","Sucker Punch"],"picked":"Venomology+1","floor":21},{"not_picked":["Reflex+1","Blade Dance+1"],"picked":"Outmaneuver+1","floor":22},{"not_picked":["Quick Slash","All Out Attack","Deflect+1"],"picked":"SKIP","floor":23},{"not_picked":["Dash","Calculated Gamble+1"],"picked":"Leg Sweep+1","floor":24},{"not_picked":["Flechettes","Outmaneuver+1","Poisoned Stab"],"picked":"SKIP","floor":25},{"not_picked":["Dodge and Roll+1","Outmaneuver+1"],"picked":"Caltrops+1","floor":27}],"player_experience":940251,"relics_obtained":[{"floor":6,"key":"Boot"},{"floor":9,"key":"Ancient Tea Set"},{"floor":11,"key":"Toy Ornithopter"},{"floor":14,"key":"Frozen Egg 2"},{"floor":23,"key":"Akabeko"},{"floor":25,"key":"Smiling Mask"},{"floor":26,"key":"Potion Belt"},{"floor":27,"key":"Centennial Puzzle"}],"event_choices":[{"damage_healed":0,"gold_gain":0,"player_choice":"Lose Max HP","damage_taken":0,"relics_obtained":["Golden Idol"],"max_hp_gain":0,"max_hp_loss":6,"event_name":"Golden Idol","floor":3,"gold_loss":0},{"damage_healed":0,"gold_gain":67,"player_choice":"Gained Gold","damage_taken":0,"max_hp_gain":0,"max_hp_loss":0,"event_name":"Golden Wing","floor":7,"gold_loss":0},{"damage_healed":0,"gold_gain":50,"player_choice":"Stole From Cult","damage_taken":0,"max_hp_gain":0,"max_hp_loss":0,"event_name":"Nest","floor":19,"gold_loss":0},{"cards_removed":["Strike_G"],"damage_healed":0,"gold_gain":0,"player_choice":"Gave Gold","damage_taken":0,"max_hp_gain":0,"max_hp_loss":0,"event_name":"Beggar","floor":20,"gold_loss":75},{"damage_healed":0,"gold_gain":0,"player_choice":"Gave Idol","damage_taken":0,"relics_obtained":["Bloody Idol"],"max_hp_gain":0,"max_hp_loss":0,"event_name":"Forgotten Altar","floor":29,"relics_lost":["Golden Idol"],"gold_loss":0}],"is_beta":false,"boss_relics":[{"not_picked":["Ectoplasm","Runic Dome"],"picked":"SlaversCollar"}],"items_purged_floors":[0,28],"is_endless":false,"potions_floor_spawned":[4,5,11,14,16,18,23,25],"killed_by":"Sentry and Sphere","ascension_level":20}}