{"host":"2tgyrzvaa7l04o2e","time":1611495719,"event":{"mods":["BaseMod","Highlight Path","Minty Spire (QoL Compilation)","Permanent Neow","Relic Stats"],"gold_per_floor":[113,83,100,110,110,110,35,62,62,77,111,111,130,93,93,164,164,178,178,178,7,18,18,18],"floor_reached":23,"language":"ENG","playtime":1050,"items_purged":["Defend_G"],"score":398,"play_id":"0163457b-04d7-45cc-8f4e-bbafd8d31b0c","local_time":"20210124144159","is_ascension_mode":true,"campfire_choices":[{"data":"Leg Sweep","floor":6,"key":"SMITH"},{"floor":12,"key":"REST"},{"data":"Neutralize","floor":15,"key":"SMITH"}],"circlet_count":0,"master_deck":["AscendersBane","Strike_G","Strike_G","Strike_G","Strike_G","Strike_G","Defend_G","Defend_G","Defend_G","Defend_G","Survivor","Neutralize+1","Blade Dance","All Out Attack","Leg Sweep+1","Flying Knee","Predator","Backstab","Infinite Blades+1","Corpse Explosion","RitualDagger","Neutralize+1","Bullet Time","Blade Dance+1"],"relics":["Ring of the Snake","Peace Pipe","Pocketwatch","Ginger","Frozen Egg 2","Runic Pyramid"],"acts_visited":["Exordium","TheCity"],"potions_floor_usage":[8,11,13,23],"damage_taken":[{"damage":0,"enemies":"Jaw Worm","floor":1,"turns":6},{"damage":1,"enemies":"Cultist","floor":3,"turns":3},{"damage":0,"enemies":"2 Louse","floor":4,"turns":4},{"damage":16,"enemies":"Gremlin Nob","floor":8,"turns":4},{"damage":1,"enemies":"Exordium Thugs","floor":10,"turns":6},{"damage":17,"enemies":"3 Sentries","floor":11,"turns":8},{"damage":0,"enemies":"Large Slime","floor":13,"turns":3},{"damage":19,"enemies":"The Guardian","floor":16,"turns":15},{"damage":6,"enemies":"3 Byrds","floor":18,"turns":3},{"damage":24,"enemies":"Shell Parasite","floor":22,"turns":4},{"damage":25,"enemies":"Slavers","floor":23,"turns":1}],"seed_played":"8871133795844921491","potions_obtained":[{"floor":2,"key":"BlessingOfTheForge"},{"floor":2,"key":"FearPotion"},{"floor":3,"key":"Fire Potion"},{"floor":10,"key":"FearPotion"},{"floor":11,"key":"SneckoOil"},{"floor":18,"key":"Weak Potion"}],"is_trial":false,"path_per_floor":["M","?","M","M","?","R","$","E","T","M","E","R","M","$","R","B",null,"M","?","?","$","M","E"],"character_chosen":"THE_SILENT","items_purchased":["Infinite Blades+1","Bullet Time"],"campfire_rested":1,"item_purchase_floors":[14,21],"current_hp_per_floor":[44,44,43,43,43,43,43,27,27,26,9,28,28,28,28,9,52,46,40,40,40,16,0,0],"gold":18,"neow_bonus":"ONE_RARE_RELIC","is_daily":false,"chose_seed":false,"campfire_upgraded":2,"win_rate":0.0,"timestamp":1611495719,"path_taken":["M","?","?","M","?","R","$","E","T","M","E","R","M","?","R","BOSS","M","?","?","$","?","E"],"items_purchased_type":["Card","Card"],"build_version":"2020-12-22","purchased_purges":1,"victory":false,"max_hp_per_floor":[66,66,66,66,66,66,66,66,66,66,66,66,66,66,66,66,66,66,66,66,66,66,66,66],"relic_stats":{"Peace Pipe":0,"counters":[11,57],"Ginger":[6],"obtain_stats":[{"Peace Pipe":0,"Ginger":9,"Frozen Egg 2":11,"Ring of the Snake":0,"Pocketwatch":8,"Runic Pyramid":17},{"Peace Pipe":0,"Ginger":4,"Frozen Egg 2":6,"Ring of the Snake":0,"Pocketwatch":4,"Runic Pyramid":8},{"Peace Pipe":0,"Ginger":17,"Frozen Egg 2":31,"Ring of the Snake":0,"Pocketwatch":17,"Runic Pyramid":49}],"Ring of the Snake":[22],"Pocketwatch":[48]},"card_choices":[{"not_picked":["Quick Slash","Cloak And Dagger"],"picked":"Blade Dance","floor":1},{"not_picked":["Dagger Spray","Dagger Throw"],"picked":"All Out Attack","floor":3},{"not_picked":["Prepared","Dagger Throw"],"picked":"Leg Sweep","floor":4},{"not_picked":["Escape Plan","A Thousand Cuts"],"picked":"Predator","floor":8},{"not_picked":["Reflex","Escape Plan","Dagger Spray"],"picked":"SKIP","floor":10},{"not_picked":["Expertise","Poisoned Stab","Night Terror"],"picked":"SKIP","floor":11},{"not_picked":["Cloak And Dagger","Bane"],"picked":"Backstab","floor":13},{"not_picked":["Grand Finale","Storm of Steel"],"picked":"Corpse Explosion","floor":16},{"not_picked":["Setup","Flying Knee","Dagger Throw"],"picked":"SKIP","floor":18},{"not_picked":["Underhanded Strike","Dash"],"picked":"Blade Dance+1","floor":22}],"player_experience":647621,"relics_obtained":[{"floor":8,"key":"Pocketwatch"},{"floor":9,"key":"Ginger"},{"floor":11,"key":"Frozen Egg 2"}],"event_choices":[{"damage_healed":0,"gold_gain":0,"player_choice":"Bought 2 Potions","damage_taken":0,"max_hp_gain":0,"max_hp_loss":0,"event_name":"The Woman in Blue","floor":2,"gold_loss":0},{"damage_healed":0,"gold_gain":0,"player_choice":"1 cards matched","damage_taken":0,"max_hp_gain":0,"max_hp_loss":0,"event_name":"Match and Keep!","floor":5,"gold_loss":0,"cards_obtained":["Flying Knee"]},{"damage_healed":0,"gold_gain":0,"player_choice":"Joined the Cult","damage_taken":6,"max_hp_gain":0,"max_hp_loss":0,"event_name":"Nest","floor":19,"gold_loss":0,"cards_obtained":["RitualDagger"]},{"damage_healed":0,"gold_gain":0,"player_choice":"Copied","damage_taken":0,"max_hp_gain":0,"max_hp_loss":0,"event_name":"Duplicator","floor":20,"gold_loss":0,"cards_obtained":["Neutralize"]}],"is_beta":false,"boss_relics":[{"not_picked":["Empty Cage","Philosopher\u0027s Stone"],"picked":"Runic Pyramid"}],"items_purged_floors":[7],"is_endless":false,"potions_floor_spawned":[3,10,11,18],"killed_by":"Slavers","ascension_level":20}}