{"host":"fdq5pmhluajjrf8d","time":1611450404,"event":{"mods":["BaseMod","Minty Spire (QoL Compilation)"],"gold_per_floor":[119,129,149,165,175,175,175,175,200,213,225,225,241,84,84,84,84],"floor_reached":16,"language":"ENG","playtime":594,"items_purged":[],"score":192,"play_id":"a6da6401-519f-4c01-b52a-1b550567a0b3","local_time":"20210123200644","is_ascension_mode":true,"campfire_choices":[{"data":"Conserve Battery","floor":6,"key":"SMITH"},{"data":"Zap","floor":8,"key":"SMITH"},{"data":"Genetic Algorithm","floor":12,"key":"SMITH"},{"data":"Loop","floor":15,"key":"SMITH"}],"circlet_count":0,"master_deck":["AscendersBane","Strike_B","Strike_B","Strike_B","Strike_B","Defend_B","Defend_B","Defend_B","Defend_B","Zap+1","Dualcast","Doom and Gloom","Coolheaded","Conserve Battery+1","Cold Snap","Skim","Loop+1","Genetic Algorithm+1"],"relics":["Cracked Core","Art of War","Nunchaku","OrangePellets"],"acts_visited":["Exordium"],"potions_floor_usage":[16],"damage_taken":[{"damage":4,"enemies":"2 Louse","floor":1,"turns":3},{"damage":1,"enemies":"Cultist","floor":2,"turns":3},{"damage":0,"enemies":"Small Slimes","floor":3,"turns":2},{"damage":1,"enemies":"Blue Slaver","floor":4,"turns":7},{"damage":0,"enemies":"2 Fungi Beasts","floor":5,"turns":4},{"damage":5,"enemies":"Looter","floor":10,"turns":3},{"damage":10,"enemies":"Red Slaver","floor":11,"turns":3},{"damage":3,"enemies":"3 Louse","floor":13,"turns":3},{"damage":52,"enemies":"Hexaghost","floor":16,"turns":11}],"seed_played":"8855148109928412659","potions_obtained":[{"floor":2,"key":"LiquidMemories"},{"floor":4,"key":"Explosive Potion"},{"floor":10,"key":"LiquidBronze"}],"is_trial":false,"path_per_floor":["M","M","M","M","M","R","?","R","T","M","M","R","M","$","R","B"],"character_chosen":"DEFECT","items_purchased":["OrangePellets"],"campfire_rested":0,"item_purchase_floors":[14],"current_hp_per_floor":[67,66,66,65,65,65,65,65,65,60,50,50,47,47,47,0,0],"gold":84,"neow_bonus":"TEN_PERCENT_HP_BONUS","is_daily":false,"chose_seed":false,"campfire_upgraded":4,"win_rate":0.0,"timestamp":1611450404,"path_taken":["M","M","M","M","M","R","?","R","T","M","M","R","?","?","R","BOSS"],"items_purchased_type":["Relic"],"build_version":"2020-12-22","purchased_purges":0,"victory":false,"max_hp_per_floor":[78,78,78,78,78,78,78,78,78,78,78,78,78,78,78,78,78],"card_choices":[{"not_picked":["Barrage","Compile Driver"],"picked":"Doom and Gloom","floor":1},{"not_picked":["Cold Snap","Barrage"],"picked":"Coolheaded","floor":2},{"not_picked":["Ball Lightning","Force Field"],"picked":"Conserve Battery","floor":3},{"not_picked":["Force Field","Gash"],"picked":"Cold Snap","floor":4},{"not_picked":["Stack","Beam Cell"],"picked":"Skim","floor":5},{"not_picked":["Leap","Glacier"],"picked":"Loop","floor":10},{"not_picked":["Double Energy","Ball Lightning"],"picked":"Genetic Algorithm","floor":11},{"not_picked":["Stack","Force Field","Hologram"],"picked":"SKIP","floor":13}],"player_experience":1928711,"relics_obtained":[{"floor":9,"key":"Nunchaku"}],"event_choices":[{"damage_healed":0,"gold_gain":0,"player_choice":"Gave Potion","damage_taken":0,"relics_obtained":["Art of War"],"max_hp_gain":0,"max_hp_loss":0,"event_name":"WeMeetAgain","floor":7,"gold_loss":0}],"is_beta":false,"boss_relics":[],"items_purged_floors":[],"is_endless":false,"potions_floor_spawned":[2,4,10],"killed_by":"Hexaghost","ascension_level":20}}