{"host":"c6u7e77myxvw4d0m","time":1611518092,"event":{"mods":["AchievementEnabler","BaseMod","Bestiary","Colored Map","Colored Powertips","Minty Spire (QoL Compilation)","Rare Cards Sparkle","Relic Stats","everything is the same but u backflip on backflip"],"gold_per_floor":[115,65,14,31,41,41,53,81,104,104,104,116,142,152,152,253,253,265,284,6,16,16,16,16,26,26,26,60,60,76,104,104,104,104],"floor_reached":33,"language":"ENG","playtime":1974,"items_purged":[],"score":416,"play_id":"2bc8e015-182a-4831-ae98-afcfc52db4de","local_time":"20210124215452","is_ascension_mode":true,"campfire_choices":[{"data":"Uppercut","floor":6,"key":"SMITH"},{"floor":11,"key":"REST"},{"floor":15,"key":"REST"},{"data":"Reaper","floor":23,"key":"SMITH"},{"floor":27,"key":"REST"},{"floor":29,"key":"REST"},{"floor":32,"key":"REST"}],"circlet_count":0,"master_deck":["Strike_R","Strike_R","Strike_R","Strike_R","Strike_R","Defend_R","Defend_R","Bash+1","Rampage","Iron Wave","Uppercut+1","Twin Strike","Reaper+1","Flex","Cleave","Fire Breathing+1","Ghostly Armor","Clothesline+1","Shame","Hemokinesis+1","Armaments+1","Searing Blow","Demon Form"],"relics":["Empty Cage","Akabeko","Pen Nib","Nunchaku","Regal Pillow","Snecko Eye","Frozen Eye","Bag of Preparation","Ornamental Fan","Tiny Chest","Charon\u0027s Ashes"],"acts_visited":["Exordium","TheCity"],"potions_floor_usage":[13,13,14,16,21,21,28,33],"damage_taken":[{"damage":11,"enemies":"Jaw Worm","floor":1,"turns":4},{"damage":0,"enemies":"Cultist","floor":4,"turns":2},{"damage":6,"enemies":"2 Louse","floor":5,"turns":2},{"damage":14,"enemies":"Lots of Slimes","floor":7,"turns":4},{"damage":35,"enemies":"3 Sentries","floor":8,"turns":6},{"damage":9,"enemies":"Exordium Wildlife","floor":12,"turns":3},{"damage":15,"enemies":"Lagavulin","floor":13,"turns":3},{"damage":13,"enemies":"Large Slime","floor":14,"turns":3},{"damage":57,"enemies":"The Guardian","floor":16,"turns":11},{"damage":28,"enemies":"2 Thieves","floor":18,"turns":4},{"damage":23,"enemies":"Shell Parasite","floor":19,"turns":4},{"damage":15,"enemies":"3 Cultists","floor":21,"turns":5},{"damage":6,"enemies":"Sentry and Sphere","floor":25,"turns":3},{"damage":36,"enemies":"Slavers","floor":28,"turns":6},{"damage":20,"enemies":"Centurion and Healer","floor":30,"turns":5},{"damage":63,"enemies":"Gremlin Leader","floor":31,"turns":6},{"damage":80,"enemies":"Automaton","floor":33,"turns":6}],"seed_played":"-7527738347143778167","potions_obtained":[{"floor":7,"key":"LiquidBronze"},{"floor":12,"key":"PowerPotion"},{"floor":13,"key":"BloodPotion"},{"floor":16,"key":"BloodPotion"},{"floor":21,"key":"Strength Potion"},{"floor":30,"key":"FearPotion"}],"is_trial":false,"path_per_floor":["M","?","$","M","M","R","M","E","T","?","R","M","E","M","R","B",null,"M","M","$","M","?","R","?","M","T","R","E","R","M","E","R","B"],"character_chosen":"IRONCLAD","items_purchased":["FearPotion","Ghostly Armor","Frozen Eye","Block Potion","Clothesline"],"campfire_rested":5,"item_purchase_floors":[3,20,20,20,20],"current_hp_per_floor":[61,61,61,61,55,55,41,6,6,6,30,21,18,29,68,11,63,52,29,29,41,41,41,41,44,44,80,56,80,70,24,63,0,0],"gold":104,"neow_bonus":"BOSS_RELIC","is_daily":false,"chose_seed":false,"campfire_upgraded":2,"win_rate":0.0,"timestamp":1611518092,"path_taken":["M","?","?","M","M","R","?","E","T","?","R","M","E","M","R","BOSS","M","M","$","M","?","R","?","?","T","R","E","R","M","E","R","BOSS"],"items_purchased_type":["Potion","Card","Relic","Potion","Card"],"build_version":"2020-12-22","purchased_purges":0,"victory":false,"max_hp_per_floor":[80,80,80,80,80,80,80,80,80,80,80,80,80,80,80,80,80,80,80,80,80,80,80,80,80,80,80,80,80,80,80,80,80,80],"relic_stats":{"Nunchaku":[13],"Regal Pillow":42,"counters":[17,77],"Ornamental Fan":[44],"Snecko Eye":[56,72,66,74],"Tiny Chest":0,"Pen Nib":[13],"Charon\u0027s Ashes":[9],"Bag of Preparation":[10],"obtain_stats":[{"Frozen Eye":20,"Nunchaku":9,"Regal Pillow":13,"Ornamental Fan":26,"Snecko Eye":17,"Tiny Chest":28,"Pen Nib":8,"Charon\u0027s Ashes":31,"Bag of Preparation":22,"Empty Cage":0,"Burning Blood":0,"Akabeko":2},{"Frozen Eye":11,"Nunchaku":5,"Regal Pillow":7,"Ornamental Fan":13,"Snecko Eye":9,"Tiny Chest":14,"Pen Nib":5,"Charon\u0027s Ashes":16,"Bag of Preparation":12,"Empty Cage":0,"Burning Blood":0,"Akabeko":1},{"Frozen Eye":46,"Nunchaku":18,"Regal Pillow":24,"Ornamental Fan":54,"Snecko Eye":38,"Tiny Chest":60,"Pen Nib":18,"Charon\u0027s Ashes":71,"Bag of Preparation":51,"Empty Cage":0,"Burning Blood":0,"Akabeko":4}]},"card_choices":[{"not_picked":["Clash","Rage"],"picked":"Rampage","floor":1},{"not_picked":["Anger","Second Wind"],"picked":"Iron Wave","floor":4},{"not_picked":["Feel No Pain","Combust"],"picked":"Uppercut","floor":5},{"not_picked":["Battle Trance","Body Slam"],"picked":"Twin Strike","floor":7},{"not_picked":["Sword Boomerang","Anger"],"picked":"Reaper","floor":8},{"not_picked":["True Grit","Searing Blow"],"picked":"Flex","floor":12},{"not_picked":["Impervious","Battle Trance"],"picked":"Cleave","floor":13},{"not_picked":["Wild Strike","Iron Wave","Burning Pact"],"picked":"SKIP","floor":14},{"not_picked":["Pommel Strike","Headbutt"],"picked":"Fire Breathing+1","floor":18},{"not_picked":["Pummel","Havoc","Body Slam"],"picked":"SKIP","floor":19},{"not_picked":["Hemokinesis","Cleave","Blood for Blood"],"picked":"SKIP","floor":21},{"not_picked":["Armaments","Sever Soul"],"picked":"Hemokinesis+1","floor":25},{"not_picked":["Impervious","Perfected Strike"],"picked":"Armaments+1","floor":28},{"not_picked":["Pommel Strike","Metallicize"],"picked":"Searing Blow","floor":30},{"not_picked":["Ghostly Armor","Warcry"],"picked":"Demon Form","floor":31}],"player_experience":465808,"relics_obtained":[{"floor":8,"key":"Pen Nib"},{"floor":9,"key":"Nunchaku"},{"floor":13,"key":"Regal Pillow"},{"floor":26,"key":"Ornamental Fan"},{"floor":28,"key":"Tiny Chest"},{"floor":31,"key":"Charon\u0027s Ashes"}],"event_choices":[{"damage_healed":0,"gold_gain":0,"player_choice":"Paid Gold","damage_taken":0,"relics_obtained":["Akabeko"],"max_hp_gain":0,"max_hp_loss":0,"event_name":"WeMeetAgain","floor":2,"gold_loss":50},{"damage_healed":0,"gold_gain":0,"player_choice":"Upgraded","damage_taken":0,"max_hp_gain":0,"max_hp_loss":0,"event_name":"Upgrade Shrine","floor":10,"gold_loss":0,"cards_upgraded":["Bash"]},{"damage_healed":0,"gold_gain":0,"player_choice":"Stole Relic","damage_taken":0,"relics_obtained":["Bag of Preparation"],"max_hp_gain":0,"max_hp_loss":0,"event_name":"Addict","floor":22,"gold_loss":0,"cards_obtained":["Shame"]},{"damage_healed":0,"gold_gain":0,"player_choice":"Forge","damage_taken":0,"max_hp_gain":0,"max_hp_loss":0,"event_name":"Accursed Blacksmith","floor":24,"gold_loss":0,"cards_upgraded":["Clothesline"]}],"is_beta":false,"boss_relics":[{"not_picked":["Runic Cube","Pandora\u0027s Box"],"picked":"Snecko Eye"}],"items_purged_floors":[],"is_endless":false,"potions_floor_spawned":[7,12,13,16,21,30],"killed_by":"Automaton","ascension_level":8}}