{"host":"1ekl8hlbnopmdapi","time":1611455804,"event":{"mods":["AchievementEnabler","BaseMod","Colored Map","Colored Powertips","DeckTracker","Googly Eyes","Highlight Path","Minty Spire (QoL Compilation)","Relic Sorter","StSLib","Synergy Search"],"gold_per_floor":[213,213,67,83,93,93,110,140,165,201,14,14,57,27,27,162,162,212,212,235,264,264,264,264,264],"floor_reached":24,"language":"ENG","playtime":500,"items_purged":[],"score":312,"play_id":"8989a27c-09af-4a40-93ac-be8f9c3c907a","local_time":"20210123213644","is_ascension_mode":true,"campfire_choices":[{"floor":6,"key":"RECALL"},{"floor":12,"key":"REST"},{"floor":15,"key":"REST"},{"floor":23,"key":"REST"}],"circlet_count":0,"master_deck":["Strike_P","Strike_P","Strike_P","Strike_P","Defend_P","Defend_P","Defend_P","Defend_P","Eruption","Vigilance","PathToVictory","FlurryOfBlows","Wallop","CrushJoints","FollowUp","Wish","PathToVictory","PathToVictory","LessonLearned","Weave+1","PathToVictory","LikeWater+1"],"relics":["PureWater","Bronze Scales","Happy Flower","Lantern","CeramicFish","Sling","Ancient Tea Set","SacredBark"],"acts_visited":["Exordium","TheCity"],"potions_floor_usage":[8,13,13],"damage_taken":[{"damage":2,"enemies":"Jaw Worm","floor":1,"turns":6},{"damage":0,"enemies":"Cultist","floor":4,"turns":3},{"damage":0,"enemies":"Small Slimes","floor":5,"turns":2},{"damage":5,"enemies":"Red Slaver","floor":7,"turns":4},{"damage":32,"enemies":"Gremlin Nob","floor":8,"turns":4},{"damage":30,"enemies":"3 Sentries","floor":10,"turns":8},{"damage":0,"enemies":"Gremlin Nob","floor":13,"turns":3},{"damage":22,"enemies":"The Guardian","floor":16,"turns":7},{"damage":22,"enemies":"Chosen","floor":18,"turns":5},{"damage":17,"enemies":"Spheric Guardian","floor":20,"turns":3},{"damage":12,"enemies":"Snecko","floor":21,"turns":4},{"damage":42,"enemies":"Snake Plant","floor":24,"turns":2}],"seed_played":"97881556353638232","potions_obtained":[{"floor":1,"key":"DuplicationPotion"},{"floor":7,"key":"SpeedPotion"},{"floor":10,"key":"AttackPotion"},{"floor":16,"key":"Energy Potion"},{"floor":21,"key":"SteroidPotion"}],"is_trial":false,"path_per_floor":["M","?","$","M","M","R","M","E","T","E","$","R","E","?","R","B",null,"M","?","M","M","?","R","M"],"character_chosen":"WATCHER","items_purchased":["Bronze Scales","Sling","PathToVictory"],"campfire_rested":3,"item_purchase_floors":[3,11,11],"current_hp_per_floor":[70,70,70,70,70,70,65,33,33,3,3,24,24,24,45,23,72,50,50,33,21,21,42,0,0],"gold":264,"neow_bonus":"HUNDRED_GOLD","is_daily":false,"chose_seed":false,"campfire_upgraded":0,"win_rate":0.0,"timestamp":1611455804,"path_taken":["M","?","$","M","M","R","M","E","T","E","?","R","E","?","R","BOSS","M","?","M","?","?","R","M"],"items_purchased_type":["Relic","Relic","Card"],"build_version":"2020-12-22","purchased_purges":0,"victory":false,"max_hp_per_floor":[72,72,72,72,72,72,72,72,72,72,72,72,72,72,72,72,72,72,72,72,72,72,72,72,72],"card_choices":[{"not_picked":["Tantrum","Crescendo"],"picked":"PathToVictory","floor":1},{"not_picked":["Wallop","Evaluate"],"picked":"FlurryOfBlows","floor":4},{"not_picked":["FlyingSleeves","FlurryOfBlows"],"picked":"Wallop","floor":5},{"not_picked":["JustLucky","EmptyMind"],"picked":"CrushJoints","floor":7},{"not_picked":["TalkToTheHand","ForeignInfluence"],"picked":"FollowUp","floor":8},{"not_picked":["Worship","Omniscience"],"picked":"Wish","floor":10},{"not_picked":["ThirdEye","FollowUp"],"picked":"PathToVictory","floor":13},{"not_picked":["Devotion","MasterReality"],"picked":"LessonLearned","floor":16},{"not_picked":["InnerPeace","Crescendo"],"picked":"Weave+1","floor":18},{"not_picked":["FlurryOfBlows","Consecrate"],"picked":"PathToVictory","floor":20},{"not_picked":["BattleHymn","ReachHeaven"],"picked":"LikeWater+1","floor":21}],"player_experience":490386,"relics_obtained":[{"floor":8,"key":"Happy Flower"},{"floor":9,"key":"Lantern"},{"floor":10,"key":"CeramicFish"},{"floor":13,"key":"Ancient Tea Set"}],"event_choices":[{"damage_healed":0,"gold_gain":0,"player_choice":"Bought 0 Potions","damage_taken":0,"max_hp_gain":0,"max_hp_loss":0,"event_name":"The Woman in Blue","floor":2,"gold_loss":0},{"damage_healed":0,"gold_gain":0,"player_choice":"Left Gold","damage_taken":0,"max_hp_gain":0,"max_hp_loss":0,"event_name":"World of Goop","floor":14,"gold_loss":30},{"damage_healed":0,"gold_gain":0,"player_choice":"Ignored","damage_taken":0,"max_hp_gain":0,"max_hp_loss":0,"event_name":"N\u0027loth","floor":19,"gold_loss":0},{"damage_healed":0,"gold_gain":0,"player_choice":"Ignored","damage_taken":0,"max_hp_gain":0,"max_hp_loss":0,"event_name":"Cursed Tome","floor":22,"gold_loss":0}],"is_beta":false,"boss_relics":[{"not_picked":["Runic Pyramid","Ectoplasm"],"picked":"SacredBark"}],"items_purged_floors":[],"is_endless":false,"potions_floor_spawned":[1,7,10,16,21],"killed_by":"Snake Plant","ascension_level":4}}