{"host":"aqym1xxr3lb31d9m","time":1611491926,"event":{"mods":["BaseMod","Block Reminder","Colored Map","Colored Powertips","DeckTracker","Highlight Path","Minty Spire (QoL Compilation)","Quick Restart","Random Character Button","StSLib","SuperFastMode","UnlockEverythingMod"],"gold_per_floor":[112,123,123,123,123,123,162,162,235,235,250,263,302,326,326,326,326],"floor_reached":16,"language":"JPN","playtime":400,"items_purged":[],"score":270,"play_id":"6f05ef14-f828-4cb7-bb9c-07fb136c5076","local_time":"20210124213846","is_ascension_mode":true,"campfire_choices":[{"data":"Streamline","floor":6,"key":"SMITH"},{"data":"Beam Cell","floor":8,"key":"SMITH"},{"data":"Zap","floor":10,"key":"SMITH"},{"data":"Hologram","floor":15,"key":"SMITH"}],"circlet_count":0,"master_deck":["AscendersBane","Strike_B","Strike_B","Strike_B","Strike_B","Defend_B","Defend_B","Defend_B","Defend_B","Zap+1","Dualcast","Beam Cell+1","Streamline+1","Hologram","Sweeping Beam","Hologram+1","Loop","Glacier"],"relics":["Cracked Core","NeowsBlessing","Golden Idol","Gremlin Horn","StrikeDummy","MealTicket"],"acts_visited":["Exordium"],"potions_floor_usage":[13,16,16],"damage_taken":[{"damage":0.0,"enemies":"Cultist","floor":1.0,"turns":1.0},{"damage":0.0,"enemies":"Jaw Worm","floor":2.0,"turns":1.0},{"damage":0,"enemies":"3 Sentries","floor":7,"turns":1},{"damage":0,"enemies":"2 Louse","floor":11,"turns":1},{"damage":3,"enemies":"Large Slime","floor":12,"turns":4},{"damage":27,"enemies":"Lagavulin","floor":13,"turns":6},{"damage":2,"enemies":"Exordium Wildlife","floor":14,"turns":3},{"damage":41,"enemies":"Slime Boss","floor":16,"turns":6}],"seed_played":"1610941348052494342","potions_obtained":[{"floor":7,"key":"Fruit Juice"},{"floor":12,"key":"FocusPotion"},{"floor":14,"key":"ColorlessPotion"}],"is_trial":false,"path_per_floor":["M","M","?","?","?","R","E","R","T","R","M","M","E","M","R","B"],"character_chosen":"DEFECT","items_purchased":[],"campfire_rested":0,"item_purchase_floors":[],"current_hp_per_floor":[64,64,69,69,62,62,62,62,62,62,62,59,37,35,35,0,0],"gold":326,"neow_bonus":"THREE_ENEMY_KILL","is_daily":false,"chose_seed":false,"campfire_upgraded":4,"win_rate":0.0,"timestamp":1611491926,"path_taken":["M","?","?","?","?","R","E","R","T","R","?","M","E","M","R","BOSS"],"items_purchased_type":[],"build_version":"2020-12-22","purchased_purges":0,"victory":false,"max_hp_per_floor":[71,71,76,76,76,76,76,76,76,76,76,76,81,81,81,81,81],"card_choices":[{"not_picked":["Tempest","Compile Driver"],"picked":"Beam Cell","floor":1.0},{"not_picked":["Coolheaded","Leap"],"picked":"Streamline","floor":2.0},{"not_picked":["Leap","Creative AI"],"picked":"Hologram","floor":7},{"not_picked":["Gash","Go for the Eyes"],"picked":"Sweeping Beam","floor":11},{"not_picked":["Turbo","Steam"],"picked":"Hologram","floor":12},{"not_picked":["Stack","Compile Driver"],"picked":"Loop","floor":13},{"not_picked":["Conserve Battery","Self Repair"],"picked":"Glacier","floor":14}],"player_experience":4033248,"relics_obtained":[{"floor":7,"key":"Gremlin Horn"},{"floor":9,"key":"StrikeDummy"},{"floor":13,"key":"MealTicket"}],"event_choices":[{"damage_healed":0.0,"max_hp_gain":5.0,"max_hp_loss":0.0,"gold_gain":0.0,"event_name":"Big Fish","player_choice":"Donut","floor":3.0,"gold_loss":0.0,"damage_taken":0.0},{"damage_healed":0.0,"max_hp_gain":0.0,"max_hp_loss":0.0,"gold_gain":0.0,"event_name":"Golden Idol","player_choice":"Take Wound","floor":4.0,"gold_loss":0.0,"damage_taken":0.0,"relics_obtained":["Golden Idol"],"cards_obtained":["Injury"]},{"cards_removed":["Injury"],"damage_healed":0,"gold_gain":0,"player_choice":"Card Removal","damage_taken":7,"max_hp_gain":0,"max_hp_loss":0,"event_name":"Golden Wing","floor":5,"gold_loss":0}],"is_beta":false,"boss_relics":[],"items_purged_floors":[],"is_endless":false,"potions_floor_spawned":[7,12,14],"killed_by":"Slime Boss","ascension_level":20}}