{"host":"up2ld7cwom0c6tq3","time":1611473192,"event":{"mods":["Act Like it!","BaseMod","Conspire","Downfall","Gensokyo","Minty Spire (QoL Compilation)","StSLib","The Blackbeard","The Mystic","The Servant 0.9.4","Yuyuko"],"gold_per_floor":[115,15,15,34,34,34,69,69,118,5,19,36,67,67,67,164,164,176,176,194,211,61,61,90,90,113,127,337,352,352,352],"floor_reached":30,"language":"ZHS","playtime":4485,"items_purged":[],"score":310,"play_id":"2f65ab02-b72c-4ce3-93bb-7d9133798e3d","local_time":"20210124152632","is_ascension_mode":false,"campfire_choices":[{"data":"Comet","floor":6,"key":"SMITH"},{"data":"Gouge","floor":8,"key":"SMITH"},{"data":"Solidify","floor":15,"key":"SMITH"},{"data":"WasteNot","floor":23,"key":"SMITH"}],"circlet_count":0,"master_deck":["Strike_S","Strike_S","Defend_S","Defend_S","KidneyShot","Exchange","InstantArmor","Comet+1","Gouge+1","ShiftingGears","DualDimension","Solidify+1","Dilation","WasteNot+1","Replace+1","BottledTime+1","BestPractice","Foresight+1","TimeWarp","Rearm"],"relics":["Uniform","NeowsBlessing","White Beast Statue","Sundial","Gensokyo:PortableGap","Happy Flower","Centennial Puzzle","Blood Vial","Bird Faced Urn","Black Star","Potion Belt","FossilizedHelix","Tiny Chest","Peace Pipe","Unceasing Top","Frozen Eye"],"acts_visited":["Gensokyo:Gensokyo","Gensokyo:Gensokyoer"],"potions_floor_usage":[],"damage_taken":[{"damage":0,"enemies":"Gensokyo:Gryphon","floor":1,"turns":1},{"damage":0,"enemies":"Gensokyo:3_Fairies","floor":4,"turns":2},{"damage":0,"enemies":"Gensokyo:Cirno","floor":7,"turns":2},{"damage":0,"enemies":"Gensokyo:2_Kodama","floor":11,"turns":3},{"damage":3,"enemies":"Gensokyo:Gryphon_and_Rabbit","floor":12,"turns":6},{"damage":0,"enemies":"Gensokyo:Aya","floor":13,"turns":9},{"damage":7,"enemies":"Gensokyo:Kokoro","floor":16,"turns":10},{"damage":0,"enemies":"Gensokyo:Chomper","floor":18,"turns":3},{"damage":0,"enemies":"Gensokyo:2_Gloops","floor":20,"turns":5},{"damage":4,"enemies":"Gensokyo:Wraith","floor":21,"turns":5},{"damage":13,"enemies":"Gensokyo:Tenshi","floor":24,"turns":7},{"damage":6,"enemies":"Gensokyo:Monolith_and_Dog","floor":27,"turns":12},{"damage":1,"enemies":"Gensokyo:Slime_Group","floor":28,"turns":10},{"damage":10,"enemies":"Gensokyo:Mirror_and_Dog","floor":29,"turns":8},{"damage":73,"enemies":"Gensokyo:Koishi","floor":30,"turns":6}],"seed_played":"2306631983225577694","potions_obtained":[{"floor":1,"key":"DuplicationPotion"},{"floor":4,"key":"Dexterity Potion"},{"floor":7,"key":"Dexterity Potion"},{"floor":11,"key":"bronze:BurnAndBuffPotion"},{"floor":12,"key":"SneckoOil"},{"floor":18,"key":"Fire Potion"},{"floor":21,"key":"ColorlessPotion"},{"floor":24,"key":"Dexterity Potion"},{"floor":27,"key":"Energy Potion"},{"floor":28,"key":"PowerPotion"}],"is_trial":false,"path_per_floor":["M","?","?","M","?","R","E","R","T","COS","M","M","E","$","R","B",null,"M","?","M","M","COS","R","E","?","T","M","M","M","E"],"character_chosen":"THE_SERVANT","items_purchased":[],"campfire_rested":0,"item_purchase_floors":[],"current_hp_per_floor":[65,65,52,52,52,52,52,52,52,52,52,49,51,51,51,46,59,59,59,59,55,55,55,46,46,46,46,53,51,0,0],"gold":352,"neow_bonus":"THREE_ENEMY_KILL","is_daily":false,"chose_seed":false,"campfire_upgraded":4,"win_rate":0.0,"timestamp":1611473192,"path_taken":["M","?","?","?","?","R","E","R","T","COS","M","M","E","?","R","BOSS","M","?","M","?","COS","R","E","?","T","M","M","M","E"],"items_purchased_type":[],"build_version":"2020-12-22","purchased_purges":0,"victory":false,"max_hp_per_floor":[65,65,65,65,59,59,59,59,59,59,59,59,59,59,59,59,59,59,59,59,59,59,59,59,59,59,59,59,59,59,59],"card_choices":[{"not_picked":["Read","Advance"],"picked":"InstantArmor","floor":1},{"not_picked":["FastForward","Defy"],"picked":"Comet","floor":4},{"not_picked":["Alleviate","GearUp"],"picked":"Gouge","floor":7},{"not_picked":["StarChef","Rearm"],"picked":"ShiftingGears","floor":11},{"not_picked":["Barrier","Unruled"],"picked":"DualDimension","floor":12},{"not_picked":["Replace","Rewind"],"picked":"Solidify","floor":13},{"not_picked":["KillingDoll","Initiator"],"picked":"Dilation","floor":16},{"not_picked":["Unruled","Ricochet"],"picked":"WasteNot","floor":18},{"not_picked":["Revamp+1","Spin"],"picked":"Replace+1","floor":20},{"not_picked":["Ricochet","ShatteredReality"],"picked":"BottledTime+1","floor":21},{"not_picked":["ShiftingGears","ForgedInTime"],"picked":"BestPractice","floor":24},{"not_picked":["FastForward","Replace"],"picked":"Foresight+1","floor":27},{"not_picked":["FastForward","Misdirection"],"picked":"TimeWarp","floor":28},{"not_picked":["Unruled","Potential+1"],"picked":"Rearm","floor":29}],"player_experience":39757,"relics_obtained":[{"floor":7,"key":"Happy Flower"},{"floor":9,"key":"Centennial Puzzle"},{"floor":13,"key":"Bird Faced Urn"},{"floor":24,"key":"Potion Belt"},{"floor":24,"key":"FossilizedHelix"},{"floor":26,"key":"Tiny Chest"}],"event_choices":[],"is_beta":false,"boss_relics":[{"not_picked":["conspire:RunicOctahedron","conspire:SpecialSausage"],"picked":"Black Star"}],"items_purged_floors":[],"is_endless":false,"potions_floor_spawned":[1,4,7,11,12,13,16,18,20,21,24,27,28,29],"killed_by":"Gensokyo:Koishi","ascension_level":0}}