{"host":"iphsb0ccnjx0pfn6","time":1611496342,"event":{"mods":["2.2 Compatiblity","AchievementEnabler","BaseMod","Colored Map","DeckTracker","Keyboard Shortcuts","Minty Spire (QoL Compilation)","Permanent Neow","Quick Restart","Relic Stats","StSLib","SuperFastMode","Uncapped","everything is the same but u backflip on backflip"],"gold_per_floor":[116,116,116,129,146,171,171,206,231,242,242,242,262,262,262,358,358,371,385,385,385,405,405,70,108,135,173,173,226,226,247,247,340,340,356,356,65,65,65,65,99,99,126,126,157,176,176,195,195,195,195],"floor_reached":50,"language":"KOR","playtime":1406,"items_purged":["Defend_G"],"score":1178,"play_id":"1036c1e4-85d3-4bf3-a586-7cf5de37405b","local_time":"20210124225222","is_ascension_mode":true,"campfire_choices":[{"data":"Blade Dance","floor":7.0,"key":"SMITH"},{"data":"Blade Dance","floor":12.0,"key":"SMITH"},{"data":"Venomology","floor":15.0,"key":"SMITH"},{"data":"Adrenaline","floor":23.0,"key":"SMITH"},{"data":"Venomology","floor":30.0,"key":"SMITH"},{"data":"Neutralize","floor":32.0,"key":"SMITH"},{"data":"Accuracy","floor":40.0,"key":"SMITH"},{"data":"Burst","floor":44.0,"key":"SMITH"},{"data":"Calculated Gamble","floor":49,"key":"SMITH"}],"circlet_count":0,"master_deck":["AscendersBane","Defend_G","Defend_G","Defend_G","Defend_G","Survivor","Neutralize+1","Venomology+1","Blade Dance+1","Blade Dance+1","Terror","Backflip","Adrenaline+1","Calculated Gamble+1","PiercingWail","Escape Plan","Venomology+1","Burst+1","Accuracy+1","Grand Finale","Flash of Steel"],"relics":["Ring of the Snake","Ancient Tea Set","Pen Nib","Toy Ornithopter","Letter Opener","Golden Idol","SacredBark","OrangePellets","Bag of Marbles","Juzu Bracelet","Art of War","Omamori","Lantern","Philosopher\u0027s Stone","Potion Belt","Bronze Scales","PreservedInsect","Unceasing Top"],"acts_visited":["Exordium","TheCity","TheBeyond"],"potions_floor_usage":[46,48,48,50,50,50,50],"damage_taken":[{"damage":1.0,"enemies":"Small Slimes","floor":1.0,"turns":5.0},{"damage":5.0,"enemies":"2 Louse","floor":4.0,"turns":4.0},{"damage":1.0,"enemies":"Jaw Worm","floor":5.0,"turns":4.0},{"damage":17.0,"enemies":"Gremlin Nob","floor":6.0,"turns":4.0},{"damage":15.0,"enemies":"Lagavulin","floor":8.0,"turns":7.0},{"damage":3.0,"enemies":"Blue Slaver","floor":10.0,"turns":3.0},{"damage":3.0,"enemies":"3 Louse","floor":13.0,"turns":2.0},{"damage":10.0,"enemies":"Hexaghost","floor":16.0,"turns":8.0},{"damage":2.0,"enemies":"Spheric Guardian","floor":18.0,"turns":4.0},{"damage":13.0,"enemies":"Chosen","floor":19.0,"turns":5.0},{"damage":0.0,"enemies":"3 Cultists","floor":22.0,"turns":4.0},{"damage":58.0,"enemies":"Gremlin Leader","floor":25.0,"turns":9.0},{"damage":0.0,"enemies":"Slavers","floor":27.0,"turns":3.0},{"damage":0.0,"enemies":"Centurion and Healer","floor":31.0,"turns":1.0},{"damage":24.0,"enemies":"Automaton","floor":33.0,"turns":6.0},{"damage":11.0,"enemies":"3 Darklings","floor":35.0,"turns":7.0},{"damage":0.0,"enemies":"Nemesis","floor":41.0,"turns":1.0},{"damage":4.0,"enemies":"Mind Bloom Boss Battle","floor":45.0,"turns":4.0},{"damage":0,"enemies":"Orb Walker","floor":46,"turns":1},{"damage":0,"enemies":"Transient","floor":48,"turns":6},{"damage":152,"enemies":"Time Eater","floor":50,"turns":9}],"seed_played":"-2956100917464974928","potions_obtained":[{"floor":1.0,"key":"EssenceOfSteel"},{"floor":18.0,"key":"Dexterity Potion"},{"floor":19.0,"key":"SkillPotion"},{"floor":25.0,"key":"PowerPotion"},{"floor":33.0,"key":"AttackPotion"},{"floor":45,"key":"Weak Potion"},{"floor":48,"key":"Energy Potion"}],"is_trial":false,"path_per_floor":["M","?","?","M","M","E","R","E","T","M","?","R","M","?","R","B",null,"M","M","?","?","M","R","$","E","T","E","?","T","R","M","R","B",null,"M","?","$","?","$","R","E","?","T","R","?","M","?","M","R","B"],"character_chosen":"THE_SILENT","items_purchased":["OrangePellets","Bag of Marbles","Potion Belt","Accuracy"],"campfire_rested":0,"item_purchase_floors":[24,24,37,37],"current_hp_per_floor":[58,51,51,46,45,28,28,13,13,10,10,10,12,12,12,7,47,55,47,47,47,60,60,60,2,2,22,22,22,22,27,27,13,48,47,47,47,59,59,59,60,60,60,60,56,60,50,60,60,0,0],"gold":195,"neow_bonus":"ONE_RANDOM_RARE_CARD","is_daily":false,"chose_seed":false,"campfire_upgraded":9,"win_rate":0.0,"timestamp":1611496342,"path_taken":["M","?","?","M","M","E","R","E","T","M","?","R","M","?","R","BOSS","M","M","?","?","M","R","$","E","T","E","?","?","R","M","R","BOSS","M","?","$","?","?","R","E","?","T","R","?","M","?","M","R","BOSS"],"items_purchased_type":["Relic","Relic","Relic","Card"],"build_version":"2020-12-22","purchased_purges":1,"victory":false,"max_hp_per_floor":[66,66,66,66,66,66,66,66,66,66,66,66,66,60,60,60,60,60,60,60,60,60,60,60,60,60,60,60,60,60,60,60,60,60,60,60,60,60,60,60,60,60,60,60,60,60,60,60,60,60,60],"relic_stats":{"counters":[21,97],"Golden Idol":98,"Pen Nib":[31],"PreservedInsect":0,"Juzu Bracelet":1,"Letter Opener":[446],"OrangePellets":[1],"Bronze Scales":[72],"Art of War":[4],"obtain_stats":[{"Potion Belt":37,"Lantern":29,"Golden Idol":14,"SacredBark":17,"Pen Nib":8,"PreservedInsect":43,"Juzu Bracelet":25,"Omamori":27,"Letter Opener":11,"Ancient Tea Set":6,"OrangePellets":24,"Bronze Scales":41,"Philosopher\u0027s Stone":34,"Bag of Marbles":24,"Art of War":26,"Toy Ornithopter":9,"Unceasing Top":45,"Ring of the Snake":0},{"Potion Belt":16,"Lantern":13,"Golden Idol":7,"SacredBark":8,"Pen Nib":5,"PreservedInsect":17,"Juzu Bracelet":12,"Omamori":13,"Letter Opener":6,"Ancient Tea Set":4,"OrangePellets":11,"Bronze Scales":17,"Philosopher\u0027s Stone":15,"Bag of Marbles":11,"Art of War":12,"Toy Ornithopter":5,"Unceasing Top":18,"Ring of the Snake":0},{"Potion Belt":76,"Lantern":62,"Golden Idol":29,"SacredBark":37,"Pen Nib":24,"PreservedInsect":77,"Juzu Bracelet":59,"Omamori":62,"Letter Opener":27,"Ancient Tea Set":17,"OrangePellets":50,"Bronze Scales":77,"Philosopher\u0027s Stone":69,"Bag of Marbles":50,"Art of War":59,"Toy Ornithopter":24,"Unceasing Top":81,"Ring of the Snake":0}],"Toy Ornithopter":108,"Unceasing Top":[10],"Ring of the Snake":[42]},"card_choices":[{"not_picked":["Concentrate","Backstab"],"picked":"Blade Dance","floor":1.0},{"not_picked":["Quick Slash","Choke"],"picked":"Blade Dance","floor":4.0},{"not_picked":["Quick Slash","Catalyst"],"picked":"Dagger Throw","floor":5.0},{"not_picked":["Flying Knee","Poisoned Stab"],"picked":"Terror","floor":6.0},{"not_picked":["Crippling Poison","Catalyst"],"picked":"Backflip","floor":8.0},{"not_picked":["Flying Knee","Expertise","Acrobatics"],"picked":"SKIP","floor":10.0},{"not_picked":["Dagger Spray","Bane","Outmaneuver"],"picked":"SKIP","floor":13.0},{"not_picked":["Envenom","Unload"],"picked":"Adrenaline","floor":16.0},{"not_picked":["Sucker Punch","Dagger Spray"],"picked":"Calculated Gamble","floor":18.0},{"not_picked":["Bane","All Out Attack+1"],"picked":"PiercingWail","floor":19.0},{"not_picked":["Expertise","Underhanded Strike","Sucker Punch"],"picked":"SKIP","floor":22.0},{"not_picked":["Quick Slash","Die Die Die","PiercingWail"],"picked":"SKIP","floor":25.0},{"not_picked":["Dagger Throw+1","Poisoned Stab","Flying Knee"],"picked":"SKIP","floor":27.0},{"not_picked":["Bane","Dodge and Roll","Endless Agony"],"picked":"SKIP","floor":31.0},{"not_picked":["Corpse Explosion","Storm of Steel"],"picked":"Burst","floor":33.0},{"not_picked":["Dagger Spray","Dash","Concentrate"],"picked":"SKIP","floor":35.0},{"not_picked":["Deflect","All Out Attack+1"],"picked":"Grand Finale","floor":41.0},{"not_picked":["Outmaneuver","Poisoned Stab","PiercingWail+1"],"picked":"SKIP","floor":46},{"not_picked":["Mind Blast","Dramatic Entrance"],"picked":"Flash of Steel","floor":47},{"not_picked":["Crippling Poison","Underhanded Strike","Noxious Fumes"],"picked":"SKIP","floor":48}],"player_experience":1277520,"relics_obtained":[{"floor":6.0,"key":"Ancient Tea Set"},{"floor":8.0,"key":"Pen Nib"},{"floor":9.0,"key":"Toy Ornithopter"},{"floor":25.0,"key":"Juzu Bracelet"},{"floor":26.0,"key":"Art of War"},{"floor":27.0,"key":"Omamori"},{"floor":29.0,"key":"Lantern"},{"floor":41.0,"key":"Bronze Scales"},{"floor":43.0,"key":"PreservedInsect"},{"floor":45,"key":"Unceasing Top"}],"event_choices":[{"cards_removed":["Strike_G"],"damage_healed":0.0,"max_hp_gain":0.0,"max_hp_loss":0.0,"gold_gain":0.0,"event_name":"Golden Wing","player_choice":"Card Removal","floor":2.0,"gold_loss":0.0,"damage_taken":7.0},{"cards_removed":["Strike_G"],"damage_healed":0.0,"max_hp_gain":0.0,"max_hp_loss":0.0,"gold_gain":0.0,"event_name":"Living Wall","player_choice":"Forget","floor":3.0,"gold_loss":0.0,"damage_taken":0.0},{"damage_healed":0.0,"max_hp_gain":0.0,"max_hp_loss":0.0,"gold_gain":0.0,"event_name":"Dead Adventurer","player_choice":"Searched \u00271\u0027 times","floor":11.0,"gold_loss":0.0,"damage_taken":0.0,"relics_obtained":["Letter Opener"]},{"damage_healed":0.0,"max_hp_gain":0.0,"max_hp_loss":6.0,"gold_gain":0.0,"event_name":"Golden Idol","player_choice":"Lose Max HP","floor":14.0,"gold_loss":0.0,"damage_taken":0.0,"relics_obtained":["Golden Idol"]},{"damage_healed":0.0,"max_hp_gain":0.0,"max_hp_loss":0.0,"gold_gain":0.0,"cards_transformed":["Strike_G","Strike_G"],"event_name":"Drug Dealer","player_choice":"Became Test Subject","floor":20.0,"gold_loss":0.0,"damage_taken":0.0,"cards_obtained":["Escape Plan","Venomology"]},{"damage_healed":0.0,"max_hp_gain":0.0,"max_hp_loss":0.0,"gold_gain":0.0,"event_name":"Vampires","player_choice":"Ignored","floor":21.0,"gold_loss":0.0,"damage_taken":0.0},{"cards_removed":["Strike_G"],"damage_healed":0.0,"max_hp_gain":0.0,"max_hp_loss":0.0,"gold_gain":0.0,"event_name":"Back to Basics","player_choice":"Elegance","floor":28.0,"gold_loss":0.0,"damage_taken":0.0},{"damage_healed":0.0,"max_hp_gain":0.0,"max_hp_loss":0.0,"gold_gain":0.0,"event_name":"Tomb of Lord Red Mask","player_choice":"Ignored","floor":36.0,"gold_loss":0.0,"damage_taken":0.0},{"damage_healed":12.0,"max_hp_gain":0.0,"max_hp_loss":0.0,"gold_gain":0.0,"event_name":"Winding Halls","player_choice":"Writhe","floor":38.0,"gold_loss":0.0,"damage_taken":0.0,"cards_obtained":["Writhe"]},{"cards_removed":["Dagger Throw"],"damage_healed":0.0,"max_hp_gain":0.0,"max_hp_loss":0.0,"gold_gain":0.0,"event_name":"Falling","player_choice":"Removed Attack","floor":42.0,"gold_loss":0.0,"damage_taken":0.0},{"damage_healed":0.0,"max_hp_gain":0.0,"max_hp_loss":0.0,"gold_gain":0.0,"event_name":"MindBloom","player_choice":"Fight","floor":45.0,"gold_loss":0.0,"damage_taken":0.0},{"damage_healed":0,"gold_gain":0,"player_choice":"Memory 3","damage_taken":10,"max_hp_gain":0,"max_hp_loss":0,"event_name":"SensoryStone","floor":47,"gold_loss":0}],"is_beta":false,"boss_relics":[{"not_picked":["Ectoplasm","Pandora\u0027s Box"],"picked":"SacredBark"},{"not_picked":["Runic Dome","HoveringKite"],"picked":"Philosopher\u0027s Stone"}],"items_purged_floors":[37],"is_endless":false,"potions_floor_spawned":[1,4,5,18,19,25,33,45,46,48],"killed_by":"Time Eater","ascension_level":20}}