{"host":"jumrmhf584hajrnz","time":1611499323,"event":{"mods":["BaseMod","Duelist Mod","GifTheSpireLib","Minty Spire (QoL Compilation)","Quick Restart","Replay The Spire","StSLib"],"gold_per_floor":[140,290,290,301,301,330,330,330,330,358,358,372,372,389,389,389,389],"floor_reached":16,"language":"ENG","playtime":814,"items_purged":[],"score":216,"play_id":"74d93f07-d948-4538-8563-4a8d9f8592b2","local_time":"20210124154203","is_ascension_mode":true,"campfire_choices":[{"floor":7,"key":"REST"},{"floor":11,"key":"REST"},{"floor":15,"key":"REST"}],"circlet_count":0,"master_deck":["AscendersBane","theDuelist:CastleWalls","theDuelist:CastleWalls","theDuelist:DarkMagician","theDuelist:MysticalElf","theDuelist:MysticalElf","theDuelist:NeoMagic","theDuelist:NeoMagic","theDuelist:Sparks","theDuelist:Sparks+1","theDuelist:StormSparks+1","theDuelist:SangaThunder","Doubt","theDuelist:SangaEarth","theDuelist:Sparks","theDuelist:Sparks+1","theDuelist:StormSparks","Replay:Hysterical Blindness","Parasite","theDuelist:SangaThunder","theDuelist:InjectionFairy","theDuelist:InjectionFairy","theDuelist:SangaEarth"],"relics":["theDuelist:MillenniumPuzzle","theDuelist:CardPoolRelic","theDuelist:CardPoolBasicRelic","theDuelist:BoosterPackPoolRelic","theDuelist:CardPoolAddRelic","theDuelist:CardPoolMinusRelic","theDuelist:CardPoolSaveRelic","theDuelist:CardPoolOptionsRelic","Art of War","Pantograph","Bottled Lightning","Shovel"],"acts_visited":["Exordium"],"potions_floor_usage":[10,16],"damage_taken":[{"damage":0,"enemies":"2 Louse","floor":1,"turns":2},{"damage":0,"enemies":"Small Slimes","floor":4,"turns":2},{"damage":58,"enemies":"Lagavulin","floor":6,"turns":9},{"damage":10,"enemies":"3 Sentries","floor":10,"turns":5},{"damage":0,"enemies":"Cultist","floor":12,"turns":3},{"damage":5,"enemies":"3 Louse","floor":14,"turns":3},{"damage":83,"enemies":"The Guardian","floor":16,"turns":10}],"seed_played":"-6151472291514029738","potions_obtained":[{"floor":1,"key":"Energy Potion"},{"floor":13,"key":"theDuelist:SummonerBottle"},{"floor":13,"key":"theDuelist:FusionPotion"},{"floor":14,"key":"AttackPotion"}],"is_trial":false,"path_per_floor":["M","?","?","M","?","E","R","?","T","E","R","M","?","M","R","B"],"character_chosen":"THE_DUELIST","items_purchased":[],"campfire_rested":3,"item_purchase_floors":[],"current_hp_per_floor":[63,63,63,63,63,5,26,26,26,16,37,37,37,36,57,0,0],"gold":389,"neow_bonus":"RANDOM_COMMON_RELIC","is_daily":false,"chose_seed":false,"campfire_upgraded":0,"win_rate":0.0,"timestamp":1611499323,"path_taken":["M","?","?","M","?","E","R","?","T","E","R","?","?","M","R","BOSS"],"items_purchased_type":[],"build_version":"2020-12-22","purchased_purges":0,"victory":false,"max_hp_per_floor":[70,70,70,70,70,70,70,70,70,70,70,70,70,70,70,70,70],"card_choices":[{"not_picked":["theDuelist:ThousandEyesIdol","theDuelist:SpiritHarp","theDuelist:OnslaughtFireKings","theDuelist:SpellShatteringArrow"],"picked":"theDuelist:SangaThunder","floor":1},{"not_picked":["theDuelist:SpellShatteringArrow","theDuelist:NeoMagic","theDuelist:InjectionFairy","theDuelist:DarkMagician"],"picked":"theDuelist:SangaEarth","floor":4},{"not_picked":["theDuelist:PowerKaishin","theDuelist:BlizzardWarrior","theDuelist:SpellShatteringArrow","theDuelist:MysticalElf"],"picked":"theDuelist:SangaThunder","floor":6},{"not_picked":["theDuelist:SangaThunder","theDuelist:Mudballman","theDuelist:Illusionist","theDuelist:SilentDoom"],"picked":"theDuelist:InjectionFairy","floor":10},{"not_picked":["theDuelist:CallAtlanteans","theDuelist:Illusionist","theDuelist:SpellShatteringArrow","theDuelist:MagicalBlast"],"picked":"theDuelist:InjectionFairy","floor":12},{"not_picked":["theDuelist:DoomShaman","theDuelist:MythicalBeast","theDuelist:GeminiElf","theDuelist:AncientElf"],"picked":"theDuelist:SangaEarth","floor":14}],"player_experience":1511400,"relics_obtained":[{"floor":6,"key":"Pantograph"},{"floor":9,"key":"Bottled Lightning"},{"floor":10,"key":"Shovel"}],"event_choices":[{"damage_healed":0,"gold_gain":150,"player_choice":"AGREE","damage_taken":0,"max_hp_gain":0,"max_hp_loss":0,"event_name":"Liars Game","floor":2,"gold_loss":0,"cards_obtained":["Doubt"]},{"damage_healed":0,"gold_gain":0,"player_choice":"Intellect - dupe all spells","duelist":true,"damage_taken":0,"max_hp_gain":0,"max_hp_loss":0,"event_name":"Aknamkanon\u0027s Tomb","floor":5,"gold_loss":0},{"damage_healed":0,"gold_gain":0,"player_choice":"Forge","damage_taken":0,"max_hp_gain":0,"max_hp_loss":0,"event_name":"Accursed Blacksmith","floor":8,"gold_loss":0,"cards_upgraded":["theDuelist:StormSparks"]},{"damage_healed":0,"gold_gain":0,"player_choice":"Got Potions","damage_taken":0,"max_hp_gain":0,"max_hp_loss":0,"event_name":"Lab","floor":13,"gold_loss":0}],"is_beta":false,"boss_relics":[],"items_purged_floors":[],"is_endless":false,"potions_floor_spawned":[1,14],"killed_by":"The Guardian","ascension_level":20}}