{"host":"l5xpox9cbdko122s","time":1611522419,"event":{"mods":["AchievementEnabler","BaseMod","Better Skull","Colored Map","Colored Powertips","Curses Come First","Displayed Cursed Tome","Hermit","Highlight Path","Minty Spire (QoL Compilation)","Quick Restart","Shop Mod","StSLib"],"gold_per_floor":[109,109,125,140,61,100,100,119,119,163,179,179,209,209,221,233,233],"floor_reached":16,"language":"ENG","playtime":636,"items_purged":[],"score":110,"play_id":"57d1f4bc-689c-451d-bfe2-7caa7df9881b","local_time":"20210124160659","is_ascension_mode":false,"campfire_choices":[{"floor":12,"key":"RECALL"},{"floor":15,"key":"REST"}],"circlet_count":0,"master_deck":["Strike_R","Strike_R+1","Strike_R","Strike_R","Strike_R","Defend_R","Defend_R","Defend_R","Defend_R","Bash+1","Spot Weakness","Injury","Rampage","Fire Breathing+1","Battle Trance","Wild Strike"],"relics":["Burning Blood","NeowsBlessing","Golden Idol","Matryoshka","Whetstone","Akabeko","White Beast Statue","MawBank"],"acts_visited":["Exordium"],"potions_floor_usage":[6,6,16],"damage_taken":[{"damage":0,"enemies":"Small Slimes","floor":1,"turns":1},{"damage":0,"enemies":"2 Louse","floor":3,"turns":1},{"damage":0,"enemies":"Jaw Worm","floor":4,"turns":1},{"damage":12,"enemies":"3 Sentries","floor":6,"turns":5},{"damage":18,"enemies":"Blue Slaver","floor":8,"turns":5},{"damage":44,"enemies":"Lagavulin","floor":10,"turns":6},{"damage":0,"enemies":"Exordium Wildlife","floor":11,"turns":3},{"damage":54,"enemies":"The Guardian","floor":16,"turns":9}],"seed_played":"-3852464408265215724","potions_obtained":[{"floor":1,"key":"SpeedPotion"},{"floor":3,"key":"DistilledChaos"},{"floor":11,"key":"Weak Potion"}],"is_trial":false,"path_per_floor":["M","?","M","M","$","E","?","M","T","E","M","R","?","T","R","B"],"character_chosen":"IRONCLAD","items_purchased":["Fire Breathing"],"campfire_rested":1,"item_purchase_floors":[5],"current_hp_per_floor":[80,80,80,80,80,74,74,62,62,24,30,30,30,30,54,0,0],"gold":233,"neow_bonus":"THREE_ENEMY_KILL","is_daily":false,"chose_seed":false,"campfire_upgraded":0,"win_rate":0.0,"timestamp":1611522419,"path_taken":["M","?","M","M","$","E","?","M","T","E","M","R","?","?","R","BOSS"],"items_purchased_type":["Card"],"build_version":"2020-12-22","purchased_purges":0,"victory":false,"max_hp_per_floor":[80,80,80,80,80,80,80,80,80,80,80,80,80,80,80,80,80],"card_choices":[{"not_picked":["Armaments","Uppercut"],"picked":"Spot Weakness","floor":1},{"not_picked":["Headbutt","Warcry"],"picked":"Rampage","floor":3},{"not_picked":["Bloodletting","Perfected Strike","Body Slam"],"picked":"SKIP","floor":4},{"not_picked":["Wild Strike","Thunderclap"],"picked":"Battle Trance","floor":6},{"not_picked":["Thunderclap","Headbutt"],"picked":"Wild Strike","floor":8},{"not_picked":["Havoc","Rage","Uppercut"],"picked":"SKIP","floor":10},{"not_picked":["Havoc","Thunderclap","Shrug It Off"],"picked":"SKIP","floor":11}],"player_experience":191711,"relics_obtained":[{"floor":6,"key":"Matryoshka"},{"floor":9,"key":"Whetstone"},{"floor":10,"key":"Akabeko"},{"floor":14,"key":"White Beast Statue"},{"floor":14,"key":"MawBank"}],"event_choices":[{"damage_healed":0,"gold_gain":0,"player_choice":"Take Wound","damage_taken":0,"relics_obtained":["Golden Idol"],"max_hp_gain":0,"max_hp_loss":0,"event_name":"Golden Idol","floor":2,"gold_loss":0,"cards_obtained":["Injury"]},{"damage_healed":0,"gold_gain":0,"player_choice":"Grow","damage_taken":0,"max_hp_gain":0,"max_hp_loss":0,"event_name":"Living Wall","floor":7,"gold_loss":0,"cards_upgraded":["Fire Breathing"]},{"damage_healed":0,"gold_gain":30,"player_choice":"Searched \u00271\u0027 times","damage_taken":0,"max_hp_gain":0,"max_hp_loss":0,"event_name":"Dead Adventurer","floor":13,"gold_loss":0}],"is_beta":false,"boss_relics":[],"items_purged_floors":[],"is_endless":false,"potions_floor_spawned":[1,3,11],"killed_by":"The Guardian","ascension_level":0}}