{"host":"Naix","time":1611498354,"event":{"mods":["Act Like it!","Aspiration","BaseMod","Downfall","Energized Spire","Friendly Minions","Gensokyo","HornydragonMod","Minty Spire (QoL Compilation)","Replay The Spire","StSLib","The Alterego","The Jungle","Waifu the Spire","Wide Potions","¡¾ÒÅÎï¿¨ÅÆ¡¿REMEMod"],"gold_per_floor":[99,114,114,114,63,78,153,153,153,153],"floor_reached":8,"language":"ZHS","playtime":547,"items_purged":[],"score":69,"play_id":"4ba2618b-93cf-4723-8f0b-ddc23946adb5","local_time":"20210124222554","daily_mods":["Specialized","Vintage","downfall:WorldOfGoo"],"is_ascension_mode":false,"campfire_choices":[{"data":"bronze:Replicate","floor":1,"key":"SMITH"}],"circlet_count":0,"master_deck":["bronze:Strike","bronze:Strike","bronze:Strike","bronze:Strike","bronze:Defend","bronze:Defend","bronze:Defend","bronze:Defend","bronze:Replicate+1","bronze:Goto","bronze:BronzeArmor","bronze:BronzeArmor","bronze:BronzeArmor","bronze:BronzeArmor","bronze:Philosophize","bronze:HyperBeam","bronze:WhirlingStrike+1"],"relics":["bronze:BronzeCore","REME_ComplimentaryCards","Ancient Tea Set","Strawberry","REME_HandOfSuture","Bottled Lightning"],"acts_visited":["Exordium"],"potions_floor_usage":[],"damage_taken":[{"damage":12,"enemies":"Gensokyo:2_Kodama","floor":2,"turns":4},{"damage":5,"enemies":"downfall:FleeingMerchant","floor":5,"turns":4},{"damage":8,"enemies":"Gensokyo:Python","floor":6,"turns":4},{"damage":43,"enemies":"Gensokyo:Aya","floor":8,"turns":6}],"seed_played":"-992185634128019100","potions_obtained":[{"floor":6,"key":"Strength Potion"}],"is_trial":false,"path_per_floor":["R","M","?","?","$","M","T","E"],"character_chosen":"THE_AUTOMATON","items_purchased":["bronze:WhirlingStrike+1"],"campfire_rested":0,"item_purchase_floors":[5],"current_hp_per_floor":[70,58,55,55,50,42,42,0,0,0],"gold":153,"neow_bonus":"","is_daily":true,"chose_seed":false,"campfire_upgraded":1,"win_rate":0.0,"timestamp":1611498354,"path_taken":["R","M","?","?","$","M","T","E"],"items_purchased_type":["Card"],"build_version":"2020-12-18","purchased_purges":0,"victory":false,"max_hp_per_floor":[70,70,77,77,77,77,77,77,77,77],"card_choices":[{"not_picked":["bronze:MaxOutput","bronze:Deprecate"],"picked":"bronze:HyperBeam","floor":5}],"player_experience":696454,"relics_obtained":[{"floor":2,"key":"Ancient Tea Set"},{"floor":6,"key":"REME_HandOfSuture"},{"floor":7,"key":"Bottled Lightning"}],"event_choices":[],"is_beta":true,"boss_relics":[],"items_purged_floors":[],"is_endless":false,"potions_floor_spawned":[6],"killed_by":"Gensokyo:Aya","ascension_level":0}}