{"host":"48dm3tz8j4qwgdv8","time":1611525127,"event":{"mods":["Act Like it!","Aspiration","BaseMod","Bestiary","Better Altar","Better Match","Better Note","Better Sensory Stone","Better Skull","Better Third Choice","Colored Map","Colored Powertips","DeckTracker","Downfall","Energized Spire","Hallownest","Highlight Path","Hubris","Infinite Spire","Mimic Mod","Minty Spire (QoL Compilation)","Permanent Neow","Quick Restart","Relic Sorter","Relic Stats","Replay The Spire","Shop Mod","Spicy Shops","StSLib","SuperFastMode","The Blue Laboratory","Wandering Minibosses"],"gold_per_floor":[99,112,112,129,146,146,222,48,48,48,3,30,30,61,73,73,73,73],"floor_reached":16,"language":"ENG","playtime":1126,"items_purged":["Pain"],"score":119,"play_id":"09e76c51-016b-446c-b1ef-81ff377a0e1e","local_time":"20210124225207","is_ascension_mode":true,"campfire_choices":[{"data":"hexamod:GiftsFromTheDead","floor":1,"key":"SMITH"},{"data":"hexamod:Haunt","floor":6,"key":"SMITH"},{"data":"Discovery","floor":9,"key":"SMITH"},{"data":"hexamod:Float","floor":13,"key":"SMITH"}],"circlet_count":0,"master_deck":["hexamod:Strike","hexamod:Strike","hexamod:Strike","hexamod:Defend","hexamod:Defend","hexamod:Sear","hexamod:Float+1","hexamod:GiftsFromTheDead+1","hexamod:NightmareGuise","hexamod:Haunt+1","Discovery+1","CommonCold","hexamod:GhostOfSpirePast","hexamod:GhostLash","hexamod:GhostShield","hexamod:FastForward"],"relics":["hexamod:SpiritBrand","Replay:Wax Seal","Frozen Egg 2"],"acts_visited":["Exordium"],"potions_floor_usage":[16,16],"damage_taken":[{"damage":5,"enemies":"2 Louse","floor":2,"turns":3},{"damage":3,"enemies":"Cultist","floor":4,"turns":3},{"damage":6,"enemies":"Jaw Worm","floor":5,"turns":4},{"damage":1,"enemies":"downfall:FleeingMerchant","floor":8,"turns":4},{"damage":1,"enemies":"downfall:FleeingMerchant","floor":11,"turns":5},{"damage":9,"enemies":"Gremlin Nob","floor":12,"turns":3},{"damage":4,"enemies":"Replay:BlueRogue","floor":14,"turns":3},{"damage":8,"enemies":"3 Louse","floor":15,"turns":3},{"damage":34,"enemies":"SI_SHIV_ARCHETYPE","floor":16,"turns":7}],"seed_played":"-3245990283203195792","potions_obtained":[{"floor":4,"key":"blueLaboratory:PolymorphPotion"},{"floor":14,"key":"blueLaboratory:HorrorPotion"},{"floor":15,"key":"blueLaboratory:BubblePotion"}],"is_trial":false,"path_per_floor":["R","M","?","M","M","R","T","$","R","?","$","E","R","E","M","B"],"character_chosen":"THE_SPIRIT","items_purchased":["Discovery"],"campfire_rested":0,"item_purchase_floors":[8],"current_hp_per_floor":[70,65,65,62,56,56,56,55,55,55,54,45,45,41,33,0,0,0],"gold":73,"neow_bonus":"ONE_RANDOM_RARE_CARD","is_daily":false,"chose_seed":false,"campfire_upgraded":4,"win_rate":0.0,"timestamp":1611525127,"path_taken":["R","M","?","?","M","R","T","$","R","?","?","E","R","E","M","BOSS"],"items_purchased_type":["Card"],"build_version":"2020-12-22","purchased_purges":1,"victory":false,"max_hp_per_floor":[70,70,70,70,70,70,70,70,70,70,70,70,70,70,70,70,70,70],"relic_stats":{"counters":[9,35],"obtain_stats":[{"Replay:Wax Seal":12,"Frozen Egg 2":14,"hexamod:SpiritBrand":0,"WarpedTongs":3},{"Replay:Wax Seal":6,"Frozen Egg 2":7,"hexamod:SpiritBrand":0,"WarpedTongs":1},{"Replay:Wax Seal":22,"Frozen Egg 2":25,"hexamod:SpiritBrand":0,"WarpedTongs":3}]},"card_choices":[{"not_picked":["hexamod:ShieldOfDarkness","hexamod:SwordOfDarkness","hexamod:HeatCrush"],"picked":"SKIP","floor":2},{"not_picked":["hexamod:RetreatToShadows","hexamod:NecessarySacrifice"],"picked":"hexamod:NightmareGuise","floor":4},{"not_picked":["hexamod:PhantomCloak","hexamod:EmpoweredFlame"],"picked":"hexamod:Haunt","floor":5},{"not_picked":["hexamod:HeatMetal","hexamod:NightmareGuise","hexamod:PhantomFireball"],"picked":"SKIP","floor":8},{"not_picked":["hexamod:SwordOfDarkness","hexamod:HeatMetal"],"picked":"hexamod:GhostOfSpirePast","floor":11},{"not_picked":["hexamod:HexaLevel","hexamod:ShieldOfDarkness"],"picked":"hexamod:GhostLash","floor":12},{"not_picked":["hexamod:Firestarter","hexamod:ExtraCrispy+1"],"picked":"hexamod:GhostShield","floor":14},{"not_picked":["hexamod:Firestarter","hexamod:Toasty"],"picked":"hexamod:FastForward","floor":15}],"player_experience":452075,"relics_obtained":[{"floor":12,"key":"Replay:Wax Seal"},{"floor":14,"key":"Frozen Egg 2"}],"event_choices":[{"damage_healed":0,"gold_gain":0,"player_choice":"Rummage","damage_taken":0,"relics_obtained":["WarpedTongs"],"max_hp_gain":0,"max_hp_loss":0,"event_name":"Accursed Blacksmith","floor":3,"gold_loss":0,"cards_obtained":["Pain"]}],"is_beta":false,"boss_relics":[],"items_purged_floors":[8],"is_endless":false,"potions_floor_spawned":[4,14,15],"killed_by":"SI_SHIV_ARCHETYPE","ascension_level":2}}