{"host":"bhbf7zxbh2qxgvbr","time":1611478670,"event":{"mods":["BaseMod","Chen","Friendly Minions","Marisa£®ÏF”Í°°ƒß¿Ì…≥£©","Minty Spire (QoL Compilation)","Quick Restart","Reimu£®≤©¿ˆ¡È√Œ£©","Remilia£®¿Ÿ√◊¿Ú—«£©","StSLib","The Administrix","The Servant 0.9.4","Youmu£®ªÍ∆«—˝√Œ£©","vexMod"],"gold_per_floor":[116,116,116,41,51,84,84,103,129,154,54,54,86,40,40,138,138,153,113,131,131,141,141,175,175,175,4,39,39,59,85,85,190,190,200,50,50,63,81,113,113,131,131,161,114,128,128,139,139,139],"floor_reached":51,"language":"ZHS","playtime":1321,"items_purged":["Strike_MRS","Strike_MRS","Writhe","Strike_MRS"],"score":1034,"play_id":"713697cb-a79b-4a4b-949e-2cd5e4462107","local_time":"20210124165750","is_ascension_mode":true,"campfire_choices":[{"data":"MachineGunSpark","floor":7.0,"key":"SMITH"},{"data":"UltimateShortwave","floor":15.0,"key":"SMITH"},{"data":"GalacticHalo","floor":23.0,"key":"SMITH"},{"data":"MilkyWay","floor":25.0,"key":"SMITH"},{"data":"MilkyWay","floor":29.0,"key":"SMITH"},{"floor":32.0,"key":"REST"},{"data":"FinalSpark","floor":41.0,"key":"SMITH"},{"floor":49,"key":"REST"}],"circlet_count":0,"master_deck":["Defend_MRS+1","Defend_MRS+1","Defend_MRS+1","MasterSpark+1","UpSweep+1","GalacticHalo+1","MachineGunSpark+1","UltimateShortwave+1","MilkyWay+1","FinalSpark+1","RefractionSpark+1","Parasite","Parasite","GalacticHalo+1","Clumsy","MilkyWay+1","AlicesGift+1","GalacticHalo+1","MilkyWay+1","AlicesGift"],"relics":["BewitchedHakkero","NeowsBlessing","Mastiff:ReiMu","Akabeko","Lantern","Kunai","Cursed Key","ZunR:ReiMu","ShroomBag","Lizard Tail","Bottled Lightning","Torii","PureWhite:ReiMu","Dream Catcher","White Beast Statue","Mark of the Bloom"],"acts_visited":["Exordium","TheCity","TheBeyond"],"potions_floor_usage":[50,50,50],"damage_taken":[{"damage":0.0,"enemies":"Jaw Worm","floor":1.0,"turns":1.0},{"damage":0.0,"enemies":"2 Louse","floor":5.0,"turns":1.0},{"damage":0.0,"enemies":"Gremlin Nob","floor":6.0,"turns":1.0},{"damage":1.0,"enemies":"Cultist","floor":8.0,"turns":4.0},{"damage":4.0,"enemies":"3 Sentries","floor":10.0,"turns":5.0},{"damage":3.0,"enemies":"Gremlin Nob","floor":13.0,"turns":3.0},{"damage":27.0,"enemies":"Hexaghost","floor":16.0,"turns":4.0},{"damage":0.0,"enemies":"Chosen","floor":18.0,"turns":1.0},{"damage":0.0,"enemies":"Shell Parasite","floor":20.0,"turns":1.0},{"damage":5.0,"enemies":"Sentry and Sphere","floor":22.0,"turns":3.0},{"damage":15.0,"enemies":"Gremlin Leader","floor":24.0,"turns":3.0},{"damage":2.0,"enemies":"Book of Stabbing","floor":28.0,"turns":3.0},{"damage":0.0,"enemies":"Centurion and Healer","floor":30.0,"turns":4.0},{"damage":41.0,"enemies":"Slavers","floor":31.0,"turns":4.0},{"damage":0.0,"enemies":"Champ","floor":33.0,"turns":4.0},{"damage":1.0,"enemies":"3 Shapes","floor":35.0,"turns":3.0},{"damage":8.0,"enemies":"3 Darklings","floor":38.0,"turns":6.0},{"damage":0.0,"enemies":"Spire Growth","floor":39.0,"turns":1.0},{"damage":26.0,"enemies":"Reptomancer","floor":40.0,"turns":3.0},{"damage":0.0,"enemies":"Sphere and 2 Shapes","floor":42.0,"turns":3.0},{"damage":0,"enemies":"Giant Head","floor":44,"turns":3},{"damage":0,"enemies":"Writhing Mass","floor":46,"turns":3},{"damage":0,"enemies":"4 Shapes","floor":48,"turns":3},{"damage":13,"enemies":"Time Eater","floor":50,"turns":4}],"seed_played":"9051525535618326198","potions_obtained":[{"floor":1.0,"key":"PowerPotion"},{"floor":8.0,"key":"Strength Potion"},{"floor":13.0,"key":"MagicPotion:ReiMu"},{"floor":16.0,"key":"CultistPotion"},{"floor":18.0,"key":"SkillPotion"},{"floor":28.0,"key":"BottledSpark"},{"floor":39.0,"key":"Explosive Potion"},{"floor":48,"key":"EntropicBrew"}],"is_trial":false,"path_per_floor":["M","?","?","$","M","E","R","M","T","E","$","?","E","$","R","B",null,"M","?","M","?","M","R","E","R","T","$","E","R","M","E","R","B",null,"M","$","?","M","M","E","R","M","T","E","$","M","?","M","R","B",null],"character_chosen":"MARISA","items_purchased":["MilkyWay","MilkyWay","MilkyWay"],"campfire_rested":2,"item_purchase_floors":[14,27,45],"current_hp_per_floor":[75,75,75,75,75,75,75,74,74,70,70,75,72,72,72,45,75,75,75,75,75,72,72,60,60,60,60,60,60,64,27,49,53,75,74,74,74,67,67,45,45,49,49,53,53,55,55,55,55,42],"gold":139,"neow_bonus":"THREE_ENEMY_KILL","is_daily":false,"chose_seed":false,"campfire_upgraded":6,"win_rate":0.0,"timestamp":1611478670,"path_taken":["M","?","?","$","?","E","R","M","T","E","$","?","E","?","R","BOSS","M","?","M","?","M","R","E","R","T","$","E","R","M","E","R","BOSS","M","$","?","M","?","E","R","M","T","E","$","M","?","M","R","BOSS"],"items_purchased_type":["Card","Card","Card"],"build_version":"2020-12-22","purchased_purges":4,"victory":true,"max_hp_per_floor":[75,75,75,75,75,75,75,75,75,75,75,75,75,75,75,75,75,75,75,75,75,75,75,75,75,75,75,75,75,75,75,75,75,75,75,75,75,75,75,75,75,75,75,75,75,75,75,75,75,75],"card_choices":[{"not_picked":["OneTimeOff","GrandCross","DarkSpark"],"picked":"SKIP","floor":1.0},{"not_picked":["DoubleSpark","MysteriousBeam"],"picked":"GalacticHalo","floor":5.0},{"not_picked":["ShootingEcho","GravityBeat"],"picked":"MachineGunSpark","floor":6.0},{"not_picked":["UnstableBomb","PowerUp","NonDirectionalLaser"],"picked":"SKIP","floor":8.0},{"not_picked":["SporeBomb","DarkMatter","EarthLightRay"],"picked":"SKIP","floor":10.0},{"not_picked":["PropBag","DarkMatter"],"picked":"UltimateShortwave","floor":13.0},{"not_picked":["EscapeVelocity","ManaRampage"],"picked":"FinalSpark","floor":16.0},{"not_picked":["WitchLeyline","Orbital+1","PowerUp"],"picked":"SKIP","floor":18.0},{"not_picked":["FairyDestructionRay","Robbery"],"picked":"RefractionSpark+1","floor":20.0},{"not_picked":["AsteroidBelt+1","Occultation"],"picked":"GalacticHalo+1","floor":22.0},{"not_picked":["WitchOfGreed+1","UnstableBomb","AsteroidBelt"],"picked":"SKIP","floor":24.0},{"not_picked":["OrrerysSun","TreasureHunter","DC"],"picked":"SKIP","floor":28.0},{"not_picked":["OrrerysSun","TreasureHunter","DC"],"picked":"SKIP","floor":28.0},{"not_picked":["SprinkleStarSeal","NonDirectionalLaser+1"],"picked":"AlicesGift","floor":30.0},{"not_picked":["Orbital","BinaryStars","Singularity"],"picked":"SKIP","floor":31.0},{"not_picked":["OrrerysSun","GravityBeat+1","GrandCross+1"],"picked":"SKIP","floor":35.0},{"not_picked":["WitchOfGreed","PowerUp+1","GrandCross+1"],"picked":"SKIP","floor":38.0},{"not_picked":["6A+1","GravityBeat","DoubleSpark"],"picked":"SKIP","floor":39.0},{"not_picked":["TreasureHunter","WitchLeyline+1"],"picked":"GalacticHalo+1","floor":40.0},{"not_picked":["6A+1","GravityBeat+1","GrandCross+1"],"picked":"SKIP","floor":42.0},{"not_picked":["ManaRampage","IllusionStar","DeepEcoloBomb+1"],"picked":"SKIP","floor":44},{"not_picked":["DC","LuminesStrike+1","MagicAbsorber"],"picked":"SKIP","floor":46},{"not_picked":["IllusionStar+1","ShootingEcho","FairyDestructionRay"],"picked":"SKIP","floor":48},{"not_picked":["SporeBomb","DoubleSpark+1"],"picked":"AlicesGift","floor":49}],"player_experience":370609,"relics_obtained":[{"floor":6.0,"key":"Mastiff:ReiMu"},{"floor":9.0,"key":"Akabeko"},{"floor":10.0,"key":"Lantern"},{"floor":13.0,"key":"Kunai"},{"floor":24.0,"key":"Lizard Tail"},{"floor":26.0,"key":"Bottled Lightning"},{"floor":28.0,"key":"Torii"},{"floor":31.0,"key":"PureWhite:ReiMu"},{"floor":40.0,"key":"Dream Catcher"},{"floor":44,"key":"White Beast Statue"}],"event_choices":[{"cards_removed":["Strike_MRS"],"damage_healed":0.0,"max_hp_gain":0.0,"max_hp_loss":0.0,"gold_gain":0.0,"event_name":"Purifier","player_choice":"Purged","floor":3.0,"gold_loss":0.0,"damage_taken":0.0},{"damage_healed":5.0,"max_hp_gain":0.0,"max_hp_loss":0.0,"gold_gain":0.0,"event_name":"Wheel of Change","player_choice":"Full Heal","floor":12.0,"gold_loss":0.0,"damage_taken":0.0},{"damage_healed":0.0,"max_hp_gain":0.0,"max_hp_loss":0.0,"gold_gain":0.0,"event_name":"ZunEvent","player_choice":"π∫¬Ú…Òæ∆","floor":19.0,"gold_loss":40.0,"damage_taken":0.0,"relics_obtained":["ZunR:ReiMu"]},{"damage_healed":0.0,"max_hp_gain":0.0,"max_hp_loss":0.0,"gold_gain":0.0,"event_name":"The Mausoleum","player_choice":"Opened","floor":21.0,"gold_loss":0.0,"damage_taken":0.0,"relics_obtained":["ShroomBag"],"cards_obtained":["Writhe"]},{"damage_healed":0.0,"max_hp_gain":0.0,"max_hp_loss":0.0,"gold_gain":0.0,"event_name":"SecretPortal","player_choice":"Ignored","floor":37.0,"gold_loss":0.0,"damage_taken":0.0},{"damage_healed":0,"gold_gain":0,"player_choice":"Upgrade","damage_taken":0,"relics_obtained":["Mark of the Bloom"],"max_hp_gain":0,"max_hp_loss":0,"event_name":"MindBloom","floor":47,"gold_loss":0,"cards_upgraded":["Defend_MRS","Defend_MRS","Defend_MRS","MasterSpark","UpSweep","AlicesGift","MilkyWay"]}],"is_beta":false,"boss_relics":[{"not_picked":["vexMod:DeviousBotling","Runic Dome"],"picked":"Cursed Key"},{"not_picked":["Coffee Dripper","SlaversCollar"],"picked":"BewitchedHakkero"}],"items_purged_floors":[4,11,27,36],"is_endless":false,"potions_floor_spawned":[1,8,13,16,18,20,28,35,39,42,46,48],"ascension_level":3}}