{"host":"aj7el8l5kufbk20z","time":1611458889,"event":{"mods":["AchievementEnabler","BaseMod","Colored Map","Colored Powertips","Curses Come First","Highlight Path","Minty Spire (QoL Compilation)","Permanent Neow","Poor People Problems","Quick Restart","Rare Cards Sparkle","Relic Stats","StSLib","SuperFastMode","Waifu the Spire"],"gold_per_floor":[119,194,212,226,40,40,54,54,54,54,67,78,3,3,3,98,98,117,117,167,190,190,190,210,485,485,509,509,509,453,472,472,472,472],"floor_reached":33,"language":"ZHS","playtime":1887,"items_purged":["Regret"],"score":415,"play_id":"173eee9b-9770-413a-b378-ee59ac460476","local_time":"20210124112809","is_ascension_mode":true,"campfire_choices":[{"data":"Armaments","floor":6.0,"key":"SMITH"},{"data":"Metallicize","floor":8.0,"key":"SMITH"},{"floor":15.0,"key":"REST"},{"data":"Barricade","floor":23.0,"key":"SMITH"},{"data":"Feel No Pain","floor":29.0,"key":"SMITH"},{"floor":32.0,"key":"REST"}],"circlet_count":0,"master_deck":["AscendersBane","Strike_R","Strike_R","Strike_R","Defend_R","Defend_R","Defend_R","Defend_R","Bash","Warcry","Armaments+1","Flex","Metallicize+1","Headbutt","Feel No Pain+1","Fire Breathing","Injury","Barricade+1","Reckless Charge","Burning Pact","Intimidate","True Grit+1","Evolve","Flame Barrier"],"relics":["Burning Blood","Ginger","Membership Card","Turnip","Juzu Bracelet","Golden Idol","Velvet Choker","Ornamental Fan","NlothsMask"],"acts_visited":["Exordium","TheCity"],"potions_floor_usage":[33,33],"damage_taken":[{"damage":11.0,"enemies":"Jaw Worm","floor":1.0,"turns":6.0},{"damage":0.0,"enemies":"Small Slimes","floor":3.0,"turns":3.0},{"damage":2.0,"enemies":"2 Louse","floor":4.0,"turns":3.0},{"damage":7.0,"enemies":"2 Fungi Beasts","floor":7.0,"turns":5.0},{"damage":27.0,"enemies":"Large Slime","floor":11.0,"turns":8.0},{"damage":13.0,"enemies":"Red Slaver","floor":12.0,"turns":6.0},{"damage":28.0,"enemies":"Hexaghost","floor":16.0,"turns":13.0},{"damage":2.0,"enemies":"Chosen","floor":18.0,"turns":7.0},{"damage":9.0,"enemies":"Spheric Guardian","floor":21.0,"turns":9.0},{"damage":9.0,"enemies":"Chosen and Byrds","floor":24.0,"turns":7.0},{"damage":22.0,"enemies":"Snake Plant","floor":27.0,"turns":6.0},{"damage":40.0,"enemies":"Sentry and Sphere","floor":31.0,"turns":10.0},{"damage":54,"enemies":"Automaton","floor":33,"turns":6}],"seed_played":"-1674933178118199764","potions_obtained":[{"floor":4.0,"key":"PowerPotion"},{"floor":7.0,"key":"SpeedPotion"},{"floor":16.0,"key":"SpeedPotion"},{"floor":31.0,"key":"BlessingOfTheForge"}],"is_trial":false,"path_per_floor":["M","?","M","M","$","R","M","R","T","$","M","M","$","?","R","B",null,"M","?","?","M","$","R","M","?","T","M","?","R","$","M","R","B"],"character_chosen":"IRONCLAD","items_purchased":["Membership Card","Metallicize","Juzu Bracelet","Evolve"],"campfire_rested":2,"item_purchase_floors":[5,5,13,30],"current_hp_per_floor":[63,52,58,62,62,62,61,61,61,61,40,33,33,33,53,31,59,63,63,63,60,60,60,57,57,57,41,41,41,41,7,27,0,0],"gold":472,"neow_bonus":"ONE_RARE_RELIC","is_daily":false,"chose_seed":false,"campfire_upgraded":4,"win_rate":0.0,"timestamp":1611458889,"path_taken":["M","?","M","M","$","R","M","R","T","$","M","M","$","?","R","BOSS","M","?","?","M","$","R","M","?","T","M","?","R","$","M","R","BOSS"],"items_purchased_type":["Relic","Card","Relic","Card"],"build_version":"2020-12-22","purchased_purges":1,"victory":false,"max_hp_per_floor":[68,68,68,68,68,68,68,68,68,68,68,68,68,68,68,68,68,68,68,68,68,68,68,68,68,68,68,68,68,68,68,68,68,68],"relic_stats":{"counters":[13,89],"Golden Idol":41,"Ornamental Fan":[8],"Turnip":[14],"Juzu Bracelet":1,"Ginger":[10],"obtain_stats":[{"Golden Idol":14,"Ornamental Fan":26,"Velvet Choker":17,"Turnip":9,"Juzu Bracelet":13,"Ginger":0,"Membership Card":5,"Burning Blood":0,"NlothsMask":28},{"Golden Idol":6,"Ornamental Fan":10,"Velvet Choker":7,"Turnip":4,"Juzu Bracelet":6,"Ginger":0,"Membership Card":3,"Burning Blood":0,"NlothsMask":11},{"Golden Idol":31,"Ornamental Fan":67,"Velvet Choker":44,"Turnip":17,"Juzu Bracelet":31,"Ginger":0,"Membership Card":12,"Burning Blood":0,"NlothsMask":73}],"Burning Blood":72},"card_choices":[{"not_picked":["Anger","Perfected Strike"],"picked":"Warcry","floor":1.0},{"not_picked":["Twin Strike","Fiend Fire"],"picked":"Armaments","floor":3.0},{"not_picked":["Pummel","Clothesline"],"picked":"Flex","floor":4.0},{"not_picked":["Carnage","Sword Boomerang"],"picked":"Headbutt","floor":7.0},{"not_picked":["Cleave","Perfected Strike"],"picked":"Feel No Pain","floor":11.0},{"not_picked":["Reckless Charge","Impervious"],"picked":"Fire Breathing","floor":12.0},{"not_picked":["Demon Form","Immolate"],"picked":"Barricade","floor":16.0},{"not_picked":["Wild Strike","Dropkick"],"picked":"Reckless Charge","floor":18.0},{"not_picked":["Twin Strike","Armaments","Clothesline"],"picked":"SKIP","floor":21.0},{"not_picked":["Anger","Dual Wield","Sever Soul"],"picked":"SKIP","floor":24.0},{"not_picked":["Pummel","Combust"],"picked":"True Grit+1","floor":27.0},{"not_picked":["Pommel Strike","Clothesline"],"picked":"Flame Barrier","floor":31.0}],"player_experience":363594,"relics_obtained":[{"floor":9.0,"key":"Turnip"},{"floor":26.0,"key":"Ornamental Fan"}],"event_choices":[{"damage_healed":0.0,"max_hp_gain":0.0,"max_hp_loss":0.0,"gold_gain":75.0,"event_name":"World of Goop","player_choice":"Gather Gold","floor":2.0,"gold_loss":0.0,"damage_taken":11.0},{"damage_healed":0.0,"max_hp_gain":0.0,"max_hp_loss":0.0,"gold_gain":0.0,"event_name":"Golden Idol","player_choice":"Take Wound","floor":14.0,"gold_loss":0.0,"damage_taken":0.0,"relics_obtained":["Golden Idol"],"cards_obtained":["Injury"]},{"damage_healed":0.0,"max_hp_gain":0.0,"max_hp_loss":0.0,"gold_gain":0.0,"cards_transformed":["Strike_R","Strike_R"],"event_name":"Drug Dealer","player_choice":"Became Test Subject","floor":19.0,"gold_loss":0.0,"damage_taken":0.0,"cards_obtained":["Burning Pact","Intimidate"]},{"damage_healed":0.0,"max_hp_gain":0.0,"max_hp_loss":0.0,"gold_gain":50.0,"event_name":"Nest","player_choice":"Stole From Cult","floor":20.0,"gold_loss":0.0,"damage_taken":0.0},{"damage_healed":0.0,"max_hp_gain":0.0,"max_hp_loss":0.0,"gold_gain":275.0,"event_name":"Golden Shrine","player_choice":"Desecrate","floor":25.0,"gold_loss":0.0,"damage_taken":0.0,"cards_obtained":["Regret"]},{"damage_healed":0.0,"max_hp_gain":0.0,"max_hp_loss":0.0,"gold_gain":0.0,"event_name":"FaceTrader","player_choice":"Trade","floor":28.0,"gold_loss":0.0,"damage_taken":0.0,"relics_obtained":["NlothsMask"]}],"is_beta":false,"boss_relics":[{"not_picked":["Calling Bell","SacredBark"],"picked":"Velvet Choker"}],"items_purged_floors":[30],"is_endless":false,"potions_floor_spawned":[4,7,16,18,21,31],"killed_by":"Automaton","ascension_level":15}}