{"host":"iqi2f1z1yw5mc6j3","time":1611520508,"event":{"mods":["BaseMod","Colored Powertips","Hubris","Minty Spire (QoL Compilation)","StSLib"],"gold_per_floor":[113,132,31,31,31,31,49,49,49,66,92,25,43,68,68,166,166,176,76,93,112,124,124,142,67,67,67,67,77,103,34,34,134,134,146,146,146,146],"floor_reached":37,"language":"ENG","playtime":3983,"items_purged":["Defend_G","Strike_G"],"score":424,"play_id":"311f2634-e9cc-47ea-9021-75cf6f7733d8","local_time":"20210124153508","is_ascension_mode":false,"campfire_choices":[{"data":"Survivor","floor":6,"key":"SMITH"},{"data":"Neutralize","floor":8,"key":"SMITH"},{"floor":15,"key":"REST"},{"data":"Blur","floor":23,"key":"SMITH"},{"data":"Venomology","floor":32,"key":"SMITH"}],"circlet_count":0,"master_deck":["Strike_G+1","Strike_G+1","Strike_G+1","Strike_G+1","Defend_G+1","Defend_G+1","Defend_G+1","Survivor+1","Neutralize+1","Acrobatics","Deflect","Flying Knee","Blur+1","Dagger Spray","Endless Agony","Die Die Die","hubris:TrickCloak","Well Laid Plans","Venomology+1","Sucker Punch","Sucker Punch+1","Calculated Gamble","Blade Dance","Leg Sweep+1","Skewer","Flechettes","Heel Hook","Corpse Explosion","PiercingWail","PiercingWail"],"relics":["Ring of the Snake","Vajra","hubris:Icosahedron","Incense Burner","Juzu Bracelet","hubris:CrystalStatue","hubris:Backtick","Burning Blood","hubris:TinFlute","Frozen Egg 2","hubris:VirtuousBlindfold"],"acts_visited":["Exordium","TheCity","TheBeyond"],"potions_floor_usage":[7,14,16,18,20,20,21,22,22,24,30,33,35,35,37],"damage_taken":[{"damage":0,"enemies":"2 Louse","floor":1,"turns":2},{"damage":0,"enemies":"Small Slimes","floor":2,"turns":3},{"damage":0,"enemies":"Jaw Worm","floor":7,"turns":2},{"damage":0,"enemies":"Blue Slaver","floor":10,"turns":5},{"damage":17,"enemies":"3 Sentries","floor":11,"turns":8},{"damage":0,"enemies":"Exordium Thugs","floor":13,"turns":3},{"damage":4,"enemies":"Lagavulin","floor":14,"turns":4},{"damage":32,"enemies":"Slime Boss","floor":16,"turns":20},{"damage":3,"enemies":"3 Byrds","floor":18,"turns":5},{"damage":0,"enemies":"Chosen","floor":20,"turns":3},{"damage":10,"enemies":"Snake Plant","floor":21,"turns":8},{"damage":1,"enemies":"Chosen and Byrds","floor":22,"turns":5},{"damage":6,"enemies":"Centurion and Healer","floor":24,"turns":7},{"damage":2,"enemies":"Snake Plant","floor":29,"turns":6},{"damage":0,"enemies":"Gremlin Leader","floor":30,"turns":6},{"damage":50,"enemies":"Automaton","floor":33,"turns":13},{"damage":1,"enemies":"3 Darklings","floor":35,"turns":4}],"seed_played":"2439718762099878850","potions_obtained":[{"floor":1,"key":"SteroidPotion"},{"floor":11,"key":"Weak Potion"},{"floor":13,"key":"BlessingOfTheForge"},{"floor":18,"key":"Strength Potion"},{"floor":21,"key":"Weak Potion"},{"floor":33,"key":"Energy Potion"}],"is_trial":false,"path_per_floor":["M","M","$","?","?","R","M","R","T","M","E","$","M","E","R","B",null,"M","$","M","M","M","R","M","?","T","?","?","M","E","$","R","B",null,"M","?","M"],"character_chosen":"THE_SILENT","items_purchased":["Flying Knee","Die Die Die","Heel Hook"],"campfire_rested":1,"item_purchase_floors":[3,12,31],"current_hp_per_floor":[70,70,70,70,70,70,70,70,70,70,53,53,53,49,70,38,70,70,70,70,66,70,70,70,70,70,70,70,70,70,70,70,26,70,70,70,0,0],"gold":146,"neow_bonus":"RANDOM_COMMON_RELIC","is_daily":false,"chose_seed":false,"campfire_upgraded":4,"win_rate":0.0,"timestamp":1611520508,"path_taken":["M","M","$","?","?","R","M","R","T","M","E","?","M","E","R","BOSS","M","$","M","M","M","R","M","?","T","?","?","M","E","$","R","BOSS","M","?","M"],"items_purchased_type":["Card","Card","Card"],"build_version":"2020-12-22","purchased_purges":2,"victory":false,"max_hp_per_floor":[70,70,70,70,70,70,70,70,70,70,70,70,70,70,70,70,70,70,70,70,70,70,70,70,70,70,70,70,70,70,70,70,70,70,70,70,70,70],"card_choices":[{"not_picked":["Caltrops","Quick Slash"],"picked":"Acrobatics","floor":1},{"not_picked":["Quick Slash","Dodge and Roll"],"picked":"Deflect","floor":2},{"not_picked":["Deflect","Flying Knee"],"picked":"Blur","floor":7},{"not_picked":["Expertise","Backflip"],"picked":"Dagger Spray","floor":10},{"not_picked":["Acrobatics","Finisher"],"picked":"Endless Agony","floor":11},{"not_picked":["Finisher","Glass Knife"],"picked":"hubris:TrickCloak","floor":13},{"not_picked":["Deflect","PiercingWail"],"picked":"Well Laid Plans","floor":14},{"not_picked":["Envenom","Phantasmal Killer"],"picked":"Venomology","floor":16},{"not_picked":["Deadly Poison+1","Underhanded Strike+1"],"picked":"Sucker Punch","floor":18},{"not_picked":["Tactician","Acrobatics"],"picked":"Sucker Punch+1","floor":20},{"not_picked":["Prepared","Blade Dance"],"picked":"Calculated Gamble","floor":21},{"not_picked":["Deadly Poison","Noxious Fumes"],"picked":"Blade Dance","floor":22},{"not_picked":["Bane+1","Catalyst+1"],"picked":"Leg Sweep+1","floor":24},{"not_picked":["Burst","Noxious Fumes"],"picked":"Skewer","floor":29},{"not_picked":["Poisoned Stab","Bane"],"picked":"Flechettes","floor":30},{"not_picked":["Phantasmal Killer","Adrenaline"],"picked":"Corpse Explosion","floor":33},{"not_picked":["Masterful Stab","Deflect"],"picked":"PiercingWail","floor":35}],"player_experience":43048,"relics_obtained":[{"floor":9,"key":"Incense Burner"},{"floor":11,"key":"Juzu Bracelet"},{"floor":14,"key":"hubris:CrystalStatue"},{"floor":26,"key":"hubris:TinFlute"},{"floor":30,"key":"Frozen Egg 2"}],"event_choices":[{"damage_healed":0,"gold_gain":0,"player_choice":"Ignored","damage_taken":0,"max_hp_gain":0,"max_hp_loss":0,"event_name":"Golden Wing","floor":5,"gold_loss":0},{"cards_removed":["Defend_G"],"damage_healed":0,"gold_gain":0,"player_choice":"Gave Gold","damage_taken":0,"max_hp_gain":0,"max_hp_loss":0,"event_name":"Beggar","floor":25,"gold_loss":75},{"damage_healed":0,"gold_gain":0,"player_choice":"Ignored","damage_taken":0,"max_hp_gain":0,"max_hp_loss":0,"event_name":"Ghosts","floor":27,"gold_loss":0},{"damage_healed":0,"gold_gain":0,"player_choice":"Simplicity","damage_taken":0,"max_hp_gain":0,"max_hp_loss":0,"event_name":"Back to Basics","floor":28,"gold_loss":0,"cards_upgraded":["Strike_G","Strike_G","Strike_G","Strike_G","Defend_G","Defend_G","Defend_G"]},{"damage_healed":0,"gold_gain":0,"player_choice":"Copied","damage_taken":0,"max_hp_gain":0,"max_hp_loss":0,"event_name":"Duplicator","floor":36,"gold_loss":0,"cards_obtained":["PiercingWail"]}],"is_beta":false,"boss_relics":[{"not_picked":["Ring of the Serpent","Philosopher\u0027s Stone"],"picked":"hubris:Backtick"},{"not_picked":["Snecko Eye","hubris:RunicObelisk"],"picked":"hubris:VirtuousBlindfold"}],"items_purged_floors":[3,19],"is_endless":false,"potions_floor_spawned":[1,11,13,18,21,33],"killed_by":"3 Shapes","ascension_level":0}}