{"host":"qgrlfjrqk9z96gfi","time":1611527421,"event":{"mods":["BaseMod","Block Reminder","Colored Map","Custom Start","DeckTracker","Minty Spire (QoL Compilation)"],"gold_per_floor":[112,124,143,200,43,74,88,88,88,120,120,140,153,187,187,266,266,282,282,298,312,323,323,323,323],"floor_reached":24,"language":"ENG","playtime":995,"items_purged":[],"score":490,"play_id":"b16b9d0c-9639-421b-9e20-cdc002ba98df","local_time":"20210124123021","is_ascension_mode":true,"campfire_choices":[{"data":"Underhanded Strike","floor":8,"key":"SMITH"},{"data":"Dagger Spray","floor":11,"key":"SMITH"},{"data":"Poisoned Stab","floor":15,"key":"SMITH"},{"floor":23,"key":"REST"}],"circlet_count":0,"master_deck":["AscendersBane","Strike_G","Strike_G","Strike_G","Strike_G","Strike_G","Defend_G","Defend_G","Defend_G","Defend_G","Defend_G","Survivor","Neutralize","Dagger Spray+1","Underhanded Strike+1","Dagger Throw","Poisoned Stab+1","Backstab","Cloak And Dagger","Well Laid Plans","PiercingWail","Backflip","Tools of the Trade","Dash","Neutralize","Adrenaline","Backflip+1","Outmaneuver","Die Die Die"],"relics":["SlaversCollar","Sling","Dead Branch","White Beast Statue","Question Card","Tingsha","Black Star"],"acts_visited":["Exordium","TheCity"],"potions_floor_usage":[10,10,13,14,16,16,18,21,22,24,24],"damage_taken":[{"damage":0.0,"enemies":"2 Louse","floor":1.0,"turns":4.0},{"damage":0.0,"enemies":"Jaw Worm","floor":2.0,"turns":6.0},{"damage":0.0,"enemies":"Cultist","floor":3.0,"turns":4.0},{"damage":15.0,"enemies":"3 Sentries","floor":6.0,"turns":6.0},{"damage":0,"enemies":"2 Fungi Beasts","floor":7,"turns":2},{"damage":9,"enemies":"Gremlin Nob","floor":10,"turns":4},{"damage":1,"enemies":"Lots of Slimes","floor":12,"turns":4},{"damage":5,"enemies":"Gremlin Gang","floor":13,"turns":4},{"damage":0,"enemies":"3 Sentries","floor":14,"turns":4},{"damage":18,"enemies":"Slime Boss","floor":16,"turns":9},{"damage":15,"enemies":"Spheric Guardian","floor":18,"turns":4},{"damage":22,"enemies":"Shell Parasite","floor":20,"turns":5},{"damage":3,"enemies":"Centurion and Healer","floor":21,"turns":7},{"damage":15,"enemies":"Snake Plant","floor":22,"turns":5},{"damage":31,"enemies":"Gremlin Leader","floor":24,"turns":4}],"seed_played":"7761368477942172303","potions_obtained":[{"floor":3.0,"key":"Fire Potion"},{"floor":6.0,"key":"GhostInAJar"},{"floor":7,"key":"Regen Potion"},{"floor":10,"key":"CunningPotion"},{"floor":12,"key":"Block Potion"},{"floor":13,"key":"AttackPotion"},{"floor":14,"key":"SteroidPotion"},{"floor":16,"key":"BlessingOfTheForge"},{"floor":18,"key":"Fruit Juice"},{"floor":20,"key":"SkillPotion"},{"floor":21,"key":"Explosive Potion"},{"floor":22,"key":"CultistPotion"}],"is_trial":false,"path_per_floor":["M","M","M","?","$","E","M","R","T","E","R","M","M","E","R","B",null,"M","?","M","M","M","R","E"],"character_chosen":"THE_SILENT","items_purchased":["Sling"],"campfire_rested":1,"item_purchase_floors":[5],"current_hp_per_floor":[59,59,59,59,59,44,44,44,44,47,47,46,41,41,41,23,55,45,45,23,20,5,26,0,0],"gold":323,"neow_bonus":"BOSS_RELIC","is_daily":false,"chose_seed":false,"campfire_upgraded":3,"win_rate":0.0,"timestamp":1611527421,"path_taken":["M","M","M","?","?","E","?","R","T","E","R","M","M","E","R","BOSS","M","?","?","M","M","R","E"],"items_purchased_type":["Relic"],"build_version":"2020-12-22","purchased_purges":0,"victory":false,"max_hp_per_floor":[66,66,66,66,66,66,66,66,66,66,66,66,66,66,66,66,66,71,71,71,71,71,71,71,71],"card_choices":[{"not_picked":["Caltrops","Blur"],"picked":"Dagger Spray","floor":1.0},{"not_picked":["Sucker Punch","Deflect"],"picked":"Underhanded Strike","floor":2.0},{"not_picked":["Acrobatics","Slice"],"picked":"Dagger Throw","floor":3.0},{"not_picked":["Dagger Throw","Choke"],"picked":"Poisoned Stab","floor":6.0},{"not_picked":["Bane","Burst"],"picked":"Backstab","floor":7},{"not_picked":["Poisoned Stab","Dodge and Roll"],"picked":"Cloak And Dagger","floor":10},{"not_picked":["Concentrate","Deflect","Backflip"],"picked":"Well Laid Plans","floor":12},{"not_picked":["Heel Hook","Quick Slash","Dagger Spray"],"picked":"PiercingWail","floor":13},{"not_picked":["Blade Dance","Poisoned Stab","All Out Attack"],"picked":"Backflip","floor":14},{"not_picked":["Grand Finale","Die Die Die","A Thousand Cuts"],"picked":"Tools of the Trade","floor":16},{"not_picked":["Flying Knee","Underhanded Strike","PiercingWail"],"picked":"Dash","floor":18},{"not_picked":["Quick Slash","PiercingWail","Flying Knee"],"picked":"Backflip+1","floor":20},{"not_picked":["Distraction","Prepared","Bane"],"picked":"Outmaneuver","floor":21},{"not_picked":["Acrobatics","Underhanded Strike","Crippling Poison"],"picked":"Die Die Die","floor":22}],"player_experience":1053587,"relics_obtained":[{"floor":6.0,"key":"Dead Branch"},{"floor":9,"key":"White Beast Statue"},{"floor":10,"key":"Question Card"},{"floor":14,"key":"Tingsha"}],"event_choices":[{"damage_healed":0.0,"max_hp_gain":0.0,"max_hp_loss":0.0,"gold_gain":57.0,"event_name":"Golden Wing","player_choice":"Gained Gold","floor":4.0,"gold_loss":0.0,"damage_taken":0.0},{"damage_healed":0,"gold_gain":0,"player_choice":"2 cards matched","damage_taken":0,"max_hp_gain":0,"max_hp_loss":0,"event_name":"Match and Keep!","floor":19,"gold_loss":0,"cards_obtained":["Neutralize","Adrenaline"]}],"is_beta":false,"boss_relics":[{"not_picked":["Busted Crown","Fusion Hammer"],"picked":"Black Star"}],"items_purged_floors":[],"is_endless":false,"potions_floor_spawned":[3,6,7,10,12,13,14,16,18,20,21,22],"killed_by":"Gremlin Leader","ascension_level":20}}