{"host":"gzsdmyo07u314vug","time":1611527915,"event":{"mods":["2.2 Compatiblity","Astrologer","BaseMod","Colored Powertips","GifTheSpireLib","Gremlin Mod","Hermit","Jorbs\u0027s Wanderer Trilogy","Minty Spire (QoL Compilation)","Quick Restart","Rare Cards Sparkle","Relic Stats","Replay The Spire","Robot Space Explorer","Shop Mod","StSLib","The Bug Knight","The Construct","The Cursed","The Elementalist","The Hierophant","The IronCluck","The Marked","The Necromancer","The Runesmith","The Servant 0.9.4","Unceasing Turn Reminder","everything is the same but u backflip on backflip","slay the spire mod where everything is the same but ironclad has a cowboy hat","vexMod"],"gold_per_floor":[214,86,101,101,27,27,46,46,46,126,147,168,168,186,186,310,310,330,255,278,278,278,316,330,330,330,330,378,392,328,328,278,299,299,422,1088,1113,799,818,838,482,482,482,482,482,560,600,624,357,373,373,373,373,373,84,117,117],"floor_reached":58,"language":"ENG","playtime":2777,"items_purged":["RobotSpaceExplorer:Strike","RobotSpaceExplorer:Strike","RobotSpaceExplorer:Strike","RobotSpaceExplorer:Strike","RobotSpaceExplorer:Defend","RobotSpaceExplorer:Defend"],"score":1646,"play_id":"8b4ff46f-5367-41fb-9616-2fb11d35970a","local_time":"20210124193835","is_ascension_mode":true,"campfire_choices":[{"data":"RobotSpaceExplorer:MiniBoosters","floor":6.0,"key":"SMITH"},{"data":"RobotSpaceExplorer:Multitool","floor":8.0,"key":"SMITH"},{"floor":13.0,"key":"DIG"},{"data":"RobotSpaceExplorer:PowerCollector","floor":15.0,"key":"SMITH"},{"floor":25.0,"key":"DIG"},{"floor":31.0,"key":"DIG"},{"floor":34.0,"key":"REST"},{"floor":42.0,"key":"DIG"},{"floor":44.0,"key":"DIG"},{"floor":51.0,"key":"RECALL"},{"floor":54,"key":"DIG"}],"circlet_count":0,"master_deck":["RobotSpaceExplorer:Defend+1","RobotSpaceExplorer:Defend+1","RobotSpaceExplorer:Scan","RobotSpaceExplorer:MiniLasers+1","RobotSpaceExplorer:SwiftStep","RobotSpaceExplorer:ScrapToss","RobotSpaceExplorer:PowerCollector+1","RobotSpaceExplorer:Probe","RobotSpaceExplorer:MiniBoosters+1","RobotSpaceExplorer:Multitool+1","RobotSpaceExplorer:PowerCollector+1","RobotSpaceExplorer:ScrapToss","RobotSpaceExplorer:ExhaustFan","RobotSpaceExplorer:ShockMissile+1","RobotSpaceExplorer:MiniDrones","RobotSpaceExplorer:ExhaustFan+1","RobotSpaceExplorer:DualCore+1","RobotSpaceExplorer:ChargingLaser+1","Flash of Steel","RobotSpaceExplorer:MiniBoosters+1","RobotSpaceExplorer:JunkDive+1","RobotSpaceExplorer:ShovelStrike+1","Survey Options+1"],"relics":["RobotSpaceExplorer:RoboCore","Golden Idol","Shovel","Replay:Rubber Ducky","Runic Pyramid","Toxic Egg 2","Smiling Mask","RobotSpaceExplorer:BottledGravity","Bag of Marbles","vexMod:PlasmaPancake","Gremlin Food","vexMod:RockOfEvil","Guide Book","Meat on the Bone","ReplayTheSpireMod:EnergyBall","Durian","ReplayTheSpireMod:Ninjato","Molten Egg 2","vexMod:BarristanHead","Pen Nib","Replay:Ringing Soul","Chemical X","Simple Rune"],"acts_visited":["Exordium","TheCity","TheBeyond","TheEnding"],"potions_floor_usage":[52,57],"damage_taken":[{"damage":1.0,"enemies":"Jaw Worm","floor":1.0,"turns":7.0},{"damage":0.0,"enemies":"2 Louse","floor":3.0,"turns":2.0},{"damage":0.0,"enemies":"Cultist","floor":7.0,"turns":3.0},{"damage":4.0,"enemies":"Exordium Wildlife","floor":11.0,"turns":3.0},{"damage":18.0,"enemies":"Lots of Slimes","floor":12.0,"turns":3.0},{"damage":0.0,"enemies":"Large Slime","floor":14.0,"turns":4.0},{"damage":0.0,"enemies":"Hexaghost","floor":16.0,"turns":6.0},{"damage":3.0,"enemies":"Shell Parasite","floor":18.0,"turns":4.0},{"damage":0.0,"enemies":"3 Byrds","floor":20.0,"turns":4.0},{"damage":19.0,"enemies":"Gremlin Leader","floor":23.0,"turns":5.0},{"damage":13.0,"enemies":"Centurion and Healer","floor":24.0,"turns":3.0},{"damage":9.0,"enemies":"Snecko","floor":29.0,"turns":5.0},{"damage":11.0,"enemies":"Snake Plant","floor":33.0,"turns":3.0},{"damage":0.0,"enemies":"Automaton","floor":35.0,"turns":5.0},{"damage":1.0,"enemies":"3 Shapes","floor":37.0,"turns":3.0},{"damage":0.0,"enemies":"Orb Walker","floor":39.0,"turns":2.0},{"damage":0.0,"enemies":"3 Darklings","floor":40.0,"turns":3.0},{"damage":29.0,"enemies":"Nemesis","floor":47.0,"turns":5.0},{"damage":0.0,"enemies":"Writhing Mass","floor":48.0,"turns":4.0},{"damage":0.0,"enemies":"Spire Growth","floor":50.0,"turns":3.0},{"damage":0,"enemies":"Awakened One","floor":52,"turns":3},{"damage":0,"enemies":"Shield and Spear","floor":56,"turns":2},{"damage":18,"enemies":"The Heart","floor":57,"turns":5}],"seed_played":"5697619011716084396","potions_obtained":[{"floor":1.0,"key":"LiquidBronze"},{"floor":11.0,"key":"Adrenaline Potion"},{"floor":12.0,"key":"PowerPotion"},{"floor":20.0,"key":"Strength Potion"},{"floor":29.0,"key":"PowerPotion"},{"floor":33.0,"key":"Regen Potion"}],"is_trial":false,"path_per_floor":["M","$","M","?","$","R","M","R","T","?","M","M","R","M","R","B",null,"M","$","M","?","T","E","M","R","PTL","PTL","T","M","?","R","$","M","R","B",null,"M","$","M","M","$","R","?","R","T","?","E","M","$","M","R","B",null,"R","$","E","B",null],"character_chosen":"RobotSpaceExplorer","items_purchased":["RobotSpaceExplorer:ScrapToss","RobotSpaceExplorer:PowerCollector+1","RobotSpaceExplorer:MiniBoosters","Guide Book","RobotSpaceExplorer:Exploration+1","ReplayTheSpireMod:EnergyBall","Pen Nib","DuplicationPotion","Survey Options+1","Chemical X"],"campfire_rested":1,"item_purchase_floors":[2,2,5,38,38,41,49,49,55,55],"current_hp_per_floor":[74,74,74,56,56,56,56,56,56,56,52,34,34,34,34,34,75,72,72,72,72,72,53,40,40,40,40,40,31,37,37,37,26,50,50,81,80,80,80,80,80,85,85,85,85,64,47,47,47,47,47,47,86,86,89,89,71],"gold":117,"neow_bonus":"HUNDRED_GOLD","is_daily":false,"chose_seed":false,"campfire_upgraded":3,"win_rate":0.0,"timestamp":1611527915,"path_taken":["M","$","M","?","$","R","M","R","T","?","M","M","R","M","R","BOSS","M","$","M","?","?","E","?","R","PTL","PTL","T","M","?","R","$","M","R","BOSS","M","?","?","M","$","R","?","R","T","?","E","M","$","M","R","BOSS","R","$","E","BOSS"],"items_purchased_type":["Card","Card","Card","Relic","Card","Relic","Relic","Potion","Card","Relic"],"build_version":"2020-12-22","purchased_purges":6,"victory":true,"max_hp_per_floor":[75,75,75,75,75,75,75,75,75,75,75,75,75,75,75,75,75,75,75,75,75,75,75,75,75,75,75,75,75,81,81,81,81,81,81,81,81,81,81,81,81,86,86,86,86,86,86,86,86,86,86,86,86,86,89,89,89],"relic_stats":{"Shovel":6,"counters":[23,87],"Golden Idol":195,"Pen Nib":[5],"Chemical X":[2],"Smiling Mask":500,"obtain_stats":[{"Gremlin Food":31,"vexMod:PlasmaPancake":30,"ReplayTheSpireMod:Ninjato":44,"Golden Idol":4,"Guide Book":38,"RobotSpaceExplorer:RoboCore":0,"Pen Nib":49,"Smiling Mask":23,"vexMod:RockOfEvil":36,"Replay:Rubber Ducky":13,"ReplayTheSpireMod:EnergyBall":41,"Replay:Ringing Soul":54,"Shovel":9,"vexMod:BarristanHead":47,"RobotSpaceExplorer:BottledGravity":25,"Molten Egg 2":46,"Simple Rune":56,"Bag of Marbles":28,"Durian":42,"Chemical X":55,"Toxic Egg 2":22,"Runic Pyramid":17,"Meat on the Bone":40},{"Gremlin Food":12,"vexMod:PlasmaPancake":12,"ReplayTheSpireMod:Ninjato":17,"Golden Idol":2,"Guide Book":15,"RobotSpaceExplorer:RoboCore":0,"Pen Nib":19,"Smiling Mask":10,"vexMod:RockOfEvil":14,"Replay:Rubber Ducky":5,"ReplayTheSpireMod:EnergyBall":17,"Replay:Ringing Soul":21,"Shovel":3,"vexMod:BarristanHead":18,"RobotSpaceExplorer:BottledGravity":11,"Molten Egg 2":17,"Simple Rune":22,"Bag of Marbles":11,"Durian":17,"Chemical X":21,"Toxic Egg 2":9,"Runic Pyramid":7,"Meat on the Bone":17},{"Gremlin Food":49,"vexMod:PlasmaPancake":49,"ReplayTheSpireMod:Ninjato":65,"Golden Idol":9,"Guide Book":60,"RobotSpaceExplorer:RoboCore":0,"Pen Nib":74,"Smiling Mask":41,"vexMod:RockOfEvil":57,"Replay:Rubber Ducky":18,"ReplayTheSpireMod:EnergyBall":65,"Replay:Ringing Soul":80,"Shovel":12,"vexMod:BarristanHead":70,"RobotSpaceExplorer:BottledGravity":44,"Molten Egg 2":65,"Simple Rune":82,"Bag of Marbles":44,"Durian":65,"Chemical X":80,"Toxic Egg 2":36,"Runic Pyramid":28,"Meat on the Bone":65}],"Meat on the Bone":12},"card_choices":[{"not_picked":["RobotSpaceExplorer:FrostMissile","RobotSpaceExplorer:DoubleBlock"],"picked":"RobotSpaceExplorer:SwiftStep","floor":1.0},{"not_picked":["RobotSpaceExplorer:SlimeMissile","RobotSpaceExplorer:ShovelStrike"],"picked":"RobotSpaceExplorer:Probe","floor":3.0},{"not_picked":["RobotSpaceExplorer:ShockKick","RobotSpaceExplorer:SurgingShield"],"picked":"RobotSpaceExplorer:Multitool","floor":7.0},{"not_picked":["RobotSpaceExplorer:ImprovisedAttack","RobotSpaceExplorer:SwiftStep"],"picked":"RobotSpaceExplorer:PowerCollector","floor":11.0},{"not_picked":["RobotSpaceExplorer:SlimeMissile","RobotSpaceExplorer:PowerGlove"],"picked":"RobotSpaceExplorer:ScrapToss","floor":12.0},{"not_picked":["RobotSpaceExplorer:StarLightning","RobotSpaceExplorer:FrostMissile"],"picked":"RobotSpaceExplorer:ExhaustFan","floor":14.0},{"not_picked":["RobotSpaceExplorer:Asteroid","RobotSpaceExplorer:Explosion"],"picked":"RobotSpaceExplorer:ShockMissile","floor":16.0},{"not_picked":["RobotSpaceExplorer:SlimeMissile+1","RobotSpaceExplorer:FranticSearch"],"picked":"RobotSpaceExplorer:MiniDrones","floor":18.0},{"not_picked":["RobotSpaceExplorer:Ammunition+1","RobotSpaceExplorer:Pulsar","RobotSpaceExplorer:Jetpack+1"],"picked":"SKIP","floor":20.0},{"not_picked":["RobotSpaceExplorer:ShockMissile","RobotSpaceExplorer:ExhaustFan+1","RobotSpaceExplorer:FranticSearch+1"],"picked":"SKIP","floor":23.0},{"not_picked":["RobotSpaceExplorer:ShockMissile","RobotSpaceExplorer:FranticSearch+1"],"picked":"RobotSpaceExplorer:ExhaustFan+1","floor":23.0},{"not_picked":["RobotSpaceExplorer:ShovelStrike","RobotSpaceExplorer:SelfCleaning+1","RobotSpaceExplorer:DoubleFind+1"],"picked":"SKIP","floor":24.0},{"not_picked":["RobotSpaceExplorer:Ammunition+1","RobotSpaceExplorer:FranticSearch+1"],"picked":"RobotSpaceExplorer:DualCore+1","floor":29.0},{"not_picked":["RobotSpaceExplorer:SurgingStrike","RobotSpaceExplorer:DroneSwarm","RobotSpaceExplorer:Electropulse+1"],"picked":"SKIP","floor":33.0},{"not_picked":["RobotSpaceExplorer:Explosion","RobotSpaceExplorer:Blaster"],"picked":"RobotSpaceExplorer:ChargingLaser","floor":35.0},{"not_picked":["RobotSpaceExplorer:Pulsar+1","RobotSpaceExplorer:FrostMissile","RobotSpaceExplorer:Ammunition+1"],"picked":"SKIP","floor":37.0},{"not_picked":["RobotSpaceExplorer:LuckyStrike+1","RobotSpaceExplorer:SlimeMissile+1","RobotSpaceExplorer:GlueShot+1"],"picked":"SKIP","floor":39.0},{"not_picked":["RobotSpaceExplorer:ToxicBomb+1","RobotSpaceExplorer:ExhaustFan","RobotSpaceExplorer:TurboDodge+1"],"picked":"SKIP","floor":40.0},{"not_picked":["Replay:BasicMightCard","Replay:Sssssssssshield+1"],"picked":"Flash of Steel","floor":43.0},{"not_picked":["RobotSpaceExplorer:GlueSpray+1","RobotSpaceExplorer:FreezingShield+1"],"picked":"RobotSpaceExplorer:MiniBoosters+1","floor":47.0},{"not_picked":["RobotSpaceExplorer:Pulsar+1","RobotSpaceExplorer:MiniDrones+1"],"picked":"RobotSpaceExplorer:JunkDive+1","floor":48.0},{"not_picked":["RobotSpaceExplorer:SelfCleaning+1","RobotSpaceExplorer:Ammunition+1","RobotSpaceExplorer:ShovelStrike+1"],"picked":"SKIP","floor":50.0},{"not_picked":["RobotSpaceExplorer:SelfCleaning+1","RobotSpaceExplorer:Ammunition+1"],"picked":"RobotSpaceExplorer:ShovelStrike+1","floor":50.0},{"not_picked":["RobotSpaceExplorer:SurgingShield+1","RobotSpaceExplorer:FrostMissile+1","RobotSpaceExplorer:Pulsar+1"],"picked":"SKIP","floor":56}],"player_experience":773494,"relics_obtained":[{"floor":9.0,"key":"Shovel"},{"floor":13.0,"key":"Replay:Rubber Ducky"},{"floor":22.0,"key":"Toxic Egg 2"},{"floor":23.0,"key":"Smiling Mask"},{"floor":25.0,"key":"RobotSpaceExplorer:BottledGravity"},{"floor":28.0,"key":"Bag of Marbles"},{"floor":31.0,"key":"Gremlin Food"},{"floor":40.0,"key":"Meat on the Bone"},{"floor":42.0,"key":"Durian"},{"floor":44.0,"key":"ReplayTheSpireMod:Ninjato"},{"floor":46.0,"key":"Molten Egg 2"},{"floor":47.0,"key":"vexMod:BarristanHead"},{"floor":54,"key":"Replay:Ringing Soul"},{"floor":56,"key":"Simple Rune"}],"event_choices":[{"damage_healed":0.0,"max_hp_gain":0.0,"max_hp_loss":0.0,"gold_gain":0.0,"event_name":"Golden Idol","player_choice":"Take Damage","floor":4.0,"gold_loss":0.0,"damage_taken":18.0,"relics_obtained":["Golden Idol"]},{"damage_healed":0.0,"max_hp_gain":0.0,"max_hp_loss":0.0,"gold_gain":0.0,"event_name":"Ghosts","player_choice":"Ignored","floor":21.0,"gold_loss":0.0,"damage_taken":0.0},{"damage_healed":0.0,"max_hp_gain":0.0,"max_hp_loss":0.0,"gold_gain":0.0,"event_name":"WeMeetAgain","player_choice":"Paid Gold","floor":30.0,"gold_loss":64.0,"damage_taken":0.0,"relics_obtained":["vexMod:PlasmaPancake"]},{"damage_healed":0.0,"max_hp_gain":0.0,"max_hp_loss":0.0,"gold_gain":0.0,"event_name":"SensoryStone","player_choice":"Memory 1","floor":43.0,"gold_loss":0.0,"damage_taken":0.0}],"is_beta":false,"boss_relics":[{"not_picked":["Runic Dome","Astrolabe"],"picked":"Runic Pyramid"},{"not_picked":["vexMod:BigBerry","SacredBark"],"picked":"vexMod:RockOfEvil"}],"items_purged_floors":[19,32,38,41,49,55],"is_endless":false,"potions_floor_spawned":[1,11,12,20,23,29,33,40,48,50],"ascension_level":4}}