{"host":"yvb207ks1sg3cxef","time":1611510213,"event":{"mods":["2.2 Compatiblity","BaseMod","Bestiary","Colored Powertips","Minty Spire (QoL Compilation)","Permanent Neow","Quick Restart","Relic Stats","StSLib"],"gold_per_floor":[115,126,126,143,143,178,178,207,234,246,256,282,282,292,292,363,363,379,414,424,110,120,151,151,65,65,65,65,65,65],"floor_reached":29,"language":"ENG","playtime":1246,"items_purged":["Strike_P"],"score":493,"play_id":"67d4c9b0-ad0c-433a-87fa-cc50c494532e","local_time":"20210124231333","is_ascension_mode":true,"campfire_choices":[{"data":"Wallop","floor":7.0,"key":"SMITH"},{"data":"TalkToTheHand","floor":13.0,"key":"SMITH"},{"data":"LikeWater","floor":15.0,"key":"SMITH"}],"circlet_count":0,"master_deck":["AscendersBane","Strike_P+1","Strike_P","Defend_P","Defend_P","Defend_P+1","Defend_P","Eruption+1","Vigilance","FearNoEvil","TalkToTheHand+1","Wallop+1","WheelKick","LikeWater+1","EmptyBody","FearNoEvil","SpiritShield","EmptyFist","LikeWater","Vault","Decay","Tantrum","Writhe"],"relics":["PureWater","Happy Flower","Dream Catcher","Akabeko","Runic Pyramid","Red Mask","Lantern","InkBottle","The Courier","Potion Belt"],"acts_visited":["Exordium","TheCity"],"potions_floor_usage":[],"damage_taken":[{"damage":0.0,"enemies":"Jaw Worm","floor":1.0,"turns":1.0},{"damage":0.0,"enemies":"Cultist","floor":2.0,"turns":2.0},{"damage":1.0,"enemies":"2 Louse","floor":4.0,"turns":2.0},{"damage":1.0,"enemies":"3 Sentries","floor":6.0,"turns":7.0},{"damage":11.0,"enemies":"Lagavulin","floor":8.0,"turns":8.0},{"damage":0.0,"enemies":"Exordium Wildlife","floor":10.0,"turns":2.0},{"damage":0.0,"enemies":"Exordium Thugs","floor":11.0,"turns":2.0},{"damage":0.0,"enemies":"Looter","floor":14.0,"turns":3.0},{"damage":10.0,"enemies":"The Guardian","floor":16.0,"turns":14.0},{"damage":0.0,"enemies":"Spheric Guardian","floor":18.0,"turns":3.0},{"damage":0.0,"enemies":"Masked Bandits","floor":19.0,"turns":5.0},{"damage":0.0,"enemies":"2 Thieves","floor":20.0,"turns":4.0},{"damage":0.0,"enemies":"3 Cultists","floor":22.0,"turns":6.0},{"damage":51.0,"enemies":"Slavers","floor":23.0,"turns":7.0},{"damage":19,"enemies":"Sentry and Sphere","floor":29,"turns":5}],"seed_played":"1609367406249705587","potions_obtained":[{"floor":1.0,"key":"Fire Potion"},{"floor":4.0,"key":"SteroidPotion"},{"floor":11.0,"key":"PowerPotion"},{"floor":23.0,"key":"SteroidPotion"}],"is_trial":false,"path_per_floor":["M","M","?","M","?","E","R","E","T","M","M","T","R","M","R","B",null,"M","?","M","$","M","E","?","$","T","?","?","M"],"character_chosen":"WATCHER","items_purchased":["Lantern","LikeWater","Tantrum"],"campfire_rested":0,"item_purchase_floors":[21,21,25],"current_hp_per_floor":[61,61,61,60,40,39,39,28,28,28,28,28,28,28,28,18,56,56,56,56,56,56,5,5,5,5,5,5,0,0],"gold":65,"neow_bonus":"UPGRADE_CARD","is_daily":false,"chose_seed":false,"campfire_upgraded":3,"win_rate":0.0,"timestamp":1611510213,"path_taken":["M","M","?","?","?","E","R","E","T","M","M","?","R","M","R","BOSS","M","?","M","$","M","E","?","$","T","?","?","M"],"items_purchased_type":["Relic","Card","Card"],"build_version":"2020-12-22","purchased_purges":1,"victory":false,"max_hp_per_floor":[68,68,68,68,68,68,68,68,68,68,68,68,68,68,68,68,68,68,68,68,68,68,68,68,68,68,68,68,68,68],"relic_stats":{"Dream Catcher":0,"Happy Flower":[19],"counters":[15,71],"obtain_stats":[{"Potion Belt":27,"Dream Catcher":8,"Lantern":21,"Happy Flower":6,"The Courier":26,"Red Mask":19,"PureWater":0,"Akabeko":9,"InkBottle":23,"Runic Pyramid":17},{"Potion Belt":14,"Dream Catcher":5,"Lantern":12,"Happy Flower":4,"The Courier":14,"Red Mask":11,"PureWater":0,"Akabeko":5,"InkBottle":14,"Runic Pyramid":9},{"Potion Belt":66,"Dream Catcher":20,"Lantern":53,"Happy Flower":12,"The Courier":66,"Red Mask":49,"PureWater":0,"Akabeko":20,"InkBottle":66,"Runic Pyramid":41}],"InkBottle":[1]},"card_choices":[{"not_picked":["DeceiveReality","SignatureMove"],"picked":"FearNoEvil","floor":1.0},{"not_picked":["WindmillStrike","ThirdEye"],"picked":"TalkToTheHand","floor":2.0},{"not_picked":["CutThroughFate","LikeWater"],"picked":"Wallop","floor":4.0},{"not_picked":["BowlingBash","MasterReality","ReachHeaven"],"picked":"SKIP","floor":6.0},{"not_picked":["FollowUp","Wireheading"],"picked":"WheelKick","floor":8.0},{"not_picked":["BowlingBash","Consecrate"],"picked":"LikeWater","floor":10.0},{"not_picked":["CrushJoints","Protect"],"picked":"EmptyBody","floor":11.0},{"not_picked":["Indignation","EmptyFist"],"picked":"FearNoEvil","floor":14.0},{"not_picked":["Blasphemy","ConjureBlade"],"picked":"SpiritShield","floor":16.0},{"not_picked":["ClearTheMind","PathToVictory","ReachHeaven"],"picked":"SKIP","floor":18.0},{"not_picked":["Weave","Study"],"picked":"EmptyFist","floor":20.0},{"not_picked":["ThirdEye","Prostrate","BowlingBash"],"picked":"SKIP","floor":22.0},{"not_picked":["FlurryOfBlows","Swivel"],"picked":"Vault","floor":23.0}],"player_experience":444530,"relics_obtained":[{"floor":6.0,"key":"Happy Flower"},{"floor":8.0,"key":"Dream Catcher"},{"floor":9.0,"key":"Akabeko"},{"floor":19.0,"key":"Red Mask"},{"floor":23.0,"key":"InkBottle"},{"floor":26.0,"key":"The Courier"}],"event_choices":[{"cards_removed":["Strike_P"],"damage_healed":0.0,"max_hp_gain":0.0,"max_hp_loss":0.0,"gold_gain":0.0,"event_name":"Bonfire Elementals","player_choice":"Offered Basic","floor":3.0,"gold_loss":0.0,"damage_taken":0.0},{"damage_healed":0.0,"max_hp_gain":0.0,"max_hp_loss":0.0,"gold_gain":0.0,"event_name":"Shining Light","player_choice":"Entered Light","floor":5.0,"gold_loss":0.0,"damage_taken":20.0,"cards_upgraded":["Defend_P","Strike_P"]},{"damage_healed":0.0,"max_hp_gain":0.0,"max_hp_loss":0.0,"gold_gain":0.0,"event_name":"Masked Bandits","player_choice":"Fought Bandits","floor":19.0,"gold_loss":0.0,"damage_taken":0.0},{"damage_healed":0.0,"max_hp_gain":0.0,"max_hp_loss":0.0,"gold_gain":0.0,"event_name":"Forgotten Altar","player_choice":"Smashed Altar","floor":24.0,"gold_loss":0.0,"damage_taken":0.0,"cards_obtained":["Decay"]},{"damage_healed":0.0,"max_hp_gain":0.0,"max_hp_loss":0.0,"gold_gain":0.0,"event_name":"The Mausoleum","player_choice":"Opened","floor":27.0,"gold_loss":0.0,"damage_taken":0.0,"relics_obtained":["Potion Belt"],"cards_obtained":["Writhe"]},{"damage_healed":0.0,"max_hp_gain":0.0,"max_hp_loss":0.0,"gold_gain":0.0,"event_name":"FaceTrader","player_choice":"Leave","floor":28.0,"gold_loss":0.0,"damage_taken":0.0}],"is_beta":false,"boss_relics":[{"not_picked":["Fusion Hammer","Ectoplasm"],"picked":"Runic Pyramid"}],"items_purged_floors":[21],"is_endless":false,"potions_floor_spawned":[1,4,8,11,16,18,23],"killed_by":"Sentry and Sphere","ascension_level":19}}