{"host":"rzvepkyh9344fbo1","time":1611467876,"event":{"mods":["AchievementEnabler","Act Like it!","BaseMod","Colored Map","Colored Powertips","Curses Come First","Hermit","Highlight Path","Minty Spire (QoL Compilation)","Replay The Spire","Shop Mod","StS++","StSLib","The Cursed","The Necromancer"],"gold_per_floor":[112,124,199,218,235,235,266,266,315,315,335,348,364,48,48,145,145,118,131,131,141,159,190,190,190],"floor_reached":24,"language":"ENG","playtime":3022,"items_purged":[],"score":247,"play_id":"25e3fc21-1637-44d1-a4eb-e03a58fbba22","local_time":"20210124165756","is_ascension_mode":false,"campfire_choices":[{"data":"hermit:Headshot","floor":6,"key":"SMITH"},{"data":"hermit:TakeAim","floor":8,"key":"SMITH"},{"data":"hermit:Snapshot","floor":10,"key":"SMITH"},{"data":"hermit:TakeCover","floor":15,"key":"SMITH"}],"circlet_count":0,"master_deck":["hermit:Strike_Hermit","hermit:Strike_Hermit","hermit:Strike_Hermit","hermit:Strike_Hermit","hermit:Defend_Hermit","hermit:Defend_Hermit","hermit:Defend_Hermit","hermit:Snapshot+1","hermit:Covet","hermit:TakeCover","hermit:TakeAim+1","hermit:Headshot+1","hermit:TakeCover+1","hermit:Enervate+1","hermit:Brawl","hermit:Vantage","hermit:Determination","hermit:Roughhouse+1","hermit:Shortfuse+1","hermit:Desperado+1","hermit:EyeOfTheStorm"],"relics":["hermit:Momento","Molten Egg 2","PreservedInsect","Replay:Bottled Flurry","Runic Pyramid","Juzu Bracelet"],"acts_visited":["Exordium","TheCity"],"potions_floor_usage":[7,16,18,18,18,21,24],"damage_taken":[{"damage":4,"enemies":"2 Louse","floor":1,"turns":4},{"damage":2,"enemies":"Jaw Worm","floor":2,"turns":5},{"damage":2,"enemies":"Cultist","floor":4,"turns":5},{"damage":11,"enemies":"2 Fungi Beasts","floor":5,"turns":4},{"damage":0,"enemies":"Replay:BlueRogue","floor":7,"turns":7},{"damage":0,"enemies":"Gremlin Gang","floor":11,"turns":4},{"damage":2,"enemies":"3 Louse","floor":12,"turns":5},{"damage":7,"enemies":"Blue Slaver","floor":13,"turns":3},{"damage":19,"enemies":"Slime Boss","floor":16,"turns":14},{"damage":36,"enemies":"2 Thieves","floor":18,"turns":5},{"damage":2,"enemies":"Spheric Guardian","floor":19,"turns":4},{"damage":15,"enemies":"Snake Plant","floor":21,"turns":4},{"damage":3,"enemies":"Sentry and Sphere","floor":22,"turns":4},{"damage":14,"enemies":"Book of Stabbing","floor":23,"turns":6},{"damage":17,"enemies":"3 Cultists","floor":24,"turns":4}],"seed_played":"2823891383452699329","potions_obtained":[{"floor":2,"key":"StSpp:ScatteredWeakPotion"},{"floor":4,"key":"Elixir"},{"floor":5,"key":"SpeedPotion"},{"floor":16,"key":"AttackPotion"},{"floor":19,"key":"SkillPotion"},{"floor":21,"key":"Energy Potion"},{"floor":23,"key":"BlessingOfTheForge"}],"is_trial":false,"path_per_floor":["M","M","?","M","M","R","E","R","T","R","M","M","M","$","R","B",null,"M","M","?","M","M","E","M"],"character_chosen":"HERMIT","items_purchased":["Replay:Bottled Flurry","hermit:Determination"],"campfire_rested":0,"item_purchase_floors":[14,14],"current_hp_per_floor":[78,76,65,63,52,52,52,52,52,52,52,50,43,43,43,24,82,46,44,44,29,26,12,0,0],"gold":190,"neow_bonus":"TEN_PERCENT_HP_BONUS","is_daily":false,"chose_seed":false,"campfire_upgraded":4,"win_rate":0.0,"timestamp":1611467876,"path_taken":["M","M","?","M","M","R","E","R","T","R","M","M","M","$","R","BOSS","M","M","?","M","M","E","M"],"items_purchased_type":["Relic","Card"],"build_version":"2020-12-22","purchased_purges":0,"victory":false,"max_hp_per_floor":[82,82,82,82,82,82,82,82,82,82,82,82,82,82,82,82,82,82,82,82,82,82,82,82,82],"card_choices":[{"not_picked":["hermit:Vantage","hermit:CalledShot"],"picked":"hermit:TakeCover","floor":1},{"not_picked":["hermit:HoleUp","hermit:Glare"],"picked":"hermit:TakeAim","floor":2},{"not_picked":["hermit:Gambit","hermit:Malice"],"picked":"hermit:Headshot","floor":4},{"not_picked":["hermit:Manifest","hermit:TrackingShot"],"picked":"hermit:TakeCover","floor":5},{"not_picked":["hermit:TakeCover","hermit:Horror"],"picked":"hermit:Enervate+1","floor":7},{"not_picked":["hermit:HoleUp","hermit:Cheat"],"picked":"hermit:Brawl","floor":11},{"not_picked":["hermit:Snipe","hermit:Desperado+1"],"picked":"hermit:Vantage","floor":12},{"not_picked":["hermit:HoleUp","hermit:Manifest","hermit:Desperado+1"],"picked":"SKIP","floor":13},{"not_picked":["hermit:Purgatory+1","hermit:RoundhouseKick+1"],"picked":"hermit:Roughhouse+1","floor":16},{"not_picked":["hermit:Determination+1","hermit:Desperado+1"],"picked":"hermit:Shortfuse+1","floor":18},{"not_picked":["hermit:Headshot+1","hermit:SprayPray+1"],"picked":"hermit:Desperado+1","floor":19},{"not_picked":["hermit:Manifest+1","hermit:Brawl"],"picked":"hermit:EyeOfTheStorm","floor":21},{"not_picked":["hermit:Desperado+1","hermit:CalledShot+1","hermit:TakeAim+1"],"picked":"SKIP","floor":22},{"not_picked":["hermit:Misfire+1","hermit:Headshot+1","hermit:Purgatory+1"],"picked":"SKIP","floor":23}],"player_experience":199405,"relics_obtained":[{"floor":7,"key":"Molten Egg 2"},{"floor":9,"key":"PreservedInsect"},{"floor":23,"key":"Juzu Bracelet"}],"event_choices":[{"damage_healed":0,"gold_gain":75,"player_choice":"Gather Gold","damage_taken":11,"max_hp_gain":0,"max_hp_loss":0,"event_name":"World of Goop","floor":3,"gold_loss":0},{"cards_removed":["hermit:Defend_Hermit"],"damage_healed":0,"gold_gain":0,"player_choice":"Purged","damage_taken":0,"max_hp_gain":0,"max_hp_loss":0,"event_name":"Purifier","floor":20,"gold_loss":0}],"is_beta":false,"boss_relics":[{"not_picked":["Replay:Wanted Poster","Astrolabe"],"picked":"Runic Pyramid"}],"items_purged_floors":[],"is_endless":false,"potions_floor_spawned":[2,4,5,16,19,21,23],"killed_by":"3 Cultists","ascension_level":0}}