{"host":"eny0bxnatoru6fum","time":1611448836,"event":{"mods":["A Magickal Journey","AchievementEnabler","AlwaysNeverKeys","Aspiration","BaseMod","Beaked The Cultist","BetterRewards","Colored Map","Colored Powertips","Conspire","DeckTracker","Duelist Mod","Energized Spire","Glutton Mod","Halation","Hubris","Infinite Spire","Jedi Mod","Lobotomy","LobotomyExtend","Minty Spire (QoL Compilation)","Relic Sorter","Replay The Spire","Shop Mod","Spicy Shops","Spikes Relics","StSLib","Synergy Search","The Animator","The Blue Laboratory","The Bug Knight","The Cursed","The Hierophant","The Jungle","The Problem Sleuth","The Runesmith","The Sage","The Servant 0.9.4","The Spell Scribe","vexMod"],"gold_per_floor":[130,225,225,225,256,286,311,324,324,324,324,359,375,425,425,530,530,542,552,571,55,55,81,81,95,172,188,169,169,180,251,251,352,377,391,403,462,462,472,482,499,553,646,656,672,686,686,710,710,710,710,710,746,821,901,926,926,926,1026,1026,1026],"floor_reached":60,"language":"ENG","playtime":7064,"items_purged":["ReplayTheSpireMod:Splinters"],"score":976,"play_id":"4c99b280-bf75-4850-b35f-aa82af079c89","local_time":"20210123184036","is_ascension_mode":false,"campfire_choices":[{"floor":10,"key":"REST"},{"floor":15,"key":"REST"},{"floor":24,"key":"REST"},{"floor":32,"key":"RECALL"},{"floor":47,"key":"REST"},{"floor":49,"key":"REST"},{"data":"animator:Greed","floor":52,"key":"SMITH"},{"floor":58,"key":"REST"}],"circlet_count":0,"master_deck":["animator:Strike_Fate","animator:Defend_Fate","animator:Strike","animator:Strike+1","animator:Strike","animator:Defend","animator:Defend","animator:Defend","animator:Alexander","animator:Rider","animator:DolaRiku","animator:Togame","animator:Jibril","Injury","animator:ShinjiMatou","animator:SakuraMatou+1","animator:Illya+1","animator:Lancer","animator:ZankiKiguchi","animator:Entoma","animator:Archer","Pride","Pride","animator:Saber","animator:Spearman","animator:Lu+1","animator:AcuraAkari","animator:Chung","animator:DolaCouronne","animator:Cocytus","animator:Berserker+1","animator:ShinjiMatou","animator:SuzuneAmano","animator:Archer","animator:ShinjiMatou","animator:RinTohsaka","animator:Ciel","animator:Lu","animator:Aisha+1","RitualDagger","animator:Berserker","animator:Assassin","animator:Alexander","animator:Gilgamesh+5","animator:Greed+1","animator:Saber","animator:Berserker","animator:Illya","animator:ShinjiMatou","jedi:BattleThirst","animator:EmiyaShirou","animator:Rider","animator:Archer","animator:Rider","animator:Shichika","animator:HigakiRinne","animator:Shalltear","animator:RoyMustang","animator:Alexander","animator:ZankiKiguchi","animator:Guy","animator:Jibril","animator:SakuraMatou","animator:Rider","animator:Caster","animator:RoyMustang","animator:SakuraMatou","animator:ShinjiMatou","animator:Alexander","animator:Lancer","animator:Ara","animator:Rena","animator:FielNirvalen+1","animator:Emonzaemon+1","animator:DolaRiku","animator:ShinjiMatou"],"relics":["animator:TheEgnaroPiece","animator:AncientMedallion"],"acts_visited":["Exordium","TheCity","TheBeyond","TheEnding","EYB:TheUnnamedReign"],"potions_floor_usage":[8,12,14,16,16,23,27,28,33,33,33,36,37,40,42,42,42,50,50,50,50,55,59,60],"damage_taken":[{"damage":0,"enemies":"2 Louse","floor":1,"turns":3},{"damage":0,"enemies":"Small Slimes","floor":5,"turns":3},{"damage":17,"enemies":"Replay:BlueRogue","floor":6,"turns":8},{"damage":13,"enemies":"Jaw Worm","floor":7,"turns":7},{"damage":24,"enemies":"Large Slime","floor":8,"turns":8},{"damage":1,"enemies":"HollowMod:MossKnight","floor":12,"turns":3},{"damage":0,"enemies":"conspire:2 RoseBushes","floor":13,"turns":7},{"damage":27,"enemies":"Gremlin Nob","floor":14,"turns":4},{"damage":16,"enemies":"The Guardian","floor":16,"turns":10},{"damage":1,"enemies":"Chosen","floor":18,"turns":4},{"damage":6,"enemies":"Shell Parasite","floor":19,"turns":5},{"damage":42,"enemies":"3 Cultists","floor":20,"turns":5},{"damage":42,"enemies":"Slavers","floor":23,"turns":4},{"damage":0,"enemies":"Chosen and Byrds","floor":25,"turns":3},{"damage":0,"enemies":"Snake Plant","floor":27,"turns":3},{"damage":15,"enemies":"animator:HornedBat","floor":28,"turns":6},{"damage":21,"enemies":"Snecko","floor":30,"turns":4},{"damage":26,"enemies":"hubris:MusketHawk","floor":33,"turns":6},{"damage":9,"enemies":"3 Darklings","floor":35,"turns":4},{"damage":17,"enemies":"Orb Walker","floor":36,"turns":3},{"damage":15,"enemies":"Reptomancer","floor":37,"turns":5},{"damage":23,"enemies":"Spire Growth","floor":39,"turns":3},{"damage":5,"enemies":"Jaw Worm Horde","floor":40,"turns":3},{"damage":1,"enemies":"4 Shapes","floor":41,"turns":4},{"damage":21,"enemies":"Nightmare","floor":42,"turns":5},{"damage":1,"enemies":"Maw","floor":44,"turns":3},{"damage":0,"enemies":"Transient","floor":45,"turns":5},{"damage":1,"enemies":"Spire Growth","floor":46,"turns":3},{"damage":8,"enemies":"3 Darklings","floor":48,"turns":3},{"damage":31,"enemies":"hubris:GrandSnecko","floor":50,"turns":5},{"damage":7,"enemies":"animator:UNNAMED_CULTIST_1","floor":54,"turns":11},{"damage":43,"enemies":"animator:UNNAMED_HAT","floor":55,"turns":14},{"damage":61,"enemies":"animator:LARGE_WISP","floor":59,"turns":12},{"damage":73,"enemies":"animator:TRIPLE_LAGAVULIN","floor":60,"turns":7}],"seed_played":"-9209993441043556230","potions_obtained":[{"floor":1,"key":"Explosive Potion"},{"floor":14,"key":"Energy Potion"},{"floor":16,"key":"Strength Potion"},{"floor":20,"key":"LiquidBronze"},{"floor":20,"key":"BlessingOfTheForge"},{"floor":23,"key":"PowerPotion"},{"floor":28,"key":"blueLaboratory:NullPotion"},{"floor":30,"key":"Energy Potion"},{"floor":30,"key":"blueLaboratory:FruitPreserves"},{"floor":33,"key":"blueLaboratory:PhilterOfMotion"},{"floor":35,"key":"SteroidPotion"},{"floor":41,"key":"CultistPotion"},{"floor":42,"key":"AttackPotion"},{"floor":45,"key":"BlessingOfTheForge"},{"floor":48,"key":"blueLaboratory:HorrorPotion"},{"floor":54,"key":"animator:FalseLifePotion"},{"floor":55,"key":"animator:FalseLifePotion"},{"floor":59,"key":"animator:FalseLifePotion"}],"is_trial":false,"path_per_floor":["M","?","?","?","M","E","M","M","T","R","?","E","M","E","R","B",null,"M","M","M","$","?","E","R","M","T","M","E","?","M","T","R","B",null,"M","M","E","?","M","M","M","NM","T","M","M","M","R","M","R","B",null,"R","??","M","M","T","?","R","M","M"],"character_chosen":"THE_ANIMATOR","items_purchased":["Lee\u0027s Waffle","Turnip"],"campfire_rested":6,"item_purchase_floors":[21,21],"current_hp_per_floor":[66,67,55,55,55,39,26,3,3,23,43,42,44,19,39,27,71,70,65,25,78,78,38,62,66,66,70,57,51,32,32,32,42,84,77,62,51,51,30,27,28,9,9,10,12,13,39,33,59,34,88,88,98,91,52,52,52,81,63,0,0],"gold":1026,"neow_bonus":"UPGRADE_CARD","is_daily":false,"chose_seed":false,"campfire_upgraded":1,"win_rate":0.0,"timestamp":1611448836,"path_taken":["M","?","?","?","?","E","M","M","T","R","?","E","M","E","R","BOSS","M","M","M","$","?","E","R","M","T","M","E","?","M","?","R","BOSS","M","M","E","?","M","M","?","NM","T","M","M","M","R","M","R","BOSS","R","??","M","M","T","?","R","M","M"],"items_purchased_type":["Relic","Relic"],"build_version":"2020-12-22","purchased_purges":1,"victory":false,"max_hp_per_floor":[66,67,67,67,67,68,68,69,69,69,69,69,69,69,69,71,71,71,71,71,78,78,80,80,82,82,84,84,84,84,84,84,84,84,86,86,88,88,88,88,88,88,88,88,88,88,88,88,88,88,88,88,98,98,98,98,98,98,98,98,98],"card_choices":[{"not_picked":["animator:Jibril","animator:Spearman"],"picked":"animator:DolaRiku","floor":1},{"not_picked":["animator:LizardPriest","animator:Gillette"],"picked":"animator:Togame","floor":2},{"not_picked":["animator:AcuraShin","animator:AcuraAkari"],"picked":"animator:Jibril","floor":2},{"not_picked":["animator:Sebas","animator:Spearman+1"],"picked":"animator:ShinjiMatou","floor":5},{"not_picked":["animator:KyokoSakura+1","animator:ChlammyZell"],"picked":"animator:SakuraMatou","floor":6},{"not_picked":["animator:Rider","animator:Archer"],"picked":"animator:Illya","floor":7},{"not_picked":["animator:Shichika","animator:EmiyaShirou"],"picked":"animator:Lancer+1","floor":8},{"not_picked":["animator:Priestess","animator:AcuraTooru+1"],"picked":"animator:ZankiKiguchi+1","floor":12},{"not_picked":["animator:Ara+1","animator:LizardPriest"],"picked":"animator:Entoma+1","floor":13},{"not_picked":["animator:Illya","animator:Rider"],"picked":"animator:Archer","floor":14},{"not_picked":["animator:SwordMaiden","animator:Biyorigo"],"picked":"animator:Saber+1","floor":16},{"not_picked":["animator:Spearman+1","animator:Lu+1"],"picked":"animator:AcuraAkari","floor":18},{"not_picked":["animator:Chung","animator:DolaCouronne"],"picked":"animator:Cocytus+1","floor":19},{"not_picked":["animator:ShinjiMatou","animator:SuzuneAmano+1"],"picked":"animator:Berserker+1","floor":20},{"not_picked":["animator:Archer","animator:RinTohsaka"],"picked":"animator:ShinjiMatou","floor":23},{"not_picked":["animator:ZankiKiguchi+1","animator:Viivi+1","animator:SuzuneAmano+1"],"picked":"Singing Bowl","floor":25},{"not_picked":["animator:OrikoMikuni","animator:KyokoSakura+1","animator:DolaCouronne"],"picked":"Singing Bowl","floor":27},{"not_picked":["animator:Ciel","animator:Aisha+1"],"picked":"animator:Lu+1","floor":28},{"not_picked":["animator:Berserker+1","animator:Alexander+1"],"picked":"animator:Assassin+1","floor":30},{"not_picked":["animator:Gilgamesh+1","animator:Greed"],"picked":"animator:Saber+1","floor":33},{"not_picked":["animator:Ciel+1","animator:DwarfShaman+1","animator:EmiyaShirou"],"picked":"Singing Bowl","floor":35},{"not_picked":["animator:Berserker+1","animator:ShinjiMatou"],"picked":"animator:Illya+1","floor":36},{"not_picked":["animator:ShinjiMatou","animator:Viivi+1","animator:Jibril+1"],"picked":"Singing Bowl","floor":37},{"not_picked":["animator:EmiyaShirou","animator:Archer"],"picked":"animator:Rider","floor":39},{"not_picked":["animator:Entoma+1","animator:Shichika"],"picked":"animator:Rider","floor":40},{"not_picked":["animator:Shalltear+1","animator:RoyMustang+1"],"picked":"animator:Alexander+1","floor":41},{"not_picked":["animator:ZankiKiguchi+1","animator:Guy+1"],"picked":"animator:Jibril+1","floor":42},{"not_picked":["animator:SakuraMatou","animator:Rider"],"picked":"animator:Caster","floor":44},{"not_picked":["animator:Entoma+1","animator:SakuraMatou+1"],"picked":"animator:RoyMustang+1","floor":45},{"not_picked":["animator:ShinjiMatou","animator:Lancer+1"],"picked":"animator:Alexander+1","floor":46},{"not_picked":["animator:Ara+1","animator:FielNirvalen"],"picked":"animator:Rena","floor":48},{"not_picked":["animator:ElricEdward+1","animator:Ciel+1"],"picked":"animator:Emonzaemon+1","floor":54},{"not_picked":["animator:ElricAlphonse+1","animator:SayakaMiki"],"picked":"animator:DolaRiku","floor":55},{"not_picked":["animator:TsurugaMeisai+1","animator:Cocytus","animator:Aisha"],"picked":"SKIP","floor":59}],"player_experience":549927,"relics_obtained":[{"floor":1,"key":"LetterFromLob"},{"floor":2,"key":"aspiration:ChemicalBlood"},{"floor":6,"key":"PreservedInsect"},{"floor":9,"key":"Thread and Needle"},{"floor":12,"key":"Blood Vial"},{"floor":14,"key":"Singing Bowl"},{"floor":23,"key":"hubris:Zylophone"},{"floor":28,"key":"aspiration:FetidBarrel"},{"floor":31,"key":"conspire:DeflatedDodgeball"},{"floor":37,"key":"SpikesRelics:ToyHorsey"},{"floor":42,"key":"BrokenLever"},{"floor":43,"key":"GiantMaggot"},{"floor":53,"key":"animator:TheEgnaroPiece"},{"floor":53,"key":"animator:AncientMedallion"},{"floor":54,"key":"LetterFromLob"},{"floor":55,"key":"LetterFromLob"},{"floor":56,"key":"animator:AncientMedallion"},{"floor":59,"key":"LetterFromLob"}],"event_choices":[{"damage_healed":0,"gold_gain":0,"player_choice":"Success","damage_taken":12,"relics_obtained":["Bag of Preparation"],"max_hp_gain":0,"max_hp_loss":0,"event_name":"Scrap Ooze","floor":3,"gold_loss":0},{"damage_healed":0,"gold_gain":0,"player_choice":"Joined the Cult","damage_taken":6,"max_hp_gain":0,"max_hp_loss":0,"event_name":"Nest","floor":29,"gold_loss":0,"cards_obtained":["RitualDagger"]}],"is_beta":false,"boss_relics":[{"not_picked":["Abe\u0027s Treasure","Painkiller Herb"],"picked":"energizedSpire:StickyHand"},{"not_picked":["Coffee Dripper","Replay:Drink Me"],"picked":"beaked:MawFillet"}],"items_purged_floors":[21],"is_endless":false,"potions_floor_spawned":[1,8,16,20,28,30,33,35,37,41,42,45,54],"killed_by":"animator:TRIPLE_LAGAVULIN","ascension_level":0}}