{"host":"vucub2jtaeo9vgh1","time":1611509504,"event":{"mods":["BaseMod","BetterRewards","GungeonMod","Minty Spire (QoL Compilation)","Quick Restart","Rare Cards Sparkle","Replay The Spire","StSLib"],"gold_per_floor":[110,130,80,80,80,109,109,121,159,194,218,218,218,235,235,345,345,361,381,321,344,358,358,393,303,303,303,335,345,345,377,377,474,474,494,514,530,200,228,255,255,291,314,314,324,324,354,368,368,373],"floor_reached":51,"language":"ENG","playtime":2206,"items_purged":["DemoMod:RustySidearm"],"score":1128,"play_id":"5bc120b3-bead-4b47-bece-3fa45985bdd2","local_time":"20210124183144","is_ascension_mode":false,"campfire_choices":[{"data":"DemoMod:Desperate","floor":7,"key":"SMITH"},{"floor":13,"key":"REST"},{"data":"DemoMod:ShadowBullets","floor":15,"key":"SMITH"},{"data":"DemoMod:BSG","floor":23,"key":"SMITH"},{"data":"DemoMod:Unity","floor":27,"key":"SMITH"},{"data":"DemoMod:Unity","floor":30,"key":"SMITH"},{"data":"DemoMod:TableSutra","floor":32,"key":"SMITH"},{"data":"DemoMod:GunslingerForm","floor":41,"key":"SMITH"},{"data":"DemoMod:PotionOfGunFriendShip","floor":44,"key":"SMITH"},{"data":"DemoMod:HungryBullets","floor":46,"key":"SMITH"},{"floor":49,"key":"REST"}],"circlet_count":0,"master_deck":["DemoMod:Defend_Huntress","DemoMod:Defend_Huntress+1","DemoMod:Defend_Huntress","DemoMod:Defend_Huntress","DemoMod:Roll","DemoMod:ManualReload","DemoMod:CrossBow","DemoMod:Desperate+1","DemoMod:JK47","DemoMod:TableSutra+1","DemoMod:HuntsMan","DemoMod:HuntsMan","DemoMod:Unity+1","DemoMod:Unity+1","DemoMod:BSG+1","DemoMod:ShadowBullets+1","DemoMod:SpreadAmmo","DemoMod:MachoBrace","DemoMod:DirectionalPad+1","DemoMod:Unity+1","ReplayTheSpireMod:Doomed","DemoMod:HardPowerCard","DemoMod:GunslingerForm+1","DemoMod:JK47","DemoMod:PotionOfGunFriendShip+1","DemoMod:HungryBullets+1","DemoMod:PracticeMakesPerfect","DemoMod:HuntsMan+1","DemoMod:Purify","DemoMod:TableSutra+1","Injury","DemoMod:ChanceBullets+1","DemoMod:ZorGun"],"relics":["DemoMod:Dog","Omamori","DemoMod:Relodestone","DemoMod:AgedBell","FaceOfCleric","Replay:Baseball","DemoMod:MeltedRock","Strawberry","ReplayTheSpireMod:Lightbulb","Cursed Key","DemoMod:Plus1Bullets","Happy Flower","PreservedInsect","Dream Catcher","SacredBark","Pocketwatch","DemoMod:RedGuonStone","Ancient Tea Set","ReplayTheSpireMod:TigerMarble","Pondfish Scales","Question Card"],"acts_visited":["Exordium","TheCity","TheBeyond"],"potions_floor_usage":[9,31,50,50,50],"damage_taken":[{"damage":7,"enemies":"Jaw Worm","floor":1,"turns":4},{"damage":0,"enemies":"Small Slimes","floor":2,"turns":4},{"damage":2,"enemies":"3 Sentries","floor":6,"turns":7},{"damage":11,"enemies":"2 Louse","floor":8,"turns":2},{"damage":0,"enemies":"Exordium Thugs","floor":9,"turns":8},{"damage":0,"enemies":"Replay:BlueRogue","floor":10,"turns":6},{"damage":18,"enemies":"Exordium Thugs","floor":11,"turns":4},{"damage":4,"enemies":"Large Slime","floor":14,"turns":2},{"damage":26,"enemies":"The Guardian","floor":16,"turns":10},{"damage":0,"enemies":"2 Thieves","floor":18,"turns":3},{"damage":3,"enemies":"3 Byrds","floor":19,"turns":4},{"damage":9,"enemies":"Centurion and Healer","floor":22,"turns":6},{"damage":11,"enemies":"Gremlin Leader","floor":24,"turns":4},{"damage":0,"enemies":"Slavers","floor":28,"turns":2},{"damage":0,"enemies":"Sentry and Sphere","floor":29,"turns":3},{"damage":18,"enemies":"Gremlin Leader","floor":31,"turns":3},{"damage":12,"enemies":"Automaton","floor":33,"turns":7},{"damage":10,"enemies":"3 Shapes","floor":35,"turns":2},{"damage":0,"enemies":"Orb Walker","floor":37,"turns":3},{"damage":1,"enemies":"Maw","floor":39,"turns":7},{"damage":3,"enemies":"Giant Head","floor":40,"turns":6},{"damage":0,"enemies":"Reptomancer","floor":42,"turns":4},{"damage":0,"enemies":"4 Shapes","floor":45,"turns":2},{"damage":5,"enemies":"Giant Head","floor":47,"turns":5},{"damage":9,"enemies":"Spire Growth","floor":48,"turns":3},{"damage":15,"enemies":"Awakened One","floor":50,"turns":6}],"seed_played":"7504421837768177222","potions_obtained":[{"floor":6,"key":"Dexterity Potion"},{"floor":8,"key":"Adrenaline Potion"},{"floor":11,"key":"Dexterity Potion"},{"floor":16,"key":"Regen Potion"},{"floor":18,"key":"PowerPotion"},{"floor":29,"key":"Strength Potion"},{"floor":39,"key":"ColorlessPotion"},{"floor":40,"key":"PowerPotion"},{"floor":42,"key":"PowerPotion"}],"is_trial":false,"path_per_floor":["M","M","?","?","?","E","R","M","T","E","M","T","R","M","R","B",null,"M","M","?","T","M","R","E","?","T","R","E","M","R","E","R","B",null,"M","?","M","$","M","E","R","E","T","R","M","R","E","M","R","B",null],"character_chosen":"HUNTRESS","items_purchased":["DemoMod:Desperate","Omamori","DemoMod:JK47","DemoMod:TableSutra","DemoMod:RedGuonStone","DemoMod:HungryBullets","DemoMod:PracticeMakesPerfect"],"campfire_rested":2,"item_purchase_floors":[0,0,0,0,38,38,38],"current_hp_per_floor":[36,36,36,36,36,35,35,25,26,34,17,17,41,38,38,13,84,85,83,83,83,75,75,65,65,65,65,66,67,67,50,50,39,92,83,60,61,61,61,59,59,60,60,60,61,61,57,49,79,65],"gold":373,"neow_bonus":"","is_daily":false,"chose_seed":false,"campfire_upgraded":9,"win_rate":0.0,"timestamp":1611509504,"path_taken":["M","M","?","?","?","E","R","?","T","E","M","?","R","?","R","BOSS","M","M","?","?","?","R","E","?","T","R","E","M","R","E","R","BOSS","M","?","M","$","M","E","R","E","T","R","M","R","E","M","R","BOSS"],"items_purchased_type":["Card","Relic","Card","Card","Relic","Card","Card"],"build_version":"2020-12-22","purchased_purges":1,"victory":true,"max_hp_per_floor":[70,70,70,70,70,71,71,72,73,81,82,82,82,83,83,84,84,85,86,86,86,87,87,88,88,88,88,89,90,90,91,91,92,92,93,93,94,94,95,96,96,97,97,97,98,98,99,100,100,101],"card_choices":[{"not_picked":["DemoMod:PotionOfGunFriendShip","DemoMod:ProbeStrike"],"picked":"DemoMod:HuntsMan","floor":1},{"not_picked":["DemoMod:SniperShot","DemoMod:BoxingGlove"],"picked":"DemoMod:HuntsMan","floor":2},{"not_picked":["DemoMod:MachoBrace","DemoMod:AWP"],"picked":"DemoMod:Purify","floor":6},{"not_picked":["DemoMod:BattleInHaste","DemoMod:Camera"],"picked":"DemoMod:Unity","floor":8},{"not_picked":["DemoMod:MachoBrace","DemoMod:FastSwitch"],"picked":"DemoMod:Unity","floor":9},{"not_picked":["DemoMod:FastSwitch","DemoMod:StickyCrossBow"],"picked":"DemoMod:BSG","floor":10},{"not_picked":["DemoMod:EasyReloadBullets","DemoMod:DoubleSwitch","DemoMod:BattleInHaste"],"picked":"SKIP","floor":11},{"not_picked":["DemoMod:AC15","DemoMod:PracticeMakesPerfect"],"picked":"DemoMod:ShadowBullets","floor":14},{"not_picked":["DemoMod:FortunesFavor","DemoMod:StickyCrossBow"],"picked":"DemoMod:SpreadAmmo","floor":18},{"not_picked":["DemoMod:Ejector","DemoMod:SAA+1"],"picked":"DemoMod:MachoBrace","floor":19},{"not_picked":["DemoMod:DoubleSwitch","DemoMod:JK47"],"picked":"DemoMod:DirectionalPad+1","floor":22},{"not_picked":["DemoMod:Evolver","DemoMod:SpreadAmmo+1"],"picked":"DemoMod:Unity+1","floor":24},{"not_picked":["DemoMod:FeignSurrender+1","DemoMod:MegaHand","DemoMod:DoubleSwitch"],"picked":"SKIP","floor":28},{"not_picked":["DemoMod:FortunesFavor","DemoMod:GunstockTap"],"picked":"DemoMod:HardPowerCard","floor":29},{"not_picked":["DemoMod:HardPowerCard","DemoMod:HuntsMan","DemoMod:MegaHand+1"],"picked":"SKIP","floor":31},{"not_picked":["DemoMod:Gungine","DemoMod:Elimentaler"],"picked":"DemoMod:GunslingerForm","floor":33},{"not_picked":["DemoMod:ProbeStrike","DemoMod:AC15+1"],"picked":"DemoMod:JK47","floor":35},{"not_picked":["DemoMod:JK47","DemoMod:TeaPot+1"],"picked":"DemoMod:PotionOfGunFriendShip","floor":37},{"not_picked":["DemoMod:FortunesFavor","DemoMod:DirectionalPad"],"picked":"DemoMod:HuntsMan+1","floor":39},{"not_picked":["DemoMod:DirectionalPad+1","DemoMod:Unity+1"],"picked":"DemoMod:Purify","floor":40},{"not_picked":["DemoMod:ProbeStrike+1","DemoMod:HardPowerCard"],"picked":"DemoMod:TableSutra+1","floor":42},{"not_picked":["DemoMod:SkilledReload","DemoMod:SpreadAmmo","DemoMod:AC15+1"],"picked":"SKIP","floor":45},{"not_picked":["DemoMod:BattleInHaste+1","DemoMod:Evolver","DemoMod:DoubleSwitch"],"picked":"SKIP","floor":47},{"not_picked":["DemoMod:Unmoved+1","DemoMod:HardPowerCard","DemoMod:DoubleSwitch"],"picked":"DemoMod:ChanceBullets+1","floor":48},{"not_picked":["DemoMod:PotionOfGunFriendShip","DemoMod:GunstockTap","DemoMod:PracticeMakesPerfect"],"picked":"DemoMod:ZorGun","floor":49}],"player_experience":296043,"relics_obtained":[{"floor":6,"key":"Replay:Baseball"},{"floor":9,"key":"DemoMod:MeltedRock"},{"floor":10,"key":"Strawberry"},{"floor":12,"key":"ReplayTheSpireMod:Lightbulb"},{"floor":24,"key":"DemoMod:Plus1Bullets"},{"floor":26,"key":"Happy Flower"},{"floor":28,"key":"PreservedInsect"},{"floor":31,"key":"Dream Catcher"},{"floor":36,"key":"Pocketwatch"},{"floor":40,"key":"Ancient Tea Set"},{"floor":43,"key":"ReplayTheSpireMod:TigerMarble"},{"floor":45,"key":"Pondfish Scales"},{"floor":47,"key":"Question Card"}],"event_choices":[{"cards_removed":["DemoMod:Strike_Huntress"],"damage_healed":0,"gold_gain":0,"player_choice":"Card Removal","damage_taken":0,"max_hp_gain":0,"max_hp_loss":0,"event_name":"The Cleric","floor":3,"gold_loss":50},{"damage_healed":0,"gold_gain":0,"player_choice":"Box","damage_taken":0,"relics_obtained":["DemoMod:AgedBell"],"max_hp_gain":0,"max_hp_loss":0,"event_name":"Big Fish","floor":4,"gold_loss":0,"cards_obtained":["Regret"]},{"damage_healed":0,"gold_gain":0,"player_choice":"Trade","damage_taken":0,"relics_obtained":["FaceOfCleric"],"max_hp_gain":0,"max_hp_loss":0,"event_name":"FaceTrader","floor":5,"gold_loss":0},{"cards_removed":["DemoMod:Strike_Huntress"],"damage_healed":0,"gold_gain":0,"player_choice":"Upgrade and Remove","damage_taken":0,"max_hp_gain":0,"max_hp_loss":0,"event_name":"Designer","floor":25,"gold_loss":90,"cards_upgraded":["DemoMod:Defend_Huntress"]}],"is_beta":false,"boss_relics":[{"not_picked":["Abe\u0027s Treasure","Philosopher\u0027s Stone"],"picked":"Cursed Key"},{"not_picked":["Replay:Drink Me","Astrolabe"],"picked":"SacredBark"}],"items_purged_floors":[38],"is_endless":false,"potions_floor_spawned":[6,8,11,16,18,22,29,39,40,42,45],"ascension_level":0}}