{"host":"minbhrtlkaoly5f0","time":1611503672,"event":{"mods":["Act Like it!","BaseMod","Colored Map","Lobotomy","LobotomyExtend","Minty Spire (QoL Compilation)","Quick Restart","StSLib"],"gold_per_floor":[120,45,60,73,73,73,91,91,91,91,37,53,53,72,72,72,72],"floor_reached":16,"language":"ZHS","playtime":448,"items_purged":["SpecialBullet"],"score":92,"play_id":"04076a46-53a2-417e-bf9a-390cec678bb0","local_time":"20210124235432","is_ascension_mode":false,"campfire_choices":[{"floor":15.0,"key":"REST"}],"circlet_count":0,"master_deck":["SpecialBullet","SpecialBullet","SpecialBullet","SpecialBullet","InformationCode","SecurityCode","DisciplinaryCode","GreedKing","Spore","LittleHelper","UniverseFragment","Diffraction+1","ControlCode","Horn+1","BodiesMountain"],"relics":["CogitoBucket","LetterFromLob","Shuriken","BehaviorAdjustment"],"acts_visited":["Exordium"],"potions_floor_usage":[],"damage_taken":[{"damage":10.0,"enemies":"Small Slimes","floor":1.0,"turns":2.0},{"damage":7.0,"enemies":"Jaw Worm","floor":3.0,"turns":3.0},{"damage":5.0,"enemies":"2 Louse","floor":4.0,"turns":2.0},{"damage":18.0,"enemies":"2 Fungi Beasts","floor":7.0,"turns":3.0},{"damage":3.0,"enemies":"Blue Slaver","floor":12.0,"turns":2.0},{"damage":39.0,"enemies":"Large Slime","floor":14.0,"turns":4.0},{"damage":42,"enemies":"The Guardian","floor":16,"turns":6}],"seed_played":"7576467634346374742","potions_obtained":[{"floor":12.0,"key":"Regen Potion"}],"is_trial":false,"path_per_floor":["M","$","M","M","?","R","M","R","T","?","$","M","?","M","R","B"],"character_chosen":"Angela","items_purchased":["Horn"],"campfire_rested":1,"item_purchase_floors":[11],"current_hp_per_floor":[47,47,48,54,47,47,40,40,40,40,40,37,23,17,38,0,0],"gold":72,"neow_bonus":"REMOVE_TWO","is_daily":false,"chose_seed":false,"campfire_upgraded":0,"win_rate":0.0,"timestamp":1611503672,"path_taken":["M","$","M","M","?","R","M","R","T","?","$","M","?","M","R","BOSS"],"items_purchased_type":["Card"],"build_version":"2020-12-22","purchased_purges":1,"victory":false,"max_hp_per_floor":[70,70,70,70,70,70,70,70,70,70,70,70,70,70,70,70,70],"card_choices":[{"not_picked":["Rudolta","UniverseFragment"],"picked":"GreedKing","floor":1.0},{"not_picked":["CUTE"],"picked":"Spore","floor":1.0},{"not_picked":["CUTE","RapturousDream"],"picked":"SKIP","floor":3.0},{"not_picked":["MeatLantern","FairyFestival"],"picked":"LittleHelper","floor":4.0},{"not_picked":["SomewhereSpear","Loneliness"],"picked":"SKIP","floor":4.0},{"not_picked":["SomewhereSpear","Loneliness"],"picked":"SKIP","floor":4.0},{"not_picked":["ShyLook","CherryBlossoms"],"picked":"UniverseFragment","floor":7.0},{"not_picked":["Tough"],"picked":"Diffraction","floor":7.0},{"not_picked":["QueenOfHatred","QueenBee"],"picked":"BodiesMountain","floor":12.0},{"not_picked":["Galaxy","WristCuter"],"picked":"SKIP","floor":12.0},{"not_picked":["CUTE","RapturousDream"],"picked":"SKIP","floor":14.0}],"player_experience":46385,"relics_obtained":[{"floor":1.0,"key":"LetterFromLob"},{"floor":9.0,"key":"Shuriken"}],"event_choices":[{"cards_removed":["SpecialBullet"],"damage_healed":0.0,"max_hp_gain":0.0,"max_hp_loss":0.0,"gold_gain":0.0,"event_name":"Golden Wing","player_choice":"Card Removal","floor":5.0,"gold_loss":0.0,"damage_taken":7.0},{"damage_healed":0.0,"max_hp_gain":0.0,"max_hp_loss":0.0,"gold_gain":0.0,"event_name":"Liars Game","player_choice":"Ignored","floor":10.0,"gold_loss":0.0,"damage_taken":0.0},{"damage_healed":0.0,"max_hp_gain":0.0,"max_hp_loss":0.0,"gold_gain":0.0,"event_name":"Shining Light","player_choice":"Entered Light","floor":13.0,"gold_loss":0.0,"damage_taken":14.0,"cards_upgraded":["Diffraction","Horn"]}],"is_beta":false,"boss_relics":[],"items_purged_floors":[2],"is_endless":false,"potions_floor_spawned":[12],"killed_by":"The Guardian","ascension_level":0}}