{"host":"otf1z5955ddlv5pq","time":1611526147,"event":{"mods":["BaseMod","Better Altar","Better Match","Better Note","Better Sensory Stone","Better Skull","Better Third Choice","Colored Map","Colored Powertips","Downfall","Minty Spire (QoL Compilation)","Rare Cards Sparkle","StSLib","Synergy Search"],"gold_per_floor":[110,110,125,142,15,15,40,40,92,125,125,125,140,173,173,277,277,277,290,307,307,337,337,89,189,215,227,239,251,290,318,330,342,342],"floor_reached":33,"language":"ENG","playtime":1770,"items_purged":["Strike_P"],"score":392,"play_id":"169174f1-988d-47b0-a792-515cdb7aa8b9","local_time":"20210124140907","is_ascension_mode":true,"campfire_choices":[{"data":"BattleHymn","floor":6.0,"key":"SMITH"},{"data":"Eruption","floor":8.0,"key":"SMITH"},{"data":"Perseverance","floor":11.0,"key":"SMITH"},{"data":"Vigilance","floor":15.0,"key":"SMITH"},{"floor":23,"key":"REST"},{"floor":27,"key":"REST"},{"floor":32,"key":"REST"}],"circlet_count":0,"master_deck":["Defend_P","Defend_P","Defend_P","Defend_P","Eruption+1","Vigilance+1","FlyingSleeves","FlurryOfBlows","BattleHymn+1","EmptyFist","LikeWater","Perseverance+1","SandsOfTime","TalkToTheHand","DeusExMachina","Consecrate","DeceiveReality","Halt"],"relics":["PureWater","Ancient Tea Set","Orichalcum","Juzu Bracelet","Calipers","GremlinMask","Matryoshka","Empty Cage","betterThird:NestCultRelic","Red Mask","Meat on the Bone","MawBank","Anchor","MutagenicStrength","Smiling Mask"],"acts_visited":["Exordium","TheCity"],"potions_floor_usage":[22,30,33],"damage_taken":[{"damage":1.0,"enemies":"2 Louse","floor":1.0,"turns":2.0},{"damage":7.0,"enemies":"Small Slimes","floor":3.0,"turns":3.0},{"damage":0.0,"enemies":"Cultist","floor":4.0,"turns":2.0},{"damage":4.0,"enemies":"3 Sentries","floor":7.0,"turns":4.0},{"damage":0.0,"enemies":"Lagavulin","floor":10.0,"turns":4.0},{"damage":0.0,"enemies":"3 Louse","floor":13.0,"turns":2.0},{"damage":5.0,"enemies":"Gremlin Nob","floor":14.0,"turns":3.0},{"damage":0.0,"enemies":"Slime Boss","floor":16.0,"turns":3.0},{"damage":10,"enemies":"Shell Parasite","floor":18,"turns":3},{"damage":6,"enemies":"3 Byrds","floor":19,"turns":4},{"damage":31,"enemies":"Snake Plant","floor":20,"turns":4},{"damage":42,"enemies":"Masked Bandits","floor":22,"turns":5},{"damage":28,"enemies":"Gremlin Leader","floor":30,"turns":6},{"damage":18,"enemies":"Snecko","floor":31,"turns":6},{"damage":81,"enemies":"Collector","floor":33,"turns":8}],"seed_played":"901049571523324123","potions_obtained":[{"floor":3.0,"key":"FearPotion"},{"floor":4.0,"key":"FairyPotion"},{"floor":10.0,"key":"hexamod:SoulburnPotion"},{"floor":19,"key":"Explosive Potion"},{"floor":31,"key":"Fire Potion"}],"is_trial":false,"path_per_floor":["M","?","M","M","$","R","E","R","T","E","R","?","M","E","R","B",null,"M","M","M","?","?","R","$","?","T","R","?","?","E","M","R","B"],"character_chosen":"WATCHER","items_purchased":["EmptyFist","Meat on the Bone"],"campfire_rested":3,"item_purchase_floors":[5,24],"current_hp_per_floor":[71,71,64,64,64,64,60,60,60,60,60,60,60,55,55,55,72,62,56,25,25,6,27,27,27,27,48,48,72,44,38,59,0,0],"gold":342,"neow_bonus":"RANDOM_COMMON_RELIC","is_daily":false,"chose_seed":false,"campfire_upgraded":4,"win_rate":0.0,"timestamp":1611526147,"path_taken":["M","?","M","M","$","R","E","R","T","E","R","?","M","E","R","BOSS","M","M","M","?","?","R","$","?","T","R","?","?","E","M","R","BOSS"],"items_purchased_type":["Card","Relic"],"build_version":"2020-12-22","purchased_purges":1,"victory":false,"max_hp_per_floor":[72,72,72,72,72,72,72,72,72,72,72,72,72,72,72,72,72,72,72,72,72,72,72,72,72,72,72,72,72,72,72,72,72,72],"card_choices":[{"not_picked":["Protect","EmptyFist"],"picked":"FlyingSleeves","floor":1.0},{"not_picked":["WaveOfTheHand","Weave"],"picked":"FlurryOfBlows","floor":3.0},{"not_picked":["Weave","EmptyBody"],"picked":"BattleHymn","floor":4.0},{"not_picked":["SpiritShield","CrushJoints"],"picked":"LikeWater","floor":7.0},{"not_picked":["Crescendo","DeceiveReality"],"picked":"Perseverance","floor":10.0},{"not_picked":["FollowUp","Protect"],"picked":"SandsOfTime","floor":13.0},{"not_picked":["Evaluate","SignatureMove"],"picked":"TalkToTheHand","floor":14.0},{"not_picked":["Devotion","Wish"],"picked":"DeusExMachina","floor":16.0},{"not_picked":["Evaluate","CrushJoints"],"picked":"Consecrate","floor":18},{"not_picked":["SignatureMove","PathToVictory","FlyingSleeves"],"picked":"SKIP","floor":19},{"not_picked":["CutThroughFate","Nirvana+1"],"picked":"DeceiveReality","floor":20},{"not_picked":["Brilliance","DeceiveReality"],"picked":"Halt","floor":30},{"not_picked":["Fasting2+1","Collect","SignatureMove"],"picked":"SKIP","floor":31}],"player_experience":1196871,"relics_obtained":[{"floor":7.0,"key":"Orichalcum"},{"floor":9.0,"key":"Juzu Bracelet"},{"floor":10.0,"key":"Calipers"},{"floor":14.0,"key":"Matryoshka"},{"floor":22,"key":"Red Mask"},{"floor":26,"key":"MawBank"},{"floor":26,"key":"Anchor"},{"floor":30,"key":"Smiling Mask"}],"event_choices":[{"cards_removed":["Strike_P"],"damage_healed":0.0,"max_hp_gain":0.0,"max_hp_loss":0.0,"gold_gain":0.0,"event_name":"Living Wall","player_choice":"Forget","floor":2.0,"gold_loss":0.0,"damage_taken":0.0},{"damage_healed":0.0,"max_hp_gain":0.0,"max_hp_loss":0.0,"gold_gain":0.0,"event_name":"FaceTrader","player_choice":"Trade","floor":12.0,"gold_loss":0.0,"damage_taken":0.0,"relics_obtained":["GremlinMask"]},{"damage_healed":0,"gold_gain":0,"player_choice":"Madness","damage_taken":0,"relics_obtained":["betterThird:NestCultRelic"],"max_hp_gain":0,"max_hp_loss":0,"event_name":"betterThird:BetterNest","floor":21,"gold_loss":0},{"damage_healed":0,"gold_gain":0,"player_choice":"Fought Bandits","damage_taken":0,"max_hp_gain":0,"max_hp_loss":0,"event_name":"Masked Bandits","floor":22,"gold_loss":0},{"damage_healed":0,"gold_gain":100,"player_choice":"Pray","damage_taken":0,"max_hp_gain":0,"max_hp_loss":0,"event_name":"Golden Shrine","floor":25,"gold_loss":0},{"damage_healed":0,"gold_gain":0,"player_choice":"Inject Mutagens","damage_taken":0,"relics_obtained":["MutagenicStrength"],"max_hp_gain":0,"max_hp_loss":0,"event_name":"Drug Dealer","floor":28,"gold_loss":0},{"damage_healed":24,"gold_gain":0,"player_choice":"Heal","damage_taken":0,"max_hp_gain":0,"max_hp_loss":0,"event_name":"The Library","floor":29,"gold_loss":0}],"is_beta":false,"boss_relics":[{"not_picked":["Busted Crown","Runic Pyramid"],"picked":"Empty Cage"}],"items_purged_floors":[5],"is_endless":false,"potions_floor_spawned":[3,4,10,13,14,19,31],"killed_by":"Collector","ascension_level":2}}