{"host":"uv5ws9rdk87e8i5k","time":1611511367,"event":{"mods":["AchievementEnabler","BaseMod","Colored Map","Minty Spire (QoL Compilation)","StSLib","SuperFastMode"],"gold_per_floor":[110,129,146,166,166,195,195,224,304,315,335,351,351,407,407,407,407],"floor_reached":16,"language":"ENG","playtime":318,"items_purged":[],"score":160,"play_id":"bbe75f66-ca36-4ded-8bf3-619c4a23fc19","local_time":"20210124120247","is_ascension_mode":true,"campfire_choices":[{"data":"Infernal Blade","floor":7,"key":"SMITH"},{"data":"Flame Barrier","floor":13,"key":"SMITH"},{"floor":15,"key":"REST"}],"circlet_count":0,"master_deck":["Strike_R","Strike_R","Strike_R","Strike_R","Strike_R","Defend_R","Defend_R","Defend_R","Defend_R","Bash","Impervious","Pommel Strike","Headbutt","Flame Barrier+1","Headbutt","Blood for Blood","Infernal Blade+1","Shrug It Off","Havoc","Sword Boomerang"],"relics":["Burning Blood","Toy Ornithopter","Du-Vu Doll","Mercury Hourglass"],"acts_visited":["Exordium"],"potions_floor_usage":[4,6],"damage_taken":[{"damage":2,"enemies":"Jaw Worm","floor":1,"turns":6},{"damage":6,"enemies":"Cultist","floor":2,"turns":4},{"damage":5,"enemies":"Small Slimes","floor":3,"turns":4},{"damage":6,"enemies":"Looter","floor":4,"turns":3},{"damage":33,"enemies":"3 Sentries","floor":6,"turns":8},{"damage":26,"enemies":"Lagavulin","floor":8,"turns":9},{"damage":0,"enemies":"Gremlin Gang","floor":10,"turns":3},{"damage":10,"enemies":"3 Louse","floor":11,"turns":2},{"damage":3,"enemies":"Looter","floor":12,"turns":2},{"damage":0,"enemies":"Slime Boss","floor":16,"turns":1}],"seed_played":"-1312897019572775260","potions_obtained":[{"floor":3,"key":"ColorlessPotion"},{"floor":4,"key":"Fruit Juice"},{"floor":8,"key":"SpeedPotion"},{"floor":10,"key":"Energy Potion"}],"is_trial":false,"path_per_floor":["M","M","M","M","?","E","R","E","T","M","M","M","R","?","R","B"],"character_chosen":"IRONCLAD","items_purchased":[],"campfire_rested":1,"item_purchase_floors":[],"current_hp_per_floor":[76,76,77,82,82,55,55,35,35,41,37,40,40,40,65,65,65],"gold":407,"neow_bonus":"ONE_RANDOM_RARE_CARD","is_daily":false,"chose_seed":false,"campfire_upgraded":2,"win_rate":0.0,"timestamp":1611511367,"path_taken":["M","M","M","M","?","E","R","E","T","?","M","M","R","?","R","BOSS"],"items_purchased_type":[],"build_version":"2020-12-22","purchased_purges":0,"victory":false,"max_hp_per_floor":[80,80,80,85,85,85,85,85,85,85,85,85,85,85,85,85,85],"card_choices":[{"not_picked":["Carnage","Rampage"],"picked":"Pommel Strike","floor":1},{"not_picked":["Evolve","Hemokinesis"],"picked":"Headbutt","floor":2},{"not_picked":["Sentinel","Flex"],"picked":"Flame Barrier","floor":3},{"not_picked":["Cleave","Flex"],"picked":"Headbutt","floor":4},{"not_picked":["Twin Strike","Body Slam"],"picked":"Infernal Blade","floor":6},{"not_picked":["Sever Soul","Offering"],"picked":"Shrug It Off","floor":8},{"not_picked":["Dropkick","Iron Wave"],"picked":"Havoc","floor":10},{"not_picked":["Anger","Shockwave"],"picked":"Sword Boomerang","floor":11},{"not_picked":["True Grit","Sword Boomerang","Power Through"],"picked":"SKIP","floor":12}],"player_experience":231259,"relics_obtained":[{"floor":6,"key":"Toy Ornithopter"},{"floor":8,"key":"Du-Vu Doll"},{"floor":9,"key":"Mercury Hourglass"}],"event_choices":[{"damage_healed":0,"gold_gain":0,"player_choice":"1 cards matched","damage_taken":0,"max_hp_gain":0,"max_hp_loss":0,"event_name":"Match and Keep!","floor":5,"gold_loss":0,"cards_obtained":["Blood for Blood"]},{"damage_healed":0,"gold_gain":56,"player_choice":"Gained Gold","damage_taken":0,"max_hp_gain":0,"max_hp_loss":0,"event_name":"Golden Wing","floor":14,"gold_loss":0}],"is_beta":false,"boss_relics":[],"items_purged_floors":[],"is_endless":false,"potions_floor_spawned":[3,4,8,10],"killed_by":"Slime Boss","ascension_level":8}}