{"host":"5uvzo7moqy5vd63g","time":1611451534,"event":{"mods":["Aspiration","BaseMod","Conspire","Curses Come First","Dio Mod","Downfall","Hermit","Hubris","Jedi Mod","Mimic Mod","Minty Spire (QoL Compilation)","Replay The Spire","StSLib","Wandering Minibosses"],"gold_per_floor":[99,111,124,144,144,89,142,142,193,203,3,21,21,32,45,140,240,334,344,176,176,176,106,161,187,187,305,305,191,191,226,246,246,246,246],"floor_reached":33,"language":"ENG","playtime":2340,"items_purged":["bronze:Strike","bronze:Strike"],"score":298,"play_id":"38125e08-ec9d-4d2f-99ff-9d05b82c856f","local_time":"20210123202534","is_ascension_mode":false,"campfire_choices":[{"floor":8.0,"key":"RECALL"},{"floor":11.0,"key":"REST"},{"data":"bronze:Library","floor":13.0,"key":"SMITH"},{"floor":26.0,"key":"REST"},{"data":"bronze:Iterate","floor":30.0,"key":"SMITH"}],"circlet_count":0,"master_deck":["bronze:Strike","bronze:Defend","bronze:Defend","bronze:Defend","bronze:Replicate","bronze:Goto","bronze:ItsAFeature+1","bronze:Boost","bronze:FollowUp","bronze:Deprecate","bronze:ChosenStrike","bronze:Library+1","bronze:BugBarrage","bronze:BugBarrage","bronze:Philosophize","bronze:Backtrace","bronze:Iterate+1","bronze:DelayedSlice","bronze:TinkerersToolbox","bronze:Optimize+1","bronze:DelayedGuard","bronze:Break","bronze:Safeguard","bronze:BronzeOrb","bronze:BurnOut","expansioncontent:Chronoboost","bronze:InfiniteBeams","bronze:Invalidate","bronze:Repulsor","bronze:CleanCode","bronze:DelayedSlice","bronze:MaxOutput"],"relics":["bronze:BronzeCore","Chameleon Ring","Bag of Preparation","downfall:HeartBlessingRed","downfall:HeartBlessingBlue","Replay:Wanted Poster","Membership Card","Omamori","Bag of Marbles","BargainBundle","Mirror","Orrery","hubris:Metronome"],"acts_visited":["Exordium","TheCity"],"potions_floor_usage":[33],"damage_taken":[{"damage":4.0,"enemies":"2 Louse","floor":2.0,"turns":4.0},{"damage":6.0,"enemies":"Jaw Worm","floor":3.0,"turns":3.0},{"damage":0.0,"enemies":"Small Slimes","floor":4.0,"turns":4.0},{"damage":0.0,"enemies":"downfall:FleeingMerchant","floor":6.0,"turns":4.0},{"damage":0.0,"enemies":"Blue Slaver","floor":10.0,"turns":3.0},{"damage":21.0,"enemies":"3 Louse","floor":12.0,"turns":4.0},{"damage":0.0,"enemies":"2 Fungi Beasts","floor":14.0,"turns":3.0},{"damage":5.0,"enemies":"conspire:2 RoseBushes","floor":15.0,"turns":4.0},{"damage":31.0,"enemies":"SI_SHIV_ARCHETYPE","floor":16.0,"turns":6.0},{"damage":0.0,"enemies":"conspire:FuzzyDice","floor":19.0,"turns":6.0},{"damage":21.0,"enemies":"downfall:FleeingMerchant","floor":20.0,"turns":4.0},{"damage":25.0,"enemies":"downfall:FleeingMerchant","floor":23.0,"turns":4.0},{"damage":27.0,"enemies":"Gremlin Leader","floor":25.0,"turns":4.0},{"damage":0.0,"enemies":"downfall:FleeingMerchant","floor":27.0,"turns":1.0},{"damage":15.0,"enemies":"Slavers","floor":31.0,"turns":4.0},{"damage":3.0,"enemies":"Shell Parasite","floor":32.0,"turns":3.0},{"damage":72,"enemies":"WA_ARCHETYPE_CALM","floor":33,"turns":5}],"seed_played":"7839943159763941340","potions_obtained":[{"floor":2.0,"key":"Strength Potion"},{"floor":4.0,"key":"LifebloodPotion"},{"floor":10.0,"key":"Adrenaline Potion"},{"floor":14.0,"key":"champ:CounterPotion"},{"floor":16.0,"key":"PowerPotion"},{"floor":31.0,"key":"Adrenaline Potion"},{"floor":32,"key":"ColorlessPotion"}],"is_trial":false,"path_per_floor":["R","M","M","M","?","$","T","R","T","M","R","M","R","M","M","B",null,"R","M","$","?","?","$","T","E","R","$","?","$","R","E","M","B"],"character_chosen":"THE_AUTOMATON","items_purchased":["bronze:BugBarrage","Membership Card","bronze:Safeguard","BargainBundle","ReplayTheSpireMod:Brewmster","expansioncontent:Chronoboost","bronze:InfiniteBeams","Mirror","bronze:Invalidate","bronze:Repulsor","Orrery"],"campfire_rested":2,"item_purchase_floors":[6,20,23,27,27,27,27,27,27,29,29],"current_hp_per_floor":[70,66,60,60,35,35,35,35,35,35,69,48,48,48,43,12,80,80,80,59,59,59,34,34,7,31,31,90,90,90,75,72,0,0,0],"gold":246,"neow_bonus":"TRANSFORM_TWO_CARDS","is_daily":false,"chose_seed":false,"campfire_upgraded":2,"win_rate":0.0,"timestamp":1611451534,"path_taken":["R","M","M","M","?","?","T","R","?","M","R","M","R","?","M","BOSS","R","M","$","?","?","$","T","E","R","$","?","?","R","E","M","BOSS"],"items_purchased_type":["Card","Relic","Card","Relic","Card","Card","Card","Relic","Card","Card","Relic"],"build_version":"2020-12-22","purchased_purges":2,"victory":false,"max_hp_per_floor":[70,70,70,70,70,70,70,70,70,70,80,80,80,80,80,80,80,80,80,80,80,80,80,80,80,80,80,90,90,90,90,90,90,90,90],"card_choices":[{"not_picked":["bronze:InfiniteBeams","bronze:Refactor"],"picked":"bronze:FollowUp","floor":2.0},{"not_picked":["bronze:Frontload","bronze:Constructor"],"picked":"bronze:Deprecate","floor":3.0},{"not_picked":["bronze:Boost","bronze:WhirlingStrike"],"picked":"bronze:ChosenStrike","floor":4.0},{"not_picked":["bronze:DigitalCarnage","bronze:ChosenStrike"],"picked":"bronze:Library","floor":6.0},{"not_picked":["bronze:Turbo","bronze:Overheat"],"picked":"bronze:Philosophize","floor":10.0},{"not_picked":["bronze:BitShift","bronze:GetLatest"],"picked":"bronze:Backtrace","floor":12.0},{"not_picked":["bronze:Shield","bronze:Constructor"],"picked":"bronze:Iterate","floor":14.0},{"not_picked":["bronze:Shield","bronze:Deprecate"],"picked":"bronze:DelayedSlice","floor":15.0},{"not_picked":["bronze:ShipIt","bronze:BurnOut"],"picked":"bronze:TinkerersToolbox","floor":16.0},{"not_picked":["bronze:FineTuning","bronze:GetLatest"],"picked":"bronze:Optimize+1","floor":19.0},{"not_picked":["bronze:Backtrace","bronze:Overheat"],"picked":"bronze:DelayedGuard","floor":20.0},{"not_picked":["bronze:Separator","bronze:BugBarrage"],"picked":"bronze:Break","floor":23.0},{"not_picked":["bronze:ChosenStrike+1","bronze:ThunderWave"],"picked":"bronze:BronzeOrb","floor":25.0},{"not_picked":["bronze:Deprecate","bronze:WhirlingStrike+1"],"picked":"bronze:BurnOut","floor":27.0},{"not_picked":["bronze:Overload+1","bronze:WhirlingStrike"],"picked":"bronze:CleanCode","floor":29.0},{"not_picked":["bronze:FollowUp+1","bronze:CloningBeam"],"picked":"bronze:DelayedSlice","floor":29.0},{"not_picked":["bronze:CutThrough","bronze:Separator+1","bronze:WildBeam"],"picked":"SKIP","floor":31.0},{"not_picked":["bronze:Shield","bronze:Break"],"picked":"bronze:MaxOutput","floor":32}],"player_experience":606428,"relics_obtained":[{"floor":7.0,"key":"Bag of Preparation"},{"floor":24.0,"key":"Omamori"},{"floor":25.0,"key":"Bag of Marbles"},{"floor":31.0,"key":"hubris:Metronome"}],"event_choices":[{"damage_healed":0.0,"max_hp_gain":0.0,"max_hp_loss":0.0,"gold_gain":0.0,"event_name":"Scrap Ooze","player_choice":"Success","floor":5.0,"gold_loss":0.0,"damage_taken":25.0,"relics_obtained":["Chameleon Ring"]}],"is_beta":false,"boss_relics":[{"not_picked":["Replay:Ancient Bell","Kintsugi"],"picked":"Replay:Wanted Poster"}],"items_purged_floors":[23,27],"is_endless":false,"potions_floor_spawned":[2,4,10,14,16,31,32],"killed_by":"WA_ARCHETYPE_CALM","ascension_level":0}}