{"host":"u5p72gjg7qm9i6r4","time":1611448567,"event":{"mods":["AchievementEnabler","BaseMod","Curses Come First","Highlight Path","Minty Spire (QoL Compilation)","Rare Cards Sparkle","StSLib"],"gold_per_floor":[10,21,40,58,69,69,95,95,95,95,106,140,152,186,186,283,283,300,300,300,314,325,325,345,373,442,442,454,465,465,493,493,596,596,615,634,634,634,634,666,666,700,700,700,714,747,747,766,766,766,766,766,106,141,141],"floor_reached":56,"language":"ENG","playtime":2463,"items_purged":["Parasite"],"score":1631,"play_id":"32036f36-562b-44a4-9241-3541bc81fe42","local_time":"20210123183607","is_ascension_mode":true,"campfire_choices":[{"data":"Inflame","floor":6.0,"key":"SMITH"},{"data":"Corruption","floor":8.0,"key":"SMITH"},{"data":"Demon Form","floor":10.0,"key":"SMITH"},{"data":"Demon Form","floor":15.0,"key":"SMITH"},{"data":"Limit Break","floor":23.0,"key":"SMITH"},{"data":"Flame Barrier","floor":30.0,"key":"SMITH"},{"floor":32.0,"key":"REST"},{"floor":41.0,"key":"REST"},{"floor":47.0,"key":"REST"},{"floor":49.0,"key":"RECALL"},{"floor":52.0,"key":"REST"}],"circlet_count":0,"master_deck":["Strike_R+1","Strike_R+1","Strike_R+1","Strike_R+1","Strike_R+1","Defend_R+1","Defend_R+1","Defend_R+1","Defend_R+1","Bash","Corruption+1","Carnage","Rage+1","Inflame+1","Demon Form+1","Ghostly Armor+1","Spot Weakness","Heavy Blade","Demon Form+1","Limit Break+1","Whirlwind+1","Shockwave+1","Flame Barrier+1","Flame Barrier+1","Mayhem"],"relics":["Burning Blood","Red Skull","White Beast Statue","Du-Vu Doll","Molten Egg 2","Snecko Eye","Letter Opener","HornCleat","Lantern","Sozu","Art of War","War Paint","Bag of Marbles","Bird Faced Urn","OrangePellets","Bag of Preparation","InkBottle"],"acts_visited":["Exordium","TheCity","TheBeyond","TheEnding"],"potions_floor_usage":[55,55],"damage_taken":[{"damage":9.0,"enemies":"Jaw Worm","floor":1.0,"turns":4.0},{"damage":0.0,"enemies":"Small Slimes","floor":2.0,"turns":3.0},{"damage":1.0,"enemies":"Cultist","floor":3.0,"turns":3.0},{"damage":5.0,"enemies":"Gremlin Gang","floor":4.0,"turns":6.0},{"damage":12.0,"enemies":"Exordium Thugs","floor":5.0,"turns":5.0},{"damage":24.0,"enemies":"Gremlin Nob","floor":7.0,"turns":4.0},{"damage":4.0,"enemies":"2 Fungi Beasts","floor":11.0,"turns":4.0},{"damage":25.0,"enemies":"Lagavulin","floor":12.0,"turns":5.0},{"damage":8.0,"enemies":"Blue Slaver","floor":13.0,"turns":2.0},{"damage":0.0,"enemies":"Gremlin Nob","floor":14.0,"turns":2.0},{"damage":28.0,"enemies":"Hexaghost","floor":16.0,"turns":6.0},{"damage":33.0,"enemies":"Spheric Guardian","floor":18.0,"turns":4.0},{"damage":4.0,"enemies":"Shell Parasite","floor":21.0,"turns":2.0},{"damage":11.0,"enemies":"Snake Plant","floor":22.0,"turns":3.0},{"damage":21.0,"enemies":"Centurion and Healer","floor":24.0,"turns":4.0},{"damage":12.0,"enemies":"Slavers","floor":25.0,"turns":3.0},{"damage":0.0,"enemies":"3 Cultists","floor":28.0,"turns":4.0},{"damage":0.0,"enemies":"Snake Plant","floor":29.0,"turns":3.0},{"damage":7.0,"enemies":"Gremlin Leader","floor":31.0,"turns":4.0},{"damage":3.0,"enemies":"Champ","floor":33.0,"turns":7.0},{"damage":20.0,"enemies":"3 Darklings","floor":35.0,"turns":3.0},{"damage":0.0,"enemies":"Orb Walker","floor":36.0,"turns":3.0},{"damage":43.0,"enemies":"Nemesis","floor":40.0,"turns":5.0},{"damage":6.0,"enemies":"Reptomancer","floor":42.0,"turns":5.0},{"damage":0.0,"enemies":"Transient","floor":45.0,"turns":5.0},{"damage":41.0,"enemies":"Nemesis","floor":46.0,"turns":5.0},{"damage":16.0,"enemies":"Writhing Mass","floor":48.0,"turns":5.0},{"damage":45.0,"enemies":"Donu and Deca","floor":50.0,"turns":7.0},{"damage":32.0,"enemies":"Shield and Spear","floor":54.0,"turns":4.0},{"damage":54,"enemies":"The Heart","floor":55,"turns":6}],"seed_played":"9001080590353703824","potions_obtained":[{"floor":2.0,"key":"AttackPotion"},{"floor":7.0,"key":"Fire Potion"},{"floor":11.0,"key":"LiquidBronze"},{"floor":12.0,"key":"SmokeBomb"},{"floor":13.0,"key":"Swift Potion"},{"floor":14.0,"key":"Swift Potion"},{"floor":16.0,"key":"PowerPotion"},{"floor":18.0,"key":"Block Potion"},{"floor":21.0,"key":"DistilledChaos"},{"floor":22.0,"key":"BlessingOfTheForge"},{"floor":24.0,"key":"Block Potion"},{"floor":25.0,"key":"Weak Potion"},{"floor":28.0,"key":"LiquidBronze"},{"floor":31.0,"key":"SteroidPotion"},{"floor":33.0,"key":"BlessingOfTheForge"}],"is_trial":false,"path_per_floor":["M","M","M","M","M","R","E","R","T","R","M","E","M","E","R","B",null,"M","?","?","M","M","R","M","E","T","?","M","M","R","E","R","B",null,"M","M","?","?","?","E","R","E","T","?","M","E","R","M","R","B",null,"R","$","E","B",null],"character_chosen":"IRONCLAD","items_purchased":["Bird Faced Urn","OrangePellets","Bag of Preparation"],"campfire_rested":4,"item_purchase_floors":[53,53,53],"current_hp_per_floor":[69,75,80,80,74,74,56,56,56,56,58,39,37,43,43,21,65,38,23,51,53,48,48,33,27,27,27,33,39,39,38,63,66,80,66,72,72,72,72,35,60,60,60,60,66,31,56,46,46,7,66,85,82,62,20],"gold":141,"neow_bonus":"THREE_RARE_CARDS","is_daily":false,"chose_seed":false,"campfire_upgraded":6,"win_rate":0.0,"timestamp":1611448567,"path_taken":["M","M","M","M","M","R","E","R","T","R","M","E","M","E","R","BOSS","M","?","?","M","M","R","M","E","T","?","M","M","R","E","R","BOSS","M","M","?","?","?","E","R","E","T","?","?","E","R","?","R","BOSS","R","$","E","BOSS"],"items_purchased_type":["Relic","Relic","Relic"],"build_version":"2020-12-22","purchased_purges":1,"victory":true,"max_hp_per_floor":[80,80,80,80,80,80,80,80,80,80,80,80,80,80,80,80,80,80,85,85,85,85,85,85,85,85,85,85,85,85,85,85,85,85,85,85,85,85,85,85,85,85,85,85,85,85,85,85,85,85,85,85,82,82,82],"card_choices":[{"not_picked":["Juggernaut","Impervious"],"picked":"Corruption","floor":0.0},{"not_picked":["Warcry","Second Wind","Flex"],"picked":"SKIP","floor":1.0},{"not_picked":["Warcry","Armaments"],"picked":"Carnage","floor":2.0},{"not_picked":["Evolve","Warcry"],"picked":"Rage","floor":3.0},{"not_picked":["Twin Strike","Disarm"],"picked":"Inflame","floor":4.0},{"not_picked":["Clash","Perfected Strike","Armaments"],"picked":"SKIP","floor":5.0},{"not_picked":["Rage","Hemokinesis"],"picked":"Demon Form","floor":7.0},{"not_picked":["Warcry","Body Slam"],"picked":"Ghostly Armor","floor":11.0},{"not_picked":["Rage","Entrench"],"picked":"Spot Weakness","floor":12.0},{"not_picked":["Disarm","Pommel Strike"],"picked":"Heavy Blade","floor":13.0},{"not_picked":["Heavy Blade+1","Sentinel"],"picked":"Demon Form","floor":14.0},{"not_picked":["Berserk","Immolate+1"],"picked":"Limit Break","floor":16.0},{"not_picked":["Iron Wave+1","Clash+1"],"picked":"Whirlwind+1","floor":18.0},{"not_picked":["Anger+1","Combust+1","Warcry+1"],"picked":"SKIP","floor":21.0},{"not_picked":["Evolve","Carnage+1"],"picked":"Shockwave+1","floor":22.0},{"not_picked":["Searing Blow+1","Anger+1","Wild Strike+1"],"picked":"SKIP","floor":24.0},{"not_picked":["Cleave+1","Spot Weakness","Headbutt+1"],"picked":"SKIP","floor":25.0},{"not_picked":["Rupture+1","Evolve"],"picked":"Flame Barrier","floor":28.0},{"not_picked":["Berserk","Clash+1"],"picked":"Flame Barrier","floor":29.0},{"not_picked":["Immolate+1","Cleave+1","Spot Weakness"],"picked":"SKIP","floor":31.0},{"not_picked":["Body Slam+1","Reckless Charge+1","Armaments+1"],"picked":"SKIP","floor":35.0},{"not_picked":["Disarm","Armaments","True Grit"],"picked":"SKIP","floor":36.0},{"not_picked":["Impatience","Jack Of All Trades"],"picked":"Mayhem","floor":37.0},{"not_picked":["Power Through","Armaments+1","Shockwave"],"picked":"SKIP","floor":40.0},{"not_picked":["Perfected Strike+1","Thunderclap+1","Infernal Blade"],"picked":"SKIP","floor":42.0},{"not_picked":["Dropkick+1","Warcry+1","Body Slam+1"],"picked":"SKIP","floor":45.0},{"not_picked":["Dropkick+1","Warcry+1","Body Slam+1"],"picked":"SKIP","floor":45.0},{"not_picked":["Carnage+1","Searing Blow+1","Pommel Strike+1"],"picked":"SKIP","floor":46.0},{"not_picked":["Pommel Strike+1","Heavy Blade+1","Headbutt+1"],"picked":"SKIP","floor":48.0},{"not_picked":["Fire Breathing+1","Thunderclap+1","Armaments"],"picked":"SKIP","floor":54.0}],"player_experience":139041,"relics_obtained":[{"floor":7.0,"key":"Red Skull"},{"floor":9.0,"key":"White Beast Statue"},{"floor":12.0,"key":"Du-Vu Doll"},{"floor":14.0,"key":"Molten Egg 2"},{"floor":25.0,"key":"Letter Opener"},{"floor":26.0,"key":"HornCleat"},{"floor":31.0,"key":"Lantern"},{"floor":40.0,"key":"Art of War"},{"floor":42.0,"key":"War Paint"},{"floor":46.0,"key":"Bag of Marbles"},{"floor":54.0,"key":"InkBottle"}],"event_choices":[{"damage_healed":0.0,"max_hp_gain":5.0,"max_hp_loss":0.0,"gold_gain":0.0,"event_name":"Forgotten Altar","player_choice":"Shed Blood","floor":19.0,"gold_loss":0.0,"damage_taken":20.0},{"damage_healed":28.0,"max_hp_gain":0.0,"max_hp_loss":0.0,"gold_gain":0.0,"event_name":"The Library","player_choice":"Heal","floor":20.0,"gold_loss":0.0,"damage_taken":0.0},{"damage_healed":0.0,"max_hp_gain":0.0,"max_hp_loss":0.0,"gold_gain":0.0,"event_name":"Back to Basics","player_choice":"Simplicity","floor":27.0,"gold_loss":0.0,"damage_taken":0.0,"cards_upgraded":["Strike_R","Strike_R","Strike_R","Strike_R","Strike_R","Defend_R","Defend_R","Defend_R","Defend_R"]},{"damage_healed":0.0,"max_hp_gain":0.0,"max_hp_loss":0.0,"gold_gain":0.0,"event_name":"SensoryStone","player_choice":"Memory 1","floor":37.0,"gold_loss":0.0,"damage_taken":0.0},{"damage_healed":0.0,"max_hp_gain":0.0,"max_hp_loss":0.0,"gold_gain":0.0,"event_name":"Mysterious Sphere","player_choice":"Ignored","floor":38.0,"gold_loss":0.0,"damage_taken":0.0},{"damage_healed":0.0,"max_hp_gain":0.0,"max_hp_loss":0.0,"gold_gain":0.0,"event_name":"Tomb of Lord Red Mask","player_choice":"Ignored","floor":39.0,"gold_loss":0.0,"damage_taken":0.0},{"damage_healed":0.0,"max_hp_gain":0.0,"max_hp_loss":0.0,"gold_gain":0.0,"event_name":"Accursed Blacksmith","player_choice":"Forge","floor":44.0,"gold_loss":0.0,"damage_taken":0.0,"cards_upgraded":["Rage"]}],"is_beta":false,"boss_relics":[{"not_picked":["Black Star","Pandora\u0027s Box"],"picked":"Snecko Eye"},{"not_picked":["Black Blood","Runic Pyramid"],"picked":"Sozu"}],"items_purged_floors":[53],"is_endless":false,"potions_floor_spawned":[2,7,11,12,13,14,16,18,21,22,24,25,28,29,31,33,35,36,40,42,45,46,48,54],"ascension_level":6}}