{"host":"v6lg0pndv3k9di0n","time":1611505055,"event":{"mods":["Aspiration","BaseMod","BetterRewards","Downfall","Friendly Minions","Hunter ??","Kiyohime????","Minty Spire (QoL Compilation)","StSLib","Td1madao Mod","The Elementalist","The Runesmith","The Servant 0.9.4"],"gold_per_floor":[115,65,80,35,35,60,60,60,84,84,99,118,128,140,140,140,140],"floor_reached":16,"language":"ENG","playtime":765,"items_purged":[],"score":127,"play_id":"f6068d4a-76e5-405b-aeb5-8abc0b60dac0","local_time":"20210124171735","is_ascension_mode":false,"campfire_choices":[{"data":"1","floor":7,"key":"LIFT"},{"data":"2","floor":10,"key":"LIFT"},{"data":"3","floor":15,"key":"LIFT"}],"circlet_count":0,"master_deck":["elementalist:Fire_Emblem","elementalist:Water_Emblem","elementalist:Defend_Elemblue","elementalist:Defend_Elemblue","elementalist:Defend_Elemblue","elementalist:Defend_Elemblue","elementalist:Defend_Elemblue","elementalist:Firestrike","elementalist:Earthstrike","elementalist:Waterstrike","elementalist:Airstrike","elementalist:Crystal_Chalk","elementalist:Caution","elementalist:Blaze","elementalist:Confluence","elementalist:Lunar_Form","elementalist:Low_Tides","elementalist:Overheat","elementalist:Ignition","elementalist:Widdershins_Conversion"],"relics":["elementalistmod:MagusStaff","elementalistmod:GraduationLetter","NeowsBlessing","Girya","Calipers"],"acts_visited":["Exordium"],"potions_floor_usage":[],"damage_taken":[{"damage":0,"enemies":"Jaw Worm","floor":1,"turns":1},{"damage":0,"enemies":"Small Slimes","floor":3,"turns":1},{"damage":0,"enemies":"Lagavulin","floor":6,"turns":1},{"damage":0,"enemies":"2 Louse","floor":11,"turns":2},{"damage":10,"enemies":"Looter","floor":12,"turns":3},{"damage":48,"enemies":"Gremlin Gang","floor":13,"turns":4},{"damage":0,"enemies":"Exordium Wildlife","floor":14,"turns":3},{"damage":13,"enemies":"Slime Boss","floor":16,"turns":4}],"seed_played":"-3988636910241066071","potions_obtained":[{"floor":11,"key":"Guardian:BlockOnCardUsePotion"},{"floor":14,"key":"Dexterity Potion"}],"is_trial":false,"path_per_floor":["M","?","M","$","?","E","R","?","T","R","M","M","M","M","R","B"],"character_chosen":"THE_ELEMENTALIST","items_purchased":["elementalist:Confluence"],"campfire_rested":0,"item_purchase_floors":[4],"current_hp_per_floor":[70,70,70,70,70,70,70,70,70,70,70,60,12,12,12,0,0],"gold":140,"neow_bonus":"THREE_ENEMY_KILL","is_daily":false,"chose_seed":false,"campfire_upgraded":0,"win_rate":0.0,"timestamp":1611505055,"path_taken":["M","?","M","$","?","E","R","?","T","R","M","M","M","M","R","BOSS"],"items_purchased_type":["Card"],"build_version":"2020-12-22","purchased_purges":0,"victory":false,"max_hp_per_floor":[70,70,70,70,70,70,70,70,70,70,70,70,70,70,70,70,70],"card_choices":[{"not_picked":["elementalist:Flame","elementalist:Cauterize"],"picked":"elementalist:Caution","floor":1},{"not_picked":["elementalist:Etherstrike","elementalist:Overheat"],"picked":"elementalist:Blaze","floor":3},{"not_picked":["elementalist:Spout","elementalist:Gaian_Form"],"picked":"elementalist:Lunar_Form","floor":6},{"not_picked":["elementalist:Lunar_Form","elementalist:Monument"],"picked":"elementalist:Low_Tides","floor":11},{"not_picked":["elementalist:Momentum","elementalist:Aero"],"picked":"elementalist:Overheat","floor":12},{"not_picked":["elementalist:Mist","elementalist:Wards"],"picked":"elementalist:Ignition","floor":13},{"not_picked":["elementalist:Gaian_Form","elementalist:Spout"],"picked":"elementalist:Widdershins_Conversion","floor":14}],"player_experience":408741,"relics_obtained":[{"floor":6,"key":"Calipers"}],"event_choices":[{"cards_removed":["elementalist:Strike+Elemblue"],"damage_healed":0,"gold_gain":0,"player_choice":"Card Removal","damage_taken":0,"max_hp_gain":0,"max_hp_loss":0,"event_name":"The Cleric","floor":2,"gold_loss":50},{"damage_healed":0,"gold_gain":0,"player_choice":"Box","damage_taken":0,"relics_obtained":["Girya"],"max_hp_gain":0,"max_hp_loss":0,"event_name":"Big Fish","floor":5,"gold_loss":0,"cards_obtained":["Regret"]},{"cards_removed":["Regret"],"damage_healed":0,"gold_gain":0,"player_choice":"Purged","damage_taken":0,"max_hp_gain":0,"max_hp_loss":0,"event_name":"Purifier","floor":8,"gold_loss":0}],"is_beta":false,"boss_relics":[],"items_purged_floors":[],"is_endless":false,"potions_floor_spawned":[11,14],"killed_by":"Slime Boss","ascension_level":0}}