{"host":"b4vwm7jq6jdk6nca","time":1611507951,"event":{"mods":["Act Like it!","BaseMod","Downfall","Minty Spire (QoL Compilation)","Quick Restart","StSLib","TestMod","The Cursed","[IsaacMod]ÒÔÈö¼âËþ","vexMod"],"gold_per_floor":[111,61,79,97,109,139,153,170,170,170,59,81,113,127,127,241,241,261,261,278,278,278,278,311,311,311,345,377,389,434,471,483,607,619,1134,1146,988,1016,1033,1078,1078,1078,1078,1078,1107,1142,940,940,940,967,967,967,967,967],"floor_reached":53,"language":"ZHS","playtime":3134,"items_purged":["Defend_G","Strike_G","Defend_G"],"score":1647,"play_id":"29f20da0-3621-43ca-9606-466a8143ebc6","local_time":"20210125010551","is_ascension_mode":true,"campfire_choices":[{"data":"A Thousand Cuts","floor":10.0,"key":"SMITH"},{"data":"Burst","floor":15.0,"key":"SMITH"},{"data":"Terror","floor":23.0,"key":"SMITH"},{"floor":25.0,"key":"RECALL"},{"data":"Glass Knife","floor":32.0,"key":"SMITH"},{"floor":44.0,"key":"DIG"},{"floor":49.0,"key":"DIG"},{"floor":52.0,"key":"DIG"}],"circlet_count":0,"master_deck":["Strike_G","Strike_G","Defend_G","Survivor","Neutralize+1","Terror+1","Burst+1","Slice","Riddle With Holes","Choke","A Thousand Cuts+1","Glass Knife","Endless Agony","Prepared","Backstab","Glass Knife+1","Escape Plan","Leg Sweep","Acrobatics+1","Footwork","Finisher","Escape Plan","Concentrate+1","Caltrops+1","Blur+1","Quick Slash","Dagger Throw","Backflip+1","Prepared+1","Cloak And Dagger+1","Endless Agony+1","testmod-TreasureHunter","Bane+1","A Thousand Cuts+1"],"relics":["testmod-TestBox","HushsDoor","SteamSale","testmod-DeterminationOfClimber","MagicMushroom","Whetstone","Bottled Tornado","White Beast Statue","vexMod:MegatonBomb","Incubus","GuppysPaw","Blue Candle","Shuriken","Omamori","MawBank","testmod-TurbochargingSystem","testmod-InfectionSource","hexamod:BolsterEngine","BookOfRevelations","Boot","Astrolabe","NineLifeCat","Bottled Flame","Strawberry","Oddly Smooth Stone","Meat on the Bone","Smiling Mask","Bronze Scales","Ancient Tea Set","Snake Skull","StrikeDummy","testmod-Hope","Shovel","BookofShadows","BelialBook","PrismaticShard","testmod-AssaultLearning","Mummified Hand"],"acts_visited":["Exordium","TheCity","TheBeyond","TheEnding"],"potions_floor_usage":[],"damage_taken":[{"damage":0.0,"enemies":"Jaw Worm","floor":1.0,"turns":2.0},{"damage":0.0,"enemies":"Small Slimes","floor":3.0,"turns":2.0},{"damage":0.0,"enemies":"Cultist","floor":4.0,"turns":2.0},{"damage":0.0,"enemies":"Red Slaver","floor":5.0,"turns":2.0},{"damage":0.0,"enemies":"Gremlin Nob","floor":6.0,"turns":3.0},{"damage":0.0,"enemies":"Blue Slaver","floor":7.0,"turns":2.0},{"damage":0.0,"enemies":"2 Fungi Beasts","floor":8.0,"turns":1.0},{"damage":0.0,"enemies":"3 Louse","floor":12.0,"turns":1.0},{"damage":6.0,"enemies":"Lagavulin","floor":13.0,"turns":3.0},{"damage":0.0,"enemies":"Lots of Slimes","floor":14.0,"turns":1.0},{"damage":0.0,"enemies":"Hexaghost","floor":16.0,"turns":2.0},{"damage":1.0,"enemies":"Shell Parasite","floor":18.0,"turns":2.0},{"damage":1.0,"enemies":"Chosen","floor":20.0,"turns":1.0},{"damage":0.0,"enemies":"Book of Stabbing","floor":24.0,"turns":1.0},{"damage":0.0,"enemies":"Gremlin Leader","floor":27.0,"turns":1.0},{"damage":0.0,"enemies":"Centurion and Healer","floor":28.0,"turns":2.0},{"damage":0.0,"enemies":"Book of Stabbing","floor":30.0,"turns":3.0},{"damage":0.0,"enemies":"Chosen and Byrds","floor":31.0,"turns":2.0},{"damage":0.0,"enemies":"Champ","floor":33.0,"turns":2.0},{"damage":1.0E8,"enemies":"Orb Walker","floor":35.0,"turns":2.0},{"damage":0.0,"enemies":"3 Shapes","floor":38.0,"turns":2.0},{"damage":0.0,"enemies":"Jaw Worm Horde","floor":39.0,"turns":1.0},{"damage":0.0,"enemies":"Nemesis","floor":40.0,"turns":1.0},{"damage":0.0,"enemies":"3 Darklings","floor":45.0,"turns":1.0},{"damage":0.0,"enemies":"Maw","floor":46.0,"turns":2.0},{"damage":0.0,"enemies":"Awakened One","floor":50.0,"turns":2.0}],"seed_played":"-490988957777523603","potions_obtained":[{"floor":3.0,"key":"Explosive Potion"},{"floor":4.0,"key":"GamblersBrew"},{"floor":12.0,"key":"AttackPotion"},{"floor":14.0,"key":"Fire Potion"},{"floor":16.0,"key":"Fire Potion"},{"floor":18.0,"key":"SteroidPotion"},{"floor":27.0,"key":"SkillPotion"},{"floor":33.0,"key":"Strength Potion"},{"floor":35.0,"key":"GhostInAJar"},{"floor":35.0,"key":"Strength Potion"}],"is_trial":false,"path_per_floor":["M","?","M","M","M","E","M","M","T","R","$","M","E","M","R","B",null,"M","?","M","?","?","R","E","R","T","E","M","T","E","M","R","B",null,"M","?","$","M","M","E","?","?","T","R","M","M","$","?","R","B",null,"R","$"],"character_chosen":"THE_SILENT","items_purchased":["Glass Knife","Incubus","GuppysPaw","Escape Plan","NineLifeCat","testmod-Hope","BelialBook","PrismaticShard"],"campfire_rested":0,"item_purchase_floors":[11,17,17,17,34,37,47,47],"current_hp_per_floor":[72,72,74,76,77,77,77,77,77,77,77,77,72,75,75,77,44,44,39,44,44,44,44,44,44,44,44,44,44,44,44,44,44,1,8,8,8,8,1,1,1,1,1,1,1,1,1,1,1,1,1,1,1,1],"gold":967,"neow_bonus":"BOSS_RELIC","is_daily":false,"chose_seed":false,"campfire_upgraded":4,"win_rate":0.0,"timestamp":1611507951,"path_taken":["M","?","M","M","?","E","M","M","T","R","?","M","E","M","R","BOSS","M","?","M","?","?","R","E","R","T","E","M","?","E","?","R","BOSS","M","?","$","?","M","E","?","?","T","R","M","M","$","?","R","BOSS","R","$"],"items_purchased_type":["Card","Relic","Relic","Card","Relic","Relic","Relic","Relic"],"build_version":"2020-12-22","purchased_purges":3,"victory":false,"max_hp_per_floor":[77,77,77,77,77,77,77,77,77,77,77,77,77,77,77,77,44,44,44,44,44,44,44,44,44,44,44,44,44,44,44,44,44,1,8,8,8,8,1,1,1,1,1,1,1,1,1,1,1,1,1,1,1,1],"card_choices":[{"not_picked":[],"picked":"SuicideKing","floor":0.0},{"not_picked":["Underhanded Strike","Quick Slash"],"picked":"Terror","floor":1.0},{"not_picked":["Calculated Gamble","Underhanded Strike"],"picked":"Burst","floor":3.0},{"not_picked":["Well Laid Plans","Bomb"],"picked":"Slice","floor":4.0},{"not_picked":["Underhanded Strike","Dagger Spray"],"picked":"Riddle With Holes","floor":5.0},{"not_picked":["Leg Sweep","Dagger Spray"],"picked":"All Out Attack","floor":6.0},{"not_picked":["All Out Attack","Bomb"],"picked":"Choke","floor":7.0},{"not_picked":["Setup","Dodge and Roll"],"picked":"A Thousand Cuts","floor":8.0},{"not_picked":["Sucker Punch","Deflect"],"picked":"Endless Agony","floor":12.0},{"not_picked":["Expertise","Backflip"],"picked":"Prepared","floor":13.0},{"not_picked":["Well Laid Plans","Outmaneuver"],"picked":"Backstab","floor":14.0},{"not_picked":["Grand Finale","Malaise"],"picked":"Glass Knife","floor":16.0},{"not_picked":["Expertise","Setup"],"picked":"Leg Sweep","floor":18.0},{"not_picked":["Bane","Blade Dance+1"],"picked":"Acrobatics+1","floor":20.0},{"not_picked":["Flying Knee","Storm of Steel","Expertise"],"picked":"SKIP","floor":24.0},{"not_picked":["PiercingWail","Underhanded Strike","Deadly Poison"],"picked":"SKIP","floor":27.0},{"not_picked":["Poisoned Stab+1","Quick Slash+1"],"picked":"Footwork","floor":28.0},{"not_picked":["Prepared","Bane"],"picked":"Finisher","floor":30.0},{"not_picked":["Predator","Slice+1"],"picked":"Escape Plan","floor":31.0},{"not_picked":["Night Terror","Malaise"],"picked":"Grand Finale","floor":33.0},{"not_picked":["Backflip","Heel Hook+1"],"picked":"Quick Slash","floor":35.0},{"not_picked":["Crippling Poison+1","Poisoned Stab+1"],"picked":"Dagger Throw","floor":35.0},{"not_picked":["PiercingWail","Expertise"],"picked":"Backflip+1","floor":35.0},{"not_picked":["Noxious Fumes","Dagger Throw+1"],"picked":"Prepared+1","floor":35.0},{"not_picked":["Flying Knee","Calculated Gamble+1","Poisoned Stab"],"picked":"SKIP","floor":35.0},{"not_picked":["Slice","Escape Plan+1"],"picked":"Cloak And Dagger+1","floor":38.0},{"not_picked":["Well Laid Plans","Deadly Poison","Terror+1"],"picked":"SKIP","floor":39.0},{"not_picked":["Cloak And Dagger","Outmaneuver"],"picked":"Endless Agony+1","floor":40.0},{"not_picked":["testmod-Superconductor","DoctorFetus"],"picked":"testmod-TreasureHunter","floor":42.0},{"not_picked":["Dodge and Roll","Distraction"],"picked":"Bane+1","floor":45.0},{"not_picked":["Leg Sweep","Dash+1","Tactician+1"],"picked":"SKIP","floor":46.0}],"player_experience":259457,"relics_obtained":[{"floor":6.0,"key":"Whetstone"},{"floor":9.0,"key":"Bottled Tornado"},{"floor":13.0,"key":"White Beast Statue"},{"floor":24.0,"key":"Damocles"},{"floor":26.0,"key":"Shuriken"},{"floor":27.0,"key":"Omamori"},{"floor":27.0,"key":"MawBank"},{"floor":28.0,"key":"testmod-TurbochargingSystem"},{"floor":29.0,"key":"testmod-InfectionSource"},{"floor":30.0,"key":"hexamod:BolsterEngine"},{"floor":30.0,"key":"BookOfRevelations"},{"floor":31.0,"key":"Boot"},{"floor":35.0,"key":"Bottled Flame"},{"floor":35.0,"key":"Strawberry"},{"floor":35.0,"key":"Oddly Smooth Stone"},{"floor":35.0,"key":"Meat on the Bone"},{"floor":35.0,"key":"Smiling Mask"},{"floor":35.0,"key":"Bronze Scales"},{"floor":35.0,"key":"Ancient Tea Set"},{"floor":35.0,"key":"Snake Skull"},{"floor":35.0,"key":"StrikeDummy"},{"floor":40.0,"key":"Shovel"},{"floor":44.0,"key":"BookofShadows"},{"floor":49.0,"key":"testmod-AssaultLearning"},{"floor":52.0,"key":"Mummified Hand"}],"event_choices":[{"cards_removed":["Defend_G"],"damage_healed":0.0,"max_hp_gain":0.0,"max_hp_loss":0.0,"gold_gain":0.0,"event_name":"The Cleric","player_choice":"Card Removal","floor":2.0,"gold_loss":50.0,"damage_taken":0.0},{"cards_removed":["Strike_G"],"damage_healed":0.0,"max_hp_gain":0.0,"max_hp_loss":0.0,"gold_gain":0.0,"event_name":"Wheel of Change","player_choice":"Card Removal","floor":21.0,"gold_loss":0.0,"damage_taken":0.0},{"damage_healed":0.0,"max_hp_gain":0.0,"max_hp_loss":0.0,"gold_gain":0.0,"event_name":"Ghosts","player_choice":"Ignored","floor":22.0,"gold_loss":0.0,"damage_taken":0.0},{"cards_removed":["Strike_G"],"damage_healed":0.0,"max_hp_gain":0.0,"max_hp_loss":0.0,"gold_gain":0.0,"event_name":"Purifier","player_choice":"Purged","floor":41.0,"gold_loss":0.0,"damage_taken":0.0},{"damage_healed":0.0,"max_hp_gain":0.0,"max_hp_loss":0.0,"gold_gain":0.0,"event_name":"SensoryStone","player_choice":"Memory 1","floor":42.0,"gold_loss":0.0,"damage_taken":0.0},{"damage_healed":0.0,"max_hp_gain":0.0,"max_hp_loss":0.0,"gold_gain":0.0,"event_name":"Duplicator","player_choice":"Copied","floor":48.0,"gold_loss":0.0,"damage_taken":0.0,"cards_obtained":["A Thousand Cuts"]}],"is_beta":false,"boss_relics":[{"not_picked":["Cursed Key","Velvet Choker"],"picked":"vexMod:MegatonBomb"},{"not_picked":[]},{"not_picked":["testmod-KeyOfTheVoid","Philosopher\u0027s Stone"],"picked":"Astrolabe"},{"not_picked":[]}],"items_purged_floors":[11,37,47],"is_endless":false,"potions_floor_spawned":[3,4,12,14,16,18,20,24,27,28,30,31,33,35,38,39,40,45,46],"ascension_level":9}}