{"host":"5raohst9sk3kvp5v","time":1611467505,"event":{"mods":["BaseMod","Colored Powertips","Highlight Path","Minty Spire (QoL Compilation)","Quick Restart","Relic Stats","StSLib"],"gold_per_floor":[115,6,6,24,41,76,93,93,93,93,93,14,14,14,14],"floor_reached":14,"language":"ENG","playtime":626,"items_purged":[],"score":172,"play_id":"26bd8d95-02a3-49ad-8191-19107a77a3ea","local_time":"20210123235145","is_ascension_mode":true,"campfire_choices":[{"floor":8.0,"key":"REST"},{"data":"Juggernaut","floor":10.0,"key":"SMITH"},{"data":"Feel No Pain","floor":13,"key":"SMITH"}],"circlet_count":0,"master_deck":["AscendersBane","Strike_R","Strike_R","Strike_R","Strike_R","Strike_R","Defend_R","Defend_R","Defend_R","Defend_R","Bash","Juggernaut+1","Shrug It Off","Dark Embrace+1","Shrug It Off","Pommel Strike","Feel No Pain+1","Sever Soul"],"relics":["Burning Blood","Ice Cream","White Beast Statue"],"acts_visited":[],"potions_floor_usage":[],"damage_taken":[{"damage":15.0,"enemies":"Small Slimes","floor":1.0,"turns":5.0},{"damage":25.0,"enemies":"Cultist","floor":4.0,"turns":5.0},{"damage":11.0,"enemies":"Jaw Worm","floor":5.0,"turns":4.0},{"damage":31.0,"enemies":"3 Sentries","floor":6.0,"turns":11.0},{"damage":14.0,"enemies":"Looter","floor":7.0,"turns":5.0},{"damage":28,"enemies":"Gremlin Nob","floor":14,"turns":4}],"seed_played":"-798475503245048076","potions_obtained":[{"floor":1.0,"key":"EssenceOfSteel"},{"floor":6.0,"key":"Regen Potion"}],"is_trial":false,"path_per_floor":["M","$","?","M","M","E","M","R","T","R","?","$","R","E"],"character_chosen":"IRONCLAD","items_purchased":["Dark Embrace","Shrug It Off","Sever Soul"],"campfire_rested":1,"item_purchase_floors":[2,2,12],"current_hp_per_floor":[59,59,59,40,35,10,16,38,38,38,38,38,38,10,10],"gold":14,"neow_bonus":"THREE_RARE_CARDS","is_daily":false,"chose_seed":false,"campfire_upgraded":2,"win_rate":0.0,"timestamp":1611467505,"path_taken":["M","$","?","?","M","E","M","R","T","R","?","$","R","E"],"items_purchased_type":["Card","Card","Card"],"build_version":"2020-12-22","purchased_purges":0,"victory":false,"max_hp_per_floor":[75,75,75,75,75,75,75,75,75,75,75,75,75,75,75],"relic_stats":{"counters":[6,34],"obtain_stats":[{"Ice Cream":6,"Burning Blood":0,"White Beast Statue":9},{"Ice Cream":4,"Burning Blood":0,"White Beast Statue":5},{"Ice Cream":25,"Burning Blood":0,"White Beast Statue":30}],"Burning Blood":30},"card_choices":[{"not_picked":["Demon Form","Berserk"],"picked":"Juggernaut","floor":0.0},{"not_picked":["Perfected Strike","Heavy Blade"],"picked":"Shrug It Off","floor":1.0},{"not_picked":["Havoc","Blood for Blood"],"picked":"Pommel Strike","floor":4.0},{"not_picked":["Anger","Inflame","Heavy Blade"],"picked":"SKIP","floor":5.0},{"not_picked":["Rupture","Reckless Charge"],"picked":"Feel No Pain","floor":6.0},{"not_picked":["Clash","Heavy Blade","Blood for Blood"],"picked":"SKIP","floor":7.0}],"player_experience":1710291,"relics_obtained":[{"floor":6.0,"key":"Ice Cream"},{"floor":9.0,"key":"White Beast Statue"}],"event_choices":[{"damage_healed":0.0,"max_hp_gain":0.0,"max_hp_loss":0.0,"gold_gain":0.0,"event_name":"Accursed Blacksmith","player_choice":"Forge","floor":3.0,"gold_loss":0.0,"damage_taken":0.0,"cards_upgraded":["Dark Embrace"]},{"cards_removed":["Decay"],"damage_healed":0,"gold_gain":0,"player_choice":"Forget","damage_taken":0,"max_hp_gain":0,"max_hp_loss":0,"event_name":"Living Wall","floor":11,"gold_loss":0}],"is_beta":false,"boss_relics":[],"items_purged_floors":[],"is_endless":false,"potions_floor_spawned":[1,6],"killed_by":"Gremlin Nob","ascension_level":19}}