{"host":"9c969dq3azt3tjy5","time":1611480833,"event":{"mods":["AchievementEnabler","BaseMod","Colored Powertips","Minty Spire (QoL Compilation)","Quick Restart","Rare Cards Sparkle","Waifu the Spire"],"gold_per_floor":[112,124,124,124,124,154,172,183,235,260,279,279,311,116,116,213,213,184,184,7,7,22,22,22],"floor_reached":23,"language":"RUS","playtime":839,"items_purged":["Strike_B"],"score":224,"play_id":"94964069-148c-4340-b1dd-cefc73cb1a69","local_time":"20210124213353","is_ascension_mode":false,"campfire_choices":[{"floor":12,"key":"REST"},{"floor":15,"key":"REST"}],"circlet_count":0,"master_deck":["Strike_B+1","Strike_B","Strike_B+1","Defend_B","Defend_B","Defend_B","Defend_B","Zap","Dualcast","Ball Lightning+1","Chaos","Panacea","Gash+1","Streamline","Capacitor","Cold Snap","Glacier","Go for the Eyes","Creative AI","Redo","Panache","Barrage"],"relics":["Cracked Core","NeowsBlessing","Question Card","Whetstone","Akabeko","Black Star","Bird Faced Urn"],"acts_visited":["Exordium","TheCity"],"potions_floor_usage":[18,23,23],"damage_taken":[{"damage":0,"enemies":"2 Louse","floor":1,"turns":1},{"damage":0,"enemies":"Cultist","floor":2,"turns":1},{"damage":0,"enemies":"Gremlin Nob","floor":6,"turns":1},{"damage":6,"enemies":"Jaw Worm","floor":7,"turns":2},{"damage":8,"enemies":"Large Slime","floor":8,"turns":4},{"damage":25,"enemies":"Exordium Thugs","floor":11,"turns":4},{"damage":24,"enemies":"3 Sentries","floor":13,"turns":7},{"damage":25,"enemies":"The Guardian","floor":16,"turns":10},{"damage":22,"enemies":"2 Thieves","floor":18,"turns":5},{"damage":14,"enemies":"Spheric Guardian","floor":22,"turns":6},{"damage":54,"enemies":"Gremlin Leader","floor":23,"turns":4}],"seed_played":"-5424496166936918498","potions_obtained":[{"floor":6,"key":"Energy Potion"},{"floor":11,"key":"GamblersBrew"},{"floor":16,"key":"PotionOfCapacity"},{"floor":18,"key":"Energy Potion"}],"is_trial":false,"path_per_floor":["M","M","?","$","?","E","M","M","T","T","M","R","E","$","R","B",null,"M","?","$","?","M","E"],"character_chosen":"DEFECT","items_purchased":["Glacier","Go for the Eyes","Panache"],"campfire_rested":2,"item_purchase_floors":[14,14,20],"current_hp_per_floor":[75,75,75,75,60,60,54,46,46,46,21,43,19,19,41,16,75,53,53,53,39,37,0,0],"gold":22,"neow_bonus":"THREE_ENEMY_KILL","is_daily":false,"chose_seed":false,"campfire_upgraded":0,"win_rate":0.0,"timestamp":1611480833,"path_taken":["M","M","?","?","?","E","M","M","T","?","M","R","E","$","R","BOSS","M","?","$","?","M","E"],"items_purchased_type":["Card","Card","Card"],"build_version":"2020-12-22","purchased_purges":1,"victory":false,"max_hp_per_floor":[75,75,75,75,75,75,75,75,75,75,75,75,75,75,75,75,75,75,75,75,80,80,80,80],"card_choices":[{"not_picked":["Beam Cell","Go for the Eyes"],"picked":"Ball Lightning","floor":1},{"not_picked":["Steam","Leap"],"picked":"Chaos","floor":2},{"not_picked":["Ball Lightning","Compile Driver"],"picked":"Gash","floor":6},{"not_picked":["Recycle","Turbo","Aggregate","Sweeping Beam"],"picked":"SKIP","floor":7},{"not_picked":["Stack","Ball Lightning","Coolheaded"],"picked":"Streamline","floor":8},{"not_picked":["Self Repair","Undo","Turbo"],"picked":"Capacitor","floor":11},{"not_picked":["Lockon","Echo Form","Doom and Gloom"],"picked":"Cold Snap","floor":13},{"not_picked":["Core Surge","Thunder Strike","Seek"],"picked":"Creative AI","floor":16},{"not_picked":["Cold Snap","Reinforced Body+1","Stack+1"],"picked":"Redo","floor":18},{"not_picked":["Streamline","Auto Shields","Darkness"],"picked":"Barrage","floor":22}],"player_experience":196204,"relics_obtained":[{"floor":6,"key":"Question Card"},{"floor":9,"key":"Whetstone"},{"floor":13,"key":"Akabeko"},{"floor":19,"key":"Bird Faced Urn"}],"event_choices":[{"damage_healed":0,"gold_gain":0,"player_choice":"1 cards matched","damage_taken":0,"max_hp_gain":0,"max_hp_loss":0,"event_name":"Match and Keep!","floor":3,"gold_loss":0,"cards_obtained":["Panacea"]},{"damage_healed":0,"gold_gain":0,"player_choice":"Entered Light","damage_taken":15,"max_hp_gain":0,"max_hp_loss":0,"event_name":"Shining Light","floor":5,"gold_loss":0,"cards_upgraded":["Strike_B","Ball Lightning"]},{"damage_healed":0,"gold_gain":0,"player_choice":"Relic","damage_taken":0,"max_hp_gain":0,"max_hp_loss":0,"event_name":"Wheel of Change","floor":19,"gold_loss":0},{"damage_healed":0,"gold_gain":0,"player_choice":"Shed Blood","damage_taken":19,"max_hp_gain":5,"max_hp_loss":0,"event_name":"Forgotten Altar","floor":21,"gold_loss":0}],"is_beta":false,"boss_relics":[{"not_picked":["Tiny House","Coffee Dripper"],"picked":"Black Star"}],"items_purged_floors":[14],"is_endless":false,"potions_floor_spawned":[6,11,16,18],"killed_by":"Gremlin Leader","ascension_level":0}}