{"host":"2q4w55ev63ot6isg","time":1611459410,"event":{"mods":["Aspiration","BaseMod","Downfall","Hubris","Marisa????????","Minty Spire (QoL Compilation)","Replay The Spire","StSLib","The Cursed","The Jungle","The Servant 0.9.4"],"gold_per_floor":[113,113,113,113,136,174,174,215,241,241,241,241,241,281,281,405,405,430,430,59,80,80,80,123,138,163,177,198,198,238,238,238,361,361,385,406,406,425,444,482,482,516,516,128,128,128,144,158,158,158,158,158,33,77,77],"floor_reached":56,"language":"ENG","playtime":2458,"items_purged":["Doubt","Injury","Strike_B"],"score":1728,"play_id":"5ce2ec29-9d12-4a4f-ba23-407544aaa213","local_time":"20210123193650","is_ascension_mode":true,"campfire_choices":[{"data":"ReplayTheSpireMod:Fabricate Wheel","floor":7,"key":"SMITH"},{"data":"Zap","floor":12,"key":"SMITH"},{"floor":15,"key":"REST"},{"data":"Buffer","floor":23,"key":"SMITH"},{"floor":29,"key":"RECALL"},{"floor":32,"key":"DIG"},{"data":"Thunder Strike","floor":41,"key":"SMITH"},{"data":"Defragment","floor":49,"key":"SMITH"},{"data":"Echo Form","floor":52,"key":"SMITH"}],"circlet_count":0,"master_deck":["After Image+1","Strike_B","Strike_B+1","Defend_B","Defend_B","Defend_B","Defend_B","Zap+1","Dualcast","Glacier+1","Coolheaded","Meteor Strike","Pot Of Greed","Pot Of Greed","Ball Lightning","Buffer+1","Electrodynamics","Echo Form+1","After Image+1","Chill","Creative AI","BootSequence+1","Pot Of Greed","Leap+1","FIFO Queue","Thunder Strike+1","BasicCrystalCard+1","Capacitor","Capacitor+1","ReplayTheSpireMod:System Scan+1","Force Field+1","Storm+1","Fission","Defragment+1","Pot Of Greed","Mirror Shield"],"relics":["Cracked Core","Pondfish Scales","Golden Idol","hubris:Towel","Carrot","Omamori","Prayer Wheel","Grinning Jar","aspiration:ChemicalBlood","Ring of Peace","Ring of Shattering","Regal Pillow","Snecko Eye","DollysMirror","Potion Belt","hubris:Icosahedron","hubris:FunFungus","Red Mask","Replay:Rubber Ducky","Question Card","aspiration:BursterCore","Replay:Wax Seal","Bag of Marbles","aspiration:FaultyCoupler","Unceasing Top","Replay:Antivirus Software","Medical Kit","Bronze Scales"],"acts_visited":["Exordium","TheCity","TheBeyond","TheEnding"],"potions_floor_usage":[16,16,24,28,33,50,50,55],"damage_taken":[{"damage":0,"enemies":"Small Slimes","floor":1,"turns":3},{"damage":1,"enemies":"2 Louse","floor":5,"turns":3},{"damage":30,"enemies":"Gremlin Nob","floor":6,"turns":5},{"damage":26,"enemies":"Lagavulin","floor":8,"turns":9},{"damage":11,"enemies":"Replay:BlueRogue","floor":14,"turns":5},{"damage":0,"enemies":"The Guardian","floor":16,"turns":10},{"damage":0,"enemies":"Shell Parasite","floor":18,"turns":4},{"damage":0,"enemies":"Spheric Guardian","floor":21,"turns":4},{"damage":0,"enemies":"Slavers","floor":24,"turns":3},{"damage":0,"enemies":"Snake Plant","floor":25,"turns":2},{"damage":0,"enemies":"Shelled Parasite and Fungi","floor":27,"turns":6},{"damage":0,"enemies":"Cultist and Chosen","floor":28,"turns":3},{"damage":0,"enemies":"Masked Bandits","floor":30,"turns":5},{"damage":0,"enemies":"Champ","floor":33,"turns":10},{"damage":0,"enemies":"3 Darklings","floor":35,"turns":3},{"damage":0,"enemies":"3 Shapes","floor":36,"turns":3},{"damage":0,"enemies":"Writhing Mass","floor":38,"turns":4},{"damage":0,"enemies":"3 Darklings","floor":39,"turns":5},{"damage":0,"enemies":"Nemesis","floor":40,"turns":5},{"damage":0,"enemies":"R_Hoarder","floor":42,"turns":5},{"damage":0,"enemies":"Jaw Worm Horde","floor":47,"turns":3},{"damage":0,"enemies":"Sphere and 2 Shapes","floor":48,"turns":4},{"damage":0,"enemies":"hubris:GrandSnecko","floor":50,"turns":6},{"damage":0,"enemies":"Shield and Spear","floor":54,"turns":7},{"damage":0,"enemies":"The Heart","floor":55,"turns":8}],"seed_played":"-876479616359523728","potions_obtained":[{"floor":14,"key":"EntropicBrew"},{"floor":16,"key":"sneckomod:MuddlingPotion"},{"floor":21,"key":"sneckomod:MuddlingPotion"},{"floor":25,"key":"Languid Potion"},{"floor":30,"key":"Fire Potion"},{"floor":40,"key":"FearPotion"},{"floor":42,"key":"Swift Potion"},{"floor":48,"key":"SkillPotion"},{"floor":54,"key":"Languid Potion"}],"is_trial":false,"path_per_floor":["M","?","?","T","M","E","R","E","T","?","?","R","?","E","R","B",null,"M","?","$","M","?","R","E","M","T","M","M","R","?","T","R","B",null,"M","M","?","M","M","E","R","E","T","$","?","?","M","M","R","B",null,"R","$","E","B",null],"character_chosen":"DEFECT","items_purchased":["DollysMirror","Potion Belt","Replay:Antivirus Software","Medical Kit"],"campfire_rested":1,"item_purchase_floors":[20,20,44,44],"current_hp_per_floor":[75,75,75,75,74,44,44,18,18,43,43,43,28,17,54,54,75,75,61,61,61,61,61,61,61,61,62,62,62,73,73,73,76,80,80,80,80,80,80,80,80,80,80,80,80,80,80,80,80,80,80,80,80,80,80],"gold":77,"neow_bonus":"ONE_RARE_RELIC","is_daily":false,"chose_seed":false,"campfire_upgraded":6,"win_rate":0.0,"timestamp":1611459410,"path_taken":["M","?","?","?","?","E","R","E","T","?","?","R","?","E","R","BOSS","M","?","$","M","?","R","E","M","T","M","M","R","?","?","R","BOSS","M","M","?","?","M","E","R","E","T","$","?","?","M","M","R","BOSS","R","$","E","BOSS"],"items_purchased_type":["Relic","Relic","Relic","Relic"],"build_version":"2020-12-22","purchased_purges":3,"victory":true,"max_hp_per_floor":[75,75,75,75,75,75,75,75,75,75,75,75,75,75,75,75,75,75,80,80,80,80,80,80,80,80,80,80,80,80,80,80,80,80,80,80,80,80,80,80,80,80,80,80,80,80,80,80,80,80,80,80,80,80,80],"card_choices":[{"not_picked":["Go for the Eyes","Conserve Battery"],"picked":"Glacier","floor":1},{"not_picked":["ReplayTheSpireMod:System Scan","Consume"],"picked":"ReplayTheSpireMod:Fabricate Wheel","floor":5},{"not_picked":["Redo","Beam Cell"],"picked":"Coolheaded","floor":6},{"not_picked":["Thunder Strike","Reinforced Body"],"picked":"Ball Lightning","floor":8},{"not_picked":["hubris:PowerSurge","Skim"],"picked":"Buffer","floor":14},{"not_picked":["Fission","Rainbow"],"picked":"Electrodynamics","floor":16},{"not_picked":["Redo+1","Steam"],"picked":"Echo Form","floor":18},{"not_picked":["BasicCrystalCard","ReplayTheSpireMod:Reroute Power","Stack+1"],"picked":"SKIP","floor":18},{"not_picked":["Rebound+1","Ball Lightning","Steam Power"],"picked":"SKIP","floor":21},{"not_picked":["Go for the Eyes","ReplaySort","Cold Snap"],"picked":"SKIP","floor":21},{"not_picked":["Redo","Panic Button+1","hubris:PowerSurge+1"],"picked":"SKIP","floor":24},{"not_picked":["BasicCrystalCard","Rebound"],"picked":"Chill","floor":25},{"not_picked":["Rebound","Streamline","Coolheaded"],"picked":"SKIP","floor":25},{"not_picked":["hubris:Ukulele","Stack"],"picked":"Creative AI","floor":27},{"not_picked":["Crystallizer","Aggregate","Rebound"],"picked":"SKIP","floor":27},{"not_picked":["Ball Lightning+1","Cold Snap"],"picked":"BootSequence+1","floor":28},{"not_picked":["Redo","Rebound"],"picked":"Leap+1","floor":28},{"not_picked":["Ball Lightning+1","Stack+1"],"picked":"FIFO Queue","floor":30},{"not_picked":["Creative AI","Multi-Cast","ReplayTheSpireMod:Omega Cannon"],"picked":"Thunder Strike","floor":33},{"not_picked":["Redo","Hologram+1","Go for the Eyes+1"],"picked":"BasicCrystalCard+1","floor":35},{"not_picked":["Doom and Gloom","Rebound+1","Rip and Tear+1"],"picked":"Capacitor","floor":35},{"not_picked":["Coolheaded+1","Melter+1","Sweeping Beam"],"picked":"Capacitor+1","floor":36},{"not_picked":["Ball Lightning+1","ReplaySolidLightProjector","BasicCrystalCard+1"],"picked":"Static Discharge","floor":36},{"not_picked":["Cold Snap","Rip and Tear+1","Lockon"],"picked":"ReplayTheSpireMod:System Scan+1","floor":38},{"not_picked":["Blizzard","Barrage+1","Compile Driver+1"],"picked":"Force Field+1","floor":38},{"not_picked":["Sweeping Beam","Skim+1","Compile Driver"],"picked":"Storm+1","floor":39},{"not_picked":["Go for the Eyes","Hologram+1","Consume","ReplayGash"],"picked":"SKIP","floor":39},{"not_picked":["Steam Power+1","Redo","ReplaySort+1","Chill+1"],"picked":"SKIP","floor":40},{"not_picked":["Rebound","Lockon+1","ReplaySort+1","ReplayGash"],"picked":"SKIP","floor":42},{"not_picked":["Stack+1","Streamline","Cold Snap"],"picked":"Defragment","floor":47},{"not_picked":["ReplayTheSpireMod:Repulse","Gash+1","ReplayGash","Steam+1"],"picked":"SKIP","floor":47},{"not_picked":["Compile Driver+1","Go for the Eyes+1","BasicCrystalCard+1"],"picked":"Mirror Shield","floor":48},{"not_picked":["Leap+1","Ball Lightning","Barrage+1","FTL"],"picked":"SKIP","floor":48},{"not_picked":["hubris:Ukulele","Barrage","Go for the Eyes+1","Coolheaded"],"picked":"SKIP","floor":54}],"player_experience":151991,"relics_obtained":[{"floor":4,"key":"Carrot"},{"floor":6,"key":"Omamori"},{"floor":8,"key":"Grinning Jar"},{"floor":9,"key":"aspiration:ChemicalBlood"},{"floor":11,"key":"Ring of Peace"},{"floor":11,"key":"Ring of Shattering"},{"floor":14,"key":"Regal Pillow"},{"floor":24,"key":"hubris:FunFungus"},{"floor":30,"key":"Red Mask"},{"floor":31,"key":"Replay:Rubber Ducky"},{"floor":32,"key":"Question Card"},{"floor":40,"key":"Bag of Marbles"},{"floor":42,"key":"aspiration:FaultyCoupler"},{"floor":43,"key":"Unceasing Top"},{"floor":54,"key":"Bronze Scales"}],"event_choices":[{"damage_healed":0,"gold_gain":0,"player_choice":"Take Wound","damage_taken":0,"relics_obtained":["Golden Idol"],"max_hp_gain":0,"max_hp_loss":0,"event_name":"Golden Idol","floor":2,"gold_loss":0,"cards_obtained":["Injury"]},{"damage_healed":25,"gold_gain":0,"player_choice":"Banana","damage_taken":0,"max_hp_gain":0,"max_hp_loss":0,"event_name":"Big Fish","floor":10,"gold_loss":0},{"damage_healed":0,"gold_gain":0,"player_choice":"Entered Light","damage_taken":15,"max_hp_gain":0,"max_hp_loss":0,"event_name":"Shining Light","floor":13,"gold_loss":0,"cards_upgraded":["Glacier","Strike_B"]},{"damage_healed":0,"gold_gain":0,"player_choice":"Shed Blood","damage_taken":19,"max_hp_gain":5,"max_hp_loss":0,"event_name":"Forgotten Altar","floor":19,"gold_loss":0},{"damage_healed":0,"gold_gain":0,"player_choice":"Fought Bandits","damage_taken":0,"max_hp_gain":0,"max_hp_loss":0,"event_name":"Masked Bandits","floor":30,"gold_loss":0},{"damage_healed":0,"gold_gain":0,"player_choice":"Gave Potion","damage_taken":0,"relics_obtained":["Replay:Wax Seal"],"max_hp_gain":0,"max_hp_loss":0,"event_name":"WeMeetAgain","floor":37,"gold_loss":0},{"cards_removed":["Static Discharge"],"damage_healed":0,"gold_gain":0,"player_choice":"Removed Power","damage_taken":0,"max_hp_gain":0,"max_hp_loss":0,"event_name":"Falling","floor":45,"gold_loss":0},{"damage_healed":0,"gold_gain":0,"cards_transformed":["Strike_B"],"player_choice":"Transformed","damage_taken":0,"max_hp_gain":0,"max_hp_loss":0,"event_name":"Transmorgrifier","floor":46,"gold_loss":0,"cards_obtained":["Fission"]}],"is_beta":false,"boss_relics":[{"not_picked":["Pandora\u0027s Box","aspiration:FutureDiary"],"picked":"Snecko Eye"},{"not_picked":["Honey Jar","aspiration:SecretTechniqueScroll"],"picked":"aspiration:BursterCore"}],"items_purged_floors":[20,44,53],"is_endless":false,"potions_floor_spawned":[14,16,21,25,30,40,42,48,54],"ascension_level":1}}