{"host":"8ps3pfk2b2drr3ex","time":1611498072,"event":{"mods":["2.2 Compatiblity","AchievementEnabler","Act Like it!","BaseMod","Bestiary","Better Match","BetterRewards","Colored Map","Colored Powertips","Conspire","Downfall","Evolution","GifTheSpireLib","Gold Saver","Hallownest","Hubris","Minty Spire (QoL Compilation)","Permanent Neow","Relic Filter","Shop Mod","StSLib","Stuff the Spire","The Animator"],"gold_per_floor":[978,990,751,751,267,596,622,640,640,269,269,299,299,329,347,448,448,348,361,381,395,410,435,490,509,529,564,579,579,479,164,176,273,273,273,283,297,157,157,451,451,485,335,353,253,280,297,142,161,161,161,188,36,36,36,36],"floor_reached":57,"language":"ENG","playtime":55538,"items_purged":["champ:Defend","champ:Strike","champ:Defend","Normality"],"score":1398,"play_id":"26b397e5-d464-41d8-8ce3-97e297183092","local_time":"20210124092112","is_ascension_mode":true,"campfire_choices":[{"data":"conspire:Banana","floor":1.0,"key":"SMITH"},{"data":"champ:Taunt","floor":13,"key":"SMITH"},{"data":"champ:ArenaPreparation","floor":18,"key":"SMITH"},{"data":"champ:FaceSlap","floor":30,"key":"SMITH"},{"floor":35,"key":"RECALL"},{"data":"champ:DefensiveStyle","floor":45,"key":"SMITH"},{"data":"champ:FlashCut","floor":54,"key":"SMITH"}],"circlet_count":0,"master_deck":["champ:FlashCut+1","champ:Execute","champ:Taunt+1","conspire:Banana+1","champ:IronFortress","champ:StanceDance","champ:PreemptiveStrike","champ:FanOfKnives","champ:FaceSlap+1","champ:ArenaPreparation+1","champ:IronFortress","champ:RapidStrikes","champ:IronFortress","champ:Lariat","champ:FlashCut","champ:LastStand","champ:FlashCut+1","champ:EnGarde+1","champ:EnGarde+1","champ:EnragedBash+1","champ:TripleStrike","champ:GladiatorForm+1","champ:DefensiveStyle+1","champ:BringItOn+1","champ:PreemptiveStrike+1","champ:ShieldSigil+1","champ:DefensiveStyle+1","champ:CalledShot+1"],"relics":["champ:ChampionCrown","EVO:Axolotl","StuffTheSpire:ForceGauntlet","Old Coin","Lantern","Dead Branch","hubris:BottledRain","StuffTheSpire:SapphireSignet","Cursed Key","downfall:HeartBlessingGreen","hubris:Potato","StuffTheSpire:PointBlank","downfall:HeartBlessingBlue","Bag of Marbles","Sling","Astrolabe","Bag of Preparation","Orichalcum","downfall:HeartBlessingRed","Boot","StuffTheSpire:HeavyRock","hubris:TinFlute","StuffTheSpire:Gunfinga"],"acts_visited":["Exordium","TheCity","TheBeyond","TheEnding"],"potions_floor_usage":[16,16,16,20,27,33,33,38,44,50,52],"damage_taken":[{"damage":10.0,"enemies":"conspire:RoseBush","floor":2.0,"turns":3.0},{"damage":20.0,"enemies":"downfall:FleeingMerchant","floor":3.0,"turns":4.0},{"damage":24.0,"enemies":"downfall:FleeingMerchant","floor":5.0,"turns":4.0},{"damage":23,"enemies":"3 Sentries","floor":6,"turns":6},{"damage":0,"enemies":"2 Louse","floor":8,"turns":1},{"damage":41,"enemies":"downfall:FleeingMerchant","floor":10,"turns":4},{"damage":0,"enemies":"Cultist","floor":11,"turns":1},{"damage":56,"enemies":"Gremlin Nob","floor":12,"turns":4},{"damage":43,"enemies":"Lagavulin","floor":14,"turns":7},{"damage":25,"enemies":"Large Slime","floor":15,"turns":6},{"damage":61,"enemies":"WA_ARCHETYPE_RETAIN","floor":16,"turns":5},{"damage":16,"enemies":"Shell Parasite","floor":19,"turns":5},{"damage":10,"enemies":"3 Cultists","floor":20,"turns":5},{"damage":31,"enemies":"Snake Plant","floor":21,"turns":5},{"damage":34,"enemies":"Shelled Parasite and Fungi","floor":22,"turns":5},{"damage":32,"enemies":"Book of Stabbing","floor":23,"turns":4},{"damage":0,"enemies":"conspire:HollyBat","floor":25,"turns":9},{"damage":1,"enemies":"3 Cultists","floor":26,"turns":5},{"damage":10,"enemies":"conspire:SneckoGhost","floor":27,"turns":5},{"damage":11,"enemies":"Sentry and Sphere","floor":28,"turns":5},{"damage":0,"enemies":"downfall:FleeingMerchant","floor":31,"turns":4},{"damage":12,"enemies":"Centurion and Healer","floor":32,"turns":7},{"damage":29,"enemies":"DF_ARCHETYPE_CLAW","floor":33,"turns":9},{"damage":0,"enemies":"3 Shapes","floor":36,"turns":3},{"damage":19,"enemies":"3 Darklings","floor":37,"turns":2},{"damage":9,"enemies":"downfall:FleeingMerchant","floor":38,"turns":4},{"damage":0,"enemies":"downfall:FleeingMerchant","floor":40,"turns":1},{"damage":13,"enemies":"Giant Head","floor":42,"turns":5},{"damage":22,"enemies":"Maw","floor":44,"turns":4},{"damage":6,"enemies":"Nemesis","floor":46,"turns":3},{"damage":12,"enemies":"Writhing Mass","floor":47,"turns":4},{"damage":5,"enemies":"3 Darklings","floor":49,"turns":5},{"damage":15,"enemies":"SI_POISON_ARCHETYPE","floor":50,"turns":6},{"damage":74,"enemies":"downfall:CharBossMerchant","floor":52,"turns":7},{"damage":70,"enemies":"downfall:NeowBoss","floor":55,"turns":14},{"damage":102,"enemies":"downfall:NeowBossFinal","floor":56,"turns":10}],"seed_played":"5784993464068124225","potions_obtained":[{"floor":6,"key":"hexamod:SoulburnPotion"},{"floor":8,"key":"champ:TechniquePotion"},{"floor":12,"key":"DuplicationPotion"},{"floor":16,"key":"LiquidMemories"},{"floor":19,"key":"LiquidBronze"},{"floor":25,"key":"PowerPotion"},{"floor":26,"key":"LiquidMemories"},{"floor":27,"key":"champ:OpenerPotion"},{"floor":32,"key":"Guardian:BlockOnCardUsePotion"},{"floor":33,"key":"SkillPotion"},{"floor":37,"key":"SteroidPotion"},{"floor":46,"key":"Swift Potion"},{"floor":47,"key":"bronze:BurnAndBuffPotion"},{"floor":52,"key":"SpeedPotion"}],"is_trial":false,"path_per_floor":["R","M","$","?","$","E","T","M","?","$","M","E","R","E","M","B",null,"R","M","M","M","M","E","T","M","M","E","M","?","R","$","M","B",null,"R","M","M","$","?","$","T","E","$","M","R","E","M","$","M","B",null,"E","$","R","B","B",null],"character_chosen":"THE_CHAMP","items_purchased":["Fruit Juice","champ:StanceDance","StuffTheSpire:ForceGauntlet","champ:FanOfKnives","champ:FaceSlap","Dead Branch","champ:RapidStrikes","Bag of Marbles","Sling","champ:DefensiveStyle","StuffTheSpire:HeavyRock","StuffTheSpire:Gunfinga"],"campfire_rested":0,"item_purchase_floors":[3,3,5,5,5,10,10,31,31,40,48,53],"current_hp_per_floor":[90,92,99,99,97,81,81,83,83,74,74,45,45,34,44,20,115,115,113,115,113,93,91,91,123,127,129,131,131,141,143,145,138,147,147,147,130,138,138,138,138,137,137,155,155,157,147,147,161,155,163,165,165,165,167,127],"gold":36,"neow_bonus":"RANDOM_COLORLESS","is_daily":false,"chose_seed":false,"campfire_upgraded":6,"win_rate":0.0,"timestamp":1611498072,"path_taken":["R","M","$","?","$","E","T","M","?","$","M","E","R","E","M","BOSS","R","M","M","M","?","E","T","M","M","E","M","?","R","$","M","BOSS","R","M","M","$","?","?","T","E","?","M","R","E","?","$","M","BOSS","E","$","R","BOSS","BOSS"],"items_purchased_type":["Potion","Card","Relic","Card","Card","Relic","Card","Relic","Relic","Card","Relic","Relic"],"build_version":"2020-12-22","purchased_purges":4,"victory":true,"max_hp_per_floor":[90,92,99,99,101,103,103,105,105,107,107,109,109,111,113,115,115,115,117,119,121,123,123,123,125,127,129,131,131,141,143,145,147,147,147,147,149,151,151,151,151,153,153,155,155,157,159,159,161,163,163,165,165,165,167,169],"card_choices":[{"not_picked":["Swift Strike","Finesse"],"picked":"conspire:Banana","floor":0.0},{"not_picked":["champ:BerserkersShout","champ:GutPunch"],"picked":"champ:IronFortress","floor":2.0},{"not_picked":["champ:Shatter","champ:CrownThrow","champ:AdrenalArmor"],"picked":"SKIP","floor":3.0},{"not_picked":["champ:BladeFlurry","champ:DeathBlow"],"picked":"champ:PreemptiveStrike","floor":5.0},{"not_picked":["champ:CrownThrow","champ:Backstep"],"picked":"champ:ArenaPreparation","floor":6},{"not_picked":["champ:PerfectedStrike","champ:PreciseThrust"],"picked":"champ:IronFortress","floor":8},{"not_picked":["champ:MurderStrike","champ:DeathBlow","champ:Shatter"],"picked":"SKIP","floor":10},{"not_picked":["champ:GutPunch","champ:AdrenalArmor","champ:PerfectedStrike"],"picked":"SKIP","floor":11},{"not_picked":["champ:Haymaker","champ:PerfectedStrike"],"picked":"champ:IronFortress","floor":12},{"not_picked":["champ:SwordSigil","champ:Circumvent"],"picked":"champ:Lariat","floor":14},{"not_picked":["champ:SwordThrow","champ:FanOfKnives"],"picked":"champ:FlashCut","floor":15},{"not_picked":["champ:SteelEdge","champ:ShieldThrow"],"picked":"champ:LastStand","floor":16},{"not_picked":["champ:Shatter","champ:Backstep"],"picked":"champ:FlashCut+1","floor":19},{"not_picked":["champ:TornadoPunch","champ:DeathBlow+1"],"picked":"champ:EnGarde+1","floor":20},{"not_picked":["champ:FlashCut","champ:AdrenalArmor","champ:Shatter+1"],"picked":"SKIP","floor":21},{"not_picked":["champ:BerserkersShout+1","champ:CrownThrow+1","champ:IgnorePain"],"picked":"SKIP","floor":22},{"not_picked":["champ:GutPunch","champ:CrownThrow"],"picked":"champ:EnGarde+1","floor":23},{"not_picked":["champ:FlashCut","champ:TornadoPunch+1","champ:BladeFlurry"],"picked":"SKIP","floor":25},{"not_picked":["champ:BringItOn","champ:Haymaker","champ:CrownThrow"],"picked":"SKIP","floor":26},{"not_picked":["champ:ShieldSlam","champ:BringItOn","champ:GladiatorStyle"],"picked":"SKIP","floor":27},{"not_picked":["champ:StanceDance","champ:AdrenalArmor","champ:RapidStrikes+1"],"picked":"SKIP","floor":28},{"not_picked":["champ:FancyFootwork","champ:PerfectedStrike"],"picked":"champ:EnragedBash+1","floor":31},{"not_picked":["champ:BringItOn+1","champ:ShieldSigil+1","champ:AdrenalArmor"],"picked":"SKIP","floor":32},{"not_picked":["champ:UltimateStance","champ:GladiatorForm"],"picked":"champ:TripleStrike","floor":33},{"not_picked":["champ:CrookedStrike+1","champ:BringItOn+1","champ:BerserkersShout"],"picked":"SKIP","floor":36},{"not_picked":["champ:Shatter","champ:Circumvent+1"],"picked":"champ:PreemptiveStrike+1","floor":37},{"not_picked":["champ:Backstep","champ:ShieldWall+1","champ:Endure"],"picked":"SKIP","floor":38},{"not_picked":["champ:DefensiveShout+1","champ:BladeFlurry+1"],"picked":"champ:ShieldSigil+1","floor":40},{"not_picked":["champ:SetATrap","champ:GutPunch+1","champ:PerfectedStrike+1"],"picked":"SKIP","floor":42},{"not_picked":["champ:BringItOn","champ:TornadoPunch","champ:StanceDance"],"picked":"SKIP","floor":44},{"not_picked":["champ:AdrenalArmor+1","champ:GutPunch+1","champ:Shatter"],"picked":"SKIP","floor":46},{"not_picked":["champ:EnragedBash+1","champ:BerserkersShout+1","champ:TornadoPunch+1"],"picked":"SKIP","floor":47},{"not_picked":["champ:MurderStrike","champ:HeartStrike"],"picked":"champ:CalledShot+1","floor":49},{"not_picked":["champ:EnGarde+1","champ:BringItOn","champ:BerserkersShout"],"picked":"SKIP","floor":52}],"player_experience":1134996,"relics_obtained":[{"floor":6,"key":"Old Coin"},{"floor":7,"key":"Lantern"},{"floor":12,"key":"hubris:BottledRain"},{"floor":14,"key":"StuffTheSpire:SapphireSignet"},{"floor":23,"key":"hubris:Potato"},{"floor":27,"key":"StuffTheSpire:PointBlank"},{"floor":41,"key":"Bag of Preparation"},{"floor":42,"key":"Orichalcum"},{"floor":46,"key":"Boot"},{"floor":52,"key":"hubris:TinFlute"}],"event_choices":[{"cards_removed":["champ:Strike"],"damage_healed":0,"gold_gain":0,"player_choice":"Offered Basic","damage_taken":0,"max_hp_gain":0,"max_hp_loss":0,"event_name":"Bonfire Elementals","floor":9,"gold_loss":0},{"damage_healed":0,"gold_gain":0,"player_choice":"Ignored","damage_taken":0,"max_hp_gain":0,"max_hp_loss":0,"event_name":"Vampires","floor":29,"gold_loss":0}],"is_beta":false,"boss_relics":[{"not_picked":["conspire:SeveredTorchhead","Ectoplasm"],"picked":"Cursed Key"},{"not_picked":["hubris:RunicObelisk","Pandora\u0027s Box"],"picked":"Astrolabe"}],"items_purged_floors":[3,5,38,43],"is_endless":false,"potions_floor_spawned":[6,8,12,16,19,25,26,27,32,33,37,46,47,49,52],"ascension_level":1}}