{"host":"jqa9y4qkalbx8qgz","time":1611516183,"event":{"mods":["Act Like it!","BaseMod","BetterRewards","CCEM","Downfall","Gensokyo","Marisa????????","Minty Spire (QoL Compilation)","Permanent Neow","Relic Stats","Replay The Spire","StSLib","Wandering Minibosses"],"gold_per_floor":[99,118,54,54,54,80,80,112,124,35,46,63,63,22,35,131,131,31,45,45,56,56,90,90,116,131,131,131,131],"floor_reached":27,"language":"ENG","playtime":2649,"items_purged":[],"score":286,"play_id":"5bbace4f-69a2-4d46-8512-88a5fb2110d8","local_time":"20210124222303","is_ascension_mode":false,"campfire_choices":[{"data":"bronze:Replicate","floor":1,"key":"SMITH"},{"data":"bronze:Return","floor":13,"key":"SMITH"},{"data":"bronze:Overload","floor":18,"key":"SMITH"}],"circlet_count":0,"master_deck":["bronze:Strike","bronze:Strike","bronze:Defend","bronze:Defend","bronze:Defend","bronze:Defend","bronze:Replicate+1","bronze:Goto","bronze:DelayedSlice","bronze:Format","bronze:Frontload","bronze:DelayedGuard","bronze:Optimize","bronze:GetLatest","bronze:Frontload","bronze:Branch","bronze:Fortify","bronze:FineTuning","bronze:Return+1","bronze:AlphaBuild","bronze:Iterate","bronze:Overload+1","bronze:Turbo+1","bronze:ClassDefault+1","bronze:Format","bronze:WhirlingStrike+1"],"relics":["bronze:BronzeCore","Torii","Anchor","Replay:Accelerometer","CCEMRelics:OverlyComfyChair","bronze:MakeshiftBattery","downfall:HeartBlessingGreen","Sundial","CCEMRelics:DerglesHeadphones","ReplayTheSpireMod:Shallot"],"acts_visited":["Exordium","TheCity"],"potions_floor_usage":[],"damage_taken":[{"damage":0,"enemies":"Small Slimes","floor":2,"turns":5},{"damage":0,"enemies":"downfall:FleeingMerchant","floor":3,"turns":4},{"damage":7,"enemies":"Gremlin Nob","floor":6,"turns":6},{"damage":0,"enemies":"3 Sentries","floor":8,"turns":7},{"damage":0,"enemies":"2 Louse","floor":9,"turns":3},{"damage":0,"enemies":"downfall:FleeingMerchant","floor":10,"turns":4},{"damage":0,"enemies":"Cultist","floor":11,"turns":2},{"damage":1,"enemies":"Blue Slaver","floor":12,"turns":4},{"damage":0,"enemies":"downfall:FleeingMerchant","floor":14,"turns":4},{"damage":0,"enemies":"Lots of Slimes","floor":15,"turns":3},{"damage":10,"enemies":"DF_ARCHETYPE_STREAMLINE","floor":16,"turns":13},{"damage":0,"enemies":"Chosen","floor":19,"turns":3},{"damage":0,"enemies":"3 Byrds","floor":21,"turns":7},{"damage":15,"enemies":"Book of Stabbing","floor":23,"turns":6},{"damage":15,"enemies":"Replay:Snechameleon","floor":25,"turns":10},{"damage":8,"enemies":"Snake Plant","floor":26,"turns":6},{"damage":59,"enemies":"Gremlin Leader","floor":27,"turns":14}],"seed_played":"-2400358569704964920","potions_obtained":[{"floor":6,"key":"bronze:FreeFunctionsPotion"},{"floor":11,"key":"Death Potion"},{"floor":15,"key":"sneckomod:MuddlingPotion"},{"floor":16,"key":"EntropicBrew"},{"floor":21,"key":"DuplicationPotion"}],"is_trial":false,"path_per_floor":["R","M","$","?","?","E","T","E","M","$","M","M","R","$","M","B",null,"R","M","?","M","?","E","T","E","M","E"],"character_chosen":"THE_AUTOMATON","items_purchased":["bronze:Frontload","bronze:Fortify","bronze:Iterate"],"campfire_rested":0,"item_purchase_floors":[3,10,14],"current_hp_per_floor":[49,49,49,49,49,42,42,42,45,46,46,54,54,55,62,58,70,70,70,70,70,70,55,55,44,41,0,0,0],"gold":131,"neow_bonus":"ONE_RARE_RELIC","is_daily":false,"chose_seed":false,"campfire_upgraded":3,"win_rate":0.0,"timestamp":1611516183,"path_taken":["R","M","$","?","?","E","T","E","M","$","M","M","R","$","M","BOSS","R","M","?","M","?","E","T","E","M","E"],"items_purchased_type":["Card","Card","Card"],"build_version":"2020-12-22","purchased_purges":0,"victory":false,"max_hp_per_floor":[70,70,70,70,70,70,70,70,70,70,70,70,70,70,70,70,70,70,70,70,70,70,70,70,70,70,66,66,66],"relic_stats":{"Torii":28,"counters":[17,101],"Sundial":[4],"obtain_stats":[{"Replay:Accelerometer":7,"Anchor":6,"bronze:BronzeCore":0,"Torii":0,"ReplayTheSpireMod:Shallot":25,"CCEMRelics:OverlyComfyChair":8,"Sundial":20,"downfall:HeartBlessingGreen":18,"bronze:MakeshiftBattery":17,"CCEMRelics:DerglesHeadphones":23},{"Replay:Accelerometer":3,"Anchor":3,"bronze:BronzeCore":0,"Torii":0,"ReplayTheSpireMod:Shallot":15,"CCEMRelics:OverlyComfyChair":4,"Sundial":12,"downfall:HeartBlessingGreen":11,"bronze:MakeshiftBattery":11,"CCEMRelics:DerglesHeadphones":14},{"Replay:Accelerometer":15,"Anchor":15,"bronze:BronzeCore":0,"Torii":0,"ReplayTheSpireMod:Shallot":81,"CCEMRelics:OverlyComfyChair":22,"Sundial":58,"downfall:HeartBlessingGreen":55,"bronze:MakeshiftBattery":55,"CCEMRelics:DerglesHeadphones":71}]},"card_choices":[{"not_picked":["bronze:Deprecate","bronze:ForceShield"],"picked":"bronze:DelayedSlice","floor":2},{"not_picked":["bronze:DarkDash","bronze:OilSpill"],"picked":"bronze:Format","floor":3},{"not_picked":["bronze:GetLatest","bronze:BronzeArmor"],"picked":"bronze:Optimize","floor":6},{"not_picked":["bronze:WildBeam","bronze:Overheat"],"picked":"bronze:GetLatest","floor":8},{"not_picked":["bronze:DelayedSlice","bronze:ForLoop"],"picked":"bronze:Frontload","floor":9},{"not_picked":["bronze:GetLatest","bronze:Backtrace"],"picked":"bronze:Branch","floor":10},{"not_picked":["bronze:BuggyMess","bronze:Frontload"],"picked":"bronze:FineTuning","floor":11},{"not_picked":["bronze:CutThrough","bronze:Overheat"],"picked":"bronze:Return","floor":12},{"not_picked":["bronze:Invalidate","bronze:FindAndReplace"],"picked":"bronze:AlphaBuild","floor":14},{"not_picked":["bronze:Shield","bronze:OilSpill"],"picked":"bronze:Overload","floor":15},{"not_picked":["bronze:Overload","bronze:CutThrough","bronze:Overheat"],"picked":"SKIP","floor":19},{"not_picked":["bronze:BitShift","bronze:WildBeam"],"picked":"bronze:Turbo+1","floor":21},{"not_picked":["bronze:Shield","bronze:Flail+1"],"picked":"bronze:ClassDefault+1","floor":23},{"not_picked":["bronze:Shield+1","bronze:BuggyMess"],"picked":"bronze:Format","floor":25},{"not_picked":["bronze:BitShift","bronze:MaxOutput+1"],"picked":"bronze:WhirlingStrike+1","floor":26}],"player_experience":305860,"relics_obtained":[{"floor":6,"key":"Anchor"},{"floor":7,"key":"Replay:Accelerometer"},{"floor":8,"key":"CCEMRelics:OverlyComfyChair"},{"floor":23,"key":"CCEMRelics:DerglesHeadphones"},{"floor":25,"key":"ReplayTheSpireMod:Shallot"}],"event_choices":[{"damage_healed":0,"gold_gain":0,"player_choice":"Stole Relic","damage_taken":0,"relics_obtained":["Sundial"],"max_hp_gain":0,"max_hp_loss":0,"event_name":"Addict","floor":20,"gold_loss":0,"cards_obtained":["Pride"]}],"is_beta":false,"boss_relics":[{"not_picked":["CCEMRelics:TransientCore","Ring of Chaos"],"picked":"bronze:MakeshiftBattery"}],"items_purged_floors":[],"is_endless":false,"potions_floor_spawned":[6,11,15,16,21,25],"killed_by":"Gremlin Leader","ascension_level":0}}