{"host":"r3eb5kff0hcmimdq","time":1611469950,"event":{"mods":["100% Spire Juice","ATMod(°¢èªMod)","BaseMod","Colored Powertips","Conspire","Dota2Spire","Highlight Path","Luminous","Minty Spire (QoL Compilation)","MostiFishMod","Quick Restart","Reimu£¨²©ÀöÁéÃÎ£©","Relic Filter","Replay The Spire","RyuuouÁúÍõ","Shop Mod","Spicy Shops","StSLib","TestMod","The Jungle","The Mystic","The Senshi","vexMod","¡¾ÒÅÎï¿¨ÅÆ¡¿REMEMod","óô»ðÖ¸ÄÏ"],"gold_per_floor":[110,129,145,145,160,160,211,11,11,31,46,46,62,77,77,186,186,199,209,237,237,265,61,93,63,63,82,108,29,39,54,71,113,113,137,138,163,213,228,228,63,155,182,214,124,150,163,191,263,296,296,204,45,81,95],"floor_reached":56,"language":"ZHS","playtime":3225,"items_purged":["Strike_Lin:ReiMu","Defend_Lin:ReiMu","Defend_Lin:ReiMu","Defend_Lin:ReiMu","NB:ReiMu","Parasite","Strike_Lin:ReiMu","Strike_Lin:ReiMu","Dreaming:ReiMu","BarrageOfMoneybags:ReiMu","Stagnation:ReiMu+1"],"score":1601,"play_id":"5bedaa01-e9c2-4b31-86e4-15f3a55228d8","local_time":"20210124143230","is_ascension_mode":false,"campfire_choices":[{"data":"Replay:Many Hands","floor":6,"key":"SMITH"},{"data":"SpiritualOutbreak2:ReiMu","floor":12,"key":"SMITH"},{"data":"Strike_Lin:ReiMu","floor":15,"key":"SMITH"},{"floor":40,"key":"RECALL"}],"circlet_count":0,"master_deck":["Replay:Many Hands+1","SpiritualOutbreak2:ReiMu+1","testmod-Collector","InherentArray:ReiMu+1","Conquer:ReiMu+1","Authority:ReiMu+1","FantasyMoon:ReiMu+1","DependentForm:ReiMu+1","MountainWay:ReiMu+1","YinYangSange:ReiMu+1","RunawayExorcism:ReiMu+1","PrepareRite:ReiMu+1","ManaGlint:ReiMu+1","MostiFishMod:Kaleido+1","PrepareRite:ReiMu+1"],"relics":["FlyPower:ReiMu","DaveBox","AT_ATBox","testmod-TestBox","OneHitWonderSystem","testmod-FatalChain","NeowsBlessing","SynthV:TestCard","CeramicFish","MerchantsRug","Smiling Mask","HereWithMe","Nloth\u0027s Gift","REME_OnlineShoppingPlatform","testmod-LifeArmor","AT_GuinsooRageblade","Ancient Tea Set","Dota2Spire:PowerTreads","vexMod:BarristanHead","TentaclePot:ReiMu","Toxic Egg 2","BionicSphere","OrangePellets","ReplayTheSpireMod:Shallot","conspire:DeflatedDodgeball","Dota2Spire:Butterfly","BirthdayGift-Tetrahedron","vexMod:CursedCompass","testmod-TheFather","Counterbalance","Civilization","Potion Belt","Vajra","vexMod:PaidLearning","testmod-ArcanaOfDestiny","Mirror","CheatingSign:ReiMu","BodyOfKamiR:ReiMu","Nunchaku","Bottled Flame","Dota2Spire:EyeOfSkadi"],"acts_visited":["Exordium","TheCity","TheBeyond","TheEnding"],"potions_floor_usage":[47],"damage_taken":[{"damage":0,"enemies":"Small Slimes","floor":1,"turns":1},{"damage":0,"enemies":"Jaw Worm","floor":2,"turns":1},{"damage":0,"enemies":"Cultist","floor":3,"turns":1},{"damage":0,"enemies":"Exordium Thugs","floor":5,"turns":4},{"damage":0,"enemies":"Gremlin Gang","floor":10,"turns":1},{"damage":0,"enemies":"Looter","floor":11,"turns":2},{"damage":0,"enemies":"Exordium Thugs","floor":13,"turns":2},{"damage":0,"enemies":"Blue Slaver","floor":14,"turns":2},{"damage":0,"enemies":"Slime Boss","floor":16,"turns":7},{"damage":0,"enemies":"2 Thieves","floor":18,"turns":2},{"damage":0,"enemies":"3 Byrds","floor":19,"turns":3},{"damage":0,"enemies":"Snake Plant","floor":20,"turns":3},{"damage":0,"enemies":"Snecko","floor":22,"turns":5},{"damage":0,"enemies":"Slavers","floor":24,"turns":2},{"damage":0,"enemies":"Cultist and Chosen","floor":27,"turns":1},{"damage":0,"enemies":"3 Cultists","floor":28,"turns":1},{"damage":0,"enemies":"Snecko","floor":30,"turns":3},{"damage":0,"enemies":"Cultist and Chosen","floor":31,"turns":4},{"damage":0,"enemies":"Automaton","floor":33,"turns":5},{"damage":0,"enemies":"Orb Walker","floor":35,"turns":2},{"damage":0,"enemies":"3 Shapes","floor":36,"turns":2},{"damage":0,"enemies":"Sphere and 2 Shapes","floor":37,"turns":1},{"damage":0,"enemies":"Mind Bloom Boss Battle","floor":38,"turns":5},{"damage":0,"enemies":"Writhing Mass","floor":39,"turns":3},{"damage":0,"enemies":"3 Darklings","floor":44,"turns":1},{"damage":0,"enemies":"R_Hoarder","floor":46,"turns":4},{"damage":0,"enemies":"Transient","floor":47,"turns":2},{"damage":0,"enemies":"Jaw Worm Horde","floor":48,"turns":1},{"damage":0,"enemies":"Awakened One","floor":50,"turns":2},{"damage":0,"enemies":"Shield and Spear","floor":54,"turns":1},{"damage":0,"enemies":"The Heart","floor":55,"turns":3}],"seed_played":"7397800657107354868","potions_obtained":[{"floor":3,"key":"BlessingOfTheForge"},{"floor":5,"key":"Adrenaline Potion"},{"floor":10,"key":"Adrenaline Potion"},{"floor":18,"key":"PowerPotion"},{"floor":20,"key":"ColorlessPotion"}],"is_trial":false,"path_per_floor":["M","M","M","?","M","R","T","R","T","M","M","R","M","M","R","B",null,"M","M","M","?","M","R","E","$","T","M","M","$","M","M","R","B",null,"M","M","M","?","M","R","$","R","T","M","?","E","M","M","R","B",null,"R","$","E","B",null],"character_chosen":"REIMU","items_purchased":["MerchantsRug","testmod-Collector","REME_OnlineShoppingPlatform","testmod-LifeArmor","AT_GuinsooRageblade","Dota2Spire:PowerTreads","vexMod:BarristanHead","TentaclePot:ReiMu","Toxic Egg 2","Authority:ReiMu+1","BionicSphere","OrangePellets","MountainWay:ReiMu+1","YinYangSange:ReiMu","ReplayTheSpireMod:Shallot","conspire:DeflatedDodgeball","Dota2Spire:Butterfly","BirthdayGift-Tetrahedron","MostiFishMod:Kaleido+1","Counterbalance","Civilization","Potion Belt","vexMod:PaidLearning","testmod-ArcanaOfDestiny","Mirror","CheatingSign:ReiMu","BodyOfKamiR:ReiMu","Nunchaku","Bottled Flame"],"campfire_rested":0,"item_purchase_floors":[8,8,23,23,23,25,25,25,25,25,25,29,29,29,29,29,32,32,41,42,42,42,49,49,49,52,52,53,53],"current_hp_per_floor":[1,1,1,1,1,1,1,1,1,1,1,1,1,1,1,1,1,1,1,1,1,1,1,1,1,1,1,1,1,1,1,1,1,1,1,1,1,1,1,1,1,1,1,2,1,3,4,6,1,6,1,1,1,11,6],"gold":95,"neow_bonus":"THREE_ENEMY_KILL","is_daily":false,"chose_seed":false,"campfire_upgraded":3,"win_rate":0.0,"timestamp":1611469950,"path_taken":["M","M","M","?","M","R","?","R","T","M","?","R","M","M","R","BOSS","M","M","M","?","M","R","E","?","T","M","M","$","M","M","R","BOSS","M","M","?","?","M","R","$","R","T","M","?","E","M","M","R","BOSS","R","$","E","BOSS"],"items_purchased_type":["Relic","Card","Relic","Relic","Relic","Relic","Relic","Relic","Relic","Card","Relic","Relic","Card","Card","Relic","Relic","Relic","Relic","Card","Relic","Relic","Relic","Relic","Relic","Relic","Relic","Relic","Relic","Relic"],"build_version":"2020-12-22","purchased_purges":11,"victory":true,"max_hp_per_floor":[1,1,1,1,1,1,1,1,1,1,1,1,1,1,1,1,1,1,1,1,1,1,1,1,1,1,1,1,1,1,1,1,1,1,1,1,1,1,1,1,1,1,1,2,1,3,4,6,1,6,1,1,1,11,6],"card_choices":[{"not_picked":["SpiritualOutbreak2:ReiMu","SafetyPray:ReiMu","Amulet:ReiMu"],"picked":"SKIP","floor":1},{"not_picked":["OrbThrow:ReiMu","KamiSacrifice:ReiMu","RainPray2:ReiMu","Meditation:ReiMu"],"picked":"BarrageOfMoneybags:ReiMu","floor":2},{"not_picked":["Amulet:ReiMu","FineLineFantasy:ReiMu","SpreadBorder2:ReiMu","SubcavityInstant:ReiMu","UniversalSpiritual:ReiMu"],"picked":"SKIP","floor":3},{"not_picked":["SubcavityFantasy:ReiMu","Amulet:ReiMu","CollectionFlower2:ReiMu","TightArray:ReiMu","FoulBorder2:ReiMu"],"picked":"SKIP","floor":5},{"not_picked":["AirStrike:ReiMu","Enchanting:ReiMu","Dreaming2:ReiMu","Amulet:ReiMu","OrbThrow:ReiMu"],"picked":"SKIP","floor":10},{"not_picked":["Amulet:ReiMu","Intuition:ReiMu","Meditation:ReiMu","RainPray2:ReiMu","SpringWay:ReiMu"],"picked":"SKIP","floor":11},{"not_picked":["Determination:ReiMu","RainPray2:ReiMu","Intuition:ReiMu","MikOfLucky:ReiMu","SafetyPray:ReiMu"],"picked":"SKIP","floor":13},{"not_picked":["AlertArray:ReiMu","Amulet:ReiMu","Dreaming2:ReiMu","WonderfulDomain:ReiMu","NineCharacters:ReiMu"],"picked":"SKIP","floor":14},{"not_picked":["RunawayExorcism:ReiMu","BlastKick2:ReiMu","Free:ReiMu","HakureiPhantom:ReiMu"],"picked":"Dreaming:ReiMu","floor":16},{"not_picked":["SpringWay:ReiMu","Intuition:ReiMu","WonderfulDomain:ReiMu+1","AlertArray:ReiMu","RainPray2:ReiMu+1"],"picked":"SKIP","floor":18},{"not_picked":["WonderfulDomain:ReiMu","Conquer:ReiMu","Enchanting:ReiMu","CareerPray:ReiMu","UniversalSpiritual:ReiMu"],"picked":"SKIP","floor":19},{"not_picked":["ShadowOfCrow2:ReiMu","RainPray2:ReiMu","LovePray:ReiMu","PayForSelf:ReiMu"],"picked":"InherentArray:ReiMu+1","floor":20},{"not_picked":["SpreadBorder2:ReiMu+1","CareerPray:ReiMu","BlastKick2:ReiMu","OrbThrow:ReiMu+1"],"picked":"Conquer:ReiMu+1","floor":22},{"not_picked":["WonderfulDomain:ReiMu","Meditation:ReiMu","PrepareRite:ReiMu","Dreaming2:ReiMu+1","Enchanting:ReiMu+1"],"picked":"SKIP","floor":24},{"not_picked":["Amulet:ReiMu+1","EmergencyTakeOff:ReiMu+1","Crusade:ReiMu","DoubleButterfly:ReiMu"],"picked":"FantasyMoon:ReiMu+1","floor":27},{"not_picked":["PrepareRite:ReiMu+1","AirStrike:ReiMu","FineLineFantasy:ReiMu+1","MikOfLucky:ReiMu"],"picked":"DependentForm:ReiMu","floor":28},{"not_picked":["UniversalSpiritual:ReiMu","CareerPray:ReiMu+1","LearningPray:ReiMu+1","FantasyMoon:ReiMu+1","ManaGlint:ReiMu"],"picked":"SKIP","floor":30},{"not_picked":["UniversalSpiritual:ReiMu","CareerPray:ReiMu+1","LearningPray:ReiMu+1","FantasyMoon:ReiMu+1","ManaGlint:ReiMu"],"picked":"SKIP","floor":30},{"not_picked":["PayForSelf:ReiMu+1","CollectionFlower2:ReiMu+1","NineCharacters:ReiMu","TightArray:ReiMu+1","OctopathBindingBorder2:ReiMu+1"],"picked":"SKIP","floor":31},{"not_picked":["Free:ReiMu+1","Shading:ReiMu+1","SubcavityFantasy:ReiMu+1","Dreaming:ReiMu"],"picked":"RunawayExorcism:ReiMu+1","floor":33},{"not_picked":["AirManeuver:ReiMu+1","UniversalSpiritual:ReiMu","UpKicking:ReiMu+1","Dreaming2:ReiMu"],"picked":"PrepareRite:ReiMu+1","floor":35},{"not_picked":["FoulBorder2:ReiMu+1","Gathering:ReiMu","SubcavityInstant:ReiMu+1","TightArray:ReiMu+1","Meditation:ReiMu+1"],"picked":"SKIP","floor":36},{"not_picked":["CollectionFlower2:ReiMu+1","TightArray:ReiMu","AlertArray:ReiMu+1","CareerPray:ReiMu+1"],"picked":"ManaGlint:ReiMu+1","floor":37},{"not_picked":["AlertArray:ReiMu+1","RunawayExorcism:ReiMu+1","SafetyPray:ReiMu+1","SpringWay:ReiMu+1","RainPray2:ReiMu+1"],"picked":"SKIP","floor":39},{"not_picked":["YinYangSign:ReiMu+1","RainPray2:ReiMu+1","AirStrike:ReiMu","SafetyPray:ReiMu+1"],"picked":"PrepareRite:ReiMu+1","floor":44},{"not_picked":["SpreadBorder2:ReiMu+1","CollectionFlower2:ReiMu+1","ForcedLanding:ReiMu+1","MikOfLucky:ReiMu","HakureiPhantom:ReiMu+1"],"picked":"SKIP","floor":46},{"not_picked":["SafetyPray:ReiMu+1","SubAcupoint:ReiMu+1","SubcavityInstant:ReiMu+1","Gathering:ReiMu+1","Shading:ReiMu+1"],"picked":"SKIP","floor":47},{"not_picked":["ManaGlint:ReiMu+1","SubcavityInstant:ReiMu+1","WonderfulDomain:ReiMu+1","PassingAway:ReiMu+1","OrbThrow:ReiMu"],"picked":"SKIP","floor":48},{"not_picked":["WonderfulDomain:ReiMu+1","BarrageOfMoneybags:ReiMu","Crusade:ReiMu+1","SubcavityFantasy:ReiMu+1","EmergencyTakeOff:ReiMu+1"],"picked":"SKIP","floor":54}],"player_experience":165267,"relics_obtained":[{"floor":1,"key":"SynthV:TestCard"},{"floor":7,"key":"CeramicFish"},{"floor":9,"key":"Smiling Mask"},{"floor":24,"key":"Ancient Tea Set"},{"floor":38,"key":"testmod-TheFather"},{"floor":43,"key":"Simple Rune"},{"floor":46,"key":"Vajra"},{"floor":54,"key":"Dota2Spire:EyeOfSkadi"}],"event_choices":[{"damage_healed":0,"gold_gain":0,"cards_transformed":["Defend_Lin:ReiMu"],"player_choice":"Change","damage_taken":0,"max_hp_gain":0,"max_hp_loss":0,"event_name":"Living Wall","floor":4,"gold_loss":0,"cards_obtained":["SpiritualOutbreak2:ReiMu"]},{"damage_healed":0,"gold_gain":0,"player_choice":"Traded Relic","damage_taken":0,"relics_obtained":["Nloth\u0027s Gift"],"max_hp_gain":0,"max_hp_loss":0,"event_name":"N\u0027loth","floor":21,"relics_lost":["REME_ComplimentaryCards"],"gold_loss":0},{"damage_healed":0,"gold_gain":0,"player_choice":"Fight","damage_taken":0,"max_hp_gain":0,"max_hp_loss":0,"event_name":"MindBloom","floor":38,"gold_loss":0},{"cards_removed":["Strike_Lin:ReiMu"],"damage_healed":0,"gold_gain":0,"player_choice":"Upgrade and Remove","damage_taken":0,"max_hp_gain":0,"max_hp_loss":0,"event_name":"Designer","floor":45,"gold_loss":90,"cards_upgraded":["Stagnation:ReiMu"]}],"is_beta":false,"boss_relics":[{"not_picked":["xbg","JellyFishMachine"],"picked":"HereWithMe"},{"not_picked":["ShineYinYang:ReiMu","FrostBlade"],"picked":"vexMod:CursedCompass"}],"items_purged_floors":[23,25,29,32,32,41,41,42,49,52,53],"is_endless":false,"potions_floor_spawned":[3,5,10,18,20,24,30,35,38,39],"ascension_level":0}}