{"host":"srk2drlvga69hbot","time":1611503634,"event":{"mods":["BaseMod","Bestiary","Block Reminder","Colored Map","Colored Powertips","Dark Map","DeckTracker","Highlight Path","Minty Spire (QoL Compilation)","Quick Restart","Rare Cards Sparkle","Relic Stats","SuperFastMode","Unceasing Turn Reminder"],"gold_per_floor":[11,11,11,34,34,34,57,57,136,136,170,95,110,123,123,123,123],"floor_reached":16,"language":"ZHS","playtime":408,"items_purged":["Defend_R"],"score":145,"play_id":"ff01ad5a-18d7-4ebd-bd75-f175196163e7","local_time":"20210124235354","is_ascension_mode":true,"campfire_choices":[{"floor":6.0,"key":"DIG"},{"floor":8.0,"key":"DIG"},{"floor":10.0,"key":"DIG"},{"floor":15.0,"key":"DIG"}],"circlet_count":0,"master_deck":["Strike_R","Strike_R","Strike_R","Strike_R","Strike_R","Defend_R","Defend_R","Defend_R","Bash","Perfected Strike","Fire Breathing","Shrug It Off"],"relics":["Burning Blood","Shovel","Golden Idol","Art of War","Happy Flower","Dream Catcher","Eternal Feather","Ice Cream","Omamori","Tiny Chest"],"acts_visited":["Exordium"],"potions_floor_usage":[16],"damage_taken":[{"damage":1.0,"enemies":"2 Louse","floor":1.0,"turns":4.0},{"damage":7.0,"enemies":"Jaw Worm","floor":4.0,"turns":3.0},{"damage":1.0,"enemies":"Cultist","floor":7.0,"turns":3.0},{"damage":25.0,"enemies":"3 Sentries","floor":11.0,"turns":5.0},{"damage":13.0,"enemies":"Red Slaver","floor":13.0,"turns":3.0},{"damage":0.0,"enemies":"Large Slime","floor":14.0,"turns":4.0},{"damage":52,"enemies":"Hexaghost","floor":16,"turns":10}],"seed_played":"-8317218325444732852","potions_obtained":[{"floor":7.0,"key":"Dexterity Potion"},{"floor":11.0,"key":"SmokeBomb"}],"is_trial":false,"path_per_floor":["M","?","?","M","$","R","M","R","T","R","E","$","M","M","R","B"],"character_chosen":"IRONCLAD","items_purchased":[],"campfire_rested":0,"item_purchase_floors":[],"current_hp_per_floor":[77,57,50,49,49,49,54,54,54,60,41,41,34,40,46,0,0],"gold":123,"neow_bonus":"ONE_RARE_RELIC","is_daily":false,"chose_seed":false,"campfire_upgraded":0,"win_rate":0.0,"timestamp":1611503634,"path_taken":["M","?","?","M","?","R","M","R","T","R","E","$","M","?","R","BOSS"],"items_purchased_type":[],"build_version":"2020-12-22","purchased_purges":1,"victory":false,"max_hp_per_floor":[80,80,80,80,80,80,80,80,80,80,80,80,80,80,80,80,80],"relic_stats":{"Dream Catcher":0,"Shovel":4,"Happy Flower":[8],"counters":[7,32],"Golden Idol":23,"Eternal Feather":12,"Tiny Chest":0,"Art of War":[0],"obtain_stats":[{"Ice Cream":10,"Dream Catcher":8,"Shovel":0,"Happy Flower":6,"Golden Idol":2,"Eternal Feather":9,"Tiny Chest":15,"Art of War":3,"Omamori":11,"Burning Blood":0},{"Ice Cream":3,"Dream Catcher":3,"Shovel":0,"Happy Flower":2,"Golden Idol":1,"Eternal Feather":3,"Tiny Chest":6,"Art of War":1,"Omamori":4,"Burning Blood":0},{"Ice Cream":10,"Dream Catcher":10,"Shovel":0,"Happy Flower":7,"Golden Idol":4,"Eternal Feather":10,"Tiny Chest":22,"Art of War":4,"Omamori":15,"Burning Blood":0}],"Burning Blood":36},"card_choices":[{"not_picked":["Iron Wave","Pommel Strike"],"picked":"Perfected Strike","floor":1.0},{"not_picked":["Rupture","Wild Strike","Sword Boomerang"],"picked":"SKIP","floor":4.0},{"not_picked":["Flex","Warcry"],"picked":"Fire Breathing","floor":7.0},{"not_picked":["Clothesline","Body Slam","Pommel Strike"],"picked":"SKIP","floor":11.0},{"not_picked":["Flex","Thunderclap","Anger"],"picked":"SKIP","floor":13.0},{"not_picked":["Clash","Demon Form"],"picked":"Shrug It Off","floor":14.0}],"player_experience":220026,"relics_obtained":[{"floor":6.0,"key":"Happy Flower"},{"floor":8.0,"key":"Dream Catcher"},{"floor":9.0,"key":"Eternal Feather"},{"floor":10.0,"key":"Ice Cream"},{"floor":11.0,"key":"Omamori"},{"floor":15.0,"key":"Tiny Chest"}],"event_choices":[{"damage_healed":0.0,"max_hp_gain":0.0,"max_hp_loss":0.0,"gold_gain":0.0,"event_name":"Golden Idol","player_choice":"Take Damage","floor":2.0,"gold_loss":0.0,"damage_taken":20.0,"relics_obtained":["Golden Idol"]},{"damage_healed":0.0,"max_hp_gain":0.0,"max_hp_loss":0.0,"gold_gain":0.0,"event_name":"Scrap Ooze","player_choice":"Success","floor":3.0,"gold_loss":0.0,"damage_taken":7.0,"relics_obtained":["Art of War"]}],"is_beta":false,"boss_relics":[],"items_purged_floors":[12],"is_endless":false,"potions_floor_spawned":[7,11],"killed_by":"Hexaghost","ascension_level":9}}