{"host":"mmxi1hjn5usmb1ga","time":1611499464,"event":{"mods":["BaseMod","BetterRewards","Downfall","Minty Spire (QoL Compilation)","Quick Restart","READ ME - Guardian Mod","READ ME - Snecko Mod","RumiaBox-露米娅的神秘盒子","Shop Mod","StSLib","Td1madao Mod","The Bug Knight","Yuri Mod","[IsaacMod]以撒尖塔"],"gold_per_floor":[99,115,115,115,40,60,110,126,139,149,161,193,293,53,72,178,178,178,198,222,272,297,197,249,275,310,320,340,380,380,430,448,555,555,555,579,591,601,45,74,74,74,88,138,463,513,546,38,58,58],"floor_reached":51,"language":"ZHS","playtime":3538,"items_purged":["Regret","Regret"],"score":953,"play_id":"c7f9a676-45de-4c15-9d3e-f0bdcd8251d5","local_time":"20210124224424","is_ascension_mode":false,"campfire_choices":[{"data":"hexamod:Float","floor":1.0,"key":"SMITH"},{"floor":18.0,"key":"RECALL"},{"data":"hexamod:HexaLevel","floor":23.0,"key":"SMITH"},{"floor":30.0,"key":"REST"},{"data":"hexamod:ApocalypticArmor","floor":35.0,"key":"SMITH"},{"data":"hexamod:GhostOfSpirePast","floor":42,"key":"SMITH"}],"circlet_count":0,"master_deck":["hexamod:Strike+1","hexamod:Strike","hexamod:Strike+1","hexamod:Defend+1","hexamod:Defend+1","hexamod:Defend+1","hexamod:Defend+1","hexamod:Sear+1","hexamod:Float+1","hexamod:SixthSeal","hexamod:FirstSeal","hexamod:GhostOfSpirePresent+1","hexamod:NightmareGuise+1","hexamod:ThirdSeal","hexamod:FourthSeal","hexamod:SpectersWail+1","hexamod:GhostOfSpirePast+1","hexamod:Hexaguard+1","hexamod:Haunt+1","hexamod:SpectersWail+1","hexamod:SecondSeal","hexamod:FastForward+1","hexamod:HexaLevel+1","hexamod:EtherealExpedition+1","hexamod:FlamesFromBeyond+1","hexamod:SpectersWail+1","hexamod:ParanormalForm+1","hexamod:TimeOfNeed+1","hexamod:BurningTouch+1","hexamod:PowerFromBeyond","hexamod:SwordOfDarkness+1","hexamod:BacktrackSmack+1","hexamod:RecurringNightmare+1","hexamod:SpectersWail+1","hexamod:SkipABeat","hexamod:GhostLash","hexamod:ShieldOfDarkness+1","hexamod:TurnItUp+1","hexamod:UnleashSpirits","hexamod:ApocalypticArmor+1","CurseOfTheBell","hexamod:GhostOfSpirePast+1","hexamod:Hexaguard+1","hexamod:Rewind+1","hexamod:AdvancingGuard+1","hexamod:TurnItUp","hexamod:NightmareStrike","hexamod:SwordOfDarkness+1","hexamod:GhostOfSpirePast+1","hexamod:FlamesFromBeyond","hexamod:GhostLash+1","hexamod:RainOfEmbers+1"],"relics":["hexamod:SpiritBrand","HushsDoor","GuppysPaw","The Courier","D6","downfall:CloakOfManyFaces","CultistMask","FaceOfCleric","NlothsMask","GremlinMask","SsserpentHead","Membership Card","GodSword6","Juzu Bracelet","bronze:MakeshiftBattery","downfall:HeartBlessingRed","MagicDraw4","GodSword3","Calling Bell","ZombieArmy","DeathBook","Calipers","SSSystem","Orichalcum","Blue Candle","GodSword1","Anchor","Frozen Egg 2","Ancient Tea Set","SharpPlug","Molten Egg 2","Red Mask","downfall:RedIOUUpgrade","Thread and Needle","SalivaCoin","Boot","Vajra","Bottled Tornado","Toy Ornithopter","GodSword4","InkBottle","Pen Nib","MagicDraw1","White Beast Statue"],"acts_visited":["Exordium","TheCity","TheBeyond"],"potions_floor_usage":[50],"damage_taken":[{"damage":7.0,"enemies":"2 Louse","floor":2.0,"turns":3.0},{"damage":4.0,"enemies":"downfall:FleeingMerchant","floor":5.0,"turns":4.0},{"damage":11.0,"enemies":"Jaw Worm","floor":6.0,"turns":4.0},{"damage":8.0,"enemies":"Cultist","floor":8.0,"turns":5.0},{"damage":7.0,"enemies":"Exordium Wildlife","floor":9.0,"turns":5.0},{"damage":12.0,"enemies":"Gremlin Gang","floor":10.0,"turns":5.0},{"damage":8.0,"enemies":"2 Fungi Beasts","floor":11.0,"turns":4.0},{"damage":10.0,"enemies":"Gremlin Nob","floor":12.0,"turns":5.0},{"damage":8.0,"enemies":"downfall:FaceTrader","floor":13.0,"turns":9.0},{"damage":4.0,"enemies":"downfall:FleeingMerchant","floor":14.0,"turns":4.0},{"damage":2.0,"enemies":"Blue Slaver","floor":15.0,"turns":6.0},{"damage":52.0,"enemies":"SI_SHIV_ARCHETYPE","floor":16.0,"turns":9.0},{"damage":16.0,"enemies":"Spheric Guardian","floor":19.0,"turns":6.0},{"damage":25.0,"enemies":"Snake Plant","floor":20.0,"turns":6.0},{"damage":2.0,"enemies":"Snecko","floor":22.0,"turns":4.0},{"damage":16.0,"enemies":"Sentry and Sphere","floor":25.0,"turns":4.0},{"damage":15.0,"enemies":"Slavers","floor":26.0,"turns":3.0},{"damage":13.0,"enemies":"Cultist and Chosen","floor":27.0,"turns":4.0},{"damage":2.0,"enemies":"Centurion and Healer","floor":28.0,"turns":6.0},{"damage":14.0,"enemies":"Gremlin Leader","floor":29.0,"turns":5.0},{"damage":0.0,"enemies":"Snecko","floor":32.0,"turns":3.0},{"damage":36.0,"enemies":"WA_ARCHETYPE_CALM","floor":33.0,"turns":9.0},{"damage":3.0,"enemies":"3 Shapes","floor":36.0,"turns":3.0},{"damage":16.0,"enemies":"3 Darklings","floor":37.0,"turns":3.0},{"damage":3.0,"enemies":"Sphere and 2 Shapes","floor":38.0,"turns":3.0},{"damage":11,"enemies":"downfall:FleeingMerchant","floor":39,"turns":4},{"damage":24,"enemies":"Nemesis","floor":40,"turns":6},{"damage":0,"enemies":"4 Shapes","floor":43,"turns":2},{"damage":35,"enemies":"Reptomancer","floor":47,"turns":4},{"damage":0,"enemies":"downfall:FleeingMerchant","floor":48,"turns":4},{"damage":0,"enemies":"3 Darklings","floor":49,"turns":3},{"damage":0,"enemies":"IC_BLOCK_ARCHETYPE","floor":50,"turns":6}],"seed_played":"5545214246361587365","potions_obtained":[{"floor":6.0,"key":"Energy Potion"},{"floor":8.0,"key":"SneckoOil"},{"floor":10.0,"key":"Ancient Potion"},{"floor":10.0,"key":"Weak Potion"},{"floor":11.0,"key":"Fire Potion"},{"floor":12.0,"key":"EssenceOfSteel"},{"floor":12.0,"key":"Guardian:BlockOnCardUsePotion"},{"floor":13.0,"key":"FearPotion"},{"floor":14.0,"key":"PowerPotion"},{"floor":15.0,"key":"SteroidPotion"},{"floor":16.0,"key":"Guardian:BlockOnCardUsePotion"},{"floor":19.0,"key":"Energy Potion"},{"floor":19.0,"key":"FairyPotion"},{"floor":20.0,"key":"Fruit Juice"},{"floor":22.0,"key":"hexamod:EctoCoolerPotion"},{"floor":25.0,"key":"SneckoOil"},{"floor":26.0,"key":"LiquidBronze"},{"floor":27.0,"key":"hexamod:EctoCoolerPotion"},{"floor":32.0,"key":"bronze:BurnAndBuffPotion"},{"floor":33.0,"key":"SteroidPotion"}],"is_trial":false,"path_per_floor":["R","M","?","?","$","M","T","M","M","M","M","E","?","$","M","B",null,"R","M","M","?","M","R","T","M","E","M","M","E","R","?","M","B",null,"R","M","M","M","$","E","T","R","M","?","?","?","E","$","M","B",null],"character_chosen":"THE_SPIRIT","items_purchased":["Membership Card","GodSword6","Juzu Bracelet","SSSystem","Orichalcum","Blue Candle","GodSword1","Anchor","Frozen Egg 2","Ancient Tea Set","SalivaCoin","Boot","Vajra","Bottled Tornado","Toy Ornithopter","GodSword4","InkBottle","Pen Nib","MagicDraw1","White Beast Statue"],"campfire_rested":1,"item_purchase_floors":[14,14,14,39,39,39,39,39,39,39,48,48,48,48,48,48,48,48,48,48],"current_hp_per_floor":[70,63,63,63,66,62,62,61,61,56,55,52,51,55,61,17,73,73,65,48,48,59,59,59,44,37,32,38,25,50,50,51,23,88,88,89,74,81,78,62,62,62,63,63,63,63,36,37,45,58],"gold":58,"neow_bonus":"ONE_RANDOM_RARE_CARD","is_daily":false,"chose_seed":false,"campfire_upgraded":4,"win_rate":0.0,"timestamp":1611499464,"path_taken":["R","M","?","?","$","M","T","M","M","M","M","E","?","?","M","BOSS","R","M","M","?","M","R","T","M","E","M","M","E","R","?","M","BOSS","R","M","M","M","$","E","T","R","M","?","?","?","E","$","M","BOSS"],"items_purchased_type":["Relic","Relic","Relic","Relic","Relic","Relic","Relic","Relic","Relic","Relic","Relic","Relic","Relic","Relic","Relic","Relic","Relic","Relic","Relic","Relic"],"build_version":"2020-12-22","purchased_purges":2,"victory":true,"max_hp_per_floor":[70,70,70,70,70,70,70,70,70,70,70,70,70,71,72,73,73,73,74,75,75,81,81,81,82,83,84,85,86,86,86,87,88,88,88,89,90,91,92,93,93,93,94,94,94,94,95,96,97,98],"card_choices":[{"not_picked":["hexamod:AdvancingGuard","Bomb"],"picked":"hexamod:FirstSeal","floor":2.0},{"not_picked":["hexamod:SpectersWail","hexamod:Incineration"],"picked":"hexamod:GhostOfSpirePresent","floor":5.0},{"not_picked":["hexamod:HauntingEcho","hexamod:InspiringFlames"],"picked":"hexamod:NightmareGuise","floor":6.0},{"not_picked":["hexamod:SpectersWail","hexamod:GhostOfSpirePast"],"picked":"hexamod:ThirdSeal","floor":8.0},{"not_picked":["hexamod:NightmareGuise","hexamod:GhostOfSpirePast"],"picked":"hexamod:FourthSeal","floor":9.0},{"not_picked":["hexamod:FourthSeal","hexamod:Again"],"picked":"hexamod:SpectersWail","floor":10.0},{"not_picked":["hexamod:SuperheatedStrike","hexamod:ShieldOfDarkness"],"picked":"hexamod:GhostOfSpirePast","floor":11.0},{"not_picked":["hexamod:HauntingEcho","hexamod:NecessarySacrifice"],"picked":"hexamod:Hexaguard","floor":11.0},{"not_picked":["hexamod:GhostLash","hexamod:Rewind"],"picked":"hexamod:Haunt","floor":12.0},{"not_picked":["hexamod:ForkedFlame","hexamod:GhostLash"],"picked":"hexamod:SpectersWail","floor":12.0},{"not_picked":["hexamod:Rewind","hexamod:EmpoweredFlame"],"picked":"hexamod:SecondSeal","floor":13.0},{"not_picked":["hexamod:SoulSteal","hexamod:HeatMetal"],"picked":"hexamod:FastForward","floor":13.0},{"not_picked":["hexamod:SuperheatedStrike","hexamod:ShieldOfDarkness"],"picked":"hexamod:HexaLevel","floor":14.0},{"not_picked":["hexamod:InspiringFlames","hexamod:Rewind"],"picked":"hexamod:EtherealExpedition","floor":14.0},{"not_picked":["hexamod:EtherealExpedition","hexamod:HauntingEcho"],"picked":"hexamod:FlamesFromBeyond","floor":15.0},{"not_picked":["hexamod:FastForward","hexamod:HeatCrush"],"picked":"hexamod:SpectersWail","floor":15.0},{"not_picked":["hexamod:ApocalypticArmor","hexamod:SixthSeal"],"picked":"hexamod:ParanormalForm","floor":16.0},{"not_picked":["hexamod:SearingWound","hexamod:GhostOfSpirePresent"],"picked":"hexamod:TimeOfNeed","floor":16.0},{"not_picked":["hexamod:InspiringFlames","hexamod:GhostLash+1"],"picked":"hexamod:BurningTouch+1","floor":19.0},{"not_picked":["hexamod:PhantomCloak","hexamod:CatchUp"],"picked":"hexamod:PowerFromBeyond","floor":19.0},{"not_picked":["hexamod:RainOfEmbers","hexamod:GhostLash+1"],"picked":"hexamod:SwordOfDarkness","floor":20.0},{"not_picked":["hexamod:GhostLash","hexamod:GhostShield"],"picked":"hexamod:BacktrackSmack+1","floor":20.0},{"not_picked":["hexamod:AdvancingGuard+1","hexamod:HeatCrush"],"picked":"hexamod:RecurringNightmare+1","floor":22.0},{"not_picked":["hexamod:SecondSeal","hexamod:BurningTouch","hexamod:EmpoweredFlame"],"picked":"SKIP","floor":25.0},{"not_picked":["hexamod:SecondSeal","hexamod:GhostOfSpirePresent"],"picked":"hexamod:HeatCrush","floor":26.0},{"not_picked":["hexamod:GhostLash","hexamod:ThermalTransfer+1"],"picked":"hexamod:SpectersWail+1","floor":27.0},{"not_picked":["hexamod:FlamesFromBeyond","hexamod:ThermalTransfer"],"picked":"hexamod:SkipABeat","floor":28.0},{"not_picked":["hexamod:Firestarter","hexamod:GhostflameBarrier","hexamod:BacktrackSmack+1"],"picked":"SKIP","floor":28.0},{"not_picked":["hexamod:WildfireWeapon","hexamod:PhantomCloak"],"picked":"hexamod:GhostLash","floor":29.0},{"not_picked":["hexamod:HeatMetal","hexamod:Firestarter+1"],"picked":"hexamod:ShieldOfDarkness","floor":29.0},{"not_picked":["hexamod:AdvancingGuard","hexamod:HauntingEcho"],"picked":"hexamod:TurnItUp","floor":32.0},{"not_picked":["hexamod:TimeOfNeed","hexamod:GhostOfSpirePresent"],"picked":"hexamod:UnleashSpirits","floor":33.0},{"not_picked":["hexamod:GhostOfSpirePresent","hexamod:TurnItUp"],"picked":"hexamod:ApocalypticArmor","floor":33.0},{"not_picked":["hexamod:Again+1","hexamod:SuperheatedStrike+1"],"picked":"hexamod:GhostOfSpirePast","floor":36.0},{"not_picked":["hexamod:ExtraCrispy","hexamod:ThermalTransfer+1"],"picked":"hexamod:Hexaguard+1","floor":37.0},{"not_picked":["hexamod:Firestarter","hexamod:RecurringNightmare+1"],"picked":"hexamod:Rewind+1","floor":37.0},{"not_picked":["hexamod:RetreatToShadows","hexamod:BacktrackSmack"],"picked":"hexamod:AdvancingGuard","floor":38.0},{"not_picked":["hexamod:HeatShield+1","hexamod:InspiringFlames"],"picked":"hexamod:TurnItUp","floor":39},{"not_picked":["hexamod:HauntingEcho","hexamod:RetreatToShadows","hexamod:FlamesFromBeyond"],"picked":"SKIP","floor":39},{"not_picked":["hexamod:SpectersWail","hexamod:SpectralAdrenaline"],"picked":"hexamod:NightmareStrike","floor":40},{"not_picked":["hexamod:BacktrackSmack","hexamod:SpectralAdrenaline"],"picked":"hexamod:SwordOfDarkness+1","floor":40},{"not_picked":["hexamod:SpectersWail+1","hexamod:NightmareGuise"],"picked":"hexamod:GhostOfSpirePast+1","floor":43},{"not_picked":["hexamod:ThirdSeal","hexamod:NightmareStrike+1"],"picked":"hexamod:FlamesFromBeyond","floor":47},{"not_picked":["hexamod:HeatShield+1","hexamod:AdvancingGuard+1"],"picked":"hexamod:GhostLash+1","floor":48},{"not_picked":["hexamod:GhostOfSpireFuture+1","hexamod:SixthSeal"],"picked":"hexamod:RainOfEmbers+1","floor":49},{"not_picked":["hexamod:AdvancingGuard","hexamod:NightmareStrike+1","hexamod:FastForward"],"picked":"SKIP","floor":49}],"player_experience":717422,"relics_obtained":[{"floor":7.0,"key":"Omamori"},{"floor":12.0,"key":"D6"},{"floor":13.0,"key":"downfall:CloakOfManyFaces"},{"floor":26.0,"key":"MagicDraw4"},{"floor":29.0,"key":"GodSword3"},{"floor":34.0,"key":"ZombieArmy"},{"floor":34.0,"key":"DeathBook"},{"floor":34.0,"key":"Calipers"},{"floor":40,"key":"SharpPlug"},{"floor":41,"key":"Molten Egg 2"},{"floor":47,"key":"Thread and Needle"}],"event_choices":[{"damage_healed":0.0,"max_hp_gain":0.0,"max_hp_loss":0.0,"gold_gain":0.0,"event_name":"Big Fish","player_choice":"Box","floor":3.0,"gold_loss":0.0,"damage_taken":0.0,"relics_obtained":["The Courier"],"cards_obtained":["Regret"]}],"is_beta":false,"boss_relics":[{"not_picked":["SacredBark","Sozu"],"picked":"bronze:MakeshiftBattery"},{"not_picked":[]},{"not_picked":["Fusion Hammer","Cursed Key"],"picked":"Calling Bell"},{"not_picked":[]}],"items_purged_floors":[5,48],"is_endless":false,"potions_floor_spawned":[6,8,10,12,13,19,22,27,32,38,43,47,49],"ascension_level":0}}