{"host":"usdj552hvd2ulznm","time":1611532048,"event":{"mods":["Act Like it!","Aspiration","BaseMod","Better Third Choice","Colored Powertips","Conjunction","Conspire","DeckTracker","Downfall","Emptier Cage","Energized Spire","Gensokyo","GifTheSpireLib","GungeonMod","Halation","Hallownest","Hermit","Hubris","Infinite Spire","Key Reminder","Lobotomy","LobotomyExtend","Minty Spire (QoL Compilation)","Quick Restart","RNG Fix","Railgun Mod","Random Character Mod","Relic Stats","Replay The Spire","Reworked Bosses","Small Relic Pack","StSLib","Stuff the Spire","The Animator","The Blue Laboratory","The IronCluck","The Jungle","Uncapped","WarShipGirlsR/????R mod","vexMod"],"gold_per_floor":[110,90,106,106,106,106,125,160,160,160,171,188,32,45,45,152,152,172,172,172,192,192,192,192,192,240,4,39,53,53,58,58],"floor_reached":31,"language":"ENG","playtime":1794,"items_purged":["hermit:Strike_Hermit","downfall:Bewildered"],"score":303,"play_id":"ad580451-c3a7-4b1e-96de-8479f9f53f77","local_time":"20210124164728","is_ascension_mode":false,"campfire_choices":[{"data":"hermit:Brawl","floor":6,"key":"SMITH"},{"floor":10,"key":"REST"},{"data":"hermit:HeroicBravado","floor":15,"key":"SMITH"},{"data":"hermit:GoldenBullet","floor":23,"key":"SMITH"},{"data":"hermit:TakeAim","floor":25,"key":"SMITH"}],"circlet_count":0,"master_deck":["hermit:Strike_Hermit","hermit:Defend_Hermit","hermit:Defend_Hermit","hermit:Covet","hermit:SprayPray","hermit:HighCaliber","hermit:TakeAim+1","hermit:HeroicBravado+1","DreamingCurrent","hermit:Brawl+1","hermit:Deadeye","QueenBee","hermit:Scavenge","Alriune","hermit:BigShot","UniverseFragment","Scarecrow","hermit:GoldenBullet+1","SpiderBud","hermit:Gestalt","WhitesApple","Parasite","hermit:HeroicBravado+1","Parasite","RedShoes","relicPack:TruthCard","TheRailgun:Thunder","sneckomod:Restock","Guardian:StasisStrike","hermit:FinalCanter","Parasite","HappyTeddy","hermit:Gestalt","Parasite","BodiesMountain"],"relics":["hermit:Momento","CogitoBucket","LetterFromLob","aspiration:FetidBarrel","infinitespire:FocusingShard","AdjustmentMirror","Ring of Chaos","relicPack:EdsArm","sneckomod:BabySnecko","StuffTheSpire:OldFever","Calipers","ResearcherNote"],"acts_visited":["Exordium","TheCity"],"potions_floor_usage":[29],"damage_taken":[{"damage":0,"enemies":"2 Louse","floor":1,"turns":1},{"damage":1,"enemies":"Cultist","floor":3,"turns":3},{"damage":1,"enemies":"Small Slimes","floor":7,"turns":3},{"damage":40,"enemies":"3 Sentries","floor":8,"turns":5},{"damage":6,"enemies":"2 Fungi Beasts","floor":11,"turns":4},{"damage":23,"enemies":"Large Slime","floor":12,"turns":3},{"damage":25,"enemies":"3 Louse","floor":14,"turns":4},{"damage":49,"enemies":"Hexaghost","floor":16,"turns":9},{"damage":25,"enemies":"conspire:FuzzyDice","floor":18,"turns":5},{"damage":14,"enemies":"Spheric Guardian","floor":21,"turns":5},{"damage":65,"enemies":"conspire:Head Lice","floor":28,"turns":7},{"damage":36,"enemies":"Chosen and Byrds","floor":29,"turns":6},{"damage":25,"enemies":"Snake Plant","floor":31,"turns":5}],"seed_played":"-1891345629986270889","potions_obtained":[{"floor":3,"key":"Elixir"},{"floor":8,"key":"blueLaboratory:HummingbirdPotion"},{"floor":11,"key":"blueLaboratory:HorrorPotion"},{"floor":12,"key":"blueLaboratory:PhilterOfMotion"}],"is_trial":false,"path_per_floor":["M","?","M","?","?","R","M","E","T","R","M","M","$","M","R","B",null,"M","?","?","M","?","R","?","R","T","$","E","M","$","M"],"character_chosen":"HERMIT","items_purchased":["hermit:GoldenBullet","hermit:FinalCanter"],"campfire_rested":1,"item_purchase_floors":[13,27],"current_hp_per_floor":[75,75,74,74,74,74,75,35,35,57,69,52,52,55,55,62,75,62,62,62,75,70,70,70,70,70,70,26,14,14,26,26],"gold":58,"neow_bonus":"","is_daily":false,"chose_seed":false,"campfire_upgraded":4,"win_rate":0.0,"timestamp":1611532048,"path_taken":["M","?","M","?","?","R","M","E","T","R","M","M","$","M","R","BOSS","M","?","?","?","?","R","?","R","T","?","E","M","?","M"],"items_purchased_type":["Card","Card"],"build_version":"2020-12-22","purchased_purges":2,"victory":false,"max_hp_per_floor":[75,75,75,75,75,75,75,75,75,75,75,75,75,75,75,75,75,75,75,75,75,70,70,70,70,70,70,70,70,70,70,70],"relic_stats":{"counters":[15,61],"obtain_stats":[{"Calipers":28,"aspiration:FetidBarrel":8,"ResearcherNote":29,"DemoMod:GlassGuonStoneRelic":1,"infinitespire:FocusingShard":9,"Ring of Chaos":17,"AdjustmentMirror":12,"relicPack:EdsArm":22,"sneckomod:BabySnecko":24,"CogitoBucket":0,"LetterFromLob":1,"hermit:Momento":0,"StuffTheSpire:OldFever":26},{"Calipers":12,"aspiration:FetidBarrel":4,"ResearcherNote":14,"DemoMod:GlassGuonStoneRelic":1,"infinitespire:FocusingShard":4,"Ring of Chaos":9,"AdjustmentMirror":7,"relicPack:EdsArm":11,"sneckomod:BabySnecko":11,"CogitoBucket":0,"LetterFromLob":1,"hermit:Momento":0,"StuffTheSpire:OldFever":11},{"Calipers":50,"aspiration:FetidBarrel":12,"ResearcherNote":57,"DemoMod:GlassGuonStoneRelic":1,"infinitespire:FocusingShard":12,"Ring of Chaos":33,"AdjustmentMirror":20,"relicPack:EdsArm":43,"sneckomod:BabySnecko":43,"CogitoBucket":0,"LetterFromLob":1,"hermit:Momento":0,"StuffTheSpire:OldFever":43}]},"card_choices":[{"not_picked":["ShyLook","BeautyBeast"],"picked":"BlackSwan","floor":1},{"not_picked":["hermit:LuckOfTheDraw","hermit:Dive"],"picked":"hermit:SprayPray","floor":1},{"not_picked":[],"picked":"hermit:HighCaliber","floor":2},{"not_picked":[],"picked":"hermit:TakeAim","floor":2},{"not_picked":[],"picked":"hermit:HeroicBravado","floor":2},{"not_picked":["CrumblingArmor","GalaxyChild"],"picked":"DreamingCurrent","floor":3},{"not_picked":["hermit:CalledShot","hermit:SprayPray"],"picked":"hermit:Brawl","floor":3},{"not_picked":["RedShoes","Mercenary"],"picked":"QueenBee","floor":7},{"not_picked":["hermit:Feint","hermit:Ricochet"],"picked":"hermit:Scavenge","floor":7},{"not_picked":["OldLady","UniverseFragment"],"picked":"Alriune","floor":8},{"not_picked":["hermit:Vantage","hermit:TrackingShot"],"picked":"hermit:BigShot","floor":8},{"not_picked":["RedShoes","OldLady"],"picked":"UniverseFragment","floor":11},{"not_picked":["hermit:Coalescence","hermit:Grudge","hermit:SprayPray"],"picked":"SKIP","floor":11},{"not_picked":["hermit:Coalescence","hermit:Grudge","hermit:SprayPray"],"picked":"SKIP","floor":11},{"not_picked":["Scorched","ShyLook"],"picked":"Scarecrow","floor":12},{"not_picked":["hermit:Maintenance","hermit:HighCaliber","hermit:Coalescence"],"picked":"SKIP","floor":12},{"not_picked":["MeatLantern","Murderer"],"picked":"SpiderBud","floor":14},{"not_picked":["hermit:CalledShot","hermit:ItchyTrigger"],"picked":"hermit:Gestalt","floor":14},{"not_picked":["Bloodbath","MeatLantern"],"picked":"WhitesApple","floor":16},{"not_picked":["hermit:FromBeyond","hermit:DeadOrAlive"],"picked":"hermit:BlackWind","floor":16},{"not_picked":["hermit:Misfire","hermit:LowProfile","hermit:Feint"],"picked":"SKIP","floor":18},{"not_picked":["Woodsman","Mercenary"],"picked":"RedShoes","floor":21},{"not_picked":["hermit:FlashPowder","hermit:DeadMansHand","hermit:HoleUp"],"picked":"SKIP","floor":21},{"not_picked":["SnowQueen","Scorched"],"picked":"HappyTeddy","floor":28},{"not_picked":["hermit:Showdown","hermit:Vantage"],"picked":"hermit:Gestalt","floor":28},{"not_picked":["CrumblingArmor","BigBadWolf"],"picked":"BodiesMountain","floor":29},{"not_picked":["hermit:CalledShot","hermit:NoHoldsBarred+1","hermit:Showdown"],"picked":"SKIP","floor":29}],"player_experience":470331,"relics_obtained":[{"floor":1,"key":"LetterFromLob"},{"floor":8,"key":"aspiration:FetidBarrel"},{"floor":9,"key":"infinitespire:FocusingShard"},{"floor":26,"key":"StuffTheSpire:OldFever"},{"floor":28,"key":"Calipers"}],"event_choices":[{"cards_removed":["hermit:Defend_Hermit"],"damage_healed":0,"gold_gain":0,"player_choice":"Forget","damage_taken":0,"max_hp_gain":0,"max_hp_loss":0,"event_name":"Living Wall","floor":5,"gold_loss":0},{"damage_healed":0,"gold_gain":0,"player_choice":"Ignored","damage_taken":0,"max_hp_gain":0,"max_hp_loss":0,"event_name":"Fountain of Cleansing","floor":19,"gold_loss":0},{"damage_healed":0,"gold_gain":0,"player_choice":"Copied","damage_taken":0,"max_hp_gain":0,"max_hp_loss":0,"event_name":"Duplicator","floor":20,"gold_loss":0,"cards_obtained":["hermit:HeroicBravado"]}],"is_beta":false,"boss_relics":[{"not_picked":["halation:Prosthetics","Pandora\u0027s Box"],"picked":"Ring of Chaos"}],"items_purged_floors":[13,27],"is_endless":false,"potions_floor_spawned":[3,8,11,12,14,28],"killed_by":"Snake Plant","ascension_level":0}}