{"host":"hwgw78dblb98i0ci","time":1611515294,"event":{"mods":["BaseMod","Better Note","Better Third Choice","Downfall","Hubris","Minty Spire (QoL Compilation)","StSLib"],"gold_per_floor":[99,119,137,147,163,163,163,179,199,227,227,239,239,239,349,299,299,299],"floor_reached":16,"language":"ENG","playtime":1402,"items_purged":[],"score":106,"play_id":"e468be80-35c1-4c6c-858c-bec8ba6ccdd1","local_time":"20210124140814","is_ascension_mode":false,"campfire_choices":[{"data":"champ:Taunt","floor":1.0,"key":"SMITH"},{"data":"champ:FancyFootwork","floor":13.0,"key":"SMITH"}],"circlet_count":0,"master_deck":["champ:Strike","champ:Strike+1","champ:Strike","champ:Strike","champ:Defend","champ:Defend","champ:Defend","champ:Defend","champ:Execute","champ:Taunt+1","champ:FocusedBerserking","champ:Encircle","champ:RapidStrikes","champ:ShieldWall+1","champ:FancyFootwork+1","champ:EnragedBash+1","champ:StanceDance","champ:Duel"],"relics":["champ:ChampionCrown","hubris:Icosahedron","Toy Ornithopter","Lantern"],"acts_visited":["Exordium"],"potions_floor_usage":[16,16],"damage_taken":[{"damage":10.0,"enemies":"2 Louse","floor":2.0,"turns":3.0},{"damage":20.0,"enemies":"Small Slimes","floor":3.0,"turns":4.0},{"damage":20.0,"enemies":"Jaw Worm","floor":4.0,"turns":4.0},{"damage":21.0,"enemies":"Blue Slaver","floor":5.0,"turns":3.0},{"damage":20.0,"enemies":"3 Louse","floor":8.0,"turns":4.0},{"damage":32.0,"enemies":"Exordium Thugs","floor":9.0,"turns":6.0},{"damage":42.0,"enemies":"Lagavulin","floor":10.0,"turns":7.0},{"damage":47.0,"enemies":"Large Slime","floor":12.0,"turns":5.0},{"damage":37.0,"enemies":"Gremlin Gang","floor":15.0,"turns":5.0},{"damage":83,"enemies":"WA_ARCHETYPE_RETAIN","floor":16,"turns":4}],"seed_played":"-7453439610829020589","potions_obtained":[{"floor":2.0,"key":"champ:OpenerPotion"},{"floor":5.0,"key":"Explosive Potion"},{"floor":9.0,"key":"DuplicationPotion"}],"is_trial":false,"path_per_floor":["R","M","M","M","M","?","T","M","M","E","?","M","R","?","M","B"],"character_chosen":"THE_CHAMP","items_purchased":[],"campfire_rested":0,"item_purchase_floors":[],"current_hp_per_floor":[99,99,99,94,83,83,83,78,89,67,67,60,60,60,53,0,0,0],"gold":299,"neow_bonus":"TEN_PERCENT_HP_BONUS","is_daily":false,"chose_seed":false,"campfire_upgraded":2,"win_rate":0.0,"timestamp":1611515294,"path_taken":["R","M","M","M","M","?","T","M","M","E","?","M","R","?","M","BOSS"],"items_purchased_type":[],"build_version":"2020-12-22","purchased_purges":0,"victory":false,"max_hp_per_floor":[99,99,99,99,99,99,99,99,99,99,99,99,99,99,99,99,99,99],"card_choices":[{"not_picked":["champ:Circumvent","champ:BladeFlurry"],"picked":"champ:FocusedBerserking","floor":2.0},{"not_picked":["champ:PerfectedStrike","champ:BerserkersShout","champ:CrownThrow"],"picked":"SKIP","floor":3.0},{"not_picked":["champ:EnGarde","champ:Lariat"],"picked":"champ:Encircle","floor":4.0},{"not_picked":["champ:Circumvent","champ:DefensiveShout"],"picked":"champ:RapidStrikes","floor":5.0},{"not_picked":["champ:BerserkersShout","champ:ShieldThrow"],"picked":"champ:ShieldWall","floor":8.0},{"not_picked":["champ:EnGarde","champ:TornadoPunch"],"picked":"champ:FancyFootwork","floor":9.0},{"not_picked":["champ:SkillfulDodge","champ:FalseCounter"],"picked":"champ:EnragedBash","floor":10.0},{"not_picked":["champ:EnGarde","champ:PerfectedStrike"],"picked":"champ:StanceDance","floor":12.0},{"not_picked":["champ:Haymaker","champ:Backstep"],"picked":"champ:Duel","floor":15.0}],"player_experience":285095,"relics_obtained":[{"floor":7.0,"key":"Toy Ornithopter"},{"floor":10.0,"key":"Lantern"}],"event_choices":[{"cards_removed":["downfall:Malfunctioning"],"damage_healed":0.0,"max_hp_gain":0.0,"max_hp_loss":0.0,"gold_gain":0.0,"event_name":"The Cleric","player_choice":"Card Removal","floor":14.0,"gold_loss":0.0,"damage_taken":0.0}],"is_beta":false,"boss_relics":[],"items_purged_floors":[],"is_endless":false,"potions_floor_spawned":[2,5,9],"killed_by":"WA_ARCHETYPE_RETAIN","ascension_level":0}}