{"host":"65a95dzim48ko8ke","time":1611488363,"event":{"mods":["BaseMod","Colored Powertips","Jorbs\u0027s Wanderer Trilogy","Minty Spire (QoL Compilation)","Permanent Neow","Quick Restart","Rare Cards Sparkle","Replay The Spire","StSLib"],"gold_per_floor":[57,57,76,129,164,209,240,275,327,356,21,55,70,122,122,219,219,237,300,344,389,430,483,483,542,621,122,122,122,140,177,177,277,277,347,347,367,384,583,583,74,85,139,139,139,139,154,154,154,154],"floor_reached":51,"language":"ENG","playtime":3997,"items_purged":["stsjorbsmod:Strike_Wanderer","stsjorbsmod:Strike_Wanderer"],"score":890,"play_id":"f29b1151-9057-495f-b0b4-3ba152562025","local_time":"20210124203923","is_ascension_mode":false,"campfire_choices":[{"data":"HandOfGreed","floor":15.0,"key":"SMITH"},{"data":"stsjorbsmod:IvoryTower","floor":24.0,"key":"SMITH"},{"data":"stsjorbsmod:Prestidigitation","floor":32,"key":"SMITH"},{"data":"stsjorbsmod:Banish","floor":40,"key":"SMITH"},{"data":"Panacea","floor":44,"key":"SMITH"},{"data":"stsjorbsmod:DeathThroes","floor":46,"key":"SMITH"},{"data":"stsjorbsmod:Patron","floor":49,"key":"SMITH"}],"circlet_count":0,"master_deck":["stsjorbsmod:ForbiddenGrimoire+1","stsjorbsmod:Defend_Wanderer","stsjorbsmod:Defend_Wanderer+1","stsjorbsmod:Defend_Wanderer","stsjorbsmod:FreshAdventure","stsjorbsmod:EyeOfTheStorm","HandOfGreed+1","stsjorbsmod:ChainLightning","stsjorbsmod:Channel","stsjorbsmod:FranticSearch","stsjorbsmod:Counterspell","stsjorbsmod:IvoryTower+1","stsjorbsmod:Channel+1","stsjorbsmod:HedgeWizard+1","stsjorbsmod:BlackTentacles","stsjorbsmod:SmithingStrike","stsjorbsmod:Aid","stsjorbsmod:TinyHut","stsjorbsmod:Entangle","stsjorbsmod:Channel","stsjorbsmod:MagicMissiles+1","stsjorbsmod:Prestidigitation+1","stsjorbsmod:ScorchingRay","stsjorbsmod:DisguiseSelf","stsjorbsmod:UnseenServant+1","stsjorbsmod:MistyStep+1","stsjorbsmod:Pyromancy+1","stsjorbsmod:Aid","stsjorbsmod:FlameWard+1","stsjorbsmod:FaerieFire","stsjorbsmod:Banish+1","stsjorbsmod:DisguiseSelf+1","stsjorbsmod:DeathThroes+1","stsjorbsmod:Channel+1","stsjorbsmod:Patron","Panacea+1","stsjorbsmod:BurningFlask","stsjorbsmod:ColorSpray","stsjorbsmod:SchoolsOfMagic+1","ReplayUltimateDefense+1","Finesse","Magnetism+1","stsjorbsmod:Inferno","stsjorbsmod:GatherPower"],"relics":["stsjorbsmod:GrimoireRelic","Chameleon Ring","War Paint","Nunchaku","Replay:Ringing Soul","Singing Bowl","Coffee Dripper","stsjorbsmod:BottledMemoryRelic","stsjorbsmod:AlchemistsFireRelic","Ornamental Fan","Frozen Egg 2","Philosopher\u0027s Stone","Bottled Lightning","Blue Doll"],"acts_visited":["Exordium","TheCity","TheBeyond"],"potions_floor_usage":[33,37,50,50,50,50,50,50],"damage_taken":[{"damage":0.0,"enemies":"Small Slimes","floor":1.0,"turns":4.0},{"damage":0.0,"enemies":"Cultist","floor":3.0,"turns":3.0},{"damage":0.0,"enemies":"2 Louse","floor":4.0,"turns":3.0},{"damage":10.0,"enemies":"Large Slime","floor":5.0,"turns":6.0},{"damage":5.0,"enemies":"Replay:BlueRogue","floor":6.0,"turns":7.0},{"damage":7.0,"enemies":"Red Slaver","floor":7.0,"turns":3.0},{"damage":0.0,"enemies":"2 Fungi Beasts","floor":8.0,"turns":2.0},{"damage":0.0,"enemies":"Gremlin Nob","floor":10.0,"turns":2.0},{"damage":0.0,"enemies":"Lagavulin","floor":12.0,"turns":6.0},{"damage":0.0,"enemies":"Lots of Slimes","floor":13.0,"turns":1.0},{"damage":0.0,"enemies":"Large Slime","floor":14.0,"turns":4.0},{"damage":61.0,"enemies":"Hexaghost","floor":16.0,"turns":16.0},{"damage":2.0,"enemies":"Spheric Guardian","floor":18.0,"turns":6.0},{"damage":14.0,"enemies":"2 Thieves","floor":19.0,"turns":4.0},{"damage":0.0,"enemies":"Snecko","floor":20.0,"turns":5.0},{"damage":24.0,"enemies":"Shelled Parasite and Fungi","floor":21.0,"turns":7.0},{"damage":7.0,"enemies":"Snake Plant","floor":22.0,"turns":3.0},{"damage":0.0,"enemies":"Replay:Snechameleon","floor":23.0,"turns":5.0},{"damage":7.0,"enemies":"Slavers","floor":25.0,"turns":7.0},{"damage":29.0,"enemies":"Snecko","floor":30.0,"turns":5.0},{"damage":9.0,"enemies":"Cultist and Chosen","floor":31.0,"turns":7.0},{"damage":32,"enemies":"Automaton","floor":33,"turns":9},{"damage":2,"enemies":"3 Shapes","floor":35,"turns":7},{"damage":7,"enemies":"Orb Walker","floor":37,"turns":6},{"damage":0,"enemies":"Transient","floor":38,"turns":5},{"damage":12,"enemies":"Maw","floor":42,"turns":8},{"damage":0,"enemies":"Jaw Worm Horde","floor":47,"turns":4},{"damage":17,"enemies":"Time Eater","floor":50,"turns":8}],"seed_played":"-8555537951272820219","potions_obtained":[{"floor":1.0,"key":"SteroidPotion"},{"floor":4.0,"key":"Explosive Potion"},{"floor":6.0,"key":"Fire Potion"},{"floor":12.0,"key":"Ancient Potion"},{"floor":13.0,"key":"Swift Potion"},{"floor":16.0,"key":"FearPotion"},{"floor":19.0,"key":"Toxic Potion"},{"floor":25.0,"key":"AttackPotion"},{"floor":30.0,"key":"Weak Potion"},{"floor":31.0,"key":"Swift Potion"},{"floor":38,"key":"SpeedPotion"},{"floor":42,"key":"Weak Potion"}],"is_trial":false,"path_per_floor":["M","?","M","M","M","E","M","M","T","E","$","E","M","M","R","B",null,"M","M","M","M","M","E","R","E","T","$","?","?","M","M","R","B",null,"M","?","M","M","?","R","$","M","T","R","?","R","M","?","R","B",null],"character_chosen":"WANDERER","items_purchased":["Replay:Ringing Soul","Frozen Egg 2","stsjorbsmod:Pyromancy+1","stsjorbsmod:Patron","Bottled Lightning","Panacea","stsjorbsmod:BurningFlask","stsjorbsmod:ColorSpray"],"campfire_rested":0,"item_purchase_floors":[11,27,27,41,41,41,41,41],"current_hp_per_floor":[68,68,70,70,62,58,52,54,54,54,54,60,63,67,67,9,82,87,79,84,64,61,65,65,63,63,66,69,69,44,38,38,9,120,123,123,120,125,95,95,98,89,89,89,82,82,88,91,91,81],"gold":154,"neow_bonus":"RANDOM_COLORLESS_2","is_daily":false,"chose_seed":false,"campfire_upgraded":7,"win_rate":0.0,"timestamp":1611488363,"path_taken":["M","?","M","M","?","E","M","M","T","E","?","E","M","M","R","BOSS","M","M","M","?","M","E","R","E","T","$","?","?","M","?","R","BOSS","M","?","?","M","?","R","?","M","T","R","?","R","?","?","R","BOSS"],"items_purchased_type":["Relic","Relic","Card","Card","Relic","Card","Card","Card"],"build_version":"2020-12-22","purchased_purges":2,"victory":true,"max_hp_per_floor":[68,68,70,70,70,70,70,70,70,70,70,73,76,79,79,82,82,87,90,93,96,99,102,102,105,105,108,111,111,114,117,117,120,120,123,123,126,129,131,131,134,137,137,137,140,140,143,146,146,146],"card_choices":[{"not_picked":["Metamorphosis","Apotheosis"],"picked":"HandOfGreed","floor":0.0},{"not_picked":["stsjorbsmod:Will","stsjorbsmod:RayOfFrost"],"picked":"stsjorbsmod:ChainLightning","floor":1.0},{"not_picked":["stsjorbsmod:TrueStrike","stsjorbsmod:Inferno"],"picked":"stsjorbsmod:Channel","floor":3.0},{"not_picked":["stsjorbsmod:Rest","stsjorbsmod:TrueStrike"],"picked":"stsjorbsmod:FranticSearch","floor":4.0},{"not_picked":["stsjorbsmod:Inferno","stsjorbsmod:FranticSearch"],"picked":"stsjorbsmod:Counterspell","floor":5.0},{"not_picked":["stsjorbsmod:Will","stsjorbsmod:OldPocket"],"picked":"stsjorbsmod:IvoryTower","floor":6.0},{"not_picked":["stsjorbsmod:Introspection","stsjorbsmod:Index"],"picked":"stsjorbsmod:Channel","floor":7.0},{"not_picked":["stsjorbsmod:LoseGrip","stsjorbsmod:RayOfFrost"],"picked":"stsjorbsmod:HedgeWizard","floor":8.0},{"not_picked":["stsjorbsmod:Prepare","stsjorbsmod:LoseGrip"],"picked":"stsjorbsmod:BlackTentacles","floor":10.0},{"not_picked":["stsjorbsmod:Mending","stsjorbsmod:LoseGrip"],"picked":"stsjorbsmod:SmithingStrike","floor":12.0},{"not_picked":["stsjorbsmod:DoubleCheck","stsjorbsmod:RefuseToForget"],"picked":"stsjorbsmod:Aid","floor":13.0},{"not_picked":["stsjorbsmod:Mindworm","stsjorbsmod:Materialize"],"picked":"stsjorbsmod:TinyHut","floor":14.0},{"not_picked":["stsjorbsmod:PurgeMind","stsjorbsmod:SiphonEnergy"],"picked":"stsjorbsmod:Entangle","floor":16.0},{"not_picked":["stsjorbsmod:Hurt","stsjorbsmod:Will"],"picked":"stsjorbsmod:Channel","floor":18.0},{"not_picked":["stsjorbsmod:UnseenServant","stsjorbsmod:Fear"],"picked":"stsjorbsmod:MagicMissiles+1","floor":19.0},{"not_picked":["stsjorbsmod:BurningFlask+1","stsjorbsmod:ParryingBlow+1"],"picked":"stsjorbsmod:Prestidigitation","floor":20.0},{"not_picked":["stsjorbsmod:Hurt","stsjorbsmod:Prepare"],"picked":"stsjorbsmod:ScorchingRay","floor":21.0},{"not_picked":["stsjorbsmod:Will","stsjorbsmod:ArcaneWeapon"],"picked":"stsjorbsmod:DisguiseSelf","floor":22.0},{"not_picked":["stsjorbsmod:ColorSpray+1","stsjorbsmod:Prepare"],"picked":"stsjorbsmod:UnseenServant+1","floor":23.0},{"not_picked":["stsjorbsmod:MagicMirror","stsjorbsmod:Firebolt+1"],"picked":"stsjorbsmod:MistyStep+1","floor":25.0},{"not_picked":["stsjorbsmod:ChainLightning+1","stsjorbsmod:ArcaneWeapon+1"],"picked":"stsjorbsmod:FlameWard+1","floor":30.0},{"not_picked":["stsjorbsmod:Firebolt","stsjorbsmod:ArcaneWeapon+1"],"picked":"stsjorbsmod:FaerieFire","floor":31.0},{"not_picked":["stsjorbsmod:PurgeMind","stsjorbsmod:Rediscovery+1"],"picked":"stsjorbsmod:Banish","floor":33},{"not_picked":["stsjorbsmod:RayOfFrost+1","stsjorbsmod:ParryingBlow+1"],"picked":"stsjorbsmod:DisguiseSelf+1","floor":35},{"not_picked":["stsjorbsmod:Message+1","stsjorbsmod:Stalwart"],"picked":"stsjorbsmod:DeathThroes","floor":37},{"not_picked":["stsjorbsmod:Mending","stsjorbsmod:Materialize"],"picked":"stsjorbsmod:Channel+1","floor":38},{"not_picked":["stsjorbsmod:Index","stsjorbsmod:Materialize","stsjorbsmod:ParryingBlow"],"picked":"Singing Bowl","floor":39},{"not_picked":["stsjorbsmod:BlackTentacles+1","stsjorbsmod:MistyStep"],"picked":"stsjorbsmod:SchoolsOfMagic+1","floor":42},{"not_picked":["Purity","ReplayTheSpireMod:Uncanny Aura"],"picked":"ReplayUltimateDefense+1","floor":45},{"not_picked":["Replay:Sssssssssstrike","Forethought"],"picked":"Finesse","floor":45},{"not_picked":["Replay:Bootleg Shield Generator","Jack Of All Trades"],"picked":"Magnetism+1","floor":45},{"not_picked":["stsjorbsmod:Hibernate+1","stsjorbsmod:MagicMissiles+1"],"picked":"stsjorbsmod:Inferno","floor":47}],"player_experience":312776,"relics_obtained":[{"floor":6.0,"key":"Chameleon Ring"},{"floor":9.0,"key":"War Paint"},{"floor":10.0,"key":"Nunchaku"},{"floor":12.0,"key":"Singing Bowl"},{"floor":23.0,"key":"stsjorbsmod:BottledMemoryRelic"},{"floor":25.0,"key":"stsjorbsmod:AlchemistsFireRelic"},{"floor":26.0,"key":"Ornamental Fan"},{"floor":43,"key":"Blue Doll"}],"event_choices":[{"damage_healed":0.0,"max_hp_gain":0.0,"max_hp_loss":0.0,"gold_gain":0.0,"event_name":"The Woman in Blue","player_choice":"Bought 0 Potions","floor":2.0,"gold_loss":0.0,"damage_taken":0.0},{"damage_healed":0.0,"max_hp_gain":0.0,"max_hp_loss":0.0,"gold_gain":0.0,"cards_transformed":["stsjorbsmod:Strike_Wanderer","stsjorbsmod:Strike_Wanderer"],"event_name":"Drug Dealer","player_choice":"Became Test Subject","floor":28.0,"gold_loss":0.0,"damage_taken":0.0,"cards_obtained":["stsjorbsmod:Aid","stsjorbsmod:Index"]},{"cards_removed":["stsjorbsmod:Index"],"damage_healed":0.0,"max_hp_gain":0.0,"max_hp_loss":0.0,"gold_gain":0.0,"event_name":"Purifier","player_choice":"Purged","floor":29.0,"gold_loss":0.0,"damage_taken":0.0},{"cards_removed":["stsjorbsmod:Defend_Wanderer"],"damage_healed":0,"gold_gain":0,"player_choice":"Offered Basic","damage_taken":0,"max_hp_gain":0,"max_hp_loss":0,"event_name":"Bonfire Elementals","floor":36,"gold_loss":0},{"damage_healed":0,"gold_gain":0,"player_choice":"Memory 3","damage_taken":10,"max_hp_gain":0,"max_hp_loss":0,"event_name":"SensoryStone","floor":45,"gold_loss":0},{"damage_healed":0,"gold_gain":0,"player_choice":"1 cards matched","damage_taken":0,"max_hp_gain":0,"max_hp_loss":0,"event_name":"Match and Keep!","floor":48,"gold_loss":0,"cards_obtained":["stsjorbsmod:GatherPower"]}],"is_beta":false,"boss_relics":[{"not_picked":["Ring of Chaos","Pandora\u0027s Box"],"picked":"Coffee Dripper"},{"not_picked":["Painkiller Herb","Runic Dome"],"picked":"Philosopher\u0027s Stone"}],"items_purged_floors":[11,27],"is_endless":false,"potions_floor_spawned":[1,4,6,8,12,13,16,19,25,30,31,38,42],"ascension_level":0}}