{"host":"takgv9cv6xf64vhq","time":1611506666,"event":{"mods":["BaseMod","Colored Powertips","Downfall","Hubris","LagranYue(拉格朗・月)","Marisa（F雨　魔理沙）","Minty Spire (QoL Compilation)","Replay The Spire","StSLib","The Cursed","The Jungle","TheHeartMod"],"gold_per_floor":[109,109,109,121,133,133,144,144,169,169,188,206,131,306,306,401,401,412,412,412,423,440,440,465,478,502,514,514,514,514],"floor_reached":29,"language":"ZHS","playtime":1244,"items_purged":["Pain"],"score":237,"play_id":"273a4546-188c-43df-a2ca-c3d3b579abfe","local_time":"20210125004426","is_ascension_mode":false,"campfire_choices":[{"data":"Zap","floor":6,"key":"SMITH"},{"data":"Zap","floor":8,"key":"SMITH"},{"floor":15,"key":"DIG"},{"data":"Consume","floor":23,"key":"SMITH"},{"data":"BasicCrystalCard","floor":28,"key":"SMITH"}],"circlet_count":0,"master_deck":["Slimebound:ProtectTheBoss+1","Strike_B","Strike_B","Strike_B","Strike_B","Defend_B","Defend_B","Defend_B","Defend_B","Zap+1","Dualcast","Go for the Eyes","Blizzard","Zap+1","BootSequence","Melter","Capacitor","Compile Driver","Crystallizer","Doubt","Electrodynamics","Consume+1","downfall:Bewildered","Redo+1","BasicCrystalCard+1","Steam+1","BasicCrystalCard+1","Cold Snap"],"relics":["LagranYue:RandomDrawCardRelic","SacredBark","hubris:Icosahedron","Toy Ornithopter","WarpedTongs","Durian","LagranYue:SoulBurningRelic","sneckomod:BabySnecko","Replay:Accelerometer"],"acts_visited":["Exordium","TheCity"],"potions_floor_usage":[7,16,18,24,24,27,27,29],"damage_taken":[{"damage":0.0,"enemies":"Cultist","floor":1.0,"turns":4.0},{"damage":0,"enemies":"Small Slimes","floor":4,"turns":3},{"damage":4,"enemies":"Jaw Worm","floor":5,"turns":4},{"damage":0,"enemies":"Lots of Slimes","floor":7,"turns":4},{"damage":8,"enemies":"3 Louse","floor":11,"turns":4},{"damage":12,"enemies":"Blue Slaver","floor":12,"turns":4},{"damage":18,"enemies":"Fading Forest","floor":16,"turns":11},{"damage":0,"enemies":"Spheric Guardian","floor":18,"turns":2},{"damage":21,"enemies":"Shell Parasite","floor":21,"turns":6},{"damage":9,"enemies":"Snecko","floor":22,"turns":5},{"damage":25,"enemies":"Book of Stabbing","floor":24,"turns":5},{"damage":4,"enemies":"Sentry and Sphere","floor":25,"turns":3},{"damage":28,"enemies":"Snake Plant","floor":27,"turns":3},{"damage":15,"enemies":"Masked Bandits","floor":29,"turns":2}],"seed_played":"-1318832647863646010","potions_obtained":[{"floor":4,"key":"Fire Potion"},{"floor":5,"key":"Swift Potion"},{"floor":11,"key":"Reflective Coating"},{"floor":16,"key":"Fire Potion"},{"floor":18,"key":"Swift Potion"},{"floor":22,"key":"Guardian:BlockOnCardUsePotion"},{"floor":25,"key":"AttackPotion"},{"floor":27,"key":"ColorlessPotion"}],"is_trial":false,"path_per_floor":["M","?","?","M","M","R","M","R","T","?","M","M","$","?","R","B",null,"M","?","?","M","M","R","E","M","T","M","R","?"],"character_chosen":"DEFECT","items_purchased":[],"campfire_rested":0,"item_purchase_floors":[],"current_hp_per_floor":[75,75,75,75,71,71,71,71,71,71,63,51,51,51,56,55,80,80,80,80,59,50,50,33,29,29,9,9,0,0],"gold":514,"neow_bonus":"BOSS_RELIC","is_daily":false,"chose_seed":false,"campfire_upgraded":4,"win_rate":0.0,"timestamp":1611506666,"path_taken":["M","?","?","?","M","R","M","R","T","?","M","?","$","?","R","BOSS","M","?","?","M","M","R","E","?","T","?","R","?"],"items_purchased_type":[],"build_version":"2020-12-22","purchased_purges":1,"victory":false,"max_hp_per_floor":[75,75,75,75,75,75,75,75,75,75,75,75,75,75,80,80,80,80,80,80,80,80,80,80,80,80,80,80,80,80],"card_choices":[{"not_picked":["Skim","Force Field"],"picked":"Go for the Eyes","floor":1.0},{"not_picked":["Go for the Eyes","Steam"],"picked":"BootSequence","floor":4},{"not_picked":["Sweeping Beam","Stack"],"picked":"Melter","floor":5},{"not_picked":["Ball Lightning","Steam Power"],"picked":"Capacitor","floor":7},{"not_picked":["Rebound","Gash"],"picked":"Compile Driver","floor":11},{"not_picked":["BootSequence","Genetic Algorithm"],"picked":"Crystallizer","floor":12},{"not_picked":["Seek","ReplayTheSpireMod:Omega Cannon"],"picked":"Electrodynamics","floor":16},{"not_picked":["ReplaySolidLightProjector","Chill"],"picked":"Consume","floor":18},{"not_picked":["Panic Button","Steam Power"],"picked":"Redo+1","floor":21},{"not_picked":["Conserve Battery","Sweeping Beam+1"],"picked":"BasicCrystalCard","floor":22},{"not_picked":["Stack","Blizzard"],"picked":"Steam+1","floor":24},{"not_picked":["Compile Driver","Fusion+1"],"picked":"BasicCrystalCard+1","floor":25},{"not_picked":["Streamline","ReplayGash"],"picked":"Cold Snap","floor":27}],"player_experience":64255,"relics_obtained":[{"floor":9,"key":"Toy Ornithopter"},{"floor":15,"key":"Durian"},{"floor":24,"key":"Replay:Accelerometer"}],"event_choices":[{"damage_healed":0,"gold_gain":0,"player_choice":"2 cards matched","damage_taken":0,"max_hp_gain":0,"max_hp_loss":0,"event_name":"Match and Keep!","floor":3,"gold_loss":0,"cards_obtained":["Blizzard","Zap"]},{"damage_healed":0,"gold_gain":0,"player_choice":"Rummage","damage_taken":0,"relics_obtained":["WarpedTongs"],"max_hp_gain":0,"max_hp_loss":0,"event_name":"Accursed Blacksmith","floor":10,"gold_loss":0,"cards_obtained":["Pain"]},{"damage_healed":0,"gold_gain":175,"player_choice":"AGREE","damage_taken":0,"max_hp_gain":0,"max_hp_loss":0,"event_name":"Liars Game","floor":14,"gold_loss":0,"cards_obtained":["Doubt"]},{"damage_healed":0,"gold_gain":0,"player_choice":"Ignored","damage_taken":0,"max_hp_gain":0,"max_hp_loss":0,"event_name":"N\u0027loth","floor":20,"gold_loss":0},{"damage_healed":0,"gold_gain":0,"player_choice":"Fought Bandits","damage_taken":0,"max_hp_gain":0,"max_hp_loss":0,"event_name":"Masked Bandits","floor":29,"gold_loss":0}],"is_beta":false,"boss_relics":[{"not_picked":["LagranYue:ContractPerformanceRelic","Replay:Wanted Poster"],"picked":"LagranYue:SoulBurningRelic"}],"items_purged_floors":[13],"is_endless":false,"potions_floor_spawned":[4,5,11,16,18,22,25,27],"killed_by":"Masked Bandits","ascension_level":0}}