{"host":"ydg0vn0pu4pubmdt","time":1611475004,"event":{"mods":["AchievementEnabler","BaseMod","Colored Map","Gold Saver","Minty Spire (QoL Compilation)","Quick Restart","SuperFastMode"],"gold_per_floor":[676,21,32,32,32,32,72,72,72,72,87,126,141,160,160,255,255,275,290,38,38,57,97,97,116,195,1,1,15,15,15,15,108,108,124,143,156,179,24,24,42,63,90,90,114,56,75,93,93,93,93],"floor_reached":50,"language":"KOR","playtime":5008,"items_purged":["Strike_B","Strike_B","Defend_B"],"score":837,"play_id":"f04951ba-ffcf-4ea8-981e-07edffc552fc","local_time":"20210124165644","is_ascension_mode":true,"campfire_choices":[{"data":"Dualcast","floor":6.0,"key":"SMITH"},{"data":"Zap","floor":8.0,"key":"SMITH"},{"data":"Chill","floor":10.0,"key":"SMITH"},{"floor":15.0,"key":"REST"},{"floor":24.0,"key":"REST"},{"floor":28.0,"key":"REST"},{"floor":32.0,"key":"REST"},{"floor":40.0,"key":"REST"},{"floor":49.0,"key":"REST"}],"circlet_count":0,"master_deck":["AscendersBane","Strike_B","Defend_B","Defend_B","Defend_B","Zap+1","Dualcast+1","Conserve Battery","Sweeping Beam","Chill+1","Compile Driver","Streamline","Fission+1","Static Discharge+1","White Noise","Leap","Echo Form","Electrodynamics","Heatsinks","Chaos","Self Repair","Clumsy","Skim","Darkness","Static Discharge+1"],"relics":["FrozenCore","Symbiotic Virus","Cables","Golden Idol","StrikeDummy","Shuriken","Nunchaku","Bag of Preparation","White Beast Statue","The Courier","Mummified Hand","Cursed Key","Regal Pillow"],"acts_visited":["Exordium","TheCity","TheBeyond"],"potions_floor_usage":[50],"damage_taken":[{"damage":0.0,"enemies":"Jaw Worm","floor":1.0,"turns":4.0},{"damage":0.0,"enemies":"Small Slimes","floor":3.0,"turns":3.0},{"damage":1.0,"enemies":"Lagavulin","floor":7.0,"turns":5.0},{"damage":0.0,"enemies":"Cultist","floor":11.0,"turns":4.0},{"damage":8.0,"enemies":"Gremlin Nob","floor":12.0,"turns":3.0},{"damage":0.0,"enemies":"Lots of Slimes","floor":13.0,"turns":2.0},{"damage":0.0,"enemies":"Red Slaver","floor":14.0,"turns":2.0},{"damage":29.0,"enemies":"Slime Boss","floor":16.0,"turns":4.0},{"damage":7.0,"enemies":"3 Byrds","floor":18.0,"turns":6.0},{"damage":5.0,"enemies":"Chosen","floor":19.0,"turns":4.0},{"damage":12.0,"enemies":"Snake Plant","floor":22.0,"turns":3.0},{"damage":21.0,"enemies":"Slavers","floor":23.0,"turns":6.0},{"damage":26.0,"enemies":"Chosen and Byrds","floor":25.0,"turns":5.0},{"damage":17.0,"enemies":"3 Cultists","floor":29.0,"turns":4.0},{"damage":9.0,"enemies":"Champ","floor":33.0,"turns":10.0},{"damage":2.0,"enemies":"Orb Walker","floor":35.0,"turns":3.0},{"damage":0.0,"enemies":"3 Shapes","floor":36.0,"turns":2.0},{"damage":24.0,"enemies":"Transient","floor":37.0,"turns":5.0},{"damage":4.0,"enemies":"Sphere and 2 Shapes","floor":38.0,"turns":4.0},{"damage":24.0,"enemies":"Maw","floor":41.0,"turns":5.0},{"damage":19.0,"enemies":"Transient","floor":42.0,"turns":5.0},{"damage":13.0,"enemies":"Jaw Worm Horde","floor":45.0,"turns":4.0},{"damage":15.0,"enemies":"Spire Growth","floor":47.0,"turns":4.0},{"damage":9.0,"enemies":"Writhing Mass","floor":48.0,"turns":5.0},{"damage":52,"enemies":"Awakened One","floor":50,"turns":5}],"seed_played":"5920400147278303413","potions_obtained":[{"floor":11.0,"key":"Swift Potion"},{"floor":14.0,"key":"BlessingOfTheForge"},{"floor":16.0,"key":"FocusPotion"},{"floor":23.0,"key":"EntropicBrew"},{"floor":25.0,"key":"CultistPotion"},{"floor":33.0,"key":"GamblersBrew"},{"floor":35.0,"key":"SpeedPotion"},{"floor":36.0,"key":"Fruit Juice"},{"floor":37.0,"key":"Strength Potion"},{"floor":45.0,"key":"DuplicationPotion"},{"floor":48.0,"key":"FearPotion"}],"is_trial":false,"path_per_floor":["M","$","M","?","?","R","E","R","T","R","M","E","M","M","R","B",null,"M","M","$","?","M","E","R","M","T","$","R","M","?","$","R","B",null,"M","M","M","M","$","R","M","M","T","?","M","$","M","M","R","B"],"character_chosen":"DEFECT","items_purchased":["Symbiotic Virus","Cables","Chill","Bag of Preparation","Mummified Hand","Self Repair","Skim"],"campfire_rested":6,"item_purchase_floors":[2,2,2,20,27,39,46],"current_hp_per_floor":[64,64,64,40,40,40,39,39,39,39,39,31,31,31,52,23,59,52,47,47,47,35,14,35,9,9,9,30,13,13,13,34,25,60,58,58,39,35,35,57,40,28,28,28,22,22,14,12,49,0,0],"gold":93,"neow_bonus":"THREE_CARDS","is_daily":false,"chose_seed":false,"campfire_upgraded":3,"win_rate":0.0,"timestamp":1611475004,"path_taken":["M","$","M","?","?","R","E","R","T","R","?","E","M","?","R","BOSS","M","M","?","?","M","E","R","M","T","$","R","M","?","$","R","BOSS","M","M","M","?","$","R","M","M","T","?","M","$","M","M","R","BOSS"],"items_purchased_type":["Relic","Relic","Card","Relic","Relic","Card","Card"],"build_version":"2020-12-22","purchased_purges":3,"victory":false,"max_hp_per_floor":[71,71,71,71,71,71,71,71,71,71,71,71,71,71,71,71,71,71,71,71,71,71,71,71,71,71,71,71,71,71,71,71,71,71,71,71,76,76,76,76,76,76,76,76,76,76,76,76,76,76,76],"card_choices":[{"not_picked":["Loop","Beam Cell"],"picked":"Conserve Battery","floor":0.0},{"not_picked":["Force Field","Steam"],"picked":"Sweeping Beam","floor":1.0},{"not_picked":["Go for the Eyes","Chaos"],"picked":"Streamline","floor":3.0},{"not_picked":["Hologram","Conserve Battery","Lockon"],"picked":"SKIP","floor":7.0},{"not_picked":["Turbo","Sunder"],"picked":"Compile Driver","floor":11.0},{"not_picked":["Force Field","Conserve Battery","Hyperbeam"],"picked":"SKIP","floor":12.0},{"not_picked":["Conserve Battery","Tempest","Storm"],"picked":"SKIP","floor":13.0},{"not_picked":["Rebound","Storm"],"picked":"Streamline","floor":14.0},{"not_picked":["Creative AI","Echo Form"],"picked":"Fission","floor":16.0},{"not_picked":["Go for the Eyes","Consume"],"picked":"Static Discharge+1","floor":18.0},{"not_picked":["Go for the Eyes","Sweeping Beam+1","Beam Cell"],"picked":"SKIP","floor":19.0},{"not_picked":["Steam Power","Leap"],"picked":"White Noise","floor":22.0},{"not_picked":["Redo","Tempest"],"picked":"Leap","floor":23.0},{"not_picked":["Rip and Tear+1","Compile Driver","Go for the Eyes"],"picked":"SKIP","floor":25.0},{"not_picked":["Cold Snap","Streamline"],"picked":"Echo Form","floor":29.0},{"not_picked":["Fission","Buffer"],"picked":"Electrodynamics","floor":33.0},{"not_picked":["Streamline","Reinforced Body","Coolheaded"],"picked":"SKIP","floor":35.0},{"not_picked":["Consume","Sweeping Beam","Double Energy"],"picked":"SKIP","floor":36.0},{"not_picked":["Conserve Battery","Beam Cell"],"picked":"Heatsinks","floor":37.0},{"not_picked":["Go for the Eyes","Streamline"],"picked":"Chaos","floor":38.0},{"not_picked":["Gash","Coolheaded","Cold Snap"],"picked":"SKIP","floor":41.0},{"not_picked":["Fusion","Stack","Ball Lightning+1"],"picked":"SKIP","floor":42.0},{"not_picked":["Thunder Strike","Redo+1","Turbo"],"picked":"SKIP","floor":45.0},{"not_picked":["Cold Snap","Static Discharge"],"picked":"Darkness","floor":47.0},{"not_picked":["FTL","Stack"],"picked":"Static Discharge+1","floor":48.0}],"player_experience":567183,"relics_obtained":[{"floor":7.0,"key":"Shuriken"},{"floor":9.0,"key":"Nunchaku"},{"floor":23.0,"key":"White Beast Statue"},{"floor":26.0,"key":"The Courier"},{"floor":43.0,"key":"Regal Pillow"}],"event_choices":[{"damage_healed":0.0,"max_hp_gain":0.0,"max_hp_loss":0.0,"gold_gain":0.0,"event_name":"Golden Idol","player_choice":"Take Damage","floor":4.0,"gold_loss":0.0,"damage_taken":24.0,"relics_obtained":["Golden Idol"]},{"cards_removed":["Streamline"],"damage_healed":0.0,"max_hp_gain":0.0,"max_hp_loss":0.0,"gold_gain":0.0,"event_name":"WeMeetAgain","player_choice":"Gave Card","floor":5.0,"gold_loss":0.0,"damage_taken":0.0,"relics_obtained":["StrikeDummy"]},{"damage_healed":0.0,"max_hp_gain":0.0,"max_hp_loss":0.0,"gold_gain":0.0,"event_name":"Cursed Tome","player_choice":"Ignored","floor":21.0,"gold_loss":0.0,"damage_taken":0.0},{"damage_healed":0.0,"max_hp_gain":0.0,"max_hp_loss":0.0,"gold_gain":0.0,"event_name":"Accursed Blacksmith","player_choice":"Forge","floor":30.0,"gold_loss":0.0,"damage_taken":0.0,"cards_upgraded":["Fission"]},{"cards_removed":["Strike_B"],"damage_healed":0.0,"max_hp_gain":0.0,"max_hp_loss":0.0,"gold_gain":0.0,"event_name":"Falling","player_choice":"Removed Attack","floor":44.0,"gold_loss":0.0,"damage_taken":0.0}],"is_beta":false,"boss_relics":[{"not_picked":["Coffee Dripper","Black Star"],"picked":"FrozenCore"},{"not_picked":["Runic Pyramid","Pandora\u0027s Box"],"picked":"Cursed Key"}],"items_purged_floors":[2,20,39],"is_endless":false,"potions_floor_spawned":[11,14,16,18,23,25,29,33,35,36,37,38,41,42,45,47,48],"killed_by":"Awakened One","ascension_level":15}}