{"host":"362zhnvmfmhc3u7b","time":1611514880,"event":{"mods":["BaseMod","Colored Powertips","Minty Spire (QoL Compilation)","Quick Restart","Rare Cards Sparkle","StSLib"],"gold_per_floor":[114,129,304,319,269,269,299,299,374,374,404,419,449,54,54,154,154,169,184,199,214,229,229,259,274,274,304,54,54,54,69,69,69,69],"floor_reached":33,"language":"ENG","playtime":2638,"items_purged":[],"score":357,"play_id":"7d5ee17b-aa60-4fc0-80a9-dda6cdc1dd3c","local_time":"20210124140120","daily_mods":["Draft","Colorless Cards","Terminal"],"is_ascension_mode":false,"campfire_choices":[{"data":"Predator","floor":6.0,"key":"SMITH"},{"data":"Catalyst","floor":8.0,"key":"SMITH"},{"data":"Sucker Punch","floor":10.0,"key":"SMITH"},{"data":"Well Laid Plans","floor":15.0,"key":"SMITH"},{"data":"Prepared","floor":23.0,"key":"SMITH"},{"data":"Footwork","floor":29.0,"key":"SMITH"},{"data":"Deflect","floor":32.0,"key":"SMITH"}],"circlet_count":0,"master_deck":["Acrobatics","Quick Slash","Enlightenment","Flying Knee","Catalyst+1","PiercingWail","Dagger Spray","Deadly Poison","Cloak And Dagger","Cloak And Dagger","Poisoned Stab","Cloak And Dagger","Underhanded Strike","Predator+1","Flying Knee","Dark Shackles","Sucker Punch+1","Panacea","Dagger Throw","Escape Plan","Prepared+1","Deflect+1","Flechettes","Well Laid Plans+1","Night Terror+1","Bouncing Flask+1","Deflect+1","Poisoned Stab+1","Expertise+1","Tactician+1","Footwork+1","Deflect+1","Writhe","Eviscerate"],"relics":["Ring of the Serpent","Bottled Flame","Mercury Hourglass","Oddly Smooth Stone","Bag of Marbles","Toxic Egg 2","Boot","Darkstone Periapt","Blue Candle","Pear","Nunchaku"],"acts_visited":["Exordium","TheCity"],"potions_floor_usage":[],"damage_taken":[{"damage":0.0,"enemies":"Small Slimes","floor":1.0,"turns":2.0},{"damage":0.0,"enemies":"2 Louse","floor":2.0,"turns":1.0},{"damage":0.0,"enemies":"Jaw Worm","floor":4.0,"turns":2.0},{"damage":4.0,"enemies":"Lagavulin","floor":7.0,"turns":4.0},{"damage":0.0,"enemies":"3 Sentries","floor":11.0,"turns":4.0},{"damage":0.0,"enemies":"Lots of Slimes","floor":12.0,"turns":1.0},{"damage":1.0,"enemies":"Gremlin Nob","floor":13.0,"turns":4.0},{"damage":4.0,"enemies":"The Guardian","floor":16.0,"turns":8.0},{"damage":0.0,"enemies":"3 Byrds","floor":18.0,"turns":4.0},{"damage":3.0,"enemies":"Spheric Guardian","floor":19.0,"turns":4.0},{"damage":2.0,"enemies":"Centurion and Healer","floor":20.0,"turns":7.0},{"damage":0.0,"enemies":"Snake Plant","floor":21.0,"turns":3.0},{"damage":0.0,"enemies":"3 Cultists","floor":22.0,"turns":4.0},{"damage":1.0,"enemies":"Book of Stabbing","floor":24.0,"turns":3.0},{"damage":2.0,"enemies":"Snecko","floor":25.0,"turns":3.0},{"damage":0.0,"enemies":"Gremlin Leader","floor":27.0,"turns":3.0},{"damage":4.0,"enemies":"Shelled Parasite and Fungi","floor":31.0,"turns":6.0},{"damage":61,"enemies":"Collector","floor":33,"turns":6}],"seed_played":"-992185634128019100","potions_obtained":[{"floor":2.0,"key":"GamblersBrew"},{"floor":4.0,"key":"LiquidMemories"},{"floor":16.0,"key":"SneckoOil"},{"floor":20.0,"key":"DistilledChaos"},{"floor":25.0,"key":"AttackPotion"}],"is_trial":false,"path_per_floor":["M","M","?","M","?","R","E","R","T","R","E","M","E","$","R","B",null,"M","M","M","M","M","R","E","M","T","E","$","R","?","M","R","B"],"character_chosen":"THE_SILENT","items_purchased":["Toxic Egg 2","Flechettes","Well Laid Plans","Pear"],"campfire_rested":0,"item_purchase_floors":[14,14,14,28],"current_hp_per_floor":[68,67,66,65,64,63,59,59,59,59,58,57,56,55,54,50,52,51,48,46,46,46,46,45,43,43,42,51,50,55,51,51,0,0],"gold":69,"neow_bonus":"","is_daily":true,"chose_seed":false,"campfire_upgraded":7,"win_rate":0.0,"timestamp":1611514880,"path_taken":["M","M","?","M","?","R","E","R","T","R","E","M","E","?","R","BOSS","M","?","M","?","M","R","E","M","T","E","$","R","?","M","R","BOSS"],"items_purchased_type":["Relic","Card","Card","Relic"],"build_version":"2020-12-22","purchased_purges":0,"victory":false,"max_hp_per_floor":[68,67,66,65,64,63,62,61,60,59,58,57,56,55,54,53,52,51,50,49,48,47,46,45,44,43,42,51,50,55,54,53,53,53],"card_choices":[{"not_picked":["Backflip","Slice"],"picked":"Acrobatics","floor":0.0},{"not_picked":["Prepared","Cloak And Dagger"],"picked":"Quick Slash","floor":0.0},{"not_picked":["PanicButton","Underhanded Strike"],"picked":"Enlightenment","floor":0.0},{"not_picked":["Trip","Impatience"],"picked":"Flying Knee","floor":0.0},{"not_picked":["Endless Agony","Finesse"],"picked":"Catalyst","floor":0.0},{"not_picked":["Finisher","Acrobatics"],"picked":"PiercingWail","floor":0.0},{"not_picked":["PiercingWail","Bane"],"picked":"Dagger Spray","floor":0.0},{"not_picked":["Prepared","PiercingWail"],"picked":"Deadly Poison","floor":0.0},{"not_picked":["Quick Slash","Expertise"],"picked":"Cloak And Dagger","floor":0.0},{"not_picked":["Quick Slash","Mind Blast"],"picked":"Cloak And Dagger","floor":0.0},{"not_picked":["Deadly Poison","Backflip"],"picked":"Poisoned Stab","floor":0.0},{"not_picked":["Dodge and Roll","Flying Knee"],"picked":"Cloak And Dagger","floor":0.0},{"not_picked":["Dodge and Roll","Acrobatics"],"picked":"Underhanded Strike","floor":0.0},{"not_picked":["Mind Blast","Escape Plan"],"picked":"Predator","floor":0.0},{"not_picked":["Cloak And Dagger","Caltrops"],"picked":"Flying Knee","floor":0.0},{"not_picked":["Bane","Poisoned Stab"],"picked":"Dark Shackles","floor":1.0},{"not_picked":["Outmaneuver","Bandage Up"],"picked":"Sucker Punch","floor":2.0},{"not_picked":["PiercingWail","Underhanded Strike"],"picked":"Panacea","floor":4.0},{"not_picked":["Mayhem","Acrobatics"],"picked":"Dagger Throw","floor":7.0},{"not_picked":["Outmaneuver","Dark Shackles"],"picked":"Escape Plan","floor":11.0},{"not_picked":["Dagger Throw","Finisher"],"picked":"Prepared","floor":12.0},{"not_picked":["Prepared","Deep Breath"],"picked":"Deflect","floor":13.0},{"not_picked":["Grand Finale","Unload"],"picked":"Night Terror+1","floor":16.0},{"not_picked":["Deflect+1","Escape Plan+1"],"picked":"Bouncing Flask+1","floor":18.0},{"not_picked":["Sucker Punch","Quick Slash+1","Distraction+1"],"picked":"SKIP","floor":19.0},{"not_picked":["Deadly Poison+1","Skewer"],"picked":"Deflect+1","floor":20.0},{"not_picked":["Dagger Spray","Sucker Punch+1"],"picked":"Poisoned Stab+1","floor":21.0},{"not_picked":["Eviscerate+1","Mind Blast"],"picked":"Expertise+1","floor":22.0},{"not_picked":["Dramatic Entrance","Outmaneuver+1"],"picked":"Tactician+1","floor":24.0},{"not_picked":["Thinking Ahead+1","Endless Agony"],"picked":"Footwork","floor":25.0},{"not_picked":["Caltrops","Underhanded Strike"],"picked":"Deflect+1","floor":27.0},{"not_picked":["Accuracy+1","Flechettes"],"picked":"Eviscerate","floor":31.0}],"player_experience":1565054,"relics_obtained":[{"floor":7.0,"key":"Bottled Flame"},{"floor":9.0,"key":"Mercury Hourglass"},{"floor":11.0,"key":"Oddly Smooth Stone"},{"floor":13.0,"key":"Bag of Marbles"},{"floor":24.0,"key":"Boot"},{"floor":26.0,"key":"Darkstone Periapt"},{"floor":27.0,"key":"Blue Candle"}],"event_choices":[{"damage_healed":0.0,"max_hp_gain":0.0,"max_hp_loss":0.0,"gold_gain":175.0,"event_name":"Liars Game","player_choice":"AGREE","floor":3.0,"gold_loss":0.0,"damage_taken":0.0,"cards_obtained":["Doubt"]},{"cards_removed":["Doubt"],"damage_healed":0.0,"max_hp_gain":0.0,"max_hp_loss":0.0,"gold_gain":0.0,"event_name":"The Cleric","player_choice":"Card Removal","floor":5.0,"gold_loss":50.0,"damage_taken":0.0},{"damage_healed":0.0,"max_hp_gain":0.0,"max_hp_loss":0.0,"gold_gain":0.0,"event_name":"The Mausoleum","player_choice":"Opened","floor":30.0,"gold_loss":0.0,"damage_taken":0.0,"relics_obtained":["Nunchaku"],"cards_obtained":["Writhe"]}],"is_beta":false,"boss_relics":[{"not_picked":["Philosopher\u0027s Stone","Tiny House"],"picked":"Ring of the Serpent"}],"items_purged_floors":[],"is_endless":false,"potions_floor_spawned":[2,4,16,20,21,25],"killed_by":"Collector","ascension_level":0}}