{"host":"cjhtzh7tp54jdfyv","time":1611466799,"event":{"mods":["AchievementEnabler","BaseMod","Colored Map","Colored Powertips","Curses Come First","DeckTracker","Filter the Spire","Minty Spire (QoL Compilation)","RNG Fix","Relic Sorter","Relic Stats","StSLib","UnlockEverythingMod","ojb\u0027s Better Paths Mod","ojb\u0027s Info Mod"],"gold_per_floor":[134,166,222,187,55,55,115,178,203,203,270,370,370,370,370,370,370],"floor_reached":16,"language":"ENG","playtime":998,"items_purged":["Strike_G"],"score":220,"play_id":"e5e53fd3-b1c8-4376-864a-607fd83166df","local_time":"20210124003959","is_ascension_mode":true,"campfire_choices":[{"data":"HandOfGreed","floor":6.0,"key":"SMITH"},{"floor":13,"key":"REST"},{"data":"Dagger Spray","floor":15,"key":"SMITH"}],"circlet_count":0,"master_deck":["AscendersBane","Strike_G","Strike_G","Strike_G","Strike_G","Defend_G","Defend_G","Defend_G","Defend_G","Defend_G+1","Survivor+1","Neutralize","HandOfGreed+1","Dagger Spray+1","Dagger Throw","Quick Slash","Masterful Stab"],"relics":["Ring of the Snake","Regal Pillow","War Paint","Snake Skull","HornCleat"],"acts_visited":["Exordium"],"potions_floor_usage":[16],"damage_taken":[{"damage":1.0,"enemies":"Cultist","floor":1.0,"turns":3.0},{"damage":11.0,"enemies":"Jaw Worm","floor":2.0,"turns":4.0},{"damage":4.0,"enemies":"Small Slimes","floor":3.0,"turns":4.0},{"damage":17.0,"enemies":"Lagavulin","floor":7.0,"turns":6.0},{"damage":15.0,"enemies":"Exordium Wildlife","floor":8.0,"turns":8.0},{"damage":0.0,"enemies":"3 Louse","floor":11.0,"turns":5.0},{"damage":15,"enemies":"3 Sentries","floor":12,"turns":10},{"damage":49,"enemies":"The Guardian","floor":16,"turns":12}],"seed_played":"5419420127995210595","potions_obtained":[{"floor":1.0,"key":"SkillPotion"},{"floor":7.0,"key":"PowerPotion"},{"floor":8.0,"key":"Ancient Potion"}],"is_trial":false,"path_per_floor":["M","M","M","?","$","R","E","M","T","?","M","E","R","T","R","B"],"character_chosen":"THE_SILENT","items_purchased":["AttackPotion"],"campfire_rested":1,"item_purchase_floors":[5],"current_hp_per_floor":[58,47,43,58,58,58,41,26,26,26,26,11,44,44,44,0,0],"gold":370,"neow_bonus":"RANDOM_COLORLESS_2","is_daily":false,"chose_seed":false,"campfire_upgraded":2,"win_rate":0.0,"timestamp":1611466799,"path_taken":["M","M","M","?","$","R","E","M","T","?","M","E","R","?","R","BOSS"],"items_purchased_type":["Potion"],"build_version":"2020-12-22","purchased_purges":1,"victory":false,"max_hp_per_floor":[60,60,60,60,60,60,60,60,60,60,60,60,60,60,60,60,60],"relic_stats":{"Regal Pillow":15,"counters":[8,52],"Snake Skull":[0],"War Paint":["Defend_G","Survivor"],"obtain_stats":[{"Regal Pillow":7,"HornCleat":14,"Snake Skull":12,"War Paint":9,"Ring of the Snake":0},{"Regal Pillow":4,"HornCleat":7,"Snake Skull":7,"War Paint":5,"Ring of the Snake":0},{"Regal Pillow":17,"HornCleat":40,"Snake Skull":40,"War Paint":25,"Ring of the Snake":0}],"Ring of the Snake":[16]},"card_choices":[{"not_picked":["Metamorphosis","Apotheosis"],"picked":"HandOfGreed","floor":0.0},{"not_picked":["Sucker Punch","Outmaneuver"],"picked":"Dagger Spray","floor":1.0},{"not_picked":["Poisoned Stab","Sucker Punch"],"picked":"Dagger Throw","floor":2.0},{"not_picked":["Outmaneuver","Dodge and Roll","Infinite Blades"],"picked":"SKIP","floor":3.0},{"not_picked":["A Thousand Cuts","Riddle With Holes"],"picked":"Quick Slash","floor":7.0},{"not_picked":["Poisoned Stab","Escape Plan"],"picked":"Masterful Stab","floor":8.0},{"not_picked":["Quick Slash","Infinite Blades","All Out Attack"],"picked":"SKIP","floor":11.0},{"not_picked":["Dagger Throw","Dagger Spray","Underhanded Strike"],"picked":"SKIP","floor":12}],"player_experience":4496386,"relics_obtained":[{"floor":7.0,"key":"Regal Pillow"},{"floor":9.0,"key":"War Paint"},{"floor":12,"key":"Snake Skull"},{"floor":14,"key":"HornCleat"}],"event_choices":[{"damage_healed":15.0,"max_hp_gain":0.0,"max_hp_loss":0.0,"gold_gain":0.0,"event_name":"The Cleric","player_choice":"Healed","floor":4.0,"gold_loss":35.0,"damage_taken":0.0},{"damage_healed":0.0,"max_hp_gain":0.0,"max_hp_loss":0.0,"gold_gain":0.0,"event_name":"Shining Light","player_choice":"Ignored","floor":10.0,"gold_loss":0.0,"damage_taken":0.0}],"is_beta":false,"boss_relics":[],"items_purged_floors":[5],"is_endless":false,"potions_floor_spawned":[1,7,8,12],"killed_by":"The Guardian","ascension_level":20}}