{"host":"zqowyf7xxb4s9ib0","time":1611531691,"event":{"mods":["BaseMod","Better Note","Colored Map","Colored Powertips","Downfall","Highlight Path","Minty Spire (QoL Compilation)","Permanent Neow","Quick Restart","StSLib"],"gold_per_floor":[99,99,116,116,134,146,169,183,183,196,96,120,120,132,150,252,252,252,264,264,264,27,57,57,57,57,57],"floor_reached":25,"language":"ENG","playtime":1542,"items_purged":["downfall:Bewildered"],"score":211,"play_id":"fef2b629-1748-4b91-8735-b612d3d713aa","local_time":"20210124154131","is_ascension_mode":false,"campfire_choices":[{"data":"Discovery","floor":1,"key":"SMITH"},{"floor":9,"key":"RECALL"},{"data":"champ:ShieldSlam","floor":11,"key":"SMITH"},{"data":"champ:Taunt","floor":13,"key":"SMITH"},{"data":"champ:UltimateStance","floor":18,"key":"SMITH"}],"circlet_count":0,"master_deck":["champ:Strike","champ:Strike","champ:Strike","champ:Strike","champ:Defend","champ:Defend","champ:Defend","champ:Defend","champ:Execute","champ:Taunt+1","Discovery+1","champ:BerserkersShout","champ:DefensiveShout","champ:EnGarde","champ:ShieldSlam+1","champ:FanOfKnives","champ:ArenaPreparation","champ:UltimateStance+1","champ:PreciseThrust","champ:TornadoPunch"],"relics":["champ:ChampionCrown","champ:LiftRelic","Bottled Lightning","champ:FightingForDummies","downfall:HeartBlessingRed","Vajra","Black Star","sneckomod:BabySnecko","Oddly Smooth Stone","Pen Nib","Dream Catcher"],"acts_visited":["Exordium","TheCity"],"potions_floor_usage":[16,16,25],"damage_taken":[{"damage":12,"enemies":"2 Louse","floor":3,"turns":4},{"damage":13,"enemies":"Jaw Worm","floor":5,"turns":3},{"damage":27,"enemies":"Cultist","floor":6,"turns":5},{"damage":21,"enemies":"Red Slaver","floor":8,"turns":4},{"damage":12,"enemies":"Blue Slaver","floor":10,"turns":3},{"damage":19,"enemies":"Gremlin Gang","floor":14,"turns":4},{"damage":25,"enemies":"Large Slime","floor":15,"turns":2},{"damage":62,"enemies":"WA_ARCHETYPE_RETAIN","floor":16,"turns":5},{"damage":35,"enemies":"Shell Parasite","floor":19,"turns":4},{"damage":20,"enemies":"downfall:FleeingMerchant","floor":22,"turns":4},{"damage":66,"enemies":"Slavers","floor":23,"turns":6},{"damage":83,"enemies":"Gremlin Leader","floor":25,"turns":5}],"seed_played":"-2575468582781437908","potions_obtained":[{"floor":5,"key":"LiquidBronze"},{"floor":6,"key":"sneckomod:MuddlingPotion"},{"floor":8,"key":"Fire Potion"},{"floor":15,"key":"SkillPotion"}],"is_trial":false,"path_per_floor":["R","?","M","T","M","M","T","M","R","M","R","T","R","M","M","B",null,"R","M","?","?","$","E","T","E"],"character_chosen":"THE_CHAMP","items_purchased":["Oddly Smooth Stone"],"campfire_rested":0,"item_purchase_floors":[22],"current_hp_per_floor":[90,90,88,88,85,83,83,82,82,80,80,80,80,71,71,44,90,90,90,90,90,90,64,64,0,0,0],"gold":57,"neow_bonus":"RANDOM_COLORLESS","is_daily":false,"chose_seed":false,"campfire_upgraded":4,"win_rate":0.0,"timestamp":1611531691,"path_taken":["R","?","M","?","M","M","T","M","R","M","R","?","R","M","M","BOSS","R","M","?","?","$","E","T","E"],"items_purchased_type":["Relic"],"build_version":"2020-12-22","purchased_purges":1,"victory":false,"max_hp_per_floor":[90,90,90,90,90,90,90,90,90,90,90,90,90,90,90,90,90,90,90,90,90,90,90,90,90,90,90],"card_choices":[{"not_picked":["Panacea","Jack Of All Trades"],"picked":"Discovery","floor":0},{"not_picked":["champ:DefensiveShout","champ:Lariat"],"picked":"champ:BerserkersShout","floor":3},{"not_picked":["champ:DeathBlow","champ:BerserkersShout"],"picked":"champ:DefensiveShout","floor":5},{"not_picked":["champ:FocusedBerserking","champ:PreciseThrust"],"picked":"champ:EnGarde","floor":6},{"not_picked":["champ:FaceSlap","champ:BladeFlurry"],"picked":"champ:ShieldSlam","floor":8},{"not_picked":["champ:Shatter","champ:Backstep"],"picked":"champ:FanOfKnives","floor":10},{"not_picked":["champ:EnGarde","champ:CrookedStrike"],"picked":"champ:ArenaPreparation","floor":14},{"not_picked":["champ:DefensiveShout","champ:EnragedBash","champ:Backstep"],"picked":"SKIP","floor":15},{"not_picked":["champ:LastStand","champ:CheapShot"],"picked":"champ:UltimateStance","floor":16},{"not_picked":["champ:ShieldWall","champ:Circumvent+1","champ:StanceDance+1"],"picked":"SKIP","floor":19},{"not_picked":["champ:FaceSlap","champ:CrookedStrike"],"picked":"champ:PreciseThrust","floor":22},{"not_picked":["champ:IronFortress","champ:ShieldSlam"],"picked":"champ:TornadoPunch","floor":23}],"player_experience":494784,"relics_obtained":[{"floor":4,"key":"Bottled Lightning"},{"floor":7,"key":"champ:FightingForDummies"},{"floor":12,"key":"Vajra"},{"floor":23,"key":"Pen Nib"},{"floor":23,"key":"Dream Catcher"}],"event_choices":[{"damage_healed":0,"gold_gain":0,"player_choice":"Ignored","damage_taken":0,"max_hp_gain":0,"max_hp_loss":0,"event_name":"betterNote:BetterNote","floor":20,"gold_loss":0,"cards_obtained":["expansioncontent:Chronoboost"]}],"is_beta":false,"boss_relics":[{"not_picked":["Calling Bell","Runic Pyramid"],"picked":"Black Star"}],"items_purged_floors":[22],"is_endless":false,"potions_floor_spawned":[5,6,8,10,15],"killed_by":"Gremlin Leader","ascension_level":0}}