{"host":"3rixevx6n8b56xaj","time":1611488069,"event":{"mods":["2.2 Compatiblity","AchievementEnabler","Arknights The Spire","BaseMod","Colored Map","DeckTracker","Friendly Minions","Minty Spire (QoL Compilation)","Poor People Problems","StSLib","SuperFastMode"],"gold_per_floor":[112,112,130,150,166,196,210,210,210,236,250,250,250,274,274,377,377,397,152,67,78,78,78,108,33,85,99,110,125,160,178,178,279,279,292,305,325,325,343,370,370,382,382,382,42,42,42,42,42,42,42,42,42,77,77,77],"floor_reached":55,"language":"KOR","playtime":2149,"items_purged":["Strike_B"],"score":849,"play_id":"e662989b-819e-4b8d-a4a1-a08acf30004a","local_time":"20210124203429","is_ascension_mode":false,"campfire_choices":[{"data":"Defragment","floor":8,"key":"SMITH"},{"data":"Dualcast","floor":12,"key":"SMITH"},{"data":"Lockon","floor":15,"key":"SMITH"},{"data":"Go for the Eyes","floor":23,"key":"SMITH"},{"data":"Coolheaded","floor":32,"key":"SMITH"},{"data":"Seek","floor":41,"key":"SMITH"},{"data":"Glacier","floor":44,"key":"SMITH"},{"data":"Turbo","floor":47,"key":"SMITH"},{"floor":49,"key":"RECALL"},{"data":"Madness","floor":52,"key":"SMITH"}],"circlet_count":0,"master_deck":["Defend_B","Defend_B","Zap+1","Dualcast+1","Defragment+1","Conserve Battery","Ball Lightning","BootSequence+1","Echo Form","Cold Snap","Coolheaded+1","Coolheaded+1","Go for the Eyes+1","Core Surge","Glacier+1","Compile Driver","Capacitor+1","Electrodynamics","Hologram+1","Seek+1","Machine Learning","Redo+1","Turbo+1","Madness","Madness+1","Reinforced Body"],"relics":["Cracked Core","DataDisk","FossilizedHelix","Letter Opener","Smiling Mask","Odd Mushroom","Nuclear Battery","Art of War","Unceasing Top","Gremlin Horn","Darkstone Periapt","Empty Cage","Symbiotic Virus","Orichalcum","Ice Cream","Bag of Marbles"],"acts_visited":["Exordium","TheCity","TheBeyond","TheEnding"],"potions_floor_usage":[6,10,16,24,28,28,30,33,39,55],"damage_taken":[{"damage":2,"enemies":"Jaw Worm","floor":1,"turns":4},{"damage":3,"enemies":"Small Slimes","floor":3,"turns":3},{"damage":0,"enemies":"2 Louse","floor":4,"turns":1},{"damage":5,"enemies":"Looter","floor":5,"turns":2},{"damage":14,"enemies":"3 Sentries","floor":6,"turns":5},{"damage":0,"enemies":"3 Louse","floor":7,"turns":3},{"damage":0,"enemies":"Lagavulin","floor":10,"turns":4},{"damage":5,"enemies":"Exordium Thugs","floor":11,"turns":3},{"damage":0,"enemies":"The Mushroom Lair","floor":14,"turns":3},{"damage":8,"enemies":"The Guardian","floor":16,"turns":6},{"damage":0,"enemies":"Chosen","floor":18,"turns":4},{"damage":0,"enemies":"2 Thieves","floor":21,"turns":4},{"damage":4,"enemies":"Book of Stabbing","floor":24,"turns":4},{"damage":0,"enemies":"Shelled Parasite and Fungi","floor":27,"turns":4},{"damage":0,"enemies":"3 Cultists","floor":28,"turns":5},{"damage":0,"enemies":"Centurion and Healer","floor":29,"turns":4},{"damage":2,"enemies":"Slavers","floor":30,"turns":4},{"damage":0,"enemies":"Sentry and Sphere","floor":31,"turns":5},{"damage":0,"enemies":"Collector","floor":33,"turns":6},{"damage":0,"enemies":"Orb Walker","floor":35,"turns":3},{"damage":0,"enemies":"3 Shapes","floor":36,"turns":3},{"damage":0,"enemies":"Spire Growth","floor":37,"turns":4},{"damage":0,"enemies":"3 Darklings","floor":39,"turns":4},{"damage":0,"enemies":"Giant Head","floor":40,"turns":10},{"damage":0,"enemies":"Transient","floor":42,"turns":5},{"damage":0,"enemies":"Time Eater","floor":50,"turns":14},{"damage":10,"enemies":"Shield and Spear","floor":54,"turns":5},{"damage":66,"enemies":"The Heart","floor":55,"turns":9}],"seed_played":"3381135872186655124","potions_obtained":[{"floor":3,"key":"Explosive Potion"},{"floor":6,"key":"EntropicBrew"},{"floor":7,"key":"AttackPotion"},{"floor":11,"key":"PowerPotion"},{"floor":14,"key":"LiquidMemories"},{"floor":28,"key":"BlessingOfTheForge"},{"floor":30,"key":"Block Potion"},{"floor":33,"key":"Explosive Potion"}],"is_trial":false,"path_per_floor":["M","?","M","M","M","E","M","R","T","E","M","R","?","?","R","B",null,"M","$","?","M","?","R","E","?","T","M","M","M","E","M","R","B",null,"M","M","M","?","M","E","R","M","T","R","$","?","R","?","R","B",null,"R","$","E","B"],"character_chosen":"DEFECT","items_purchased":["Coolheaded","Art of War","Ice Cream","Turbo"],"campfire_rested":0,"item_purchase_floors":[19,19,45,45],"current_hp_per_floor":[73,66,63,63,58,44,44,44,44,44,39,39,24,24,24,16,75,75,75,75,75,75,75,71,71,71,71,71,71,69,69,69,69,75,75,75,75,75,75,75,75,75,75,75,75,66,66,66,66,66,75,75,75,65,0,0],"gold":77,"neow_bonus":"RANDOM_COMMON_RELIC","is_daily":false,"chose_seed":false,"campfire_upgraded":9,"win_rate":0.0,"timestamp":1611488069,"path_taken":["M","?","M","M","M","E","M","R","T","E","M","R","?","?","R","BOSS","M","$","?","M","?","R","E","?","T","M","M","M","E","M","R","BOSS","M","M","M","?","M","E","R","M","T","R","$","?","R","?","R","BOSS","R","$","E","BOSS"],"items_purchased_type":["Card","Relic","Relic","Card"],"build_version":"2020-12-22","purchased_purges":1,"victory":false,"max_hp_per_floor":[75,75,75,75,75,75,75,75,75,75,75,75,75,75,75,75,75,75,75,75,75,75,75,75,75,75,75,75,75,75,75,75,75,75,75,75,75,75,75,75,75,75,75,75,75,75,75,75,75,75,75,75,75,75,75,75],"card_choices":[{"not_picked":["Stack","Streamline"],"picked":"Defragment","floor":1},{"not_picked":["Rebound","Chill"],"picked":"Sweeping Beam","floor":3},{"not_picked":["Go for the Eyes","Reprogram"],"picked":"Lockon","floor":4},{"not_picked":["Auto Shields","White Noise"],"picked":"Conserve Battery","floor":5},{"not_picked":["Redo","Stack","Go for the Eyes"],"picked":"SKIP","floor":6},{"not_picked":["Consume","Streamline"],"picked":"Ball Lightning","floor":7},{"not_picked":["Stack","Rainbow","Sweeping Beam"],"picked":"SKIP","floor":10},{"not_picked":["Sweeping Beam","Conserve Battery"],"picked":"BootSequence","floor":11},{"not_picked":["Go for the Eyes","Steam"],"picked":"Cold Snap","floor":14},{"not_picked":["Meteor Strike","Buffer"],"picked":"Echo Form","floor":16},{"not_picked":["Ball Lightning","Consume+1"],"picked":"Cold Snap","floor":18},{"not_picked":["Melter","Capacitor"],"picked":"Coolheaded+1","floor":21},{"not_picked":["Hyperbeam","Redo+1"],"picked":"Glacier","floor":24},{"not_picked":["Stack","Static Discharge+1"],"picked":"Compile Driver","floor":27},{"not_picked":["Leap+1","Consume","BootSequence"],"picked":"SKIP","floor":28},{"not_picked":["Rip and Tear+1","Compile Driver"],"picked":"Capacitor+1","floor":29},{"not_picked":["Consume+1","Compile Driver"],"picked":"Electrodynamics","floor":30},{"not_picked":["Leap+1","Barrage"],"picked":"Hologram+1","floor":31},{"not_picked":["Core Surge","Fission"],"picked":"Seek","floor":33},{"not_picked":["FTL","Conserve Battery","Consume"],"picked":"SKIP","floor":35},{"not_picked":["Hello World+1","Turbo+1","Compile Driver+1"],"picked":"SKIP","floor":36},{"not_picked":["Streamline","Genetic Algorithm+1","Stack"],"picked":"SKIP","floor":37},{"not_picked":["Consume+1","Blizzard+1"],"picked":"Machine Learning","floor":39},{"not_picked":["Go for the Eyes","Leap+1"],"picked":"Redo+1","floor":40},{"not_picked":["Redo","Rebound+1","Glacier"],"picked":"SKIP","floor":42},{"not_picked":["Scrape+1","Barrage","Cold Snap"],"picked":"SKIP","floor":54}],"player_experience":627398,"relics_obtained":[{"floor":6,"key":"FossilizedHelix"},{"floor":9,"key":"Letter Opener"},{"floor":10,"key":"Smiling Mask"},{"floor":14,"key":"Odd Mushroom"},{"floor":24,"key":"Gremlin Horn"},{"floor":30,"key":"Darkstone Periapt"},{"floor":40,"key":"Symbiotic Virus"},{"floor":43,"key":"Orichalcum"},{"floor":54,"key":"Bag of Marbles"}],"event_choices":[{"cards_removed":["Strike_B"],"damage_healed":0,"gold_gain":0,"player_choice":"Card Removal","damage_taken":7,"max_hp_gain":0,"max_hp_loss":0,"event_name":"Golden Wing","floor":2,"gold_loss":0},{"damage_healed":0,"gold_gain":0,"player_choice":"Entered Light","damage_taken":15,"max_hp_gain":0,"max_hp_loss":0,"event_name":"Shining Light","floor":13,"gold_loss":0,"cards_upgraded":["BootSequence","Zap"]},{"damage_healed":0,"gold_gain":0,"player_choice":"Fought Mushrooms","damage_taken":0,"max_hp_gain":0,"max_hp_loss":0,"event_name":"Mushrooms","floor":14,"gold_loss":0},{"damage_healed":0,"gold_gain":0,"player_choice":"Obtained Relic","damage_taken":0,"relics_obtained":["Unceasing Top"],"max_hp_gain":0,"max_hp_loss":0,"event_name":"Addict","floor":20,"gold_loss":85},{"damage_healed":0,"gold_gain":0,"cards_transformed":["Defend_B","Strike_B"],"player_choice":"Became Test Subject","damage_taken":0,"max_hp_gain":0,"max_hp_loss":0,"event_name":"Drug Dealer","floor":22,"gold_loss":0,"cards_obtained":["Go for the Eyes","Core Surge"]},{"cards_removed":["Strike_B"],"damage_healed":0,"gold_gain":0,"player_choice":"Gave Gold","damage_taken":0,"max_hp_gain":0,"max_hp_loss":0,"event_name":"Beggar","floor":25,"gold_loss":75},{"cards_removed":["Lockon"],"damage_healed":0,"gold_gain":0,"player_choice":"Removed Attack","damage_taken":0,"max_hp_gain":0,"max_hp_loss":0,"event_name":"Falling","floor":38,"gold_loss":0},{"damage_healed":0,"gold_gain":0,"player_choice":"Embrace Madness","damage_taken":9,"max_hp_gain":0,"max_hp_loss":0,"event_name":"Winding Halls","floor":46,"gold_loss":0,"cards_obtained":["Madness","Madness"]},{"damage_healed":0,"gold_gain":0,"cards_transformed":["Cold Snap"],"player_choice":"Transformed","damage_taken":0,"max_hp_gain":0,"max_hp_loss":0,"event_name":"Transmorgrifier","floor":48,"gold_loss":0,"cards_obtained":["Reinforced Body"]}],"is_beta":false,"boss_relics":[{"not_picked":["Inserter","Ectoplasm"],"picked":"Nuclear Battery"},{"not_picked":["Tiny House","SacredBark"],"picked":"Empty Cage"}],"items_purged_floors":[19],"is_endless":false,"potions_floor_spawned":[3,6,7,11,14,28,30,33,35],"killed_by":"The Heart","ascension_level":0}}