{"host":"kiczkwpc36uxnkg8","time":1611506124,"event":{"mods":["AchievementEnabler","Act Like it!","Aspiration","BaseMod","Colored Powertips","Energized Spire","GifTheSpireLib","Hubris","Infinite Spire","Koishi","Minty Spire (QoL Compilation)","Pale of the Ancients","Permanent Neow","Quick Restart","Relic Filter","Remilia??????","Replay The Spire","Spicy Shops","StSLib","Stuff the Spire","The Alterego","The Bug Knight","The Servant 0.9.4","Wandering Minibosses"],"gold_per_floor":[109,56,56,161,173,173,208,219,246,281,300,300,300,314,314,412,412,431,431,445,331,271,271,271],"floor_reached":23,"language":"ENG","playtime":1187,"items_purged":["Defend_S"],"score":274,"play_id":"66b72e57-1334-41cb-931e-8b2e9e17610c","local_time":"20210124163524","is_ascension_mode":true,"campfire_choices":[{"data":"Potential","floor":6,"key":"SMITH"},{"floor":12,"key":"REST"},{"data":"DoubleEdge","floor":15,"key":"PURGE"}],"circlet_count":0,"master_deck":["Strike_S","Strike_S","Strike_S","Strike_S","Defend_S","Defend_S+1","Defend_S","KidneyShot","Exchange","ShatteredReality","TimeWarp","Rewind","Rewind","StarChef","Contraction+1","Alleviate","Potential+1","ShatteredReality","Replace","Replace","Foresight"],"relics":["Uniform","RomanBracelet","StuffTheSpire:HeavyRock","HollowMod:PaleOreRelic","StuffTheSpire:NeowsTribute","aspiration:FutureDiary"],"acts_visited":["Exordium","TheCity"],"potions_floor_usage":[18],"damage_taken":[{"damage":0,"enemies":"2 Louse","floor":1,"turns":2},{"damage":0,"enemies":"Small Slimes","floor":5,"turns":2},{"damage":8,"enemies":"Lagavulin","floor":7,"turns":8},{"damage":0,"enemies":"Jaw Worm","floor":8,"turns":3},{"damage":20,"enemies":"Gremlin Nob","floor":10,"turns":3},{"damage":0,"enemies":"3 Louse","floor":11,"turns":3},{"damage":0,"enemies":"2 Fungi Beasts","floor":14,"turns":2},{"damage":0,"enemies":"Hexaghost","floor":16,"turns":14},{"damage":6,"enemies":"2 Thieves","floor":18,"turns":4},{"damage":42,"enemies":"Sentry and Sphere","floor":20,"turns":8},{"damage":8,"enemies":"HollowMod:Nosk","floor":23,"turns":3}],"seed_played":"7365664602517132871","potions_obtained":[{"floor":1,"key":"BlessingOfTheForge"},{"floor":10,"key":"DistilledChaos"},{"floor":16,"key":"AttackPotion"},{"floor":18,"key":"ColorlessPotion"}],"is_trial":false,"path_per_floor":["M","$","?","?","M","R","E","M","T","E","M","R","?","M","R","B",null,"M","?","M","$","?","E"],"character_chosen":"THE_SERVANT","items_purchased":["TimeWarp","Foresight"],"campfire_rested":1,"item_purchase_floors":[2,21],"current_hp_per_floor":[59,59,59,59,59,59,51,51,51,31,31,48,36,36,36,36,59,53,43,1,1,1,0,0],"gold":271,"neow_bonus":"ONE_RARE_RELIC","is_daily":false,"chose_seed":false,"campfire_upgraded":1,"win_rate":0.0,"timestamp":1611506124,"path_taken":["M","$","?","?","M","R","E","M","T","E","M","R","?","?","R","BOSS","M","?","M","$","?","E"],"items_purchased_type":["Card","Card"],"build_version":"2020-12-22","purchased_purges":1,"victory":false,"max_hp_per_floor":[59,59,59,59,59,59,59,59,59,59,59,59,59,59,59,59,59,59,64,64,64,64,64,64],"card_choices":[{"not_picked":["BestPractice","Ricochet"],"picked":"ShatteredReality","floor":1},{"not_picked":["Revamp","Unruled"],"picked":"Alleviate","floor":4},{"not_picked":["InstantArmor","Rewind"],"picked":"Potential","floor":4},{"not_picked":["Revamp","Rearm","FastForward"],"picked":"SKIP","floor":5},{"not_picked":["Desolation","Sunlight","Moonlight"],"picked":"SKIP","floor":7},{"not_picked":["Luminosity","Manipulate","Ricochet"],"picked":"SKIP","floor":8},{"not_picked":["TimeWarp","Spin"],"picked":"ShatteredReality","floor":10},{"not_picked":["Revamp","Replace","MoonPhase"],"picked":"SKIP","floor":11},{"not_picked":["Unruled","Starlight","SurpressingFire"],"picked":"SKIP","floor":14},{"not_picked":["Revamp","Rearm"],"picked":"Replace","floor":18},{"not_picked":["Revamp","Desolation"],"picked":"Replace","floor":20}],"player_experience":629843,"relics_obtained":[{"floor":7,"key":"StuffTheSpire:HeavyRock"},{"floor":9,"key":"HollowMod:PaleOreRelic"},{"floor":10,"key":"StuffTheSpire:NeowsTribute"}],"event_choices":[{"damage_healed":0,"gold_gain":0,"player_choice":"Entered Light","damage_taken":12,"max_hp_gain":0,"max_hp_loss":0,"event_name":"Shining Light","floor":13,"gold_loss":0,"cards_upgraded":["Contraction","Defend_S"]},{"damage_healed":0,"gold_gain":0,"player_choice":"Shed Blood","damage_taken":15,"max_hp_gain":5,"max_hp_loss":0,"event_name":"Forgotten Altar","floor":19,"gold_loss":0}],"is_beta":false,"boss_relics":[{"not_picked":["hubris:HollowSoul","aspiration:RunicSpoon"],"picked":"aspiration:FutureDiary"}],"items_purged_floors":[21],"is_endless":false,"potions_floor_spawned":[1,10,16,18,20],"killed_by":"HollowMod:Nosk","ascension_level":2}}