{"host":"z42sc0n2dozsmk72","time":1611490781,"event":{"mods":["AchievementEnabler","BaseMod","Better Third Choice","Colored Map","Curses Come First","Highlight Path","Minty Spire (QoL Compilation)","Permanent Neow","Quick Restart","Relic Stats","Shop Mod","StSLib","egg","slay the spire mod where everything is the same but ironclad has a cowboy hat"],"gold_per_floor":[114,114,133,153,166,166,178,178,232,262,232,157,168,196,196,300,300,312,330,342,342,26,54,54,86,109,109,109,124,124,143,143,244,244,259,259,272,292,192,192,219,219,243,276,276,276],"floor_reached":45,"language":"ENG","playtime":2919,"items_purged":["Strike_R","Strike_R+1"],"score":716,"play_id":"220524a8-cab3-4535-b88c-5d8b8b21d74d","local_time":"20210125011940","is_ascension_mode":true,"campfire_choices":[{"data":"Iron Wave","floor":6.0,"key":"SMITH"},{"data":"Pommel Strike","floor":8.0,"key":"SMITH"},{"data":"Flame Barrier","floor":15.0,"key":"SMITH"},{"floor":24.0,"key":"REST"},{"data":"Armaments","floor":27.0,"key":"SMITH"},{"data":"Entrench","floor":30.0,"key":"SMITH"},{"data":"Barricade","floor":32.0,"key":"SMITH"},{"data":"Demon Form","floor":40.0,"key":"SMITH"},{"data":"Entrench","floor":42.0,"key":"SMITH"}],"circlet_count":0,"master_deck":["Strike_R+1","Strike_R+1","Strike_R+1","Defend_R+1","Defend_R+1","Defend_R+1","Defend_R+1","Bash","Panache","Inflame+1","Iron Wave+1","Pommel Strike+1","Seeing Red+1","Flame Barrier+1","Bludgeon","Demon Form+1","Warcry+1","Entrench+1","Rage","Burning Pact+1","Demon Form","Armaments+1","Barricade+1","Demon Form","Entrench+1"],"relics":["Burning Blood","Boot","Ornamental Fan","War Paint","SlaversCollar","HornCleat","Mercury Hourglass","Bottled Lightning","Strawberry","Busted Crown","Darkstone Periapt","Ice Cream"],"acts_visited":["Exordium","TheCity","TheBeyond"],"potions_floor_usage":[45],"damage_taken":[{"damage":11.0,"enemies":"2 Louse","floor":1.0,"turns":2.0},{"damage":0.0,"enemies":"Small Slimes","floor":3.0,"turns":3.0},{"damage":1.0,"enemies":"Cultist","floor":4.0,"turns":3.0},{"damage":5.0,"enemies":"Large Slime","floor":5.0,"turns":5.0},{"damage":14.0,"enemies":"Blue Slaver","floor":7.0,"turns":4.0},{"damage":15.0,"enemies":"Gremlin Nob","floor":10.0,"turns":3.0},{"damage":2.0,"enemies":"Red Slaver","floor":13.0,"turns":3.0},{"damage":13.0,"enemies":"3 Sentries","floor":14.0,"turns":8.0},{"damage":0.0,"enemies":"Slime Boss","floor":16.0,"turns":7.0},{"damage":30.0,"enemies":"Spheric Guardian","floor":18.0,"turns":6.0},{"damage":20.0,"enemies":"2 Thieves","floor":19.0,"turns":4.0},{"damage":27.0,"enemies":"Snake Plant","floor":20.0,"turns":5.0},{"damage":8.0,"enemies":"Slavers","floor":23.0,"turns":6.0},{"damage":39.0,"enemies":"Book of Stabbing","floor":25.0,"turns":7.0},{"damage":5.0,"enemies":"Sentry and Sphere","floor":29.0,"turns":4.0},{"damage":7.0,"enemies":"Centurion and Healer","floor":31.0,"turns":7.0},{"damage":0.0,"enemies":"Automaton","floor":33.0,"turns":9.0},{"damage":14.0,"enemies":"3 Darklings","floor":35.0,"turns":6.0},{"damage":0.0,"enemies":"Orb Walker","floor":37.0,"turns":3.0},{"damage":15.0,"enemies":"3 Darklings","floor":38.0,"turns":5.0},{"damage":33.0,"enemies":"Nemesis","floor":41.0,"turns":7.0},{"damage":1.0,"enemies":"Giant Head","floor":44.0,"turns":7.0},{"damage":57,"enemies":"Transient","floor":45,"turns":4}],"seed_played":"32170484747585053","potions_obtained":[{"floor":4.0,"key":"SkillPotion"},{"floor":7.0,"key":"PowerPotion"},{"floor":11.0,"key":"Regen Potion"},{"floor":11.0,"key":"DuplicationPotion"},{"floor":13.0,"key":"CultistPotion"},{"floor":20.0,"key":"SteroidPotion"},{"floor":29.0,"key":"PowerPotion"},{"floor":33.0,"key":"ElixirPotion"},{"floor":35.0,"key":"SkillPotion"},{"floor":41.0,"key":"Weak Potion"}],"is_trial":false,"path_per_floor":["M","?","M","M","M","R","M","R","T","E","?","$","M","E","R","B",null,"M","M","M","?","$","E","R","E","T","R","?","M","R","M","R","B",null,"M","?","M","M","$","R","E","R","T","E","M"],"character_chosen":"IRONCLAD","items_purchased":["HornCleat","Burning Pact"],"campfire_rested":1,"item_purchase_floors":[22,22],"current_hp_per_floor":[51,51,57,62,63,63,55,55,55,46,46,46,50,58,58,64,80,56,42,21,21,21,19,43,10,17,17,17,18,18,17,17,23,87,79,79,85,76,76,76,49,49,49,54,0,0],"gold":276,"neow_bonus":"RANDOM_COLORLESS_2","is_daily":false,"chose_seed":false,"campfire_upgraded":8,"win_rate":0.0,"timestamp":1611490780,"path_taken":["M","?","M","M","M","R","M","R","T","E","?","$","M","E","R","BOSS","M","M","M","?","$","E","R","E","T","R","?","M","R","M","R","BOSS","M","?","M","?","?","R","E","R","T","E","M"],"items_purchased_type":["Relic","Card"],"build_version":"2020-12-22","purchased_purges":2,"victory":false,"max_hp_per_floor":[80,80,80,80,80,80,80,80,80,80,80,80,80,80,80,80,80,80,80,80,80,80,80,80,80,87,87,87,87,87,87,87,87,87,87,87,87,87,87,87,87,87,87,87,87,87],"relic_stats":{"Darkstone Periapt":0,"Busted Crown":10,"counters":[23,118],"Ornamental Fan":[48],"War Paint":["Seeing Red","Defend_R"],"Boot":[12],"obtain_stats":[{"Darkstone Periapt":41,"Ice Cream":44,"SlaversCollar":17,"HornCleat":22,"Busted Crown":34,"Ornamental Fan":10,"Strawberry":26,"Bottled Lightning":25,"War Paint":14,"Boot":9,"Burning Blood":0,"Mercury Hourglass":23},{"Darkstone Periapt":21,"Ice Cream":22,"SlaversCollar":9,"HornCleat":12,"Busted Crown":17,"Ornamental Fan":6,"Strawberry":14,"Bottled Lightning":14,"War Paint":8,"Boot":5,"Burning Blood":0,"Mercury Hourglass":13},{"Darkstone Periapt":107,"Ice Cream":114,"SlaversCollar":38,"HornCleat":53,"Busted Crown":86,"Ornamental Fan":20,"Strawberry":66,"Bottled Lightning":66,"War Paint":31,"Boot":17,"Burning Blood":0,"Mercury Hourglass":59}],"Burning Blood":132,"Mercury Hourglass":[222]},"card_choices":[{"not_picked":["Master of Strategy","Magnetism"],"picked":"Panache","floor":0.0},{"not_picked":["Wild Strike","Pommel Strike"],"picked":"Inflame","floor":1.0},{"not_picked":["Twin Strike","Bloodletting"],"picked":"Iron Wave","floor":3.0},{"not_picked":["Whirlwind","Sever Soul","Power Through"],"picked":"SKIP","floor":4.0},{"not_picked":["Flex","Heavy Blade"],"picked":"Pommel Strike","floor":5.0},{"not_picked":["Havoc","Battle Trance"],"picked":"Seeing Red","floor":7.0},{"not_picked":["Pommel Strike","Cleave","Twin Strike"],"picked":"SKIP","floor":10.0},{"not_picked":["Warcry","Headbutt"],"picked":"Flame Barrier","floor":13.0},{"not_picked":["Second Wind","Blood for Blood"],"picked":"Bludgeon","floor":14.0},{"not_picked":["Bludgeon","Limit Break"],"picked":"Demon Form","floor":16.0},{"not_picked":["Searing Blow","Clothesline"],"picked":"Warcry+1","floor":18.0},{"not_picked":["Perfected Strike+1","Whirlwind"],"picked":"Entrench","floor":19.0},{"not_picked":["Pommel Strike","Anger"],"picked":"Rage","floor":20.0},{"not_picked":["Inflame+1","Headbutt"],"picked":"Demon Form","floor":23.0},{"not_picked":["Warcry","Wild Strike+1"],"picked":"Armaments","floor":25.0},{"not_picked":["Hemokinesis","Burning Pact","Spot Weakness"],"picked":"SKIP","floor":29.0},{"not_picked":["Rampage","Metallicize+1"],"picked":"Barricade","floor":31.0},{"not_picked":["Brutality","Juggernaut"],"picked":"Demon Form","floor":33.0},{"not_picked":["Clash+1"],"picked":"SKIP","floor":35.0},{"not_picked":["Perfected Strike+1"],"picked":"SKIP","floor":37.0},{"not_picked":["Sword Boomerang+1"],"picked":"SKIP","floor":38.0},{"not_picked":[],"picked":"Entrench","floor":41.0},{"not_picked":["Flex"],"picked":"SKIP","floor":44.0}],"player_experience":870889,"relics_obtained":[{"floor":9.0,"key":"Boot"},{"floor":10.0,"key":"Ornamental Fan"},{"floor":14.0,"key":"War Paint"},{"floor":23.0,"key":"Mercury Hourglass"},{"floor":25.0,"key":"Bottled Lightning"},{"floor":26.0,"key":"Strawberry"},{"floor":41.0,"key":"Darkstone Periapt"},{"floor":44.0,"key":"Ice Cream"}],"event_choices":[{"damage_healed":0.0,"max_hp_gain":0.0,"max_hp_loss":0.0,"gold_gain":0.0,"event_name":"Living Wall","player_choice":"Grow","floor":2.0,"gold_loss":0.0,"damage_taken":0.0,"cards_upgraded":["Inflame"]},{"damage_healed":0.0,"max_hp_gain":0.0,"max_hp_loss":0.0,"gold_gain":0.0,"event_name":"The Woman in Blue","player_choice":"Bought 2 Potions","floor":11.0,"gold_loss":0.0,"damage_taken":0.0},{"damage_healed":0.0,"max_hp_gain":0.0,"max_hp_loss":7.0,"gold_gain":0.0,"event_name":"betterThird:BetterWriting","player_choice":"Simplicity","floor":21.0,"gold_loss":0.0,"damage_taken":0.0},{"damage_healed":0.0,"max_hp_gain":0.0,"max_hp_loss":0.0,"gold_gain":0.0,"event_name":"The Mausoleum","player_choice":"Ignored","floor":28.0,"gold_loss":0.0,"damage_taken":0.0},{"damage_healed":0.0,"max_hp_gain":0.0,"max_hp_loss":0.0,"gold_gain":0.0,"event_name":"Accursed Blacksmith","player_choice":"Forge","floor":36.0,"gold_loss":0.0,"damage_taken":0.0,"cards_upgraded":["Burning Pact"]}],"is_beta":false,"boss_relics":[{"not_picked":["Fusion Hammer","Calling Bell"],"picked":"SlaversCollar"},{"not_picked":["SacredBark","Astrolabe"],"picked":"Busted Crown"}],"items_purged_floors":[12,39],"is_endless":false,"potions_floor_spawned":[4,7,13,20,29,33,35,41],"killed_by":"Transient","ascension_level":3}}