{"host":"9n6i2vl93jt4o42q","time":1611524097,"event":{"mods":["BaseMod","Minty Spire (QoL Compilation)","Relic Stats"],"gold_per_floor":[112,130,130,130,141,173,249,268,268,268,303,314,36,49,49,123,123,123,123,63,63,63,63,63,63,63],"floor_reached":25,"language":"ENG","playtime":1510,"items_purged":[],"score":466,"play_id":"f8fb660d-0379-4828-ac02-20dcdb7cffde","local_time":"20210124223457","is_ascension_mode":true,"campfire_choices":[{"floor":10.0,"key":"REST"},{"floor":15.0,"key":"REST"}],"circlet_count":0,"master_deck":["AscendersBane","Strike_G","Strike_G","Strike_G","Strike_G","Defend_G","Defend_G","Defend_G","Defend_G","Defend_G","Survivor","Neutralize","Flying Knee","Dagger Spray","Prepared","Bouncing Flask","Cloak And Dagger","Glass Knife","Blade Dance","Deflect","Backflip","Backstab","Accuracy","Underhanded Strike","Corpse Explosion","Slice+1","Blur","Quick Slash","Writhe","Calculated Gamble"],"relics":["Ring of the Snake","Nunchaku","Ninja Scroll","Darkstone Periapt","Matryoshka","Bag of Preparation","Ectoplasm","Mercury Hourglass","Orichalcum"],"acts_visited":["Exordium","TheCity"],"potions_floor_usage":[],"damage_taken":[{"damage":4.0,"enemies":"Small Slimes","floor":1.0,"turns":4.0},{"damage":0.0,"enemies":"Jaw Worm","floor":2.0,"turns":4.0},{"damage":1.0,"enemies":"Cultist","floor":5.0,"turns":4.0},{"damage":24.0,"enemies":"3 Sentries","floor":6.0,"turns":9.0},{"damage":20.0,"enemies":"Exordium Thugs","floor":8.0,"turns":4.0},{"damage":1.0,"enemies":"Gremlin Nob","floor":11.0,"turns":3.0},{"damage":3.0,"enemies":"Looter","floor":12.0,"turns":2.0},{"damage":0.0,"enemies":"Blue Slaver","floor":14.0,"turns":1.0},{"damage":9.0,"enemies":"Slime Boss","floor":16.0,"turns":7.0},{"damage":14.0,"enemies":"Chosen","floor":18.0,"turns":4.0},{"damage":15.0,"enemies":"2 Thieves","floor":20.0,"turns":4.0},{"damage":13.0,"enemies":"3 Cultists","floor":22.0,"turns":5.0},{"damage":7,"enemies":"Slavers","floor":23,"turns":2},{"damage":13,"enemies":"Snake Plant","floor":25,"turns":2}],"seed_played":"-8388468561043072865","potions_obtained":[{"floor":1.0,"key":"AttackPotion"},{"floor":2.0,"key":"CultistPotion"},{"floor":16.0,"key":"Weak Potion"},{"floor":20.0,"key":"SpeedPotion"}],"is_trial":false,"path_per_floor":["M","M","?","?","M","E","T","M","T","R","E","M","$","M","R","B",null,"M","?","M","?","M","E","?","M"],"character_chosen":"THE_SILENT","items_purchased":["Bag of Preparation","Backstab","Accuracy"],"campfire_rested":2,"item_purchase_floors":[13,13,13],"current_hp_per_floor":[55,55,55,55,54,30,30,10,10,29,28,25,25,25,44,35,58,44,44,29,35,22,15,9,0,0],"gold":63,"neow_bonus":"THREE_CARDS","is_daily":false,"chose_seed":false,"campfire_upgraded":0,"win_rate":0.0,"timestamp":1611524097,"path_taken":["M","M","?","?","M","E","?","M","T","R","E","?","?","M","R","BOSS","M","?","M","?","?","E","?","M"],"items_purchased_type":["Relic","Card","Card"],"build_version":"2020-12-22","purchased_purges":0,"victory":false,"max_hp_per_floor":[66,66,66,66,66,66,66,66,66,66,66,66,66,66,66,66,66,66,66,66,72,72,72,72,72,72],"relic_stats":{"Darkstone Periapt":6,"Nunchaku":[13],"counters":[14,55],"Ectoplasm":132,"Bag of Preparation":[0],"Orichalcum":[6],"obtain_stats":[{"Darkstone Periapt":9,"Nunchaku":6,"Matryoshka":11,"Ninja Scroll":7,"Ectoplasm":17,"Bag of Preparation":13,"Orichalcum":23,"Ring of the Snake":0,"Mercury Hourglass":21},{"Darkstone Periapt":5,"Nunchaku":4,"Matryoshka":6,"Ninja Scroll":4,"Ectoplasm":9,"Bag of Preparation":7,"Orichalcum":13,"Ring of the Snake":0,"Mercury Hourglass":11},{"Darkstone Periapt":25,"Nunchaku":21,"Matryoshka":28,"Ninja Scroll":21,"Ectoplasm":38,"Bag of Preparation":30,"Orichalcum":53,"Ring of the Snake":0,"Mercury Hourglass":46}],"Ring of the Snake":[28],"Mercury Hourglass":[48]},"card_choices":[{"not_picked":["Masterful Stab","Riddle With Holes"],"picked":"Flying Knee","floor":0.0},{"not_picked":["Infinite Blades","Cloak And Dagger"],"picked":"Dagger Spray","floor":1.0},{"not_picked":["Acrobatics","PiercingWail"],"picked":"Prepared","floor":2.0},{"not_picked":["Well Laid Plans","Acrobatics"],"picked":"Cloak And Dagger","floor":5.0},{"not_picked":["Outmaneuver","Heel Hook"],"picked":"Glass Knife","floor":6.0},{"not_picked":["Dodge and Roll","Flying Knee"],"picked":"Blade Dance","floor":8.0},{"not_picked":["Heel Hook","Endless Agony"],"picked":"Deflect","floor":11.0},{"not_picked":["Prepared","Underhanded Strike"],"picked":"Backflip","floor":12.0},{"not_picked":["Slice","Outmaneuver"],"picked":"Underhanded Strike","floor":14.0},{"not_picked":["Malaise","Wraith Form v2"],"picked":"Corpse Explosion","floor":16.0},{"not_picked":["Infinite Blades","Endless Agony"],"picked":"Slice+1","floor":18.0},{"not_picked":["Deflect","Distraction"],"picked":"Quick Slash","floor":20.0},{"not_picked":["Dodge and Roll","Sucker Punch"],"picked":"Calculated Gamble","floor":22.0},{"not_picked":["Outmaneuver","Bouncing Flask","Accuracy"],"picked":"SKIP","floor":23}],"player_experience":2261445,"relics_obtained":[{"floor":6.0,"key":"Nunchaku"},{"floor":7.0,"key":"Ninja Scroll"},{"floor":9.0,"key":"Darkstone Periapt"},{"floor":11.0,"key":"Matryoshka"},{"floor":23,"key":"Orichalcum"}],"event_choices":[{"damage_healed":0.0,"max_hp_gain":0.0,"max_hp_loss":0.0,"gold_gain":0.0,"cards_transformed":["Strike_G"],"event_name":"Living Wall","player_choice":"Change","floor":3.0,"gold_loss":0.0,"damage_taken":0.0,"cards_obtained":["Bouncing Flask"]},{"damage_healed":0.0,"max_hp_gain":0.0,"max_hp_loss":0.0,"gold_gain":0.0,"event_name":"Liars Game","player_choice":"Ignored","floor":4.0,"gold_loss":0.0,"damage_taken":0.0},{"damage_healed":0.0,"max_hp_gain":0.0,"max_hp_loss":0.0,"gold_gain":0.0,"event_name":"The Library","player_choice":"Read","floor":19.0,"gold_loss":0.0,"damage_taken":0.0,"cards_obtained":["Blur"]},{"damage_healed":0.0,"max_hp_gain":0.0,"max_hp_loss":0.0,"gold_gain":0.0,"event_name":"The Mausoleum","player_choice":"Opened","floor":21.0,"gold_loss":0.0,"damage_taken":0.0,"relics_obtained":["Mercury Hourglass"],"cards_obtained":["Writhe"]},{"damage_healed":0,"gold_gain":0,"player_choice":"","damage_taken":6,"max_hp_gain":0,"max_hp_loss":0,"event_name":"Knowing Skull","floor":24,"potions_obtained":[],"gold_loss":0,"cards_obtained":[]}],"is_beta":false,"boss_relics":[{"not_picked":["WristBlade","Ring of the Serpent"],"picked":"Ectoplasm"}],"items_purged_floors":[],"is_endless":false,"potions_floor_spawned":[1,2,16,20,23],"killed_by":"Snake Plant","ascension_level":20}}