{"host":"y15j0sqd0it1yzon","time":1611450530,"event":{"mods":["AchievementEnabler","BaseMod","Lobotomy","Minty Spire (QoL Compilation)","StSLib"],"gold_per_floor":[117,131,131,82,82,82,9,9,9,27,0,0,19,33,33,132,182,196,196,206,131,131,131],"floor_reached":22,"language":"ENG","playtime":2228,"items_purged":[],"score":174,"play_id":"be9f7089-fabf-4a83-8c7d-2b15ad912066","local_time":"20210124010850","is_ascension_mode":false,"campfire_choices":[{"floor":6.0,"key":"REST"},{"data":"Noxious Fumes","floor":8.0,"key":"SMITH"},{"data":"1","floor":12.0,"key":"LIFT"},{"data":"2","floor":15.0,"key":"LIFT"}],"circlet_count":0,"master_deck":["Strike_G","Strike_G","Strike_G","Strike_G","Strike_G","Defend_G","Defend_G","Defend_G","Defend_G","Defend_G","Survivor","Neutralize","MHz","Slice+1","Noxious Fumes+1","Wellcheers","PiercingWail","NakedNest","Deadly Poison","UniverseFragment","BigBird","Deadly Poison","DespairKnight","Footwork+1","FairyFestival","Deflect"],"relics":["Ring of the Snake","CogitoBucket","Girya","Tiny House"],"acts_visited":["Exordium","TheCity"],"potions_floor_usage":[18],"damage_taken":[{"damage":0.0,"enemies":"Cultist","floor":1.0,"turns":4.0},{"damage":5.0,"enemies":"Jaw Worm","floor":2.0,"turns":5.0},{"damage":2.0,"enemies":"Small Slimes","floor":10.0,"turns":5.0},{"damage":0.0,"enemies":"Looter","floor":11.0,"turns":4.0},{"damage":11.0,"enemies":"Blue Slaver","floor":13.0,"turns":3.0},{"damage":6.0,"enemies":"Large Slime","floor":14.0,"turns":7.0},{"damage":66.0,"enemies":"Slime Boss","floor":16.0,"turns":12.0},{"damage":17,"enemies":"Chosen","floor":18,"turns":6},{"damage":49,"enemies":"3 Byrds","floor":20,"turns":7},{"damage":23,"enemies":"Centurion and Healer","floor":22,"turns":5}],"seed_played":"-2118717406081987993","potions_obtained":[{"floor":13.0,"key":"Dexterity Potion"},{"floor":14.0,"key":"Weak Potion"},{"floor":16.0,"key":"SpeedPotion"},{"floor":17,"key":"Poison Potion"}],"is_trial":false,"path_per_floor":["M","M","?","?","?","R","$","R","T","M","M","R","M","M","R","B",null,"M","?","M","?","M"],"character_chosen":"THE_SILENT","items_purchased":["Noxious Fumes"],"campfire_rested":1,"item_purchase_floors":[7],"current_hp_per_floor":[70,65,65,65,65,70,70,70,70,68,70,70,59,56,56,12,75,58,58,12,12,0,0],"gold":131,"neow_bonus":"","is_daily":false,"chose_seed":false,"campfire_upgraded":1,"win_rate":0.0,"timestamp":1611450530,"path_taken":["M","?","?","?","?","R","?","R","T","M","M","R","M","M","R","BOSS","M","?","M","?","M"],"items_purchased_type":["Card"],"build_version":"2020-12-22","purchased_purges":0,"victory":false,"max_hp_per_floor":[70,70,70,70,70,70,70,70,70,70,70,70,70,70,70,70,75,75,75,75,75,75,75],"card_choices":[{"not_picked":["SpiderBud","WallGazer"],"picked":"MHz","floor":1.0},{"not_picked":["Slice","Dagger Throw","Cloak And Dagger"],"picked":"SKIP","floor":1.0},{"not_picked":["Dagger Throw","Cloak And Dagger"],"picked":"Slice","floor":1.0},{"not_picked":["BeautyBeast","SpiderBud"],"picked":"GalaxyChild","floor":2.0},{"not_picked":["Acrobatics","Reflex","Expertise"],"picked":"SKIP","floor":2.0},{"not_picked":["HeroicMonk","Bloodbath"],"picked":"Wellcheers","floor":10.0},{"not_picked":["Dagger Spray","Dodge and Roll"],"picked":"PiercingWail","floor":10.0},{"not_picked":["Scorched","FieryBird"],"picked":"NakedNest","floor":11.0},{"not_picked":["Endless Agony","Bane"],"picked":"Deadly Poison","floor":11.0},{"not_picked":["SpiderBud","GreedKing"],"picked":"Yin","floor":13.0},{"not_picked":["Dagger Spray","Terror","Riddle With Holes"],"picked":"SKIP","floor":13.0},{"not_picked":["Dagger Spray","Terror","Riddle With Holes"],"picked":"SKIP","floor":13.0},{"not_picked":["RedShoes","LaLuna"],"picked":"UniverseFragment","floor":14.0},{"not_picked":["Dash","Riddle With Holes","Well Laid Plans"],"picked":"SKIP","floor":14.0},{"not_picked":["FairyFestival","BlueStar"],"picked":"BigBird","floor":16.0},{"not_picked":["Bane","Concentrate"],"picked":"Deadly Poison","floor":17},{"not_picked":["OldLady","SilentOrchestra"],"picked":"DespairKnight","floor":18},{"not_picked":["Deadly Poison","Backflip"],"picked":"Footwork+1","floor":18},{"not_picked":["Murderer","HeroicMonk"],"picked":"FairyFestival","floor":20},{"not_picked":["Dodge and Roll","Dagger Throw+1"],"picked":"Deflect","floor":20}],"player_experience":422780,"relics_obtained":[{"floor":9.0,"key":"Girya"}],"event_choices":[{"damage_healed":0.0,"max_hp_gain":0.0,"max_hp_loss":0.0,"gold_gain":0.0,"event_name":"Golden Idol","player_choice":"Ignored","floor":3.0,"gold_loss":0.0,"damage_taken":0.0},{"damage_healed":0.0,"max_hp_gain":0.0,"max_hp_loss":0.0,"gold_gain":0.0,"event_name":"World of Goop","player_choice":"Left Gold","floor":4.0,"gold_loss":49.0,"damage_taken":0.0},{"damage_healed":0.0,"max_hp_gain":0.0,"max_hp_loss":0.0,"gold_gain":0.0,"event_name":"Scrap Ooze","player_choice":"Fled","floor":5.0,"gold_loss":0.0,"damage_taken":0.0},{"damage_healed":0,"gold_gain":0,"player_choice":"Ignored","damage_taken":0,"max_hp_gain":0,"max_hp_loss":0,"event_name":"Ghosts","floor":19,"gold_loss":0},{"cards_removed":["GalaxyChild"],"damage_healed":0,"gold_gain":0,"player_choice":"Gave Gold","damage_taken":0,"max_hp_gain":0,"max_hp_loss":0,"event_name":"Beggar","floor":21,"gold_loss":75}],"is_beta":false,"boss_relics":[{"not_picked":["Fusion Hammer","Philosopher\u0027s Stone"],"picked":"Tiny House"}],"items_purged_floors":[],"is_endless":false,"potions_floor_spawned":[13,14,16],"killed_by":"Centurion and Healer","ascension_level":0}}