{"host":"ugtsb9tf4jnucn15","time":1611503388,"event":{"mods":["BaseMod","Downfall","Hermit","Minty Spire (QoL Compilation)","StSLib","The Disciple"],"gold_per_floor":[99,115,115,128,142,80,80,97,107,120,155,65,65,83,100,195,195,195,214,314,199,199,37,90,90,415,435,435,451,469,469,485,586,586,586,586,597,607,619,647,647,660,675,675,138,138,148,158,171,171],"floor_reached":51,"language":"ENG","playtime":4794,"items_purged":["bronze:Strike","bronze:ClassDefault","Writhe","Parasite"],"score":755,"play_id":"4d31c10d-9808-4009-bdd6-18cce097e7ba","local_time":"20210124164948","is_ascension_mode":false,"campfire_choices":[{"data":"bronze:Replicate","floor":1,"key":"SMITH"},{"data":"bronze:FollowUp","floor":13,"key":"SMITH"},{"data":"bronze:Format","floor":18,"key":"SMITH"},{"floor":25,"key":"REST"},{"data":"bronze:ThunderWave","floor":35,"key":"SMITH"},{"floor":46,"key":"REST"}],"circlet_count":0,"master_deck":["bronze:Strike+1","bronze:Strike","bronze:Strike+1","bronze:Defend","bronze:Defend","bronze:Defend","bronze:Defend","bronze:Replicate+1","bronze:Goto","bronze:Replicate+1","bronze:FollowUp+1","bronze:DelayedSlice","bronze:Format+1","bronze:ChosenStrike","bronze:Assembly+1","bronze:ThunderWave+1","bronze:DelayedSlice","bronze:DelayedSlice","bronze:DelayedGuard+1","bronze:Verify+1","bronze:Repair+1","bronze:ForLoop","bronze:DelayedSlice+1","bronze:Format","bronze:Deprecate+1","bronze:Branch","expansioncontent:DashGenerateEvil","bronze:ChildClass+1"],"relics":["bronze:BronzeCore","Gremlin Horn","Pantograph","Black Star","Sundial","Chemical X","Vajra","Old Coin","Bottled Lightning","Boot","Philosopher\u0027s Stone","Whetstone","Regal Pillow","Letter Opener","Frozen Egg 2"],"acts_visited":["Exordium","TheCity","TheBeyond"],"potions_floor_usage":[12,20,26,33,33,33,43,49],"damage_taken":[{"damage":0,"enemies":"Small Slimes","floor":2,"turns":5},{"damage":0,"enemies":"Cultist","floor":4,"turns":3},{"damage":3,"enemies":"2 Louse","floor":5,"turns":2},{"damage":0,"enemies":"downfall:FleeingMerchant","floor":6,"turns":4},{"damage":10,"enemies":"Exordium Thugs","floor":8,"turns":4},{"damage":0,"enemies":"Gremlin Gang","floor":9,"turns":3},{"damage":0,"enemies":"Blue Slaver","floor":10,"turns":3},{"damage":7,"enemies":"Gremlin Nob","floor":11,"turns":4},{"damage":5,"enemies":"downfall:FleeingMerchant","floor":12,"turns":4},{"damage":0,"enemies":"2 Fungi Beasts","floor":14,"turns":2},{"damage":5,"enemies":"Exordium Thugs","floor":15,"turns":2},{"damage":47,"enemies":"WA_ARCHETYPE_RETAIN","floor":16,"turns":9},{"damage":14,"enemies":"Chosen","floor":19,"turns":6},{"damage":20,"enemies":"Chosen","floor":20,"turns":3},{"damage":0,"enemies":"downfall:FleeingMerchant","floor":21,"turns":4},{"damage":3,"enemies":"downfall:FleeingMerchant","floor":23,"turns":4},{"damage":40,"enemies":"Book of Stabbing","floor":26,"turns":6},{"damage":0,"enemies":"Shell Parasite","floor":27,"turns":2},{"damage":0,"enemies":"Shelled Parasite and Fungi","floor":29,"turns":2},{"damage":0,"enemies":"Snecko","floor":30,"turns":2},{"damage":0,"enemies":"Centurion and Healer","floor":32,"turns":3},{"damage":15,"enemies":"DF_ARCHETYPE_CLAW","floor":33,"turns":9},{"damage":0,"enemies":"Orb Walker","floor":37,"turns":3},{"damage":10,"enemies":"downfall:FleeingMerchant","floor":38,"turns":3},{"damage":19,"enemies":"3 Darklings","floor":39,"turns":3},{"damage":33,"enemies":"Nemesis","floor":40,"turns":5},{"damage":24,"enemies":"Writhing Mass","floor":42,"turns":5},{"damage":16,"enemies":"Maw","floor":43,"turns":6},{"damage":0,"enemies":"Transient","floor":47,"turns":5},{"damage":8,"enemies":"Sphere and 2 Shapes","floor":48,"turns":5},{"damage":41,"enemies":"Spire Growth","floor":49,"turns":4},{"damage":12,"enemies":"SI_POISON_ARCHETYPE","floor":50,"turns":14}],"seed_played":"7694796299358020189","potions_obtained":[{"floor":2,"key":"champ:CounterPotion"},{"floor":8,"key":"bronze:FreeFunctionsPotion"},{"floor":10,"key":"Weak Potion"},{"floor":14,"key":"champ:CounterPotion"},{"floor":26,"key":"Weak Potion"},{"floor":29,"key":"ColorlessPotion"},{"floor":30,"key":"Block Potion"},{"floor":37,"key":"SteroidPotion"},{"floor":42,"key":"SteroidPotion"},{"floor":49,"key":"Explosive Potion"}],"is_trial":false,"path_per_floor":["R","M","?","M","M","$","T","M","M","M","E","$","R","M","M","B",null,"R","M","?","$","T","$","T","R","E","M","?","M","M","?","M","B",null,"R","?","M","$","M","E","T","M","M","?","$","R","M","M","M","B",null],"character_chosen":"THE_AUTOMATON","items_purchased":["bronze:DelayedSlice","Chemical X","Whetstone","bronze:ForLoop","FairyPotion","bronze:Branch","expansioncontent:DashGenerateEvil","Guardian:BlockOnCardUsePotion"],"campfire_rested":2,"item_purchase_floors":[6,23,38,38,45,45,45,45],"current_hp_per_floor":[77,77,77,77,74,74,74,64,64,64,57,52,52,52,47,25,77,77,63,43,43,43,40,40,63,23,23,23,23,23,23,23,33,77,77,77,77,67,58,35,35,21,15,15,15,52,62,64,23,46],"gold":171,"neow_bonus":"TEN_PERCENT_HP_BONUS","is_daily":false,"chose_seed":false,"campfire_upgraded":4,"win_rate":0.0,"timestamp":1611503388,"path_taken":["R","M","?","M","M","$","T","M","M","?","E","$","R","M","M","BOSS","R","M","?","$","?","$","T","R","E","M","?","?","M","?","M","BOSS","R","?","M","$","?","E","T","M","M","?","$","R","?","?","M","BOSS"],"items_purchased_type":["Card","Relic","Relic","Card","Potion","Card","Card","Potion"],"build_version":"2020-12-22","purchased_purges":4,"victory":true,"max_hp_per_floor":[77,77,77,77,77,77,77,77,77,77,77,77,77,77,77,77,77,77,77,77,77,77,77,77,77,77,77,77,77,77,77,77,77,77,77,77,77,77,77,77,77,77,77,77,74,74,74,74,74,74],"card_choices":[{"not_picked":["bronze:Shell","bronze:Invalidate","bronze:BuggyMess"],"picked":"SKIP","floor":2},{"not_picked":["bronze:DelayedGuard","bronze:CutThrough"],"picked":"bronze:ClassDefault","floor":4},{"not_picked":["bronze:WhirlingStrike","bronze:Allocate","bronze:Invalidate"],"picked":"SKIP","floor":5},{"not_picked":["bronze:WhirlingStrike","bronze:Boost"],"picked":"bronze:FollowUp","floor":6},{"not_picked":["bronze:BuggyMess","bronze:Shell","bronze:BitShift"],"picked":"SKIP","floor":8},{"not_picked":["bronze:ForLoop","bronze:Invalidate","bronze:Optimize"],"picked":"SKIP","floor":9},{"not_picked":["bronze:ChildClass","bronze:Frontload"],"picked":"bronze:Format","floor":10},{"not_picked":["bronze:CutThrough","bronze:Invalidate","bronze:Flail"],"picked":"SKIP","floor":11},{"not_picked":["bronze:BitShift","bronze:Optimize","bronze:Shield"],"picked":"SKIP","floor":12},{"not_picked":["bronze:WhirlingStrike","bronze:Fortify"],"picked":"bronze:ChosenStrike","floor":14},{"not_picked":["bronze:CutThrough","bronze:Deprecate"],"picked":"bronze:Assembly","floor":15},{"not_picked":["bronze:Assembly","bronze:SpaghettiCode"],"picked":"bronze:ThunderWave","floor":16},{"not_picked":["bronze:ForLoop","bronze:GetLatest","bronze:Overheat"],"picked":"SKIP","floor":19},{"not_picked":["bronze:BronzeArmor","bronze:ChosenStrike"],"picked":"bronze:DelayedSlice","floor":20},{"not_picked":["bronze:OilSpill","bronze:Repulsor","bronze:FineTuning"],"picked":"SKIP","floor":21},{"not_picked":["bronze:Repulsor","bronze:Shield","bronze:FineTuning+1"],"picked":"SKIP","floor":23},{"not_picked":["bronze:FineTuning","bronze:Shield+1"],"picked":"bronze:DelayedSlice","floor":26},{"not_picked":["bronze:BuggyMess","bronze:Allocate","bronze:Repulsor"],"picked":"SKIP","floor":27},{"not_picked":["bronze:OilSpill","bronze:Fortify","bronze:ChosenStrike"],"picked":"SKIP","floor":29},{"not_picked":["bronze:Iterate","bronze:Fortify","bronze:BugBarrage"],"picked":"SKIP","floor":30},{"not_picked":["bronze:CutThrough","bronze:BugBarrage+1"],"picked":"bronze:DelayedGuard+1","floor":32},{"not_picked":["bronze:ForLoop","bronze:CutThrough+1","bronze:Invalidate+1"],"picked":"SKIP","floor":37},{"not_picked":["bronze:Shield+1","bronze:Assembly"],"picked":"bronze:Repair+1","floor":38},{"not_picked":["bronze:Branch","bronze:WildBeam+1"],"picked":"bronze:DelayedSlice+1","floor":39},{"not_picked":["bronze:BugBarrage","bronze:Return+1"],"picked":"bronze:Format","floor":40},{"not_picked":["bronze:WhirlingStrike","bronze:NullPointer+1"],"picked":"bronze:Deprecate+1","floor":42},{"not_picked":["bronze:Shield","bronze:Repulsor+1","bronze:BronzeArmor"],"picked":"SKIP","floor":43},{"not_picked":["bronze:DelayedGuard","bronze:ItsAFeature+1","bronze:ClassDefault+1"],"picked":"SKIP","floor":47},{"not_picked":["bronze:Iterate","bronze:OilSpill","bronze:GetLatest"],"picked":"SKIP","floor":48},{"not_picked":["bronze:BugBarrage","bronze:Overload+1"],"picked":"bronze:ChildClass+1","floor":49}],"player_experience":17369,"relics_obtained":[{"floor":7,"key":"Gremlin Horn"},{"floor":11,"key":"Pantograph"},{"floor":22,"key":"Sundial"},{"floor":24,"key":"Vajra"},{"floor":26,"key":"Old Coin"},{"floor":26,"key":"Bottled Lightning"},{"floor":40,"key":"Regal Pillow"},{"floor":40,"key":"Letter Opener"},{"floor":41,"key":"Frozen Egg 2"}],"event_choices":[],"is_beta":false,"boss_relics":[{"not_picked":["Cursed Key","Busted Crown"],"picked":"Black Star"},{"not_picked":["Tiny House","Sozu"],"picked":"Philosopher\u0027s Stone"}],"items_purged_floors":[12,21,38,45],"is_endless":false,"potions_floor_spawned":[2,8,10,14,26,29,30,32,37,42,47,49],"ascension_level":0}}