{"host":"c52z9ixzgdjttcmx","time":1611530586,"event":{"mods":["BaseMod","Colored Powertips","Downfall","Filter the Spire","Minty Spire (QoL Compilation)","Rare Cards Sparkle","Relic Stats","StSLib"],"gold_per_floor":[99,99,99,99,99,199,225,251,277,277,301,301,301,301],"floor_reached":12,"language":"ENG","playtime":552,"items_purged":[],"score":166,"play_id":"4f71529f-dd3d-4e02-a902-17bf885a9fe4","local_time":"20210124172306","is_ascension_mode":false,"campfire_choices":[{"data":"sneckomod:SnekBite","floor":1,"key":"SMITH"}],"circlet_count":0,"master_deck":["sneckomod:Strike","sneckomod:Strike","sneckomod:Strike","sneckomod:Defend","sneckomod:Defend","sneckomod:Defend","sneckomod:TailWhip","sneckomod:SnekBite+1","sneckomod:Unknown","sneckomod:Unknown","sneckomod:UnknownDraw","sneckomod:WideSting","sneckomod:UnknownCommonSkill","downfall:Haunted","downfall:Haunted","Regret","sneckomod:UnknownRareAttack","downfall:Bewildered","Writhe","sneckomod:UnknownCommonAttack","sneckomod:UnknownDraw","sneckomod:SoulDraw"],"relics":["sneckomod:SneckoSoul","downfall:HeartsMalice","Du-Vu Doll","CeramicFish"],"acts_visited":["Exordium"],"potions_floor_usage":[11,12],"damage_taken":[{"damage":0,"enemies":"Jaw Worm","floor":2,"turns":1},{"damage":0,"enemies":"Small Slimes","floor":3,"turns":1},{"damage":0,"enemies":"2 Louse","floor":5,"turns":1},{"damage":36,"enemies":"Large Slime","floor":8,"turns":5},{"damage":23,"enemies":"2 Fungi Beasts","floor":9,"turns":3},{"damage":7,"enemies":"Red Slaver","floor":11,"turns":2},{"damage":35,"enemies":"3 Sentries","floor":12,"turns":2}],"seed_played":"7031411510234233789","potions_obtained":[{"floor":8,"key":"sneckomod:OffclassReductionPotion"},{"floor":11,"key":"PowerPotion"}],"is_trial":false,"path_per_floor":["R","M","M","?","M","?","T","M","M","?","M","E"],"character_chosen":"THE_SNECKO","items_purchased":[],"campfire_rested":0,"item_purchase_floors":[],"current_hp_per_floor":[90,90,90,90,90,95,95,59,36,36,29,0,0,0],"gold":301,"neow_bonus":"THREE_ENEMY_KILL","is_daily":false,"chose_seed":false,"campfire_upgraded":1,"win_rate":0.0,"timestamp":1611530586,"path_taken":["R","M","M","?","M","?","T","M","M","?","M","E"],"items_purchased_type":[],"build_version":"2020-12-22","purchased_purges":0,"victory":false,"max_hp_per_floor":[90,90,90,90,90,95,95,95,95,95,95,95,95,95],"relic_stats":{"counters":[7,12],"CeramicFish":27,"obtain_stats":[{"Du-Vu Doll":6,"CeramicFish":7,"downfall:HeartsMalice":0,"sneckomod:SneckoSoul":0},{"Du-Vu Doll":3,"CeramicFish":3,"downfall:HeartsMalice":0,"sneckomod:SneckoSoul":0},{"Du-Vu Doll":0,"CeramicFish":0,"downfall:HeartsMalice":0,"sneckomod:SneckoSoul":0}]},"card_choices":[{"not_picked":["sneckomod:ImprovisedGuard","sneckomod:SoulDraw"],"picked":"sneckomod:UnknownDraw","floor":2},{"not_picked":["sneckomod:UnknownDraw","sneckomod:Nope"],"picked":"sneckomod:WideSting","floor":3},{"not_picked":["sneckomod:UnknownBlock","sneckomod:SoulDraw"],"picked":"sneckomod:UnknownCommonSkill","floor":5},{"not_picked":["sneckomod:UnknownWeak","sneckomod:SlitherStrike"],"picked":"sneckomod:UnknownCommonAttack","floor":8},{"not_picked":["sneckomod:Unknown0Cost","sneckomod:IronFang"],"picked":"sneckomod:UnknownDraw","floor":9},{"not_picked":["sneckomod:Unknown0Cost","sneckomod:UnknownDraw"],"picked":"sneckomod:SoulDraw","floor":11}],"player_experience":3349550,"relics_obtained":[{"floor":7,"key":"CeramicFish"}],"event_choices":[{"damage_healed":30,"gold_gain":0,"player_choice":"Banana","damage_taken":0,"max_hp_gain":0,"max_hp_loss":0,"event_name":"Big Fish","floor":4,"gold_loss":0}],"is_beta":false,"boss_relics":[],"items_purged_floors":[],"is_endless":false,"potions_floor_spawned":[8,11],"killed_by":"3 Sentries","ascension_level":0}}