{"host":"hw9lt6p3yhr90vz0","time":1611516067,"event":{"mods":["BaseMod","DeckTracker","Minty Spire (QoL Compilation)","Relic Stats"],"gold_per_floor":[118,128,139,149,167,167,185,519,544,559,559,509,62,74,74,176,176,192,209,209,209,209],"floor_reached":21,"language":"ENG","playtime":2439,"items_purged":[],"score":282,"play_id":"0eefb7c3-0a04-44e2-a5f7-e7a04873f421","local_time":"20210124142107","is_ascension_mode":true,"campfire_choices":[{"floor":6,"key":"REST"},{"floor":11,"key":"REST"},{"floor":15,"key":"RECALL"}],"circlet_count":0,"master_deck":["Strike_R","Strike_R","Strike_R","Defend_R","Defend_R","Defend_R","Defend_R","Bash","Demon Form","Body Slam","Disarm","Shrug It Off","Entrench","Heavy Blade","Rampage","Body Slam","Battle Trance","Impervious","Rampage","Entrench","Body Slam","Rage","True Grit","Juggernaut","CurseOfTheBell","Twin Strike","Warcry","Purity"],"relics":["Burning Blood","Old Coin","Bronze Scales","Vajra","Orrery","Calling Bell","Ancient Tea Set","Shuriken","Thread and Needle"],"acts_visited":["Exordium","TheCity"],"potions_floor_usage":[7,8,10,16,18,21],"damage_taken":[{"damage":10,"enemies":"Small Slimes","floor":1,"turns":4},{"damage":0,"enemies":"2 Louse","floor":2,"turns":4},{"damage":1,"enemies":"Cultist","floor":3,"turns":4},{"damage":35,"enemies":"Gremlin Gang","floor":4,"turns":10},{"damage":12,"enemies":"Blue Slaver","floor":5,"turns":5},{"damage":8,"enemies":"Lots of Slimes","floor":7,"turns":4},{"damage":42,"enemies":"3 Sentries","floor":8,"turns":9},{"damage":22,"enemies":"Exordium Wildlife","floor":10,"turns":5},{"damage":11,"enemies":"Looter","floor":14,"turns":3},{"damage":0,"enemies":"The Guardian","floor":16,"turns":9},{"damage":31,"enemies":"Spheric Guardian","floor":18,"turns":6},{"damage":17,"enemies":"3 Byrds","floor":19,"turns":4},{"damage":33,"enemies":"3 Cultists","floor":21,"turns":3}],"seed_played":"5031630588529625887","potions_obtained":[{"floor":1,"key":"BloodPotion"},{"floor":5,"key":"SkillPotion"},{"floor":8,"key":"Explosive Potion"},{"floor":14,"key":"ColorlessPotion"},{"floor":16,"key":"Strength Potion"},{"floor":19,"key":"GamblersBrew"}],"is_trial":false,"path_per_floor":["M","M","M","M","M","R","M","E","T","M","R","?","$","M","R","B",null,"M","M","?","M"],"character_chosen":"IRONCLAD","items_purchased":["Bronze Scales","Vajra","Orrery"],"campfire_rested":2,"item_purchase_floors":[13,13,13],"current_hp_per_floor":[76,80,80,51,45,69,67,47,47,31,55,55,55,50,50,56,80,55,44,32,0,0],"gold":209,"neow_bonus":"TRANSFORM_CARD","is_daily":false,"chose_seed":false,"campfire_upgraded":0,"win_rate":0.0,"timestamp":1611516067,"path_taken":["M","M","M","M","M","R","M","E","T","M","R","?","$","M","R","BOSS","M","M","?","?"],"items_purchased_type":["Relic","Relic","Relic"],"build_version":"2020-12-22","purchased_purges":0,"victory":false,"max_hp_per_floor":[80,80,80,80,80,80,80,80,80,80,80,80,80,80,80,80,80,80,80,80,80,80],"relic_stats":{"counters":[13,70],"Shuriken":[2],"Bronze Scales":[97],"obtain_stats":[{"Calling Bell":17,"Shuriken":17,"Bronze Scales":13,"Vajra":13,"Orrery":13,"Thread and Needle":17,"Ancient Tea Set":17,"Burning Blood":0,"Old Coin":8},{"Calling Bell":10,"Shuriken":10,"Bronze Scales":8,"Vajra":8,"Orrery":8,"Thread and Needle":10,"Ancient Tea Set":10,"Burning Blood":0,"Old Coin":7},{"Calling Bell":57,"Shuriken":57,"Bronze Scales":45,"Vajra":45,"Orrery":45,"Thread and Needle":57,"Ancient Tea Set":57,"Burning Blood":0,"Old Coin":40}],"Burning Blood":65},"card_choices":[{"not_picked":["Second Wind","Clash"],"picked":"Body Slam","floor":1},{"not_picked":["Body Slam","Uppercut"],"picked":"Disarm","floor":2},{"not_picked":["Body Slam","Burning Pact"],"picked":"Shrug It Off","floor":3},{"not_picked":["Cleave","Disarm"],"picked":"Entrench","floor":4},{"not_picked":["Wild Strike","Warcry"],"picked":"Heavy Blade","floor":5},{"not_picked":["Hemokinesis","Clash"],"picked":"Rampage","floor":7},{"not_picked":["Rage","Shockwave"],"picked":"Body Slam","floor":8},{"not_picked":["Thunderclap","Clothesline"],"picked":"Battle Trance","floor":10},{"not_picked":["Clothesline","Body Slam"],"picked":"Impervious","floor":13},{"not_picked":["Headbutt","Iron Wave"],"picked":"Rampage","floor":13},{"not_picked":["Iron Wave","Headbutt"],"picked":"Entrench","floor":13},{"not_picked":["Reaper","True Grit"],"picked":"Body Slam","floor":13},{"not_picked":["Wild Strike","Twin Strike"],"picked":"Rage","floor":13},{"not_picked":["Clothesline","Pommel Strike"],"picked":"True Grit","floor":14},{"not_picked":["Reaper","Immolate"],"picked":"Juggernaut","floor":16},{"not_picked":["Combust","Clothesline"],"picked":"Twin Strike","floor":18},{"not_picked":["True Grit","Burning Pact"],"picked":"Warcry","floor":19}],"player_experience":1255318,"relics_obtained":[{"floor":8,"key":"Old Coin"},{"floor":17,"key":"Ancient Tea Set"},{"floor":17,"key":"Shuriken"},{"floor":17,"key":"Thread and Needle"}],"event_choices":[{"cards_removed":["Strike_R"],"damage_healed":0,"gold_gain":0,"player_choice":"Card Removal","damage_taken":0,"max_hp_gain":0,"max_hp_loss":0,"event_name":"The Cleric","floor":12,"gold_loss":50},{"damage_healed":0,"gold_gain":0,"player_choice":"CARD ","damage_taken":12,"max_hp_gain":0,"max_hp_loss":0,"event_name":"Knowing Skull","floor":20,"potions_obtained":[],"gold_loss":0,"cards_obtained":["Purity"]}],"is_beta":false,"boss_relics":[{"not_picked":["Philosopher\u0027s Stone","Mark of Pain"],"picked":"Calling Bell"}],"items_purged_floors":[],"is_endless":false,"potions_floor_spawned":[1,5,8,14,16,19],"killed_by":"3 Cultists","ascension_level":4}}