{"host":"52m1o8iwwagurbjs","time":1611461296,"event":{"mods":["AchievementEnabler","BaseMod","Bestiary","Colored Powertips","GifTheSpireLib","Minty Spire (QoL Compilation)","Quick Restart","RNG Fix","Relic Stats","StSLib"],"gold_per_floor":[118,128,143,113,83,116,134,134,157,183,183,183,210,220,220,317,317,329,344,70,70,81,116,116,136,162,193,205,225,225,254,254,351,351,367,417,417,429,439,469,469,500,547,573,585,610,624,624,624,624,624,624,140,170,170],"floor_reached":56,"language":"ENG","playtime":3966,"items_purged":["Strike_B","Defend_B"],"score":1817,"play_id":"393e3e44-2e96-4230-a4c6-ddcd66ab8715","local_time":"20210123230816","is_ascension_mode":true,"campfire_choices":[{"floor":8.0,"key":"REST"},{"data":"Defragment","floor":12.0,"key":"SMITH"},{"floor":15.0,"key":"REST"},{"data":"Capacitor","floor":24.0,"key":"SMITH"},{"data":"Static Discharge","floor":32.0,"key":"SMITH"},{"floor":41.0,"key":"RECALL"},{"data":"Defragment","floor":49.0,"key":"SMITH"},{"data":"White Noise","floor":52.0,"key":"SMITH"}],"circlet_count":0,"master_deck":["Defend_B","Defend_B","Zap","Dualcast","Reinforced Body","Coolheaded","Go for the Eyes","Defragment+1","White Noise+1","Capacitor+1","Ball Lightning","Cold Snap","Core Surge","Echo Form","Force Field","Coolheaded+1","Core Surge","Heatsinks+1","Static Discharge+1","Stack","Glacier","Self Repair","Consume","Turbo","Skim+1","Hologram","Seek","Steam+1","Buffer+1","Recycle+1","Heatsinks+1","Leap+1","Ball Lightning+1","Defragment+1","Defragment","Loop","Glacier+1"],"relics":["Black Star","Mummified Hand","Dream Catcher","Bag of Marbles","Bronze Scales","Pocketwatch","Eternal Feather","Blood Vial","Philosopher\u0027s Stone","Orrery","Unceasing Top","Dead Branch","Gremlin Horn","Mercury Hourglass","Oddly Smooth Stone","Enchiridion","Lizard Tail","Gambling Chip","Astrolabe","Du-Vu Doll","Calipers","Cables","Question Card","Mango","Lantern","Omamori","Darkstone Periapt","Bag of Preparation","Toxic Egg 2","CaptainsWheel","Strawberry","Nunchaku"],"acts_visited":["Exordium","TheCity","TheBeyond","TheEnding"],"potions_floor_usage":[],"damage_taken":[{"damage":8.0,"enemies":"Small Slimes","floor":1.0,"turns":3.0},{"damage":1.0,"enemies":"Jaw Worm","floor":2.0,"turns":5.0},{"damage":0.0,"enemies":"Cultist","floor":3.0,"turns":5.0},{"damage":3.0,"enemies":"Looter","floor":4.0,"turns":4.0},{"damage":5.0,"enemies":"Lagavulin","floor":6.0,"turns":8.0},{"damage":0.0,"enemies":"Blue Slaver","floor":7.0,"turns":5.0},{"damage":11.0,"enemies":"Gremlin Nob","floor":10.0,"turns":4.0},{"damage":1.0,"enemies":"Lagavulin","floor":13.0,"turns":7.0},{"damage":0.0,"enemies":"Lots of Slimes","floor":14.0,"turns":3.0},{"damage":0.0,"enemies":"Slime Boss","floor":16.0,"turns":10.0},{"damage":11.0,"enemies":"Shell Parasite","floor":18.0,"turns":4.0},{"damage":0.0,"enemies":"Spheric Guardian","floor":19.0,"turns":3.0},{"damage":0.0,"enemies":"Centurion and Healer","floor":22.0,"turns":4.0},{"damage":29.0,"enemies":"Slavers","floor":23.0,"turns":5.0},{"damage":5.0,"enemies":"Sentry and Sphere","floor":25.0,"turns":5.0},{"damage":0.0,"enemies":"Gremlin Leader","floor":27.0,"turns":4.0},{"damage":0.0,"enemies":"Snecko","floor":28.0,"turns":4.0},{"damage":9.0,"enemies":"3 Cultists","floor":29.0,"turns":5.0},{"damage":0.0,"enemies":"Book of Stabbing","floor":31.0,"turns":6.0},{"damage":0.0,"enemies":"Automaton","floor":33.0,"turns":11.0},{"damage":0.0,"enemies":"Orb Walker","floor":35.0,"turns":3.0},{"damage":16.0,"enemies":"Mind Bloom Boss Battle","floor":36.0,"turns":10.0},{"damage":0.0,"enemies":"3 Darklings","floor":38.0,"turns":3.0},{"damage":0.0,"enemies":"Sphere and 2 Shapes","floor":39.0,"turns":3.0},{"damage":0.0,"enemies":"Nemesis","floor":40.0,"turns":5.0},{"damage":0.0,"enemies":"Reptomancer","floor":42.0,"turns":6.0},{"damage":0.0,"enemies":"Giant Head","floor":44.0,"turns":10.0},{"damage":0.0,"enemies":"Maw","floor":45.0,"turns":5.0},{"damage":0.0,"enemies":"Reptomancer","floor":46.0,"turns":4.0},{"damage":0.0,"enemies":"Spire Growth","floor":47.0,"turns":6.0},{"damage":0.0,"enemies":"Donu and Deca","floor":50.0,"turns":8.0},{"damage":0.0,"enemies":"Shield and Spear","floor":54.0,"turns":6.0},{"damage":0,"enemies":"The Heart","floor":55,"turns":10}],"seed_played":"-531399959798164486","potions_obtained":[{"floor":1.0,"key":"SteroidPotion"},{"floor":3.0,"key":"Energy Potion"},{"floor":5.0,"key":"FairyPotion"},{"floor":10.0,"key":"AttackPotion"},{"floor":14.0,"key":"Swift Potion"},{"floor":16.0,"key":"LiquidMemories"},{"floor":18.0,"key":"BlessingOfTheForge"},{"floor":19.0,"key":"EssenceOfSteel"},{"floor":25.0,"key":"Energy Potion"},{"floor":31.0,"key":"Ancient Potion"},{"floor":33.0,"key":"Ancient Potion"},{"floor":36.0,"key":"SteroidPotion"},{"floor":46.0,"key":"Fruit Juice"}],"is_trial":false,"path_per_floor":["M","M","M","M","?","E","M","R","T","E","?","R","E","M","R","B",null,"M","M","$","?","M","E","R","M","T","E","M","M","?","E","R","B",null,"M","?","?","M","M","E","R","E","T","E","M","E","M","?","R","B",null,"R","$","E","B",null],"character_chosen":"DEFECT","items_purchased":["Orrery","PowerPotion","Glacier+1","CaptainsWheel"],"campfire_rested":2,"item_purchase_floors":[20,20,53,53],"current_hp_per_floor":[67,66,66,63,63,58,58,75,75,64,64,64,63,65,75,75,75,64,66,66,66,68,41,56,60,60,69,75,73,57,73,75,75,75,75,66,66,75,75,75,75,89,89,89,89,89,94,94,94,94,94,94,94,101,101],"gold":170,"neow_bonus":"BOSS_RELIC","is_daily":false,"chose_seed":false,"campfire_upgraded":5,"win_rate":0.0,"timestamp":1611461296,"path_taken":["M","M","M","M","?","E","M","R","T","E","?","R","E","?","R","BOSS","M","M","$","?","M","E","R","?","T","E","M","M","?","E","R","BOSS","M","?","?","M","M","E","R","E","T","E","M","E","M","?","R","BOSS","R","$","E","BOSS"],"items_purchased_type":["Relic","Potion","Card","Relic"],"build_version":"2020-12-22","purchased_purges":2,"victory":true,"max_hp_per_floor":[75,75,75,75,75,75,75,75,75,75,75,75,75,75,75,75,75,75,75,75,75,75,75,75,75,75,75,75,75,75,75,75,75,75,75,75,75,75,75,75,75,89,89,89,89,89,94,94,94,94,94,94,94,101,101],"relic_stats":{"Darkstone Periapt":0,"Gremlin Horn":[20,21],"counters":[33,183],"Dead Branch":[105],"Astrolabe":["Steam","Buffer","Recycle"],"Eternal Feather":26,"Bag of Preparation":[8],"Question Card":5,"Mercury Hourglass":[370],"Cables":[49,22,27,0,0],"Blood Vial":18,"Dream Catcher":2,"Lizard Tail":0,"Nunchaku":[0],"Mummified Hand":[272],"Bronze Scales":[504],"Gambling Chip":[42],"Black Star":11,"obtain_stats":[{"Darkstone Periapt":44,"Lantern":43,"Calipers":40,"Gremlin Horn":23,"Enchiridion":30,"Mango":42,"Bag of Preparation":46,"Blood Vial":13,"Dream Catcher":6,"Lizard Tail":31,"Nunchaku":54,"Mummified Hand":6,"Gambling Chip":31,"Strawberry":54,"Philosopher\u0027s Stone":17,"Toxic Egg 2":46,"Cracked Core":0,"Dead Branch":23,"Astrolabe":34,"Oddly Smooth Stone":27,"Eternal Feather":13,"Omamori":44,"Question Card":42,"Mercury Hourglass":27,"Cables":40,"Du-Vu Doll":36,"CaptainsWheel":53,"Bronze Scales":10,"Orrery":20,"Black Star":0,"Bag of Marbles":9,"Unceasing Top":21,"Pocketwatch":10},{"Darkstone Periapt":27,"Lantern":26,"Calipers":25,"Gremlin Horn":14,"Enchiridion":18,"Mango":26,"Bag of Preparation":29,"Blood Vial":8,"Dream Catcher":5,"Lizard Tail":19,"Nunchaku":32,"Mummified Hand":5,"Gambling Chip":19,"Strawberry":32,"Philosopher\u0027s Stone":10,"Toxic Egg 2":29,"Cracked Core":0,"Dead Branch":14,"Astrolabe":20,"Oddly Smooth Stone":16,"Eternal Feather":8,"Omamori":27,"Question Card":26,"Mercury Hourglass":16,"Cables":25,"Du-Vu Doll":22,"CaptainsWheel":31,"Bronze Scales":7,"Orrery":12,"Black Star":0,"Bag of Marbles":6,"Unceasing Top":12,"Pocketwatch":7},{"Darkstone Periapt":144,"Lantern":134,"Calipers":128,"Gremlin Horn":70,"Enchiridion":88,"Mango":134,"Bag of Preparation":153,"Blood Vial":41,"Dream Catcher":25,"Lizard Tail":94,"Nunchaku":173,"Mummified Hand":25,"Gambling Chip":94,"Strawberry":173,"Philosopher\u0027s Stone":54,"Toxic Egg 2":153,"Cracked Core":0,"Dead Branch":70,"Astrolabe":104,"Oddly Smooth Stone":79,"Eternal Feather":41,"Omamori":144,"Question Card":134,"Mercury Hourglass":79,"Cables":128,"Du-Vu Doll":117,"CaptainsWheel":167,"Bronze Scales":34,"Orrery":61,"Black Star":0,"Bag of Marbles":30,"Unceasing Top":61,"Pocketwatch":34}],"Unceasing Top":[10],"Pocketwatch":[69]},"card_choices":[{"not_picked":["Double Energy","Gash"],"picked":"Reinforced Body","floor":1.0},{"not_picked":["Rebound","Redo"],"picked":"Coolheaded","floor":2.0},{"not_picked":["Coolheaded","Redo"],"picked":"Go for the Eyes","floor":3.0},{"not_picked":["Scrape","Compile Driver"],"picked":"Defragment","floor":4.0},{"not_picked":["Go for the Eyes","Force Field"],"picked":"White Noise","floor":6.0},{"not_picked":["Reprogram","Tempest"],"picked":"Capacitor","floor":7.0},{"not_picked":["Machine Learning","Go for the Eyes"],"picked":"Ball Lightning","floor":8.0},{"not_picked":["Turbo","Compile Driver"],"picked":"Cold Snap","floor":10.0},{"not_picked":["Coolheaded","Rebound"],"picked":"Lockon","floor":13.0},{"not_picked":["Steam","Recycle","Go for the Eyes"],"picked":"SKIP","floor":14.0},{"not_picked":["Redo","Hologram"],"picked":"Core Surge","floor":15.0},{"not_picked":["Amplify","Thunder Strike"],"picked":"Echo Form","floor":16.0},{"not_picked":["Cold Snap","Ball Lightning"],"picked":"Force Field","floor":18.0},{"not_picked":["Go for the Eyes","Hologram+1"],"picked":"Coolheaded+1","floor":19.0},{"not_picked":["Recycle","Leap"],"picked":"Core Surge","floor":20.0},{"not_picked":["Ball Lightning","Leap"],"picked":"Heatsinks+1","floor":20.0},{"not_picked":["Gash+1","Compile Driver"],"picked":"Static Discharge","floor":20.0},{"not_picked":["Reprogram","Hello World"],"picked":"Stack","floor":20.0},{"not_picked":["Reprogram","Turbo"],"picked":"Glacier","floor":22.0},{"not_picked":["Darkness","Rebound"],"picked":"Self Repair","floor":23.0},{"not_picked":["Compile Driver","Melter"],"picked":"Consume","floor":25.0},{"not_picked":["Gash","Recycle"],"picked":"Turbo","floor":27.0},{"not_picked":["Chill","Darkness","Redo"],"picked":"SKIP","floor":28.0},{"not_picked":["Blizzard","Conserve Battery+1"],"picked":"Skim+1","floor":29.0},{"not_picked":["Cold Snap","Beam Cell"],"picked":"Hologram","floor":31.0},{"not_picked":["Reboot","Thunder Strike"],"picked":"Seek","floor":33.0},{"not_picked":["Hologram","Reprogram+1","Turbo+1"],"picked":"SKIP","floor":35.0},{"not_picked":["Self Repair+1","Streamline+1"],"picked":"Heatsinks+1","floor":36.0},{"not_picked":["Darkness","Capacitor+1"],"picked":"Leap+1","floor":38.0},{"not_picked":["Turbo","Stack+1","Beam Cell"],"picked":"SKIP","floor":39.0},{"not_picked":["Barrage","Compile Driver"],"picked":"Ball Lightning+1","floor":40.0},{"not_picked":["Gash","Darkness"],"picked":"Defragment","floor":42.0},{"not_picked":["Sweeping Beam+1","Rebound+1","Capacitor+1"],"picked":"Defragment","floor":44.0},{"not_picked":["Cold Snap","All For One","Turbo"],"picked":"Loop","floor":45.0},{"not_picked":["Chill+1","Lockon+1","Melter+1","Self Repair"],"picked":"SKIP","floor":46.0},{"not_picked":["Darkness+1","Sunder","Turbo+1","Go for the Eyes+1"],"picked":"SKIP","floor":47.0},{"not_picked":["Sweeping Beam","Go for the Eyes","Leap+1","Self Repair+1"],"picked":"SKIP","floor":54.0}],"player_experience":1188321,"relics_obtained":[{"floor":6.0,"key":"Mummified Hand"},{"floor":6.0,"key":"Dream Catcher"},{"floor":9.0,"key":"Bag of Marbles"},{"floor":10.0,"key":"Bronze Scales"},{"floor":10.0,"key":"Pocketwatch"},{"floor":13.0,"key":"Eternal Feather"},{"floor":13.0,"key":"Blood Vial"},{"floor":23.0,"key":"Dead Branch"},{"floor":23.0,"key":"Gremlin Horn"},{"floor":27.0,"key":"Mercury Hourglass"},{"floor":27.0,"key":"Oddly Smooth Stone"},{"floor":30.0,"key":"Enchiridion"},{"floor":31.0,"key":"Lizard Tail"},{"floor":31.0,"key":"Gambling Chip"},{"floor":36.0,"key":"Du-Vu Doll"},{"floor":40.0,"key":"Calipers"},{"floor":40.0,"key":"Cables"},{"floor":42.0,"key":"Question Card"},{"floor":42.0,"key":"Mango"},{"floor":43.0,"key":"Lantern"},{"floor":44.0,"key":"Omamori"},{"floor":44.0,"key":"Darkstone Periapt"},{"floor":46.0,"key":"Bag of Preparation"},{"floor":46.0,"key":"Toxic Egg 2"},{"floor":54.0,"key":"Strawberry"},{"floor":54.0,"key":"Nunchaku"}],"event_choices":[{"damage_healed":0.0,"max_hp_gain":0.0,"max_hp_loss":0.0,"gold_gain":0.0,"event_name":"The Woman in Blue","player_choice":"Bought 2 Potions","floor":5.0,"gold_loss":0.0,"damage_taken":0.0},{"damage_healed":0.0,"max_hp_gain":0.0,"max_hp_loss":0.0,"gold_gain":0.0,"event_name":"Liars Game","player_choice":"Ignored","floor":11.0,"gold_loss":0.0,"damage_taken":0.0},{"damage_healed":0.0,"max_hp_gain":0.0,"max_hp_loss":0.0,"gold_gain":0.0,"event_name":"The Mausoleum","player_choice":"Opened","floor":21.0,"gold_loss":0.0,"damage_taken":0.0,"relics_obtained":["Unceasing Top"]},{"damage_healed":0.0,"max_hp_gain":0.0,"max_hp_loss":0.0,"gold_gain":0.0,"event_name":"Cursed Tome","player_choice":"Obtained Book","floor":30.0,"gold_loss":0.0,"damage_taken":16.0},{"damage_healed":0.0,"max_hp_gain":0.0,"max_hp_loss":0.0,"gold_gain":0.0,"event_name":"MindBloom","player_choice":"Fight","floor":36.0,"gold_loss":0.0,"damage_taken":0.0},{"cards_removed":["Lockon"],"damage_healed":0.0,"max_hp_gain":0.0,"max_hp_loss":0.0,"gold_gain":0.0,"event_name":"Falling","player_choice":"Removed Attack","floor":37.0,"gold_loss":0.0,"damage_taken":0.0},{"cards_removed":["Strike_B"],"damage_healed":0.0,"max_hp_gain":0.0,"max_hp_loss":0.0,"gold_gain":0.0,"event_name":"Purifier","player_choice":"Purged","floor":48.0,"gold_loss":0.0,"damage_taken":0.0}],"is_beta":false,"boss_relics":[{"not_picked":["Fusion Hammer","Runic Dome"],"picked":"Philosopher\u0027s Stone"},{"not_picked":["Inserter","SlaversCollar"],"picked":"Astrolabe"}],"items_purged_floors":[20,53],"is_endless":false,"potions_floor_spawned":[1,3,10,14,16,18,19,25,31,33,35,36,44,45,46],"ascension_level":1}}