{"host":"jmumkimrafwvkspb","time":1611504508,"event":{"mods":["AchievementEnabler","BaseMod","Colored Map","Minty Spire (QoL Compilation)","Replay The Spire","StSLib"],"gold_per_floor":[115,138,160,180,9,35,51,81,161,179,179,199,233,250,250,329,329,343,22,42,42,42,42,73,73,73,73,102,117,42,54,54,128,128,147,147,147,71,87,112,112,129,129,463,463,463,490,517,517,533,533],"floor_reached":50,"language":"ENG","playtime":5153,"items_purged":["Strike_P"],"score":1695,"play_id":"ce00faa7-3b24-42bd-95e4-0f442270d7fa","local_time":"20210124170828","is_ascension_mode":true,"campfire_choices":[{"data":"Establishment","floor":11.0,"key":"SMITH"},{"data":"Meditate","floor":15.0,"key":"SMITH"},{"data":"Adaptation","floor":23.0,"key":"SMITH"},{"floor":25.0,"key":"REST"},{"data":"Eruption","floor":27.0,"key":"SMITH"},{"floor":32.0,"key":"REST"},{"floor":41.0,"key":"RECALL"},{"floor":46.0,"key":"REST"},{"floor":49.0,"key":"REST"}],"circlet_count":0,"master_deck":["AscendersBane","Strike_P+1","Strike_P+1","Defend_P+1","Defend_P+1","Defend_P+1","Defend_P+1","Eruption+1","Vigilance+1","Replay:BluntJabs+1","ReachHeaven+1","CrushJoints+1","BattleHymn+1","Establishment+1","Swivel+1","Meditate+1","FearNoEvil+1","Conclude+1","LessonLearned+1","Crescendo+1","Perseverance","Adaptation+1","Swivel","DeusExMachina+1","Adaptation+1","MasterReality+1","AbeCurse","Flash of Steel","InnerPeace+1","Meditate","TalkToTheHand"],"relics":["PureWater","NeowsBlessing","Toy Ornithopter","Calipers","Vajra","Strawberry","Garlic","Sundial","Yang","Black Star","Sling","Torii","Juzu Bracelet","Golden Egg","Eternal Feather","Du-Vu Doll","Replay:Grab Bag","Abe\u0027s Treasure","Fusion Hammer","Runic Pyramid","StrikeDummy","Nunchaku","StoneCalendar","Replay:Bandana","Old Coin"],"acts_visited":["Exordium","TheCity","TheBeyond"],"potions_floor_usage":[50],"damage_taken":[{"damage":0.0,"enemies":"Cultist","floor":1.0,"turns":1.0},{"damage":0.0,"enemies":"2 Louse","floor":4.0,"turns":1.0},{"damage":0.0,"enemies":"Gremlin Nob","floor":6.0,"turns":1.0},{"damage":3.0,"enemies":"Small Slimes","floor":7.0,"turns":2.0},{"damage":9.0,"enemies":"Lagavulin","floor":8.0,"turns":5.0},{"damage":4.0,"enemies":"Exordium Thugs","floor":10.0,"turns":3.0},{"damage":10.0,"enemies":"Lots of Slimes","floor":12.0,"turns":4.0},{"damage":5.0,"enemies":"3 Sentries","floor":13.0,"turns":4.0},{"damage":0.0,"enemies":"Blue Slaver","floor":14.0,"turns":5.0},{"damage":0.0,"enemies":"Slime Boss","floor":16.0,"turns":5.0},{"damage":28.0,"enemies":"Shell Parasite","floor":18.0,"turns":4.0},{"damage":14.0,"enemies":"Spheric Guardian","floor":20.0,"turns":5.0},{"damage":9.0,"enemies":"Gremlin Leader","floor":24.0,"turns":3.0},{"damage":0.0,"enemies":"Book of Stabbing","floor":28.0,"turns":4.0},{"damage":16.0,"enemies":"Snecko","floor":29.0,"turns":4.0},{"damage":0.0,"enemies":"Centurion and Healer","floor":31.0,"turns":5.0},{"damage":9.0,"enemies":"Pondfish","floor":33.0,"turns":6.0},{"damage":17.0,"enemies":"3 Shapes","floor":35.0,"turns":8.0},{"damage":0.0,"enemies":"Orb Walker","floor":39.0,"turns":2.0},{"damage":8.0,"enemies":"R_Hoarder","floor":40.0,"turns":7.0},{"damage":7.0,"enemies":"Writhing Mass","floor":42.0,"turns":4.0},{"damage":40.0,"enemies":"Nemesis","floor":44.0,"turns":5.0},{"damage":7.0,"enemies":"4 Shapes","floor":47.0,"turns":4.0},{"damage":22.0,"enemies":"Transient","floor":48.0,"turns":6.0},{"damage":69,"enemies":"Time Eater","floor":50,"turns":6}],"seed_played":"7533703664637114103","potions_obtained":[{"floor":4.0,"key":"Adrenaline Potion"},{"floor":6.0,"key":"Ambrosia"},{"floor":10.0,"key":"LiquidMemories"},{"floor":18.0,"key":"Elixir"},{"floor":29.0,"key":"CultistPotion"},{"floor":35.0,"key":"StancePotion"},{"floor":39.0,"key":"Block Potion"},{"floor":44.0,"key":"Weak Potion"}],"is_trial":false,"path_per_floor":["M","T","?","M","$","E","M","E","T","M","R","M","E","M","R","B",null,"M","$","M","?","$","R","E","R","T","R","E","M","?","M","R","B",null,"M","?","?","$","M","E","R","M","T","E","?","R","M","M","R","B"],"character_chosen":"WATCHER","items_purchased":["Vajra","Perseverance","Sling","InnerPeace"],"campfire_rested":4,"item_purchase_floors":[5,19,19,38],"current_hp_per_floor":[61,61,61,61,61,68,65,61,61,57,57,47,42,42,42,47,68,40,40,26,26,26,26,22,44,44,44,44,28,28,28,65,61,72,55,55,45,45,45,37,52,45,45,10,10,49,42,25,64,0,0],"gold":533,"neow_bonus":"THREE_ENEMY_KILL","is_daily":false,"chose_seed":false,"campfire_upgraded":4,"win_rate":0.0,"timestamp":1611504508,"path_taken":["M","?","?","M","$","E","M","E","T","M","R","M","E","?","R","BOSS","M","$","?","?","?","R","E","R","T","R","E","M","?","M","R","BOSS","M","?","?","$","M","E","R","M","T","E","?","R","M","M","R","BOSS"],"items_purchased_type":["Relic","Card","Relic","Card"],"build_version":"2020-12-22","purchased_purges":1,"victory":false,"max_hp_per_floor":[68,68,68,68,68,75,75,75,75,75,75,75,75,75,75,75,75,75,75,75,75,75,75,75,75,75,75,75,75,75,75,75,75,75,75,75,75,75,75,75,75,75,75,75,71,71,71,71,71,71,71],"card_choices":[{"not_picked":["Replay:Hum","Protect"],"picked":"Replay:BluntJabs","floor":1.0},{"not_picked":["BowlingBash","Fasting2"],"picked":"ReachHeaven","floor":3.0},{"not_picked":["SandsOfTime","WreathOfFlame"],"picked":"CrushJoints","floor":4.0},{"not_picked":["Evaluate","SashWhip"],"picked":"BattleHymn","floor":6.0},{"not_picked":["Replay:Cycle","EmptyBody"],"picked":"Establishment","floor":7.0},{"not_picked":["CrushJoints","Fasting2"],"picked":"Swivel","floor":8.0},{"not_picked":["CutThroughFate","BowlingBash","Replay:ManipulateFuture"],"picked":"SKIP","floor":10.0},{"not_picked":["Replay:AtTheReady","WreathOfFlame"],"picked":"Meditate","floor":12.0},{"not_picked":["FollowUp","PathToVictory"],"picked":"FearNoEvil","floor":13.0},{"not_picked":["PathToVictory","Halt"],"picked":"Conclude","floor":14.0},{"not_picked":["Judgement","Replay:AllIn"],"picked":"LessonLearned","floor":16.0},{"not_picked":["Sanctity","Replay:Cycle"],"picked":"Crescendo+1","floor":18.0},{"not_picked":["BowlingBash","ClearTheMind"],"picked":"Adaptation","floor":20.0},{"not_picked":["Replay:DivineShield","Halt"],"picked":"Swivel","floor":24.0},{"not_picked":["CutThroughFate","BowlingBash"],"picked":"DeusExMachina","floor":28.0},{"not_picked":["ClearTheMind","JustLucky"],"picked":"Adaptation","floor":29.0},{"not_picked":["FlyingSleeves","Crescendo","Replay:ManipulateFuture"],"picked":"SKIP","floor":31.0},{"not_picked":["Alpha","LessonLearned"],"picked":"MasterReality","floor":33.0},{"not_picked":["Fasting2","WindmillStrike","ForeignInfluence"],"picked":"SKIP","floor":35.0},{"not_picked":["Sadistic Nature","Swift Strike"],"picked":"Flash of Steel","floor":37.0},{"not_picked":["FlurryOfBlows+1","Replay:Cycle","Crescendo+1"],"picked":"SKIP","floor":39.0},{"not_picked":["CrushJoints","SashWhip","ClearTheMind+1"],"picked":"SKIP","floor":40.0},{"not_picked":["Adaptation","Pray+1","Replay:AtTheReady"],"picked":"SKIP","floor":42.0},{"not_picked":["Devotion","FlurryOfBlows"],"picked":"Meditate","floor":44.0},{"not_picked":["BowlingBash","ThirdEye","PathToVictory"],"picked":"SKIP","floor":47.0},{"not_picked":["EmptyBody","SashWhip+1"],"picked":"TalkToTheHand","floor":48.0}],"player_experience":1590691,"relics_obtained":[{"floor":2.0,"key":"Toy Ornithopter"},{"floor":3.0,"key":"Calipers"},{"floor":6.0,"key":"Strawberry"},{"floor":8.0,"key":"Garlic"},{"floor":9.0,"key":"Sundial"},{"floor":13.0,"key":"Yang"},{"floor":24.0,"key":"Torii"},{"floor":24.0,"key":"Juzu Bracelet"},{"floor":26.0,"key":"Golden Egg"},{"floor":28.0,"key":"Eternal Feather"},{"floor":28.0,"key":"Du-Vu Doll"},{"floor":36.0,"key":"StrikeDummy"},{"floor":40.0,"key":"Nunchaku"},{"floor":40.0,"key":"StoneCalendar"},{"floor":44.0,"key":"Replay:Bandana"},{"floor":44.0,"key":"Old Coin"}],"event_choices":[{"damage_healed":0.0,"max_hp_gain":0.0,"max_hp_loss":0.0,"gold_gain":0.0,"event_name":"Back to Basics","player_choice":"Simplicity","floor":21.0,"gold_loss":0.0,"damage_taken":0.0,"cards_upgraded":["Strike_P","Strike_P","Strike_P","Defend_P","Defend_P","Defend_P","Defend_P"]},{"cards_removed":["Strike_P"],"damage_healed":0.0,"max_hp_gain":0.0,"max_hp_loss":0.0,"gold_gain":0.0,"event_name":"Beggar","player_choice":"Gave Gold","floor":30.0,"gold_loss":75.0,"damage_taken":0.0},{"damage_healed":0.0,"max_hp_gain":0.0,"max_hp_loss":0.0,"gold_gain":0.0,"event_name":"Wheel of Change","player_choice":"Relic","floor":36.0,"gold_loss":0.0,"damage_taken":0.0},{"damage_healed":0.0,"max_hp_gain":0.0,"max_hp_loss":0.0,"gold_gain":0.0,"event_name":"SensoryStone","player_choice":"Memory 3","floor":37.0,"gold_loss":0.0,"damage_taken":10.0},{"damage_healed":0.0,"max_hp_gain":0.0,"max_hp_loss":4.0,"gold_gain":0.0,"event_name":"Winding Halls","player_choice":"Max HP","floor":45.0,"gold_loss":0.0,"damage_taken":0.0}],"is_beta":false,"boss_relics":[{"not_picked":["SacredBark","Replay:Wanted Poster"],"picked":"Black Star"},{"not_picked":["Kintsugi","Replay:Drink Me"],"picked":"Replay:Grab Bag"},{"not_picked":["ChewingGum","Painkiller Herb"],"picked":"Abe\u0027s Treasure"},{"not_picked":["Velvet Choker","Sozu"],"picked":"Fusion Hammer"},{"not_picked":["Pandora\u0027s Box","Snecko Eye"],"picked":"Runic Pyramid"}],"items_purged_floors":[19],"is_endless":false,"potions_floor_spawned":[4,6,10,18,20,29,31,35,39,44],"killed_by":"Time Eater","ascension_level":20}}