{"host":"flnqt0m1a2s83kg7","time":1611521121,"event":{"mods":["AchievementEnabler","Act Like it!","BaseMod","Better Third Choice","Downfall","Minty Spire (QoL Compilation)","Rare Cards Sparkle","StSLib"],"gold_per_floor":[113,123,123,141,91,134,134,154,205,236,248,260,260],"floor_reached":12,"language":"ENG","playtime":412,"items_purged":[],"score":88,"play_id":"a92fb5d0-47c1-4f89-81bc-21accefb1997","local_time":"20210124134521","is_ascension_mode":true,"campfire_choices":[{"floor":7,"key":"REST"}],"circlet_count":0,"master_deck":["Strike_R","Strike_R","Strike_R","Defend_R","Defend_R","Defend_R","Defend_R","Bash","Whirlwind","Flex","Shrug It Off","Barricade","Whirlwind"],"relics":["Burning Blood","Golden Idol","Gremlin Horn","MawBank"],"acts_visited":["Exordium"],"potions_floor_usage":[6,12],"damage_taken":[{"damage":11,"enemies":"Jaw Worm","floor":1,"turns":4},{"damage":4,"enemies":"2 Louse","floor":2,"turns":4},{"damage":0,"enemies":"Small Slimes","floor":4,"turns":3},{"damage":62,"enemies":"Gremlin Nob","floor":6,"turns":5},{"damage":22,"enemies":"Blue Slaver","floor":8,"turns":5},{"damage":9,"enemies":"Lots of Slimes","floor":10,"turns":2},{"damage":20,"enemies":"Lagavulin","floor":12,"turns":11}],"seed_played":"8562775513260958406","potions_obtained":[{"floor":4,"key":"ColorlessPotion"},{"floor":6,"key":"Dexterity Potion"},{"floor":8,"key":"EssenceOfSteel"},{"floor":10,"key":"Guardian:BlockOnCardUsePotion"}],"is_trial":false,"path_per_floor":["M","M","?","M","?","E","R","M","T","M","?","E"],"character_chosen":"IRONCLAD","items_purchased":[],"campfire_rested":1,"item_purchase_floors":[],"current_hp_per_floor":[83,85,63,69,69,13,39,23,23,20,20,0,0],"gold":260,"neow_bonus":"TEN_PERCENT_HP_BONUS","is_daily":false,"chose_seed":false,"campfire_upgraded":0,"win_rate":0.0,"timestamp":1611521121,"path_taken":["M","M","?","M","?","E","R","M","T","M","?","E"],"items_purchased_type":[],"build_version":"2020-12-22","purchased_purges":0,"victory":false,"max_hp_per_floor":[88,88,88,88,88,88,88,88,88,88,88,88,88],"card_choices":[{"not_picked":["Wild Strike","Flex"],"picked":"Whirlwind","floor":1},{"not_picked":["Clothesline","Anger"],"picked":"Flex","floor":2},{"not_picked":["Armaments","Wild Strike"],"picked":"Shrug It Off","floor":4},{"not_picked":["Blood for Blood","Searing Blow"],"picked":"Barricade","floor":6},{"not_picked":["Thunderclap","Heavy Blade","True Grit"],"picked":"SKIP","floor":8},{"not_picked":["Entrench","Anger","Wild Strike"],"picked":"SKIP","floor":10}],"player_experience":51828,"relics_obtained":[{"floor":6,"key":"Gremlin Horn"},{"floor":9,"key":"MawBank"}],"event_choices":[{"damage_healed":0,"gold_gain":0,"player_choice":"Take Damage","damage_taken":22,"relics_obtained":["Golden Idol"],"max_hp_gain":0,"max_hp_loss":0,"event_name":"Golden Idol","floor":3,"gold_loss":0},{"cards_removed":["Strike_R"],"damage_healed":0,"gold_gain":0,"player_choice":"Card Removal","damage_taken":0,"max_hp_gain":0,"max_hp_loss":0,"event_name":"The Cleric","floor":5,"gold_loss":50},{"damage_healed":0,"gold_gain":0,"cards_transformed":["Strike_R"],"player_choice":"Change","damage_taken":0,"max_hp_gain":0,"max_hp_loss":0,"event_name":"Living Wall","floor":11,"gold_loss":0,"cards_obtained":["Whirlwind"]}],"is_beta":false,"boss_relics":[],"items_purged_floors":[],"is_endless":false,"potions_floor_spawned":[4,6,8,10],"killed_by":"Lagavulin","ascension_level":2}}