{"host":"zekcc3vicrep0och","time":1611517071,"event":{"mods":["AchievementEnabler","BaseMod","Colored Map","Colored Powertips","Displayed Cursed Tome","Highlight Path","Minty Spire (QoL Compilation)","Quick Restart","Relic Stats","StSLib","The Cursed"],"gold_per_floor":[216,226,66,82,82,109,123,123,146,178,191,191,207,240,240,314,314,332,332,292,22,32,32,66,66,66,66,80,80,105,121,121,121,121],"floor_reached":33,"language":"ENG","playtime":1351,"items_purged":[],"score":644,"play_id":"a1c8a571-6fc8-4c01-bf5d-d2762dd6ca15","local_time":"20210124223751","is_ascension_mode":true,"campfire_choices":[{"data":"Uppercut","floor":8.0,"key":"SMITH"},{"data":"Bash","floor":12.0,"key":"SMITH"},{"data":"Inflame","floor":15.0,"key":"SMITH"},{"data":"Double Tap","floor":23.0,"key":"SMITH"},{"data":"Whirlwind","floor":25.0,"key":"SMITH"},{"data":"Limit Break","floor":29.0,"key":"SMITH"},{"floor":32.0,"key":"REST"}],"circlet_count":0,"master_deck":["AscendersBane","Strike_R+1","Strike_R","Strike_R+1","Defend_R","Defend_R","Bash+1","Shrug It Off","Uppercut+1","Second Wind","Cleave","Dropkick","Shrug It Off","Shrug It Off","Shockwave","Inflame+1","Headbutt","Limit Break+1","Dark Embrace+1","Wild Strike+1","Dark Embrace+1","Rampage","Double Tap+1","Flame Barrier","Whirlwind+1","Inflame+1","True Grit+1","Impervious","Sword Boomerang"],"relics":["Burning Blood","Sling","Akabeko","Happy Flower","Bag of Preparation","Whetstone","Astrolabe","Strawberry","CaptainsWheel","Self Forming Clay"],"acts_visited":["Exordium","TheCity"],"potions_floor_usage":[],"damage_taken":[{"damage":4.0,"enemies":"Small Slimes","floor":1.0,"turns":4.0},{"damage":0.0,"enemies":"Cultist","floor":2.0,"turns":3.0},{"damage":3.0,"enemies":"Jaw Worm","floor":4.0,"turns":5.0},{"damage":25.0,"enemies":"3 Sentries","floor":6.0,"turns":7.0},{"damage":13.0,"enemies":"Large Slime","floor":7.0,"turns":6.0},{"damage":6.0,"enemies":"Gremlin Nob","floor":10.0,"turns":3.0},{"damage":0.0,"enemies":"Red Slaver","floor":11.0,"turns":4.0},{"damage":14.0,"enemies":"Gremlin Gang","floor":13.0,"turns":5.0},{"damage":0.0,"enemies":"Lagavulin","floor":14.0,"turns":6.0},{"damage":3.0,"enemies":"Slime Boss","floor":16.0,"turns":8.0},{"damage":9.0,"enemies":"Spheric Guardian","floor":18.0,"turns":6.0},{"damage":0.0,"enemies":"Chosen","floor":22.0,"turns":5.0},{"damage":26.0,"enemies":"Slavers","floor":24.0,"turns":2.0},{"damage":7.0,"enemies":"3 Cultists","floor":28.0,"turns":4.0},{"damage":38.0,"enemies":"Gremlin Leader","floor":30.0,"turns":7.0},{"damage":14.0,"enemies":"Centurion and Healer","floor":31.0,"turns":7.0},{"damage":47,"enemies":"Champ","floor":33,"turns":6}],"seed_played":"-1038809682939157002","potions_obtained":[{"floor":2.0,"key":"LiquidBronze"},{"floor":6.0,"key":"EssenceOfSteel"},{"floor":7.0,"key":"SpeedPotion"},{"floor":14.0,"key":"Strength Potion"},{"floor":16.0,"key":"Weak Potion"},{"floor":20.0,"key":"Strength Potion"},{"floor":20.0,"key":"SteroidPotion"},{"floor":24.0,"key":"SpeedPotion"},{"floor":28.0,"key":"ElixirPotion"}],"is_trial":false,"path_per_floor":["M","M","$","M","?","E","M","R","T","E","M","R","M","E","R","B",null,"M","?","?","$","M","R","E","R","T","?","M","R","E","M","R","B"],"character_chosen":"IRONCLAD","items_purchased":["Sling","Double Tap","Flame Barrier"],"campfire_rested":1,"item_purchase_floors":[3,21,21],"current_hp_per_floor":[70,75,75,75,75,56,49,49,49,49,55,55,47,53,53,56,70,67,67,67,67,73,73,60,60,60,60,59,59,27,19,43,0,0],"gold":121,"neow_bonus":"HUNDRED_GOLD","is_daily":false,"chose_seed":false,"campfire_upgraded":6,"win_rate":0.0,"timestamp":1611517071,"path_taken":["M","M","$","M","?","E","?","R","T","E","M","R","M","E","R","BOSS","M","?","?","$","?","R","E","R","T","?","M","R","E","M","R","BOSS"],"items_purchased_type":["Relic","Card","Card"],"build_version":"2020-12-22","purchased_purges":0,"victory":false,"max_hp_per_floor":[75,75,75,75,75,75,75,75,75,75,75,75,75,75,75,75,75,75,75,75,75,75,75,82,82,82,82,82,82,82,82,82,82,82],"relic_stats":{"Happy Flower":[21],"counters":[17,88],"Self Forming Clay":[6],"Astrolabe":["Dark Embrace","Wild Strike","Dark Embrace"],"Bag of Preparation":[22],"Whetstone":["Strike_R","Strike_R"],"obtain_stats":[{"CaptainsWheel":26,"Happy Flower":9,"Self Forming Clay":30,"Astrolabe":17,"Strawberry":24,"Bag of Preparation":10,"Whetstone":14,"Sling":3,"Burning Blood":0,"Akabeko":6},{"CaptainsWheel":13,"Happy Flower":5,"Self Forming Clay":15,"Astrolabe":10,"Strawberry":13,"Bag of Preparation":6,"Whetstone":9,"Sling":2,"Burning Blood":0,"Akabeko":4},{"CaptainsWheel":64,"Happy Flower":25,"Self Forming Clay":75,"Astrolabe":51,"Strawberry":64,"Bag of Preparation":28,"Whetstone":43,"Sling":7,"Burning Blood":0,"Akabeko":19}],"Burning Blood":92},"card_choices":[{"not_picked":["Wild Strike","Power Through"],"picked":"Shrug It Off","floor":1.0},{"not_picked":["Sword Boomerang","Warcry"],"picked":"Uppercut","floor":2.0},{"not_picked":["Clash","Burning Pact"],"picked":"Second Wind","floor":4.0},{"not_picked":["Offering","Combust"],"picked":"Dropkick","floor":6.0},{"not_picked":["Sever Soul","Pummel"],"picked":"Shrug It Off","floor":7.0},{"not_picked":["Intimidate","Perfected Strike"],"picked":"Shrug It Off","floor":10.0},{"not_picked":["Clash","Shrug It Off"],"picked":"Shockwave","floor":11.0},{"not_picked":["Rampage","Anger"],"picked":"Inflame","floor":13.0},{"not_picked":["Reaper","Combust"],"picked":"Headbutt","floor":14.0},{"not_picked":["Berserk","Exhume"],"picked":"Limit Break","floor":16.0},{"not_picked":["Cleave","Clash","Wild Strike"],"picked":"SKIP","floor":18.0},{"not_picked":["Pommel Strike","Rampage"],"picked":"Whirlwind","floor":22.0},{"not_picked":["Hemokinesis","Cleave","Twin Strike"],"picked":"SKIP","floor":24.0},{"not_picked":["Dark Embrace","Infernal Blade"],"picked":"True Grit+1","floor":28.0},{"not_picked":["Combust","Iron Wave"],"picked":"Impervious","floor":30.0},{"not_picked":["Wild Strike","Hemokinesis"],"picked":"Sword Boomerang","floor":31.0}],"player_experience":552859,"relics_obtained":[{"floor":6.0,"key":"Akabeko"},{"floor":9.0,"key":"Happy Flower"},{"floor":10.0,"key":"Bag of Preparation"},{"floor":14.0,"key":"Whetstone"},{"floor":24.0,"key":"Strawberry"},{"floor":26.0,"key":"CaptainsWheel"},{"floor":30.0,"key":"Self Forming Clay"}],"event_choices":[{"damage_healed":0.0,"max_hp_gain":0.0,"max_hp_loss":0.0,"gold_gain":0.0,"cards_transformed":["Strike_R"],"event_name":"Transmorgrifier","player_choice":"Transformed","floor":5.0,"gold_loss":0.0,"damage_taken":0.0,"cards_obtained":["Cleave"]},{"damage_healed":0.0,"max_hp_gain":0.0,"max_hp_loss":0.0,"gold_gain":0.0,"event_name":"The Library","player_choice":"Read","floor":19.0,"gold_loss":0.0,"damage_taken":0.0,"cards_obtained":["Rampage"]},{"damage_healed":0.0,"max_hp_gain":0.0,"max_hp_loss":0.0,"gold_gain":0.0,"event_name":"The Woman in Blue","player_choice":"Bought 3 Potions","floor":20.0,"gold_loss":0.0,"damage_taken":0.0},{"damage_healed":0.0,"max_hp_gain":0.0,"max_hp_loss":0.0,"gold_gain":0.0,"event_name":"Duplicator","player_choice":"Copied","floor":27.0,"gold_loss":0.0,"damage_taken":0.0,"cards_obtained":["Inflame"]}],"is_beta":false,"boss_relics":[{"not_picked":["Cursed Key","Sozu"],"picked":"Astrolabe"}],"items_purged_floors":[],"is_endless":false,"potions_floor_spawned":[2,6,7,10,11,14,16,22,24,28],"killed_by":"Champ","ascension_level":19}}