{"host":"m5bsg12zcyqnofur","time":1611469376,"event":{"mods":["AchievementEnabler","BaseMod","BetterRewards","Colored Powertips","Hermit","Highlight Path","Minty Spire (QoL Compilation)","Quick Restart","Replay The Spire","Shop Mod","StSLib","The Bug Knight"],"gold_per_floor":[112,112,128,144,144,144,162,189,264,293,293,155,167,185,185,286,286,300,317,119,137,137,164,181,181,181,193,223,223,13,23,23,23,23],"floor_reached":33,"language":"ENG","playtime":2973,"items_purged":["Strike_R","Strike_R","Strike_R","Strike_R","Strike_R","Defend_R","Defend_R","Bash","Bloodletting+1"],"score":373,"play_id":"0b5ae33b-a945-40a0-8e1e-c0de2fe33a93","local_time":"20210124002256","is_ascension_mode":true,"campfire_choices":[{"data":"Defend_R","floor":6.0,"key":"PURGE"},{"data":"Exhume","floor":15.0,"key":"SMITH"},{"data":"Mayhem","floor":25,"key":"SMITH"}],"circlet_count":0,"master_deck":["Rampage","Mayhem+1","Shrug It Off","Demon Form","Warcry+1","Metallicize","Flame Barrier","Spot Weakness","Heavy Blade","Warcry","Exhume+1","Offering","Dual Wield","Seeing Red+1"],"relics":["Burning Blood","Matryoshka","Membership Card","Peace Pipe","HollowMod:LifeEnderRelic","ReplayTheSpireMod:TigerMarble","Regal Pillow","Gremlin Food","Bag of Marbles","Sozu","HollowMod:JonisBlessing","Boot","Anchor","Art of War","Blue Doll","MutagenicStrength","Strange Spoon"],"acts_visited":["Exordium","TheCity"],"potions_floor_usage":[],"damage_taken":[{"damage":3.0,"enemies":"2 Louse","floor":1.0,"turns":4.0},{"damage":0.0,"enemies":"Cultist","floor":3.0,"turns":4.0},{"damage":6.0,"enemies":"Small Slimes","floor":4.0,"turns":4.0},{"damage":6.0,"enemies":"2 Fungi Beasts","floor":7.0,"turns":6.0},{"damage":6.0,"enemies":"Gremlin Nob","floor":8.0,"turns":4.0},{"damage":1.0,"enemies":"Replay:BlueRogue","floor":10.0,"turns":6.0},{"damage":0.0,"enemies":"3 Louse","floor":13.0,"turns":3.0},{"damage":5.0,"enemies":"Blue Slaver","floor":14.0,"turns":2.0},{"damage":6.0,"enemies":"Hexaghost","floor":16.0,"turns":7.0},{"damage":20.0,"enemies":"3 Byrds","floor":18.0,"turns":4.0},{"damage":18.0,"enemies":"2 Thieves","floor":19.0,"turns":3.0},{"damage":0.0,"enemies":"Snecko","floor":21.0,"turns":4.0},{"damage":4.0,"enemies":"Replay:Snechameleon","floor":23.0,"turns":4.0},{"damage":1,"enemies":"Centurion and Healer","floor":24,"turns":8},{"damage":0,"enemies":"Cultist and Chosen","floor":27,"turns":5},{"damage":22,"enemies":"Gremlin Leader","floor":28,"turns":5},{"damage":0,"enemies":"Snake Plant","floor":31,"turns":4},{"damage":24,"enemies":"Collector","floor":33,"turns":5}],"seed_played":"-3260634434528132667","potions_obtained":[{"floor":3.0,"key":"DistilledChaos"},{"floor":10.0,"key":"Strength Potion"},{"floor":14.0,"key":"SpeedPotion"}],"is_trial":false,"path_per_floor":["M","?","M","M","?","R","M","E","T","E","?","$","M","M","R","B",null,"M","M","$","M","?","E","M","R","T","M","E","?","$","M","R","B"],"character_chosen":"IRONCLAD","items_purchased":["Rampage","Mayhem","Matryoshka","Shrug It Off","Demon Form","Warcry+1","Membership Card","Peace Pipe","HollowMod:LifeEnderRelic","Metallicize","ReplayTheSpireMod:TigerMarble","Adrenaline Potion","Warcry","HollowMod:JonisBlessing","Strange Spoon"],"campfire_rested":0,"item_purchase_floors":[0,0,0,0,0,0,0,0,0,0,0,0,12,20,30],"current_hp_per_floor":[35,35,41,41,41,41,41,41,41,46,46,46,56,57,57,57,80,66,54,54,54,39,35,34,34,34,34,12,12,12,12,12,0,0],"gold":23,"neow_bonus":"","is_daily":false,"chose_seed":false,"campfire_upgraded":2,"win_rate":0.0,"timestamp":1611469376,"path_taken":["M","?","M","M","?","R","?","E","T","E","?","$","M","M","R","BOSS","M","M","$","M","?","E","M","R","T","M","E","?","$","M","R","BOSS"],"items_purchased_type":["Card","Card","Relic","Card","Card","Card","Relic","Relic","Relic","Card","Relic","Potion","Card","Relic","Relic"],"build_version":"2020-12-22","purchased_purges":9,"victory":false,"max_hp_per_floor":[80,80,80,80,80,80,80,80,80,80,80,80,80,80,80,80,80,80,80,80,80,85,85,85,85,85,85,85,85,85,85,85,85,85],"card_choices":[{"not_picked":["Armaments","Heavy Blade"],"picked":"Flame Barrier","floor":1.0},{"not_picked":["Flex","Shockwave","Clash"],"picked":"SKIP","floor":3.0},{"not_picked":["Perfected Strike","Intimidate"],"picked":"Spot Weakness","floor":4.0},{"not_picked":["Cleave","Perfected Strike","Sever Soul"],"picked":"SKIP","floor":7.0},{"not_picked":["Run Through","Sword Boomerang","Havoc"],"picked":"SKIP","floor":8.0},{"not_picked":["Flex","Evolve"],"picked":"Heavy Blade","floor":10.0},{"not_picked":["Whirlwind","Body Slam"],"picked":"Exhume","floor":13.0},{"not_picked":["Armaments","Sever Soul","ReplayTheSpireMod:Corrosion Curse"],"picked":"SKIP","floor":14.0},{"not_picked":["Impervious","Demon Form"],"picked":"Offering","floor":16.0},{"not_picked":["True Grit+1","Flex","Combust"],"picked":"SKIP","floor":18.0},{"not_picked":["Flex","Rupture","Twin Strike+1"],"picked":"SKIP","floor":19.0},{"not_picked":["Shrug It Off","ReplayTheSpireMod:Corrosion Curse"],"picked":"Dual Wield","floor":21.0},{"not_picked":["Ghostly Armor","Juggernaut"],"picked":"Seeing Red+1","floor":23.0},{"not_picked":["Thunderclap","Headbutt"],"picked":"Bloodletting+1","floor":24},{"not_picked":["Iron Wave","ReplayTheSpireMod:Strike From Hell","Shockwave"],"picked":"SKIP","floor":27},{"not_picked":["Second Wind","Carnage","Havoc+1"],"picked":"SKIP","floor":28},{"not_picked":["ReplayTheSpireMod:Strike From Hell","Rampage","Abandon"],"picked":"SKIP","floor":31}],"player_experience":277707,"relics_obtained":[{"floor":8.0,"key":"Regal Pillow"},{"floor":9.0,"key":"Gremlin Food"},{"floor":10.0,"key":"Bag of Marbles"},{"floor":23.0,"key":"Boot"},{"floor":26,"key":"Anchor"},{"floor":26,"key":"Art of War"},{"floor":28,"key":"Blue Doll"}],"event_choices":[{"cards_removed":["Defend_R"],"damage_healed":0.0,"max_hp_gain":0.0,"max_hp_loss":0.0,"gold_gain":0.0,"event_name":"Living Wall","player_choice":"Forget","floor":2.0,"gold_loss":0.0,"damage_taken":0.0},{"damage_healed":0.0,"max_hp_gain":0.0,"max_hp_loss":0.0,"gold_gain":0.0,"event_name":"Match and Keep!","player_choice":"0 cards matched","floor":5.0,"gold_loss":0.0,"damage_taken":0.0,"cards_obtained":[]},{"damage_healed":0.0,"max_hp_gain":5.0,"max_hp_loss":0.0,"gold_gain":0.0,"event_name":"Forgotten Altar","player_choice":"Shed Blood","floor":22.0,"gold_loss":0.0,"damage_taken":20.0},{"damage_healed":0,"gold_gain":0,"player_choice":"Inject Mutagens","damage_taken":0,"relics_obtained":["MutagenicStrength"],"max_hp_gain":0,"max_hp_loss":0,"event_name":"Drug Dealer","floor":29,"gold_loss":0},{"damage_healed":0,"gold_gain":0,"player_choice":"Ignored","damage_taken":0,"max_hp_gain":0,"max_hp_loss":0,"event_name":"Vampires","floor":32,"gold_loss":0}],"is_beta":false,"boss_relics":[{"not_picked":["Velvet Choker","Tiny House"],"picked":"Sozu"}],"items_purged_floors":[0,0,0,0,0,0,12,20,30],"is_endless":false,"potions_floor_spawned":[3,10,14,19,23,27],"killed_by":"Collector","ascension_level":3}}