{"host":"uzp1tn8qxn9571p9","time":1611448312,"event":{"mods":["BaseMod","Colored Map","Colored Powertips","Hermit","Minty Spire (QoL Compilation)","StSLib","óô»ðÖ¸ÄÏ"],"gold_per_floor":[167,167,167,178,178,206,218,218,242,254,279,311,323,360,372,384,384],"floor_reached":16,"language":"ZHS","playtime":736,"items_purged":[],"score":121,"play_id":"5159e974-ebfb-4ffa-95a3-fcd7a1b1aaeb","local_time":"20210124083152","is_ascension_mode":true,"campfire_choices":[{"data":"hermit:CalledShot","floor":8,"key":"SMITH"},{"floor":10,"key":"REST"},{"data":"hermit:EyeOfTheStorm","floor":15,"key":"SMITH"}],"circlet_count":0,"master_deck":["hermit:Strike_Hermit","hermit:Strike_Hermit","hermit:Strike_Hermit+1","hermit:Defend_Hermit+1","hermit:Defend_Hermit","hermit:Defend_Hermit","hermit:Defend_Hermit","hermit:Snapshot","hermit:Covet","hermit:HighCaliber","hermit:TrackingShot+1","hermit:EyeOfTheStorm+1","hermit:Ricochet","hermit:CalledShot+1","hermit:Headshot","Decay","hermit:BodyArmor"],"relics":["Tiny House","Smiling Mask","Bag of Marbles","MawBank","Bronze Scales"],"acts_visited":["Exordium"],"potions_floor_usage":[11,14],"damage_taken":[{"damage":0,"enemies":"Jaw Worm","floor":1,"turns":3},{"damage":0,"enemies":"Small Slimes","floor":4,"turns":2},{"damage":53,"enemies":"Lagavulin","floor":6,"turns":7},{"damage":0,"enemies":"Cultist","floor":7,"turns":1},{"damage":4,"enemies":"Exordium Wildlife","floor":11,"turns":3},{"damage":0,"enemies":"Large Slime","floor":12,"turns":2},{"damage":13,"enemies":"Gremlin Nob","floor":14,"turns":3},{"damage":11,"enemies":"The Guardian","floor":16,"turns":3}],"seed_played":"-7292902081381440805","potions_obtained":[{"floor":0,"key":"Explosive Potion"},{"floor":7,"key":"Energy Potion"},{"floor":11,"key":"GamblersBrew"},{"floor":14,"key":"Block Potion"}],"is_trial":false,"path_per_floor":["M","?","?","M","?","E","M","R","T","R","M","M","?","E","R","B"],"character_chosen":"HERMIT","items_purchased":[],"campfire_rested":1,"item_purchase_floors":[],"current_hp_per_floor":[80,73,73,73,57,4,4,4,4,28,24,24,24,11,11,0,0],"gold":384,"neow_bonus":"BOSS_RELIC","is_daily":false,"chose_seed":false,"campfire_upgraded":2,"win_rate":0.0,"timestamp":1611448312,"path_taken":["M","?","?","?","?","E","M","R","T","R","M","M","?","E","R","BOSS"],"items_purchased_type":[],"build_version":"2020-12-22","purchased_purges":0,"victory":false,"max_hp_per_floor":[80,80,80,80,80,80,80,80,80,80,80,80,80,80,80,80,80],"card_choices":[{"not_picked":["hermit:LowProfile","hermit:FlashPowder"],"picked":"hermit:HighCaliber","floor":0},{"not_picked":["hermit:Combo","hermit:HoleUp"],"picked":"hermit:TrackingShot","floor":1},{"not_picked":["hermit:Vantage","hermit:TakeAim"],"picked":"hermit:EyeOfTheStorm","floor":4},{"not_picked":["hermit:Gambit","hermit:Vantage"],"picked":"hermit:Ricochet","floor":6},{"not_picked":["hermit:Ricochet","hermit:Brawl"],"picked":"hermit:CalledShot","floor":7},{"not_picked":["hermit:Ricochet","hermit:TrackingShot","hermit:HoleUp"],"picked":"SKIP","floor":11},{"not_picked":["hermit:LowProfile","hermit:HighCaliber"],"picked":"hermit:Headshot","floor":12},{"not_picked":["hermit:Coalescence","hermit:Misfire"],"picked":"hermit:BodyArmor","floor":14}],"player_experience":370345,"relics_obtained":[{"floor":6,"key":"Bag of Marbles"},{"floor":9,"key":"MawBank"},{"floor":14,"key":"Bronze Scales"}],"event_choices":[{"cards_removed":["hermit:Strike_Hermit"],"damage_healed":0,"gold_gain":0,"player_choice":"Card Removal","damage_taken":7,"max_hp_gain":0,"max_hp_loss":0,"event_name":"Golden Wing","floor":2,"gold_loss":0},{"damage_healed":0,"gold_gain":0,"player_choice":"Gave Potion","damage_taken":0,"relics_obtained":["Smiling Mask"],"max_hp_gain":0,"max_hp_loss":0,"event_name":"WeMeetAgain","floor":3,"gold_loss":0},{"damage_healed":0,"gold_gain":0,"player_choice":"Entered Light","damage_taken":16,"max_hp_gain":0,"max_hp_loss":0,"event_name":"Shining Light","floor":5,"gold_loss":0,"cards_upgraded":["hermit:Strike_Hermit","hermit:TrackingShot"]},{"damage_healed":0,"gold_gain":0,"player_choice":"Cursed","damage_taken":0,"max_hp_gain":0,"max_hp_loss":0,"event_name":"Wheel of Change","floor":13,"gold_loss":0,"cards_obtained":["Decay"]}],"is_beta":false,"boss_relics":[],"items_purged_floors":[],"is_endless":false,"potions_floor_spawned":[7,11,14],"killed_by":"The Guardian","ascension_level":2}}