{"host":"Jinnai","time":1611521894,"event":{"mods":["BaseMod","Bestiary","Block Reminder","Colored Map","Colored Powertips","Highlight Path","Minty Spire (QoL Compilation)","Quick Restart","Relic Stats","StSLib"],"gold_per_floor":[117,134,134,75,75,75,101,101,101,101,113,74,92,107,107,107,107],"floor_reached":16,"language":"ENG","playtime":378,"items_purged":[],"score":244,"play_id":"12671734-8f76-44a2-9206-0a4f615cb589","local_time":"20210124155814","is_ascension_mode":true,"campfire_choices":[{"floor":6,"key":"DIG"},{"floor":8,"key":"DIG"},{"floor":15,"key":"REST"}],"circlet_count":0,"master_deck":["AscendersBane","Strike_G","Strike_G","Strike_G","Strike_G","Defend_G","Defend_G","Defend_G","Defend_G","Defend_G","Survivor","Neutralize","Noxious Fumes","Sucker Punch","Catalyst","Finisher","Bouncing Flask","Footwork","Well Laid Plans","Skewer"],"relics":["Ring of the Snake","NeowsBlessing","Shovel","Vajra","Gremlin Horn","Torii","Pen Nib"],"acts_visited":["Exordium"],"potions_floor_usage":[14,16],"damage_taken":[{"damage":0,"enemies":"2 Louse","floor":1,"turns":1},{"damage":0,"enemies":"Small Slimes","floor":2,"turns":1},{"damage":0,"enemies":"3 Sentries","floor":7,"turns":1},{"damage":2,"enemies":"Jaw Worm","floor":11,"turns":5},{"damage":2,"enemies":"Looter","floor":13,"turns":3},{"damage":15,"enemies":"Lots of Slimes","floor":14,"turns":4},{"damage":44,"enemies":"Slime Boss","floor":16,"turns":7}],"seed_played":"-7613763963080746797","potions_obtained":[{"floor":1,"key":"ColorlessPotion"},{"floor":11,"key":"EssenceOfSteel"}],"is_trial":false,"path_per_floor":["M","M","?","?","?","R","E","R","T","?","M","$","M","M","R","B"],"character_chosen":"THE_SILENT","items_purchased":["Footwork"],"campfire_rested":1,"item_purchase_floors":[12],"current_hp_per_floor":[59,59,41,41,41,41,41,41,41,41,39,39,37,22,41,0,0],"gold":107,"neow_bonus":"THREE_ENEMY_KILL","is_daily":false,"chose_seed":false,"campfire_upgraded":0,"win_rate":0.0,"timestamp":1611521894,"path_taken":["M","M","?","?","?","R","E","R","T","?","M","$","M","?","R","BOSS"],"items_purchased_type":["Card"],"build_version":"2020-12-18","purchased_purges":0,"victory":false,"max_hp_per_floor":[66,66,66,66,66,66,66,66,66,66,66,66,66,66,66,66,66],"relic_stats":{"Shovel":2,"Gremlin Horn":[1,1],"Torii":13,"counters":[7,22],"Pen Nib":[2],"obtain_stats":[{"Shovel":3,"NeowsBlessing":0,"Gremlin Horn":7,"Torii":8,"Vajra":6,"Pen Nib":9,"Ring of the Snake":0},{"Shovel":2,"NeowsBlessing":0,"Gremlin Horn":3,"Torii":3,"Vajra":2,"Pen Nib":3,"Ring of the Snake":0},{"Shovel":2,"NeowsBlessing":0,"Gremlin Horn":3,"Torii":3,"Vajra":2,"Pen Nib":3,"Ring of the Snake":0}],"Ring of the Snake":[14]},"card_choices":[{"not_picked":["Well Laid Plans","Deadly Poison"],"picked":"Noxious Fumes","floor":1},{"not_picked":["Backflip","Well Laid Plans"],"picked":"Sucker Punch","floor":2},{"not_picked":["Quick Slash","Flechettes"],"picked":"Catalyst","floor":7},{"not_picked":["Dodge and Roll","Acrobatics"],"picked":"Bouncing Flask","floor":11},{"not_picked":["Prepared","Flying Knee"],"picked":"Well Laid Plans","floor":13},{"not_picked":["Dagger Throw","Caltrops"],"picked":"Skewer","floor":14}],"player_experience":1559083,"relics_obtained":[{"floor":6,"key":"Vajra"},{"floor":7,"key":"Gremlin Horn"},{"floor":8,"key":"Torii"},{"floor":9,"key":"Pen Nib"}],"event_choices":[{"damage_healed":0,"gold_gain":0,"player_choice":"Success","damage_taken":18,"relics_obtained":["Shovel"],"max_hp_gain":0,"max_hp_loss":0,"event_name":"Scrap Ooze","floor":3,"gold_loss":0},{"damage_healed":0,"gold_gain":0,"player_choice":"Left Gold","damage_taken":0,"max_hp_gain":0,"max_hp_loss":0,"event_name":"World of Goop","floor":4,"gold_loss":59},{"damage_healed":0,"gold_gain":0,"player_choice":"Ignored","damage_taken":0,"max_hp_gain":0,"max_hp_loss":0,"event_name":"Liars Game","floor":5,"gold_loss":0},{"damage_healed":0,"gold_gain":0,"cards_transformed":["Strike_G"],"player_choice":"Change","damage_taken":0,"max_hp_gain":0,"max_hp_loss":0,"event_name":"Living Wall","floor":10,"gold_loss":0,"cards_obtained":["Finisher"]}],"is_beta":true,"boss_relics":[],"items_purged_floors":[],"is_endless":false,"potions_floor_spawned":[1,11],"killed_by":"Slime Boss","ascension_level":19}}