{"host":"z9mq1tf06lkrncmk","time":1611466555,"event":{"mods":["BaseMod","Downfall","Minty Spire (QoL Compilation)","StSLib"],"gold_per_floor":[112,130,305,154,154,154,154,154,178,178,178,194,212,244,244,340,340,352,427,273,290,308,308,308,308,308,320,339,119,119,132,132,235,235,255,268,268,268,280,280,280],"floor_reached":40,"language":"ENG","playtime":987,"items_purged":["Doubt"],"score":518,"play_id":"95a5be9f-eb88-41ea-b4b7-475132a73b91","local_time":"20210124003555","is_ascension_mode":true,"campfire_choices":[{"data":"Armaments","floor":6,"key":"SMITH"},{"data":"Spot Weakness","floor":8,"key":"SMITH"},{"floor":11,"key":"DIG"},{"floor":15,"key":"REST"},{"floor":23,"key":"REST"},{"data":"Heavy Blade","floor":25,"key":"SMITH"},{"data":"Inflame","floor":30,"key":"SMITH"},{"data":"Inflame","floor":32,"key":"SMITH"}],"circlet_count":0,"master_deck":["Strike_R","Strike_R","Strike_R+1","Strike_R+1","Strike_R","Defend_R","Defend_R","Defend_R","Defend_R","Bash","Thunderclap","Spot Weakness+1","Cleave","Armaments+1","Headbutt","Shockwave","Inflame+1","Immolate","Heavy Blade+1","Inflame+1"],"relics":["Burning Blood","Regal Pillow","Shovel","Ice Cream","Shuriken","Runic Dome","Orichalcum","Lee\u0027s Waffle","Cursed Key","Blue Candle"],"acts_visited":["Exordium","TheCity","TheBeyond"],"potions_floor_usage":[14,27,33,40],"damage_taken":[{"damage":6,"enemies":"Jaw Worm","floor":1,"turns":5},{"damage":0,"enemies":"2 Louse","floor":2,"turns":3},{"damage":0,"enemies":"Small Slimes","floor":12,"turns":4},{"damage":1,"enemies":"Exordium Thugs","floor":13,"turns":3},{"damage":18,"enemies":"3 Sentries","floor":14,"turns":3},{"damage":46,"enemies":"Slime Boss","floor":16,"turns":8},{"damage":27,"enemies":"Spheric Guardian","floor":18,"turns":4},{"damage":22,"enemies":"2 Thieves","floor":21,"turns":4},{"damage":20,"enemies":"Shelled Parasite and Fungi","floor":22,"turns":4},{"damage":2,"enemies":"Cultist and Chosen","floor":27,"turns":3},{"damage":26,"enemies":"Snake Plant","floor":28,"turns":3},{"damage":7,"enemies":"3 Cultists","floor":31,"turns":3},{"damage":31,"enemies":"Automaton","floor":33,"turns":6},{"damage":23,"enemies":"Orb Walker","floor":35,"turns":4},{"damage":54,"enemies":"3 Darklings","floor":36,"turns":3},{"damage":18,"enemies":"Maw","floor":39,"turns":5},{"damage":41,"enemies":"Giant Head","floor":40,"turns":5}],"seed_played":"-1046569663402279330","potions_obtained":[{"floor":1,"key":"EssenceOfSteel"},{"floor":2,"key":"bronze:BurnAndBuffPotion"},{"floor":13,"key":"Explosive Potion"},{"floor":22,"key":"ColorlessPotion"},{"floor":27,"key":"SpeedPotion"},{"floor":31,"key":"PowerPotion"},{"floor":33,"key":"hexamod:SoulburnPotion"}],"is_trial":false,"path_per_floor":["M","M","?","$","?","R","?","R","T","?","R","M","M","E","R","B",null,"M","?","$","M","M","R","?","R","T","M","M","$","R","M","R","B",null,"M","M","?","?","M","E"],"character_chosen":"IRONCLAD","items_purchased":["Cleave","Armaments","Orichalcum","Lee\u0027s Waffle","Inflame"],"campfire_rested":2,"item_purchase_floors":[4,4,20,29,29],"current_hp_per_floor":[88,88,88,88,70,70,70,70,70,70,70,76,81,69,88,48,88,67,59,59,43,29,70,62,62,62,66,46,95,95,94,94,69,95,78,30,30,25,13,0,0],"gold":280,"neow_bonus":"TEN_PERCENT_HP_BONUS","is_daily":false,"chose_seed":false,"campfire_upgraded":5,"win_rate":0.0,"timestamp":1611466555,"path_taken":["M","M","?","$","?","R","?","R","T","?","R","M","?","E","R","BOSS","M","?","$","M","?","R","?","R","T","?","M","$","R","?","R","BOSS","M","M","?","?","M","E"],"items_purchased_type":["Card","Card","Relic","Relic","Card"],"build_version":"2020-12-22","purchased_purges":1,"victory":false,"max_hp_per_floor":[88,88,88,88,88,88,88,88,88,88,88,88,88,88,88,88,88,88,88,88,88,88,88,88,88,88,88,88,95,95,95,95,95,95,95,95,95,95,95,95,95],"card_choices":[{"not_picked":["Reckless Charge","Anger"],"picked":"Thunderclap","floor":1},{"not_picked":["Cleave","Thunderclap"],"picked":"Spot Weakness","floor":2},{"not_picked":["Thunderclap","Flex"],"picked":"Headbutt","floor":12},{"not_picked":["True Grit","Iron Wave"],"picked":"Shockwave","floor":13},{"not_picked":["Entrench","Ghostly Armor"],"picked":"Inflame","floor":14},{"not_picked":["Juggernaut","Brutality"],"picked":"Immolate","floor":16},{"not_picked":["Entrench","Evolve+1","Sever Soul+1"],"picked":"SKIP","floor":18},{"not_picked":["Iron Wave","Shrug It Off"],"picked":"Heavy Blade","floor":21},{"not_picked":["Iron Wave","Fire Breathing","Perfected Strike+1"],"picked":"SKIP","floor":22},{"not_picked":["Body Slam+1","Thunderclap","Pommel Strike"],"picked":"SKIP","floor":27},{"not_picked":["Carnage+1","Metallicize","Warcry"],"picked":"SKIP","floor":28},{"not_picked":["Perfected Strike","Headbutt+1","Hemokinesis"],"picked":"SKIP","floor":31},{"not_picked":["Headbutt+1","Body Slam","Inflame+1"],"picked":"SKIP","floor":35},{"not_picked":["True Grit","Warcry","Thunderclap"],"picked":"SKIP","floor":36},{"not_picked":["Burning Pact+1","Power Through","Wild Strike"],"picked":"SKIP","floor":39}],"player_experience":389332,"relics_obtained":[{"floor":9,"key":"Regal Pillow"},{"floor":11,"key":"Ice Cream"},{"floor":14,"key":"Shuriken"}],"event_choices":[{"damage_healed":0,"gold_gain":175,"player_choice":"AGREE","damage_taken":0,"max_hp_gain":0,"max_hp_loss":0,"event_name":"Liars Game","floor":3,"gold_loss":0,"cards_obtained":["Doubt"]},{"damage_healed":0,"gold_gain":0,"player_choice":"Entered Light","damage_taken":18,"max_hp_gain":0,"max_hp_loss":0,"event_name":"Shining Light","floor":5,"gold_loss":0,"cards_upgraded":["Strike_R","Strike_R"]},{"damage_healed":0,"gold_gain":0,"player_choice":"Ignored","damage_taken":0,"max_hp_gain":0,"max_hp_loss":0,"event_name":"Golden Wing","floor":7,"gold_loss":0},{"damage_healed":0,"gold_gain":0,"player_choice":"Gave Potion","damage_taken":0,"relics_obtained":["Shovel"],"max_hp_gain":0,"max_hp_loss":0,"event_name":"WeMeetAgain","floor":10,"gold_loss":0},{"damage_healed":0,"gold_gain":75,"player_choice":"Touch","damage_taken":8,"max_hp_gain":0,"max_hp_loss":0,"event_name":"FaceTrader","floor":19,"gold_loss":0},{"damage_healed":0,"gold_gain":0,"player_choice":"Damaged","damage_taken":8,"max_hp_gain":0,"max_hp_loss":0,"event_name":"Wheel of Change","floor":24,"gold_loss":0},{"damage_healed":0,"gold_gain":0,"player_choice":"Ignored","damage_taken":0,"max_hp_gain":0,"max_hp_loss":0,"event_name":"Mysterious Sphere","floor":37,"gold_loss":0}],"is_beta":false,"boss_relics":[{"not_picked":["Astrolabe","Coffee Dripper"],"picked":"Runic Dome"},{"not_picked":["Empty Cage","SacredBark"],"picked":"Cursed Key"}],"items_purged_floors":[4],"is_endless":false,"potions_floor_spawned":[1,2,13,22,27,31,33],"killed_by":"Giant Head","ascension_level":4}}