{"host":"aj7el8l5kufbk20z","time":1611454579,"event":{"mods":["AchievementEnabler","BaseMod","Colored Map","Colored Powertips","Curses Come First","Highlight Path","Minty Spire (QoL Compilation)","Permanent Neow","Poor People Problems","Quick Restart","Rare Cards Sparkle","Relic Stats","StSLib","SuperFastMode","Waifu the Spire"],"gold_per_floor":[110,30,105,121,121,148,148,167,167,11,39,39,52,23,23,23,23],"floor_reached":16,"language":"ZHS","playtime":869,"items_purged":[],"score":219,"play_id":"c5bb9cb7-6599-45e4-96bf-23dc4d65a861","local_time":"20210124101619","is_ascension_mode":true,"campfire_choices":[{"data":"Armaments","floor":7,"key":"SMITH"},{"data":"Metallicize","floor":12,"key":"SMITH"},{"data":"Corruption","floor":15,"key":"SMITH"}],"circlet_count":0,"master_deck":["AscendersBane","Strike_R","Strike_R","Strike_R","Strike_R","Defend_R","Defend_R","Defend_R","Defend_R","Bash","Searing Blow","Limit Break","Armaments+1","Shrug It Off","Power Through","Flame Barrier","Corruption+1","Metallicize+1","Sentinel","Feed"],"relics":["Burning Blood","NeowsBlessing","Self Forming Clay","Bottled Lightning","Odd Mushroom"],"acts_visited":["Exordium"],"potions_floor_usage":[11,11],"damage_taken":[{"damage":0,"enemies":"2 Louse","floor":1,"turns":1},{"damage":0,"enemies":"Small Slimes","floor":4,"turns":1},{"damage":0,"enemies":"Lagavulin","floor":6,"turns":1},{"damage":0,"enemies":"Cultist","floor":8,"turns":4},{"damage":15,"enemies":"The Mushroom Lair","floor":11,"turns":7},{"damage":2,"enemies":"Looter","floor":13,"turns":5},{"damage":4,"enemies":"Exordium Thugs","floor":14,"turns":6},{"damage":21,"enemies":"Hexaghost","floor":16,"turns":7}],"seed_played":"-3593277604192086604","potions_obtained":[{"floor":1,"key":"SkillPotion"},{"floor":4,"key":"ColorlessPotion"}],"is_trial":false,"path_per_floor":["M","$","?","M","?","E","R","M","T","$","?","R","M","M","R","B"],"character_chosen":"IRONCLAD","items_purchased":["Limit Break","Flame Barrier","Corruption"],"campfire_rested":0,"item_purchase_floors":[2,10,10],"current_hp_per_floor":[74,74,63,69,62,68,68,74,74,74,65,65,69,71,71,50,50],"gold":23,"neow_bonus":"THREE_ENEMY_KILL","is_daily":false,"chose_seed":false,"campfire_upgraded":3,"win_rate":0.0,"timestamp":1611454579,"path_taken":["M","$","?","M","?","E","R","M","T","$","?","R","M","M","R","BOSS"],"items_purchased_type":["Card","Card","Card"],"build_version":"2020-12-22","purchased_purges":0,"victory":false,"max_hp_per_floor":[75,75,75,75,75,75,75,75,75,75,75,75,75,75,75,75,75],"relic_stats":{"counters":[8,32],"Self Forming Clay":[27],"obtain_stats":[{"NeowsBlessing":0,"Self Forming Clay":6,"Bottled Lightning":9,"Odd Mushroom":11,"Burning Blood":0},{"NeowsBlessing":0,"Self Forming Clay":3,"Bottled Lightning":4,"Odd Mushroom":5,"Burning Blood":0},{"NeowsBlessing":0,"Self Forming Clay":3,"Bottled Lightning":7,"Odd Mushroom":14,"Burning Blood":0}],"Burning Blood":42},"card_choices":[{"not_picked":["Twin Strike","Uppercut"],"picked":"Searing Blow","floor":1},{"not_picked":["Havoc","Thunderclap"],"picked":"Armaments","floor":4},{"not_picked":["Berserk","Armaments"],"picked":"Shrug It Off","floor":6},{"not_picked":["Clothesline","Sword Boomerang"],"picked":"Power Through","floor":8},{"not_picked":["Warcry","Uppercut"],"picked":"Metallicize","floor":11},{"not_picked":["Perfected Strike","Pommel Strike"],"picked":"Sentinel","floor":13},{"not_picked":["Warcry","Twin Strike"],"picked":"Feed","floor":14}],"player_experience":363594,"relics_obtained":[{"floor":6,"key":"Self Forming Clay"},{"floor":9,"key":"Bottled Lightning"},{"floor":11,"key":"Odd Mushroom"}],"event_choices":[{"damage_healed":0,"gold_gain":75,"player_choice":"Gather Gold","damage_taken":11,"max_hp_gain":0,"max_hp_loss":0,"event_name":"World of Goop","floor":3,"gold_loss":0},{"cards_removed":["Strike_R"],"damage_healed":0,"gold_gain":0,"player_choice":"Card Removal","damage_taken":7,"max_hp_gain":0,"max_hp_loss":0,"event_name":"Golden Wing","floor":5,"gold_loss":0},{"damage_healed":0,"gold_gain":0,"player_choice":"Fought Mushrooms","damage_taken":0,"max_hp_gain":0,"max_hp_loss":0,"event_name":"Mushrooms","floor":11,"gold_loss":0}],"is_beta":false,"boss_relics":[],"items_purged_floors":[],"is_endless":false,"potions_floor_spawned":[1,4,6],"killed_by":"Hexaghost","ascension_level":15}}