{"host":"qekv59dthhdg54sz","time":1611469671,"event":{"mods":["AchievementEnabler","BaseMod","Colored Map","DeckTracker","KOR Keyword Fix","Minty Spire (QoL Compilation)","Rare Cards Sparkle","StSLib","SuperFastMode"],"gold_per_floor":[110,123,48,48,68,68,80,5,5,5,5,5,19,48,48,123,123,142,142,92,92,109,109,129,129,129,40,130,130,148,161,161,232,232,252,270,49,59,9,42,42,92,92,92,104,119,149,162,162,162,162],"floor_reached":52,"language":"KOR","playtime":1210,"items_purged":["Strike_B","Strike_B","Defend_B","Defend_B","Defend_B"],"score":1914,"play_id":"ff10bdf7-8e56-4476-9825-ed05824ed979","local_time":"20210124152751","is_ascension_mode":true,"campfire_choices":[{"data":"Zap","floor":6.0,"key":"SMITH"},{"data":"Skim","floor":12.0,"key":"SMITH"},{"data":"Defragment","floor":15.0,"key":"SMITH"},{"data":"Coolheaded","floor":25.0,"key":"SMITH"},{"data":"Defragment","floor":29.0,"key":"SMITH"},{"data":"Electrodynamics","floor":32.0,"key":"SMITH"},{"data":"Reboot","floor":41,"key":"SMITH"},{"data":"Recycle","floor":44,"key":"SMITH"},{"data":"Biased Cognition","floor":49,"key":"SMITH"}],"circlet_count":0,"master_deck":["AscendersBane","Defend_B","Zap+1","Dualcast","Gash","Gash","Rebound","Skim+1","Coolheaded+1","Defragment+1","Electrodynamics+1","Defragment+1","Biased Cognition+1","Coolheaded+1","Recycle+1","Reboot+1","Defragment+1"],"relics":["Cracked Core","NeowsBlessing","Matryoshka","FossilizedHelix","Meat on the Bone","InkBottle","Smiling Mask","SlaversCollar","MutagenicStrength","MealTicket","StrikeDummy","Inserter","Orrery","DataDisk","Mummified Hand","Strawberry"],"acts_visited":["Exordium","TheCity","TheBeyond"],"potions_floor_usage":[40,51],"damage_taken":[{"damage":0.0,"enemies":"Small Slimes","floor":1.0,"turns":1.0},{"damage":0.0,"enemies":"Jaw Worm","floor":2.0,"turns":1.0},{"damage":0.0,"enemies":"2 Louse","floor":5.0,"turns":1.0},{"damage":7.0,"enemies":"Looter","floor":7.0,"turns":3.0},{"damage":8.0,"enemies":"Lots of Slimes","floor":13.0,"turns":3.0},{"damage":0.0,"enemies":"Lagavulin","floor":14.0,"turns":4.0},{"damage":14.0,"enemies":"The Guardian","floor":16.0,"turns":9.0},{"damage":0.0,"enemies":"Chosen","floor":18.0,"turns":5.0},{"damage":7.0,"enemies":"3 Byrds","floor":22.0,"turns":2.0},{"damage":0.0,"enemies":"Book of Stabbing","floor":23.0,"turns":1.0},{"damage":28.0,"enemies":"Snake Plant","floor":24.0,"turns":5.0},{"damage":0.0,"enemies":"3 Cultists","floor":30.0,"turns":2.0},{"damage":9.0,"enemies":"Cultist and Chosen","floor":31.0,"turns":4.0},{"damage":12.0,"enemies":"Automaton","floor":33.0,"turns":6.0},{"damage":44.0,"enemies":"3 Darklings","floor":35.0,"turns":3.0},{"damage":7.0,"enemies":"Orb Walker","floor":36.0,"turns":4.0},{"damage":0.0,"enemies":"Jaw Worm Horde","floor":38.0,"turns":2.0},{"damage":0,"enemies":"Giant Head","floor":40,"turns":6},{"damage":0,"enemies":"Maw","floor":45,"turns":4},{"damage":0,"enemies":"Sphere and 2 Shapes","floor":46,"turns":2},{"damage":11,"enemies":"Nemesis","floor":47,"turns":7},{"damage":0,"enemies":"Spire Growth","floor":48,"turns":2},{"damage":37,"enemies":"Donu and Deca","floor":50,"turns":4},{"damage":4,"enemies":"Awakened One","floor":51,"turns":7}],"seed_played":"-3771198886902937524","potions_obtained":[{"floor":5.0,"key":"SmokeBomb"},{"floor":13.0,"key":"FearPotion"},{"floor":24.0,"key":"BlessingOfTheForge"},{"floor":40,"key":"DuplicationPotion"}],"is_trial":false,"path_per_floor":["M","M","?","?","M","R","M","$","T","?","T","R","M","E","R","B",null,"M","?","$","?","M","E","M","R","T","$","?","R","M","M","R","B",null,"M","M","$","M","$","E","R","?","T","R","M","M","E","M","R","B","B",null],"character_chosen":"DEFECT","items_purchased":["Defragment","Orrery"],"campfire_rested":0,"item_purchase_floors":[27,37],"current_hp_per_floor":[64,64,64,64,64,64,57,57,57,52,52,52,44,44,44,42,64,64,64,64,64,57,57,41,41,41,56,44,44,44,47,47,47,65,33,38,53,53,68,68,68,68,68,68,68,68,64,64,64,39,47],"gold":162,"neow_bonus":"THREE_ENEMY_KILL","is_daily":false,"chose_seed":false,"campfire_upgraded":9,"win_rate":0.0,"timestamp":1611469671,"path_taken":["M","M","?","?","M","R","M","$","T","?","?","R","?","E","R","BOSS","M","?","$","?","M","E","M","R","T","?","?","R","?","M","R","BOSS","M","M","$","M","$","E","R","?","T","R","M","M","E","M","R","BOSS","BOSS"],"items_purchased_type":["Card","Relic"],"build_version":"2020-12-22","purchased_purges":5,"victory":true,"max_hp_per_floor":[71,71,71,71,71,71,71,71,71,71,71,71,71,71,71,71,71,71,71,71,71,71,71,71,71,71,71,71,71,71,71,71,71,71,71,71,71,71,71,71,71,71,71,71,71,71,78,78,78,78,78],"card_choices":[{"not_picked":["Barrage","Doom and Gloom"],"picked":"Gash","floor":1.0},{"not_picked":["Conserve Battery","Melter"],"picked":"Gash","floor":2.0},{"not_picked":["Leap","Go for the Eyes"],"picked":"Rebound","floor":5.0},{"not_picked":["Steam","Blizzard"],"picked":"Skim","floor":7.0},{"not_picked":["Gash","Conserve Battery"],"picked":"Coolheaded","floor":13.0},{"not_picked":["Go for the Eyes","Fusion"],"picked":"Defragment","floor":14.0},{"not_picked":["Core Surge","Biased Cognition"],"picked":"Electrodynamics","floor":16.0},{"not_picked":["Leap","Barrage","Self Repair"],"picked":"SKIP","floor":18.0},{"not_picked":["Skim+1","Darkness","Genetic Algorithm"],"picked":"SKIP","floor":22.0},{"not_picked":["BootSequence","Consume","Compile Driver"],"picked":"SKIP","floor":24.0},{"not_picked":["Turbo+1","Steam","Sweeping Beam"],"picked":"SKIP","floor":30.0},{"not_picked":["Skim+1","Barrage","Tempest"],"picked":"SKIP","floor":31.0},{"not_picked":["Thunder Strike","Creative AI"],"picked":"Biased Cognition","floor":33.0},{"not_picked":["Reinforced Body","Go for the Eyes"],"picked":"Coolheaded+1","floor":35.0},{"not_picked":["Rebound+1","Sweeping Beam"],"picked":"Recycle","floor":36.0},{"not_picked":["Go for the Eyes","Tempest+1"],"picked":"Reboot","floor":37.0},{"not_picked":["Coolheaded","Storm+1","Compile Driver"],"picked":"SKIP","floor":38.0},{"not_picked":["Coolheaded","Beam Cell+1","Streamline"],"picked":"SKIP","floor":40},{"not_picked":["Barrage","Sweeping Beam","Darkness+1"],"picked":"SKIP","floor":45},{"not_picked":["Conserve Battery","Beam Cell","Stack+1"],"picked":"SKIP","floor":46},{"not_picked":["Hello World+1","Conserve Battery"],"picked":"Defragment+1","floor":47},{"not_picked":["Redo","Sunder+1","Beam Cell"],"picked":"SKIP","floor":48}],"player_experience":818862,"relics_obtained":[{"floor":9.0,"key":"Matryoshka"},{"floor":11.0,"key":"Meat on the Bone"},{"floor":11.0,"key":"InkBottle"},{"floor":14.0,"key":"Smiling Mask"},{"floor":26.0,"key":"MealTicket"},{"floor":26.0,"key":"StrikeDummy"},{"floor":40,"key":"DataDisk"},{"floor":43,"key":"Mummified Hand"},{"floor":47,"key":"Strawberry"}],"event_choices":[{"cards_removed":["Strike_B"],"damage_healed":0.0,"max_hp_gain":0.0,"max_hp_loss":0.0,"gold_gain":0.0,"event_name":"The Cleric","player_choice":"Card Removal","floor":3.0,"gold_loss":75.0,"damage_taken":0.0},{"cards_removed":["Strike_B"],"damage_healed":0.0,"max_hp_gain":0.0,"max_hp_loss":0.0,"gold_gain":0.0,"event_name":"Living Wall","player_choice":"Forget","floor":4.0,"gold_loss":0.0,"damage_taken":0.0},{"damage_healed":0.0,"max_hp_gain":0.0,"max_hp_loss":0.0,"gold_gain":0.0,"event_name":"Scrap Ooze","player_choice":"Success","floor":10.0,"gold_loss":0.0,"damage_taken":5.0,"relics_obtained":["FossilizedHelix"]},{"damage_healed":0.0,"max_hp_gain":0.0,"max_hp_loss":0.0,"gold_gain":0.0,"event_name":"Ghosts","player_choice":"Ignored","floor":19.0,"gold_loss":0.0,"damage_taken":0.0},{"damage_healed":0.0,"max_hp_gain":0.0,"max_hp_loss":0.0,"gold_gain":0.0,"event_name":"Drug Dealer","player_choice":"Inject Mutagens","floor":21.0,"gold_loss":0.0,"damage_taken":0.0,"relics_obtained":["MutagenicStrength"]},{"damage_healed":0.0,"max_hp_gain":0.0,"max_hp_loss":0.0,"gold_gain":90.0,"event_name":"Knowing Skull","player_choice":"GOLD ","floor":28.0,"potions_obtained":[],"gold_loss":0.0,"damage_taken":12.0,"cards_obtained":[]},{"damage_healed":0,"gold_gain":50,"player_choice":"Pray","damage_taken":0,"max_hp_gain":0,"max_hp_loss":0,"event_name":"Golden Shrine","floor":42,"gold_loss":0}],"is_beta":false,"boss_relics":[{"not_picked":["Cursed Key","Calling Bell"],"picked":"SlaversCollar"},{"not_picked":["Pandora\u0027s Box","Busted Crown"],"picked":"Inserter"}],"items_purged_floors":[8,20,27,37,39],"is_endless":false,"potions_floor_spawned":[5,13,14,23,24,33,35,38,40,45],"ascension_level":20}}