{"host":"uv5ws9rdk87e8i5k","time":1611466919,"event":{"mods":["AchievementEnabler","BaseMod","Colored Map","Minty Spire (QoL Compilation)","StSLib","SuperFastMode"],"gold_per_floor":[130,130,142,182,221,267,267,267,267,306,306,349,402,427,427,427,427],"floor_reached":16,"language":"ENG","playtime":247,"items_purged":[],"score":146,"play_id":"308fbaab-8980-4026-8bcb-c9b2fe2db75a","local_time":"20210123234159","is_ascension_mode":true,"campfire_choices":[{"data":"HandOfGreed","floor":7,"key":"SMITH"},{"data":"Infernal Blade","floor":11,"key":"SMITH"},{"floor":15,"key":"REST"}],"circlet_count":0,"master_deck":["Strike_R","Strike_R","Strike_R","Strike_R","Strike_R","Defend_R","Defend_R","Defend_R","Defend_R","Bash","HandOfGreed+1","Cleave","Ghostly Armor","Rage","Battle Trance","Shrug It Off","Infernal Blade+1","Twin Strike","Shockwave"],"relics":["Burning Blood","Kunai","Art of War","NlothsMask","Du-Vu Doll"],"acts_visited":["Exordium"],"potions_floor_usage":[6,6,14],"damage_taken":[{"damage":2,"enemies":"Small Slimes","floor":1,"turns":5},{"damage":6,"enemies":"Cultist","floor":3,"turns":4},{"damage":0,"enemies":"Jaw Worm","floor":4,"turns":3},{"damage":14,"enemies":"Large Slime","floor":5,"turns":7},{"damage":6,"enemies":"Gremlin Nob","floor":6,"turns":3},{"damage":10,"enemies":"Blue Slaver","floor":10,"turns":3},{"damage":0,"enemies":"2 Fungi Beasts","floor":12,"turns":3},{"damage":29,"enemies":"Lagavulin","floor":14,"turns":5},{"damage":0,"enemies":"Slime Boss","floor":16,"turns":1}],"seed_played":"-11946326910170063","potions_obtained":[{"floor":3,"key":"AttackPotion"},{"floor":5,"key":"DuplicationPotion"},{"floor":6,"key":"BlessingOfTheForge"},{"floor":10,"key":"Swift Potion"},{"floor":14,"key":"ColorlessPotion"}],"is_trial":false,"path_per_floor":["M","?","M","M","M","E","R","?","T","M","R","M","?","E","R","B"],"character_chosen":"IRONCLAD","items_purchased":[],"campfire_rested":1,"item_purchase_floors":[],"current_hp_per_floor":[55,52,52,58,50,50,50,50,50,46,46,52,52,29,53,53,53],"gold":427,"neow_bonus":"RANDOM_COLORLESS_2","is_daily":false,"chose_seed":false,"campfire_upgraded":2,"win_rate":0.0,"timestamp":1611466919,"path_taken":["M","?","M","M","M","E","R","?","T","?","R","M","?","E","R","BOSS"],"items_purchased_type":[],"build_version":"2020-12-22","purchased_purges":0,"victory":false,"max_hp_per_floor":[80,80,80,80,80,80,80,80,80,80,80,80,80,80,80,80,80],"card_choices":[{"not_picked":["Chrysalis","Violence"],"picked":"HandOfGreed","floor":0},{"not_picked":["Power Through","Iron Wave"],"picked":"Cleave","floor":1},{"not_picked":["Second Wind","True Grit"],"picked":"Ghostly Armor","floor":3},{"not_picked":["Brutality","Flex"],"picked":"Rage","floor":4},{"not_picked":["Pommel Strike","Twin Strike"],"picked":"Battle Trance","floor":5},{"not_picked":["Hemokinesis","Berserk"],"picked":"Shrug It Off","floor":6},{"not_picked":["Feel No Pain","Disarm"],"picked":"Infernal Blade","floor":10},{"not_picked":["Combust","True Grit"],"picked":"Twin Strike","floor":12},{"not_picked":["Clothesline","Evolve"],"picked":"Shockwave","floor":14}],"player_experience":221785,"relics_obtained":[{"floor":6,"key":"Art of War"},{"floor":14,"key":"Du-Vu Doll"}],"event_choices":[{"damage_healed":0,"gold_gain":0,"player_choice":"Success","damage_taken":3,"relics_obtained":["Kunai"],"max_hp_gain":0,"max_hp_loss":0,"event_name":"Scrap Ooze","floor":2,"gold_loss":0},{"damage_healed":0,"gold_gain":0,"player_choice":"Trade","damage_taken":0,"relics_obtained":["NlothsMask"],"max_hp_gain":0,"max_hp_loss":0,"event_name":"FaceTrader","floor":8,"gold_loss":0},{"damage_healed":0,"gold_gain":53,"player_choice":"Gained Gold","damage_taken":0,"max_hp_gain":0,"max_hp_loss":0,"event_name":"Golden Wing","floor":13,"gold_loss":0}],"is_beta":false,"boss_relics":[],"items_purged_floors":[],"is_endless":false,"potions_floor_spawned":[3,5,6,10,14],"killed_by":"Slime Boss","ascension_level":6}}