{"host":"wghdsg8ym2wc7ov9","time":1611517414,"event":{"mods":["AchievementEnabler","Astrologer","BaseMod","Beaked The Cultist","Better Altar","Better Note","ChefMod","Colored Map","Evolution","Fox Events","Hermit","Highlight Path","Jorbs\u0027s Wanderer Trilogy","KinomotoSakuraMod(????)","Minty Spire (QoL Compilation)","Random Character Button","Relic Stats","SIMod","Shop Mod","StSLib","The Blackbeard","The Bladedancer","The Construct","The Cursed","The Death Knight","The Gatherer","The Hierophant","The Marked","The Mystic","The Necromancer","The Runesmith","The Senshi","The Servant 0.9.4"],"gold_per_floor":[318,336,353,363,381,381,98,125,177,177,191,291,322,337,337,441,441,460,460,480,480,497,497,529,529,529,135,152,50,70,82,82,185,185,198,214,228,242,292,292,325,325,395,415,415,415,415,12,12,12,12],"floor_reached":50,"language":"ENG","playtime":7307,"items_purged":[],"score":711,"play_id":"db7deccc-a60e-415f-958d-daa5f3b58e78","local_time":"20210124114334","is_ascension_mode":true,"campfire_choices":[{"floor":6.0,"key":"REST"},{"data":"StarChef","floor":10.0,"key":"SMITH"},{"floor":15.0,"key":"REST"},{"data":"Embodiment","floor":23.0,"key":"SMITH"},{"data":"Defy","floor":25.0,"key":"SMITH"},{"data":"MurderousAura","floor":32.0,"key":"SMITH"},{"floor":42,"key":"RECALL"},{"data":"Discovery","floor":47,"key":"SMITH"},{"data":"Initiator","floor":49,"key":"SMITH"}],"circlet_count":0,"master_deck":["Strike_S","Strike_S","Strike_S","Strike_S","Defend_S","Defend_S","Defend_S","Defend_S","KidneyShot","Exchange","Defy+1","Read","Moonlight","Contraction","Foresight","StarChef+1","Sadistic Nature","ShatteredReality","Duplication","Hightail","Alleviate","ShatteredReality","Embodiment+1","Ricochet","DoubleEdge+1","ShatteredReality","ShatteredReality+1","Initiator+1","Discovery+1","FastForward","MurderousAura+1","DoubleEdge+1","Dilation","BestPractice+1","Sabotage","SilverBlades+1","Potential+1","BestPractice","Writhe","Misdirection+1","TimeWarp+1","RealityMarble","Starlight","Barrier","Replace","Unruled"],"relics":["Uniform","EVO:Axolotl","Old Coin","Bottled Lightning","Strawberry","construct:FoamFinger","Coffee Dripper","Bronze Scales","Calipers","Medical Kit","Philosopher\u0027s Stone","Runesmith:Locket","FossilizedHelix","StrikeDummy","Pan"],"acts_visited":["Exordium","TheCity","TheBeyond"],"potions_floor_usage":[39,45,50],"damage_taken":[{"damage":0.0,"enemies":"Jaw Worm","floor":1.0,"turns":5.0},{"damage":0.0,"enemies":"Cultist","floor":2.0,"turns":4.0},{"damage":0.0,"enemies":"Small Slimes","floor":3.0,"turns":6.0},{"damage":9.0,"enemies":"Red Slaver","floor":4.0,"turns":4.0},{"damage":9.0,"enemies":"3 Louse","floor":5.0,"turns":5.0},{"damage":3.0,"enemies":"Lagavulin","floor":8.0,"turns":11.0},{"damage":0.0,"enemies":"Large Slime","floor":11.0,"turns":6.0},{"damage":25.0,"enemies":"3 Sentries","floor":13.0,"turns":10.0},{"damage":6.0,"enemies":"2 Fungi Beasts","floor":14.0,"turns":4.0},{"damage":0.0,"enemies":"Hexaghost","floor":16.0,"turns":13.0},{"damage":10.0,"enemies":"2 Thieves","floor":18.0,"turns":5.0},{"damage":0.0,"enemies":"3 Byrds","floor":20.0,"turns":6.0},{"damage":4.0,"enemies":"Cultist and Chosen","floor":22.0,"turns":8.0},{"damage":28.0,"enemies":"Slavers","floor":24.0,"turns":3.0},{"damage":0.0,"enemies":"Centurion and Healer","floor":28.0,"turns":6.0},{"damage":0.0,"enemies":"Snake Plant","floor":30.0,"turns":4.0},{"damage":5.0,"enemies":"Cultist and Chosen","floor":31.0,"turns":4.0},{"damage":12.0,"enemies":"Collector","floor":33.0,"turns":7.0},{"damage":14.0,"enemies":"3 Darklings","floor":35.0,"turns":4.0},{"damage":8.0,"enemies":"3 Shapes","floor":36.0,"turns":3.0},{"damage":1.0,"enemies":"Transient","floor":37.0,"turns":5.0},{"damage":0,"enemies":"Maw","floor":38,"turns":7},{"damage":69,"enemies":"2 Orb Walkers","floor":39,"turns":5},{"damage":4,"enemies":"Nemesis","floor":41,"turns":8},{"damage":3,"enemies":"Sphere and 2 Shapes","floor":44,"turns":6},{"damage":0,"enemies":"Jaw Worm Horde","floor":45,"turns":1},{"damage":53,"enemies":"Awakened One","floor":50,"turns":7}],"seed_played":"7099166991345741227","potions_obtained":[{"floor":1.0,"key":"SteroidPotion"},{"floor":8.0,"key":"AttackPotion"},{"floor":13.0,"key":"SteroidPotion"},{"floor":16.0,"key":"Fire Potion"},{"floor":18.0,"key":"AttackPotion"},{"floor":20.0,"key":"SkillPotion"},{"floor":22.0,"key":"AttackPotion"},{"floor":30.0,"key":"FairyPotion"},{"floor":33.0,"key":"AttackPotion"},{"floor":36.0,"key":"EssenceOfSteel"},{"floor":39,"key":"SmokeBomb"},{"floor":44,"key":"SneckoOil"}],"is_trial":false,"path_per_floor":["M","M","M","M","M","R","$","E","T","R","M","?","E","M","R","B",null,"M","?","M","?","M","R","E","R","T","$","M","$","M","M","R","B",null,"M","M","M","M","?","?","E","R","T","M","M","?","R","$","R","B"],"character_chosen":"THE_SERVANT","items_purchased":["StarChef","Sadistic Nature","ShatteredReality","Initiator","Discovery","Medical Kit","Block Potion","PowerPotion","RealityMarble","Pan","Starlight","Barrier","Replace","Unruled"],"campfire_rested":2,"item_purchase_floors":[7,7,7,27,27,27,29,29,48,48,48,48,48,48],"current_hp_per_floor":[65,65,65,56,47,65,65,62,69,69,69,69,44,38,59,59,72,62,62,62,62,58,58,30,30,30,30,30,30,30,25,25,13,72,58,50,49,49,11,29,25,25,25,22,22,52,52,52,52,0,0],"gold":12,"neow_bonus":"ONE_RARE_RELIC","is_daily":false,"chose_seed":false,"campfire_upgraded":6,"win_rate":0.0,"timestamp":1611517414,"path_taken":["M","M","M","M","M","R","$","E","T","R","M","?","E","?","R","BOSS","M","?","M","?","?","R","E","R","T","$","M","?","M","M","R","BOSS","M","M","M","M","?","?","E","R","T","M","M","?","R","$","R","BOSS"],"items_purchased_type":["Card","Card","Card","Card","Card","Relic","Potion","Potion","Card","Relic","Card","Card","Card","Card"],"build_version":"2020-12-22","purchased_purges":0,"victory":false,"max_hp_per_floor":[65,65,65,65,65,65,65,65,72,72,72,72,72,72,72,72,72,72,72,72,72,72,72,72,72,72,72,72,72,72,72,72,72,72,72,72,72,72,72,72,72,72,72,72,72,102,102,102,102,102,102],"relic_stats":{"counters":[27,157],"Bronze Scales":[270],"Medical Kit":[0],"obtain_stats":[{"construct:FoamFinger":13,"Calipers":24,"Runesmith:Locket":39,"Uniform":0,"EVO:Axolotl":0,"Medical Kit":27,"Old Coin":0,"Strawberry":9,"Bronze Scales":19,"Philosopher\u0027s Stone":34,"Coffee Dripper":17,"Bottled Lightning":8,"Pan":48,"StrikeDummy":43,"FossilizedHelix":41},{"construct:FoamFinger":8,"Calipers":14,"Runesmith:Locket":23,"Uniform":0,"EVO:Axolotl":0,"Medical Kit":14,"Old Coin":0,"Strawberry":6,"Bronze Scales":11,"Philosopher\u0027s Stone":18,"Coffee Dripper":10,"Bottled Lightning":6,"Pan":26,"StrikeDummy":24,"FossilizedHelix":24},{"construct:FoamFinger":51,"Calipers":90,"Runesmith:Locket":135,"Uniform":0,"EVO:Axolotl":0,"Medical Kit":90,"Old Coin":0,"Strawberry":35,"Bronze Scales":73,"Philosopher\u0027s Stone":111,"Coffee Dripper":68,"Bottled Lightning":35,"Pan":150,"StrikeDummy":143,"FossilizedHelix":143}]},"card_choices":[{"not_picked":["Manipulate","Desolation"],"picked":"Defy","floor":1.0},{"not_picked":["Replace","ShatteredReality"],"picked":"Read","floor":2.0},{"not_picked":["TimeWarp","Spin"],"picked":"Moonlight","floor":3.0},{"not_picked":["ShiftingGears","TimeWarp"],"picked":"Contraction","floor":4.0},{"not_picked":["FastForward","DoubleEdge"],"picked":"Foresight","floor":5.0},{"not_picked":["Misdirection","ShiftingGears"],"picked":"Duplication","floor":8.0},{"not_picked":["DoubleEdge","WasteNot"],"picked":"Hightail","floor":11.0},{"not_picked":["Replace","Unruled"],"picked":"Alleviate","floor":13.0},{"not_picked":["Revamp","Alleviate"],"picked":"ShatteredReality","floor":14.0},{"not_picked":["Solidify","ForgedInTime"],"picked":"Embodiment","floor":16.0},{"not_picked":["Unruled","Contraction"],"picked":"Ricochet","floor":18.0},{"not_picked":["FastForward","Unruled"],"picked":"DoubleEdge+1","floor":20.0},{"not_picked":["Unruled","BottledTime"],"picked":"ShatteredReality","floor":22.0},{"not_picked":["TimeWarp","Desolation"],"picked":"ShatteredReality+1","floor":24.0},{"not_picked":["TimeWarp","FanOfKnives"],"picked":"FastForward","floor":28.0},{"not_picked":["Advance","ShiftingGears"],"picked":"MurderousAura","floor":30.0},{"not_picked":["StarChef+1","Starlight"],"picked":"DoubleEdge+1","floor":31.0},{"not_picked":["KillingDoll","SoulSculpture"],"picked":"Dilation","floor":33.0},{"not_picked":["DualDimension+1","Rewind"],"picked":"BestPractice+1","floor":35.0},{"not_picked":["ReturningBlade","ShatteredReality"],"picked":"Sabotage","floor":36.0},{"not_picked":["Revamp+1","FanOfKnives"],"picked":"SilverBlades+1","floor":37},{"not_picked":["Manipulate+1","BottledTime+1"],"picked":"Potential+1","floor":38},{"not_picked":["Replace","Rearm+1"],"picked":"BestPractice","floor":39},{"not_picked":["Reset","WasteNot"],"picked":"Misdirection+1","floor":41},{"not_picked":["Snipe+1","Moonlight"],"picked":"TimeWarp+1","floor":44}],"player_experience":735854,"relics_obtained":[{"floor":8.0,"key":"Bottled Lightning"},{"floor":9.0,"key":"Strawberry"},{"floor":13.0,"key":"construct:FoamFinger"},{"floor":24.0,"key":"Calipers"},{"floor":39,"key":"Runesmith:Locket"},{"floor":41,"key":"FossilizedHelix"},{"floor":43,"key":"StrikeDummy"}],"event_choices":[{"damage_healed":0.0,"max_hp_gain":0.0,"max_hp_loss":0.0,"gold_gain":100.0,"event_name":"Golden Shrine","player_choice":"Pray","floor":12.0,"gold_loss":0.0,"damage_taken":0.0},{"damage_healed":0.0,"max_hp_gain":0.0,"max_hp_loss":0.0,"gold_gain":0.0,"event_name":"Addict","player_choice":"Stole Relic","floor":19.0,"gold_loss":0.0,"damage_taken":0.0,"relics_obtained":["Bronze Scales"],"cards_obtained":["Shame"]},{"cards_removed":["Shame"],"damage_healed":0.0,"max_hp_gain":0.0,"max_hp_loss":0.0,"gold_gain":0.0,"event_name":"Fountain of Cleansing","player_choice":"Removed Curses","floor":21.0,"gold_loss":0.0,"damage_taken":0.0},{"damage_healed":0,"gold_gain":0,"player_choice":"Fight","damage_taken":0,"max_hp_gain":0,"max_hp_loss":0,"event_name":"Mysterious Sphere","floor":39,"gold_loss":0},{"damage_healed":18,"gold_gain":0,"player_choice":"Writhe","damage_taken":0,"max_hp_gain":0,"max_hp_loss":0,"event_name":"Winding Halls","floor":40,"gold_loss":0,"cards_obtained":["Writhe"]}],"is_beta":false,"boss_relics":[{"not_picked":["Busted Crown","construct:ClawGrip"],"picked":"Coffee Dripper"},{"not_picked":["Snecko Eye","Fusion Hammer"],"picked":"Philosopher\u0027s Stone"}],"items_purged_floors":[],"is_endless":false,"potions_floor_spawned":[1,8,13,16,18,20,22,30,33,36,39,44],"killed_by":"Awakened One","ascension_level":1}}