{"host":"r7z4an43h95gvocz","time":1611468396,"event":{"mods":["AchievementEnabler","BaseMod","Colored Map","Colored Powertips","Downfall","Minty Spire (QoL Compilation)","StSLib"],"gold_per_floor":[99,118,138,138,156,56,83,83,83,95,112,123,123,148,166,271,271,271,287,297,297,309,71,71,91,91,103,103,103,136,147,163,163,163,163],"floor_reached":33,"language":"ENG","playtime":1542,"items_purged":[],"score":288,"play_id":"21b515da-26fa-4447-9ab9-414fdb99c85c","local_time":"20210123220636","is_ascension_mode":false,"campfire_choices":[{"floor":1.0,"key":"RECALL"},{"data":"Guardian:BodySlam","floor":6.0,"key":"SMITH"},{"data":"Guardian:CurlUp","floor":9.0,"key":"SMITH"},{"data":"Guardian:EvasiveProtocol","floor":18.0,"key":"SMITH"},{"floor":26,"key":"REST"}],"circlet_count":0,"master_deck":["Guardian:Strike_Guardian","Guardian:Strike_Guardian","Guardian:Strike_Guardian","Guardian:Strike_Guardian","Guardian:Defend_Guardian","Guardian:Defend_Guardian","Guardian:Defend_Guardian","Guardian:CurlUp+1","Guardian:TwinSlam+1","Guardian:EvasiveProtocol+1","Guardian:BodySlam+1","Guardian:Gem_Green","Guardian:Gem_Green","Guardian:ArmoredProtocol","Guardian:TimeBomb","Guardian:ChargeCore","Guardian:Harden","Guardian:VentSteam+1","Guardian:Gem_Cyan","Guardian:PiercingHide","Guardian:SpikerProtocol","Guardian:GuardianWhirl","Guardian:Suspension","Guardian:PrismaticBarrier"],"relics":["Guardian:ModeShifter","downfall:HeartBlessingRed","Akabeko","Guardian:PickAxe","Centennial Puzzle","Happy Flower","SacredBark","Oddly Smooth Stone","HornCleat","Nilry\u0027s Codex","Vajra"],"acts_visited":["Exordium","TheCity"],"potions_floor_usage":[30,30,33],"damage_taken":[{"damage":3.0,"enemies":"Small Slimes","floor":2.0,"turns":4.0},{"damage":6.0,"enemies":"Jaw Worm","floor":3.0,"turns":5.0},{"damage":2.0,"enemies":"2 Louse","floor":5.0,"turns":3.0},{"damage":13.0,"enemies":"2 Louse","floor":8.0,"turns":3.0},{"damage":3.0,"enemies":"2 Fungi Beasts","floor":10.0,"turns":3.0},{"damage":13.0,"enemies":"3 Louse","floor":11.0,"turns":3.0},{"damage":1.0,"enemies":"Exordium Wildlife","floor":12.0,"turns":5.0},{"damage":0.0,"enemies":"Blue Slaver","floor":15.0,"turns":2.0},{"damage":10.0,"enemies":"SI_SHIV_ARCHETYPE","floor":16.0,"turns":9.0},{"damage":0.0,"enemies":"Chosen","floor":19.0,"turns":5.0},{"damage":16.0,"enemies":"Shell Parasite","floor":20.0,"turns":5.0},{"damage":15,"enemies":"Snake Plant","floor":22,"turns":2},{"damage":0,"enemies":"downfall:FleeingMerchant","floor":23,"turns":4},{"damage":13,"enemies":"Centurion and Healer","floor":25,"turns":6},{"damage":9,"enemies":"3 Cultists","floor":27,"turns":5},{"damage":6,"enemies":"Book of Stabbing","floor":30,"turns":3},{"damage":5,"enemies":"Snake Plant","floor":31,"turns":3},{"damage":21,"enemies":"Centurion and Healer","floor":32,"turns":4},{"damage":4,"enemies":"DF_ARCHETYPE_CLAW","floor":33,"turns":1}],"seed_played":"4060266043232810636","potions_obtained":[{"floor":3.0,"key":"champ:CounterPotion"},{"floor":5.0,"key":"Explosive Potion"},{"floor":15.0,"key":"SkillPotion"},{"floor":20.0,"key":"AttackPotion"},{"floor":31,"key":"SpeedPotion"}],"is_trial":false,"path_per_floor":["R","M","M","?","M","R","T","?","R","M","M","M","?","T","M","B",null,"R","M","M","?","M","$","T","M","R","M","?","?","E","M","M","B"],"character_chosen":"GUARDIAN","items_purchased":["Oddly Smooth Stone","Guardian:SpikerProtocol"],"campfire_rested":1,"item_purchase_floors":[23,23],"current_hp_per_floor":[80,77,71,71,69,69,69,50,50,47,34,33,26,26,26,16,80,80,80,64,64,49,49,49,36,60,51,51,35,29,24,3,0,0,0],"gold":163,"neow_bonus":"UPGRADE_CARD","is_daily":false,"chose_seed":false,"campfire_upgraded":3,"win_rate":0.0,"timestamp":1611468396,"path_taken":["R","M","M","?","M","R","T","?","R","M","M","M","?","?","M","BOSS","R","M","M","?","M","$","T","M","R","M","?","?","E","?","M","BOSS"],"items_purchased_type":["Relic","Card"],"build_version":"2020-12-22","purchased_purges":0,"victory":false,"max_hp_per_floor":[80,80,80,80,80,80,80,80,80,80,80,80,80,80,80,80,80,80,80,80,80,80,80,80,80,80,80,80,80,80,80,80,80,80,80],"card_choices":[{"not_picked":["Guardian:WalkerClaw","Guardian:PrismaticBarrier"],"picked":"Guardian:EvasiveProtocol","floor":2.0},{"not_picked":["Guardian:VentSteam","Guardian:Suspension"],"picked":"Guardian:Gem_Blue","floor":3.0},{"not_picked":["Guardian:VentSteam","Guardian:BronzeArmor"],"picked":"Guardian:BodySlam","floor":5.0},{"not_picked":["Guardian:RefractedBeam","Guardian:FastForward"],"picked":"Guardian:ArmoredProtocol","floor":10.0},{"not_picked":["Guardian:Incinerate","Guardian:DonusPower"],"picked":"Guardian:TimeBomb","floor":11.0},{"not_picked":["Guardian:Gem_Lightblue","Guardian:Preprogram"],"picked":"Guardian:ChargeCore","floor":12.0},{"not_picked":["Guardian:WalkerClaw","Guardian:Gem_Lightblue"],"picked":"Guardian:Harden","floor":15.0},{"not_picked":["Guardian:SphericShield","Guardian:ConstructionForm"],"picked":"Guardian:Gem_Synthetic","floor":16.0},{"not_picked":["Guardian:RollAttack","Guardian:Gem_Lightblue"],"picked":"Guardian:VentSteam+1","floor":19.0},{"not_picked":["Guardian:Orbwalk+1","Guardian:Suspension"],"picked":"Guardian:Gem_Purple","floor":20.0},{"not_picked":["Guardian:HyperBeam_Guardian","Guardian:TemporalShield+1","Guardian:Gem_Crimson"],"picked":"SKIP","floor":22},{"not_picked":["Guardian:Recover","Guardian:Incinerate"],"picked":"Guardian:PiercingHide","floor":23},{"not_picked":["Guardian:Harden","Guardian:Recover","Guardian:Emergency+1"],"picked":"SKIP","floor":25},{"not_picked":["Guardian:Orbwalk","Guardian:Gem_Crimson","Guardian:SentryBeam"],"picked":"SKIP","floor":27},{"not_picked":["Guardian:Recover+1","Guardian:Gem_Cyan"],"picked":"Guardian:GuardianWhirl","floor":30},{"not_picked":["Guardian:RefractedBeam","Guardian:ShieldCharger"],"picked":"Guardian:Suspension","floor":31},{"not_picked":["Guardian:FierceBash","Guardian:TemporalShield"],"picked":"Guardian:PrismaticBarrier","floor":32}],"player_experience":430315,"relics_obtained":[{"floor":7.0,"key":"Akabeko"},{"floor":14.0,"key":"Happy Flower"},{"floor":24,"key":"HornCleat"},{"floor":29,"key":"Nilry\u0027s Codex"},{"floor":30,"key":"Vajra"}],"event_choices":[{"damage_healed":0.0,"max_hp_gain":0.0,"max_hp_loss":0.0,"gold_gain":0.0,"event_name":"Scrap Ooze","player_choice":"Success","floor":13.0,"gold_loss":0.0,"damage_taken":7.0,"relics_obtained":["Centennial Puzzle"]}],"is_beta":false,"boss_relics":[{"not_picked":["Runic Pyramid","Guardian:ModeShifterPlus"],"picked":"SacredBark"}],"items_purged_floors":[],"is_endless":false,"potions_floor_spawned":[3,5,8,15,20,25,27,31],"killed_by":"DF_ARCHETYPE_CLAW","ascension_level":0}}