{"host":"9xv6exvwmlpefxuw","time":1611458865,"event":{"mods":["ATMod(阿瑾Mod)","AchievementEnabler","Act Like it!","Aspiration","BaseMod","Chen","Colored Powertips","Conspire","Downfall","Friendly Minions","Gensokyo","GifTheSpireLib","KinomotoSakuraMod(木之本樱)","Koishi","KomeijiMod","Lobotomy","LobotomyExtend","Marisa（F雨　魔理沙）","Minty Spire (QoL Compilation)","Pale of the Ancients","Rare Cards Sparkle","Reimu（博丽灵梦）","Remilia_Scarlet Moed（蕾米莉亚・斯卡雷特）3.3.5","Remilia（蕾米莉亚）","RumiaBox-露米娅的神秘盒子","StSLib","The Administrix","The Mystic","The Servant 0.9.4","WarShipGirlsR/战舰少女R mod","Yakumo Yukari mod","Youmu（魂魄妖梦）","Yuyuko","[IsaacMod]以撒尖塔","[功能]功能增强和修复MOD","【功能Mod】混沌之环修复补丁","【功能Mod】聪明的最终Boss","【遗物卡牌】REMEMod"],"gold_per_floor":[113,131,148,159,124,159,159,193,219,219,219,219,198,217,217,194,194],"floor_reached":16,"language":"ZHS","playtime":1380,"items_purged":[],"score":120,"play_id":"beac6891-2864-460f-94d3-874eaf038714","local_time":"20210124112745","is_ascension_mode":false,"campfire_choices":[{"floor":7,"key":"REST"},{"floor":15,"key":"REST"}],"circlet_count":0,"master_deck":["Strike_R","Strike_R","Strike_R","Strike_R","Strike_R","Defend_R","Defend_R","Defend_R","Defend_R","Bash","AT_FamilyPortrait","FairyFestival","AT_ShrugMaster","Murderer","Anger","BeautyBeast","Battle Trance","Alriune","Seeing Red","LittleHelper","Feed","OSAHOGD","Poor:ReiMu","Poor:ReiMu","PunishingBird","Iron Wave","QueenOfHatred","Heavy Blade"],"relics":["Burning Blood","AT_ATBox","HushsDoor","REME_ComplimentaryCards","PunchingBag","CogitoBucket","LetterFromLob","SecretRecord","Kunai","Boot","YidongShenshe:ReiMu","AT_ChloranthyRing","AT_RedTearstoneRing","TreeSap"],"acts_visited":["Exordium"],"potions_floor_usage":[],"damage_taken":[{"damage":16,"enemies":"Cultist","floor":1,"turns":5},{"damage":2,"enemies":"2 Louse","floor":2,"turns":4},{"damage":22,"enemies":"Small Slimes","floor":3,"turns":4},{"damage":33,"enemies":"Looter","floor":4,"turns":4},{"damage":47,"enemies":"3 Sentries","floor":6,"turns":15},{"damage":26,"enemies":"Gremlin Nob","floor":8,"turns":6},{"damage":26,"enemies":"Lagavulin","floor":13,"turns":6},{"damage":2,"enemies":"Blue Slaver","floor":14,"turns":4},{"damage":92,"enemies":"Hexaghost","floor":16,"turns":2}],"seed_played":"5684209996018924335","potions_obtained":[{"floor":1,"key":"EssenceOfSteel"},{"floor":3,"key":"BlessingOfTheForge"},{"floor":8,"key":"Guardian:BlockOnCardUsePotion"}],"is_trial":false,"path_per_floor":["M","M","M","M","?","E","R","E","T","?","?","?","E","M","R","B"],"character_chosen":"IRONCLAD","items_purchased":[],"campfire_rested":2,"item_purchase_floors":[],"current_hp_per_floor":[70,79,64,42,62,37,61,49,49,49,42,35,17,29,55,0,0],"gold":194,"neow_bonus":"","is_daily":false,"chose_seed":false,"campfire_upgraded":0,"win_rate":0.0,"timestamp":1611458865,"path_taken":["M","?","M","M","?","E","R","E","T","?","?","?","E","M","R","BOSS"],"items_purchased_type":[],"build_version":"2020-12-22","purchased_purges":0,"victory":false,"max_hp_per_floor":[80,80,80,80,80,80,80,84,84,84,84,84,84,88,88,88,88],"card_choices":[{"not_picked":["LittlePrince","PunishingBird"],"picked":"FairyFestival","floor":1},{"not_picked":["Clothesline","Entrench"],"picked":"AT_ShrugMaster","floor":1},{"not_picked":["Wellcheers","SnowQueen"],"picked":"Murderer","floor":2},{"not_picked":["AT_IchimonjiDouble","Clothesline"],"picked":"Anger","floor":2},{"not_picked":["BigBadWolf","WallGazer"],"picked":"BeautyBeast","floor":3},{"not_picked":["True Grit","Feel No Pain"],"picked":"Battle Trance","floor":3},{"not_picked":["Rudolta","CherryBlossoms"],"picked":"Alriune","floor":4},{"not_picked":["AT_BodySlamDance","Body Slam"],"picked":"Seeing Red","floor":4},{"not_picked":["MHz","ShyLook"],"picked":"LittleHelper","floor":6},{"not_picked":["Spot Weakness","AT_ShrugMaster"],"picked":"Feed","floor":6},{"not_picked":["CherryBlossoms","Bloodbath"],"picked":"OSAHOGD","floor":8},{"not_picked":["Uppercut","Sever Soul","Evolve"],"picked":"SKIP","floor":8},{"not_picked":["SpiderBud","Bloodbath"],"picked":"PunishingBird","floor":13},{"not_picked":["Sentinel","Armaments"],"picked":"Iron Wave","floor":13},{"not_picked":["Woodsman","Wellcheers"],"picked":"QueenOfHatred","floor":14},{"not_picked":["Pommel Strike","Twin Strike"],"picked":"Heavy Blade","floor":14}],"player_experience":24264,"relics_obtained":[{"floor":1,"key":"LetterFromLob"},{"floor":6,"key":"SecretRecord"},{"floor":8,"key":"Kunai"},{"floor":9,"key":"Boot"},{"floor":13,"key":"AT_RedTearstoneRing"}],"event_choices":[{"damage_healed":20,"gold_gain":0,"player_choice":"Healed","damage_taken":0,"max_hp_gain":0,"max_hp_loss":0,"event_name":"The Cleric","floor":5,"gold_loss":35},{"damage_healed":0,"gold_gain":0,"player_choice":"带走神社","damage_taken":0,"relics_obtained":["YidongShenshe:ReiMu"],"max_hp_gain":0,"max_hp_loss":0,"event_name":"yidonshenshe","floor":10,"gold_loss":0,"cards_obtained":["Poor:ReiMu"]},{"damage_healed":0,"gold_gain":0,"player_choice":"Success","damage_taken":7,"relics_obtained":["AT_ChloranthyRing"],"max_hp_gain":0,"max_hp_loss":0,"event_name":"Scrap Ooze","floor":11,"gold_loss":0}],"is_beta":false,"boss_relics":[],"items_purged_floors":[],"is_endless":false,"potions_floor_spawned":[1,3,8,8,13,13,13,14],"killed_by":"Hexaghost","ascension_level":0}}