{"host":"5fpb1gzflhq9886n","time":1611456531,"event":{"mods":["AchievementEnabler","BaseMod","Colored Map","Colored Powertips","Minty Spire (QoL Compilation)","Permanent Neow"],"gold_per_floor":[115,128,36,36,36,64,64,95,95,95,23,23,39,39,39,137,137,147,45,45,45,64,64,78,78,78,89,107,32,32,32],"floor_reached":30,"language":"ENG","playtime":1513,"items_purged":["Strike_G"],"score":313,"play_id":"dd39c428-5f53-4327-9d58-5221b7cf7f63","local_time":"20210123214851","is_ascension_mode":true,"campfire_choices":[{"data":"Deadly Poison","floor":7,"key":"SMITH"},{"floor":10,"key":"REST"},{"data":"Infinite Blades","floor":12,"key":"SMITH"},{"data":"Accuracy","floor":15,"key":"SMITH"},{"floor":23,"key":"REST"},{"floor":25,"key":"REST"}],"circlet_count":0,"master_deck":["Strike_G","Strike_G","Strike_G","Strike_G","Defend_G","Defend_G","Defend_G","Defend_G","Defend_G","Survivor","Neutralize","Dash","Deadly Poison+1","Infinite Blades+1","Quick Slash","Regret","Footwork","Accuracy+1","Cloak And Dagger","Crippling Poison","All Out Attack","Adrenaline","CurseOfTheBell","Dagger Spray","Catalyst","Well Laid Plans","Shame","Blade Dance","PiercingWail","Blade Dance","Burst","Bane+1","Well Laid Plans+1"],"relics":["Ring of the Snake","NeowsBlessing","Turnip","Dream Catcher","Kunai","Girya","Gremlin Horn","FossilizedHelix","Calling Bell","Lantern","Paper Crane","Ginger","Mummified Hand","MutagenicStrength"],"acts_visited":["Exordium","TheCity"],"potions_floor_usage":[],"damage_taken":[{"damage":0,"enemies":"Cultist","floor":1,"turns":1},{"damage":0,"enemies":"2 Louse","floor":2,"turns":1},{"damage":0,"enemies":"Gremlin Nob","floor":6,"turns":1},{"damage":27,"enemies":"3 Sentries","floor":8,"turns":9},{"damage":4,"enemies":"Jaw Worm","floor":13,"turns":4},{"damage":25,"enemies":"The Guardian","floor":16,"turns":10},{"damage":33,"enemies":"Spheric Guardian","floor":18,"turns":5},{"damage":15,"enemies":"Chosen","floor":22,"turns":6},{"damage":22,"enemies":"Snecko","floor":24,"turns":6},{"damage":23,"enemies":"Shelled Parasite and Fungi","floor":27,"turns":5},{"damage":12,"enemies":"Sentry and Sphere","floor":28,"turns":5},{"damage":10,"enemies":"Slavers","floor":30,"turns":2}],"seed_played":"-6695617161426233566","potions_obtained":[{"floor":1,"key":"Ancient Potion"},{"floor":13,"key":"DuplicationPotion"}],"is_trial":false,"path_per_floor":["M","M","$","?","?","E","R","E","T","R","$","R","M","T","R","B",null,"M","$","?","?","M","R","M","R","T","M","M","$","E"],"character_chosen":"THE_SILENT","items_purchased":["Infinite Blades","Quick Slash","Crippling Poison","Catalyst","Well Laid Plans"],"campfire_rested":3,"item_purchase_floors":[3,3,11,19,19],"current_hp_per_floor":[70,70,70,70,63,63,63,36,36,57,57,57,53,53,53,28,70,37,37,37,37,22,43,21,42,42,19,7,7,0,0],"gold":32,"neow_bonus":"THREE_ENEMY_KILL","is_daily":false,"chose_seed":false,"campfire_upgraded":3,"win_rate":0.0,"timestamp":1611456531,"path_taken":["M","?","$","?","?","E","R","E","T","R","?","R","?","?","R","BOSS","M","?","?","?","?","R","M","R","T","M","M","$","E"],"items_purchased_type":["Card","Card","Card","Card","Card"],"build_version":"2020-12-22","purchased_purges":1,"victory":false,"max_hp_per_floor":[70,70,70,70,70,70,70,70,70,70,70,70,70,70,70,70,70,70,70,70,70,70,70,70,70,70,70,70,70,70,70],"card_choices":[{"not_picked":["Tactician","Acrobatics"],"picked":"Dash","floor":1},{"not_picked":["Underhanded Strike","Cloak And Dagger"],"picked":"Deadly Poison","floor":2},{"not_picked":["Dodge and Roll","Deadly Poison"],"picked":"Footwork","floor":6},{"not_picked":["Acrobatics","Prepared"],"picked":"Accuracy","floor":8},{"not_picked":["Sucker Punch","Accuracy"],"picked":"Cloak And Dagger","floor":10},{"not_picked":["Dagger Throw","Calculated Gamble"],"picked":"All Out Attack","floor":13},{"not_picked":["Phantasmal Killer","Venomology"],"picked":"Adrenaline","floor":16},{"not_picked":["Prepared","Underhanded Strike"],"picked":"Dagger Spray","floor":18},{"not_picked":["Accuracy","Deadly Poison"],"picked":"Blade Dance","floor":22},{"not_picked":["Tactician","Reflex+1"],"picked":"PiercingWail","floor":23},{"not_picked":["Poisoned Stab","PiercingWail"],"picked":"Blade Dance","floor":24},{"not_picked":["Tactician+1","Heel Hook+1"],"picked":"Burst","floor":25},{"not_picked":["Acrobatics","Concentrate"],"picked":"Bane+1","floor":27},{"not_picked":["Predator","Cloak And Dagger"],"picked":"Well Laid Plans+1","floor":28}],"player_experience":755712,"relics_obtained":[{"floor":6,"key":"Kunai"},{"floor":8,"key":"Girya"},{"floor":9,"key":"Gremlin Horn"},{"floor":14,"key":"FossilizedHelix"},{"floor":17,"key":"Lantern"},{"floor":17,"key":"Paper Crane"},{"floor":17,"key":"Ginger"}],"event_choices":[{"damage_healed":0,"gold_gain":0,"player_choice":"Box","damage_taken":0,"relics_obtained":["Turnip"],"max_hp_gain":0,"max_hp_loss":0,"event_name":"Big Fish","floor":4,"gold_loss":0,"cards_obtained":["Regret"]},{"damage_healed":0,"gold_gain":0,"player_choice":"Success","damage_taken":7,"relics_obtained":["Dream Catcher"],"max_hp_gain":0,"max_hp_loss":0,"event_name":"Scrap Ooze","floor":5,"gold_loss":0},{"damage_healed":0,"gold_gain":0,"player_choice":"Stole Relic","damage_taken":0,"relics_obtained":["Mummified Hand"],"max_hp_gain":0,"max_hp_loss":0,"event_name":"Addict","floor":20,"gold_loss":0,"cards_obtained":["Shame"]},{"damage_healed":0,"gold_gain":0,"player_choice":"Inject Mutagens","damage_taken":0,"relics_obtained":["MutagenicStrength"],"max_hp_gain":0,"max_hp_loss":0,"event_name":"Drug Dealer","floor":21,"gold_loss":0}],"is_beta":false,"boss_relics":[{"not_picked":["Velvet Choker","HoveringKite"],"picked":"Calling Bell"}],"items_purged_floors":[29],"is_endless":false,"potions_floor_spawned":[1,13],"killed_by":"Slavers","ascension_level":4}}