{"host":"ibckqdmmf9y74ymf","time":1611520503,"event":{"mods":["2.2 Compatiblity","BaseMod","Colored Map","Curses Come First","Highlight Path","Minty Spire (QoL Compilation)","Quick Restart","Rare Cards Sparkle","Relic Stats","StSLib"],"gold_per_floor":[115,115,125,136,149,149,181,199,253,266,293,303,336,336,336,413,413,431,431,445,445,445,445],"floor_reached":22,"language":"ENG","playtime":1650,"items_purged":[],"score":716,"play_id":"60172d25-178f-4420-96a2-7c98233f10ee","local_time":"20210124213503","is_ascension_mode":true,"campfire_choices":[{"data":"BowlingBash","floor":6,"key":"SMITH"},{"data":"Meditate","floor":15,"key":"SMITH"}],"circlet_count":0,"master_deck":["AscendersBane","Strike_P","Strike_P","Strike_P","Strike_P","Defend_P","Defend_P","Defend_P","Defend_P","Eruption","Vigilance","CutThroughFate","Wallop","BattleHymn","Meditate+1","BowlingBash+1","ClearTheMind","TalkToTheHand+1","Protect","Halt","DevaForm","Omniscience","RitualDagger"],"relics":["Velvet Choker","Nunchaku","Strawberry","Shuriken","Toy Ornithopter","SacredBark"],"acts_visited":["Exordium","TheCity"],"potions_floor_usage":[7,13,16],"damage_taken":[{"damage":7,"enemies":"Small Slimes","floor":1,"turns":3},{"damage":0,"enemies":"Cultist","floor":3,"turns":2},{"damage":0,"enemies":"Jaw Worm","floor":4,"turns":2},{"damage":12,"enemies":"3 Louse","floor":5,"turns":4},{"damage":0,"enemies":"Lagavulin","floor":7,"turns":4},{"damage":0,"enemies":"2 Fungi Beasts","floor":8,"turns":3},{"damage":1,"enemies":"Exordium Thugs","floor":10,"turns":3},{"damage":2,"enemies":"3 Sentries","floor":11,"turns":3},{"damage":5,"enemies":"3 Louse","floor":12,"turns":4},{"damage":0,"enemies":"Gremlin Nob","floor":13,"turns":3},{"damage":13,"enemies":"The Guardian","floor":16,"turns":13},{"damage":14,"enemies":"3 Byrds","floor":18,"turns":7},{"damage":26,"enemies":"Chosen","floor":20,"turns":4},{"damage":13,"enemies":"3 Cultists","floor":22,"turns":4}],"seed_played":"2273136976614517747","potions_obtained":[{"floor":3,"key":"Block Potion"},{"floor":4,"key":"SkillPotion"},{"floor":5,"key":"FearPotion"},{"floor":12,"key":"SteroidPotion"}],"is_trial":false,"path_per_floor":["M","?","M","M","M","R","E","M","T","M","E","M","E","?","R","B",null,"M","?","M","?","M"],"character_chosen":"WATCHER","items_purchased":[],"campfire_rested":0,"item_purchase_floors":[],"current_hp_per_floor":[54,54,54,54,42,42,42,42,49,48,46,41,41,41,41,33,65,51,51,25,19,6,6],"gold":445,"neow_bonus":"BOSS_RELIC","is_daily":false,"chose_seed":false,"campfire_upgraded":2,"win_rate":0.0,"timestamp":1611520503,"path_taken":["M","?","M","M","M","R","E","M","T","M","E","?","E","?","R","BOSS","M","?","M","?","M"],"items_purchased_type":[],"build_version":"2020-12-22","purchased_purges":0,"victory":false,"max_hp_per_floor":[68,68,68,68,68,68,68,68,75,75,75,75,75,75,75,75,75,75,75,75,75,75,75],"relic_stats":{"Nunchaku":[8],"counters":[14,59],"Shuriken":[11],"obtain_stats":[{"Nunchaku":7,"Shuriken":11,"Strawberry":9,"SacredBark":17,"Velvet Choker":0,"PureWater":0,"Toy Ornithopter":13},{"Nunchaku":5,"Shuriken":8,"Strawberry":6,"SacredBark":11,"Velvet Choker":0,"PureWater":0,"Toy Ornithopter":10},{"Nunchaku":15,"Shuriken":24,"Strawberry":18,"SacredBark":44,"Velvet Choker":0,"PureWater":0,"Toy Ornithopter":31}],"Toy Ornithopter":5},"card_choices":[{"not_picked":["Crescendo","InnerPeace"],"picked":"CutThroughFate","floor":1},{"not_picked":["Protect","LikeWater"],"picked":"BattleHymn","floor":3},{"not_picked":["FollowUp","Pray"],"picked":"Meditate","floor":4},{"not_picked":["CarveReality","Swivel"],"picked":"BowlingBash","floor":5},{"not_picked":["EmptyFist","JustLucky"],"picked":"ClearTheMind","floor":7},{"not_picked":["Adaptation","WaveOfTheHand"],"picked":"TalkToTheHand","floor":8},{"not_picked":["ThirdEye","PathToVictory"],"picked":"Protect","floor":10},{"not_picked":["Evaluate","BowlingBash"],"picked":"Halt","floor":11},{"not_picked":["LikeWater","ForeignInfluence"],"picked":"DevaForm","floor":12},{"not_picked":["Halt","EmptyMind","CutThroughFate"],"picked":"SKIP","floor":13},{"not_picked":["Establishment","Judgement"],"picked":"Omniscience","floor":16},{"not_picked":["CutThroughFate","CrushJoints","BowlingBash"],"picked":"SKIP","floor":18},{"not_picked":["Halt","Evaluate","Consecrate"],"picked":"SKIP","floor":20}],"player_experience":656798,"relics_obtained":[{"floor":7,"key":"Nunchaku"},{"floor":9,"key":"Strawberry"},{"floor":11,"key":"Shuriken"},{"floor":13,"key":"Toy Ornithopter"}],"event_choices":[{"damage_healed":0,"gold_gain":0,"player_choice":"1 cards matched","damage_taken":0,"max_hp_gain":0,"max_hp_loss":0,"event_name":"Match and Keep!","floor":2,"gold_loss":0,"cards_obtained":["Wallop"]},{"damage_healed":0,"gold_gain":0,"player_choice":"Grow","damage_taken":0,"max_hp_gain":0,"max_hp_loss":0,"event_name":"Living Wall","floor":14,"gold_loss":0,"cards_upgraded":["TalkToTheHand"]},{"damage_healed":0,"gold_gain":0,"player_choice":"Ignored","damage_taken":0,"max_hp_gain":0,"max_hp_loss":0,"event_name":"The Mausoleum","floor":19,"gold_loss":0},{"damage_healed":0,"gold_gain":0,"player_choice":"Joined the Cult","damage_taken":6,"max_hp_gain":0,"max_hp_loss":0,"event_name":"Nest","floor":21,"gold_loss":0,"cards_obtained":["RitualDagger"]}],"is_beta":false,"boss_relics":[{"not_picked":["Ectoplasm","Busted Crown"],"picked":"SacredBark"}],"items_purged_floors":[],"is_endless":false,"potions_floor_spawned":[3,4,5,12],"killed_by":"3 Cultists","ascension_level":20}}