{"host":"zhec3g4cvsmevugl","time":1611466969,"event":{"mods":["BaseMod","BetterRewards","Minty Spire (QoL Compilation)","Relic Stats","Slay-I","StSLib"],"gold_per_floor":[117,130,130,210,210,244,244,4,49,224,241,241,259,291,291,395,395,411,411,411,430,445,480,480,497,523,523,548,548,168,179,179,179,179],"floor_reached":33,"language":"ENG","playtime":1574,"items_purged":["Decay"],"score":410,"play_id":"d73580b6-22d8-470f-a97f-bba453d4b6f7","local_time":"20210124134249","is_ascension_mode":true,"campfire_choices":[{"data":"Perfected Strike","floor":7,"key":"SMITH"},{"data":"Perfected Strike","floor":12,"key":"SMITH"},{"floor":15,"key":"REST"},{"data":"RitualDagger","floor":24,"key":"SMITH"},{"data":"Fiend Fire","floor":27,"key":"SMITH"},{"floor":32,"key":"REST"}],"circlet_count":0,"master_deck":["Strike_R","Strike_R","Strike_R","Strike_R","Strike_R","Defend_R","Defend_R","Defend_R","Defend_R","Bash","Bloodletting","Perfected Strike+1","Shrug It Off","Deep Breath","Cleave","Doubt","Perfected Strike+1","Twin Strike","Immolate","Fiend Fire+1","Fire Breathing","RitualDagger+1","Flame Barrier","Dropkick","Armaments","Metallicize+1","Iron Wave+1","Anger"],"relics":["Black Blood","Meat on the Bone","Lantern","Gremlin Horn","Art of War","Mummified Hand","Dream Catcher","Red Mask","Potion Belt","Centennial Puzzle","Girya"],"acts_visited":["Exordium","TheCity"],"potions_floor_usage":[16,28,28,28],"damage_taken":[{"damage":14,"enemies":"Small Slimes","floor":1,"turns":4},{"damage":2,"enemies":"Jaw Worm","floor":2,"turns":2},{"damage":43,"enemies":"Lagavulin","floor":6,"turns":9},{"damage":0,"enemies":"Cultist","floor":11,"turns":2},{"damage":7,"enemies":"2 Fungi Beasts","floor":13,"turns":2},{"damage":15,"enemies":"Gremlin Nob","floor":14,"turns":4},{"damage":58,"enemies":"Hexaghost","floor":16,"turns":9},{"damage":39,"enemies":"Shell Parasite","floor":18,"turns":5},{"damage":0,"enemies":"Spheric Guardian","floor":21,"turns":2},{"damage":9,"enemies":"Snecko","floor":22,"turns":4},{"damage":12,"enemies":"Masked Bandits","floor":23,"turns":2},{"damage":18,"enemies":"Snake Plant","floor":25,"turns":3},{"damage":62,"enemies":"Slavers","floor":28,"turns":9},{"damage":28,"enemies":"Chosen and Byrds","floor":31,"turns":8},{"damage":78,"enemies":"Collector","floor":33,"turns":7}],"seed_played":"-8462854529229978853","potions_obtained":[{"floor":2,"key":"BlessingOfTheForge"},{"floor":6,"key":"BloodPotion"},{"floor":13,"key":"PowerPotion"},{"floor":16,"key":"Dexterity Potion"},{"floor":22,"key":"SpeedPotion"}],"is_trial":false,"path_per_floor":["M","M","?","T","?","E","R","$","T","?","M","R","M","E","R","B",null,"M","?","?","M","M","?","R","M","T","R","E","?","$","M","R","B"],"character_chosen":"IRONCLAD","items_purchased":["Gremlin Horn","Girya"],"campfire_rested":2,"item_purchase_floors":[8,30],"current_hp_per_floor":[72,76,76,76,76,51,51,51,51,51,57,57,56,47,71,31,80,53,47,47,59,62,62,62,56,56,56,34,34,34,30,54,0,0],"gold":179,"neow_bonus":"","is_daily":false,"chose_seed":false,"campfire_upgraded":4,"win_rate":0.0,"timestamp":1611466969,"path_taken":["M","M","?","?","?","E","R","?","T","?","?","R","M","E","R","BOSS","M","?","?","M","?","?","R","M","T","R","E","?","$","M","R","BOSS"],"items_purchased_type":["Relic","Relic"],"build_version":"2020-12-22","purchased_purges":1,"victory":false,"max_hp_per_floor":[80,80,80,80,80,80,80,80,80,80,80,80,80,80,80,80,80,80,80,80,80,80,80,80,80,80,80,80,80,80,80,80,80,80],"relic_stats":{"Dream Catcher":1,"Centennial Puzzle":[6],"Gremlin Horn":[8,8],"counters":[52,198],"Mummified Hand":[5],"Black Blood":168,"Art of War":[2],"obtain_stats":[{"Darkstone Periapt":0,"Regal Pillow":22,"Lantern":6,"Gremlin Horn":36,"Black Blood":17,"Bag of Preparation":17,"Cursed Key":0,"Old Coin":30,"ClockworkSouvenir":36,"Blood Vial":14,"Dream Catcher":20,"Centennial Puzzle":28,"Mummified Hand":14,"Strawberry":3,"Necronomicon":20,"Red Mask":23,"Kunai":26,"InkBottle":9,"Paper Frog":17,"Potion Belt":36,"Girya":0,"NeowsBlessing":0,"Happy Flower":10,"Oddly Smooth Stone":23,"The Courier":25,"Pen Nib":36,"Omamori":0,"War Paint":46,"Akabeko":48,"Du-Vu Doll":0,"Calling Bell":17,"Peace Pipe":43,"Anchor":5,"Busted Crown":34,"MutagenicStrength":21,"Turnip":13,"Art of War":9,"Membership Card":0,"Toy Ornithopter":40,"Pocketwatch":17,"Meat on the Bone":0},{"Darkstone Periapt":0,"Regal Pillow":10,"Lantern":40,"Gremlin Horn":17,"Black Blood":44,"Bag of Preparation":8,"Cursed Key":0,"Old Coin":14,"ClockworkSouvenir":17,"Blood Vial":36,"Dream Catcher":45,"Centennial Puzzle":50,"Mummified Hand":43,"Strawberry":32,"Necronomicon":10,"Red Mask":48,"Kunai":12,"InkBottle":3,"Paper Frog":8,"Potion Belt":17,"Girya":26,"NeowsBlessing":30,"Happy Flower":33,"Oddly Smooth Stone":11,"The Courier":12,"Pen Nib":17,"Omamori":26,"War Paint":23,"Akabeko":25,"Du-Vu Doll":0,"Calling Bell":8,"Peace Pipe":21,"Anchor":29,"Busted Crown":16,"MutagenicStrength":10,"Turnip":6,"Art of War":40,"Membership Card":26,"Toy Ornithopter":20,"Pocketwatch":8,"Meat on the Bone":26},{"Darkstone Periapt":0,"Regal Pillow":34,"Lantern":141,"Gremlin Horn":58,"Black Blood":158,"Bag of Preparation":26,"Cursed Key":0,"Old Coin":44,"ClockworkSouvenir":58,"Blood Vial":114,"Dream Catcher":163,"Centennial Puzzle":183,"Mummified Hand":149,"Strawberry":106,"Necronomicon":34,"Red Mask":171,"Kunai":40,"InkBottle":7,"Paper Frog":26,"Potion Belt":58,"Girya":91,"NeowsBlessing":104,"Happy Flower":107,"Oddly Smooth Stone":38,"The Courier":40,"Pen Nib":58,"Omamori":91,"War Paint":78,"Akabeko":85,"Du-Vu Doll":0,"Calling Bell":26,"Peace Pipe":73,"Anchor":100,"Busted Crown":54,"MutagenicStrength":34,"Turnip":17,"Art of War":141,"Membership Card":91,"Toy Ornithopter":68,"Pocketwatch":26,"Meat on the Bone":91}],"Meat on the Bone":72},"card_choices":[{"not_picked":["Armaments","Entrench"],"picked":"Perfected Strike","floor":1},{"not_picked":["True Grit","Clothesline"],"picked":"Shrug It Off","floor":2},{"not_picked":["Perfected Strike","Entrench"],"picked":"Cleave","floor":6},{"not_picked":["Headbutt","Thunderclap"],"picked":"Perfected Strike","floor":11},{"not_picked":["Searing Blow","Entrench"],"picked":"Twin Strike","floor":13},{"not_picked":["Pommel Strike","Feel No Pain"],"picked":"Immolate","floor":14},{"not_picked":["Brutality","Corruption"],"picked":"Fiend Fire","floor":16},{"not_picked":["Bloodletting","Clash+1"],"picked":"Fire Breathing","floor":18},{"not_picked":["Sever Soul","Dual Wield+1"],"picked":"Flame Barrier","floor":21},{"not_picked":["Uppercut","Heavy Blade","True Grit"],"picked":"SKIP","floor":22},{"not_picked":["Body Slam","Iron Wave"],"picked":"Dropkick","floor":23},{"not_picked":["Rampage","Havoc"],"picked":"Armaments","floor":25},{"not_picked":["Armaments","Entrench+1"],"picked":"Metallicize+1","floor":28},{"not_picked":["Shrug It Off","Armaments"],"picked":"Iron Wave+1","floor":31},{"not_picked":["Shrug It Off","Heavy Blade"],"picked":"Anger","floor":32}],"player_experience":219261,"relics_obtained":[{"floor":4,"key":"Meat on the Bone"},{"floor":6,"key":"Lantern"},{"floor":9,"key":"Art of War"},{"floor":14,"key":"Mummified Hand"},{"floor":20,"key":"Dream Catcher"},{"floor":23,"key":"Red Mask"},{"floor":26,"key":"Potion Belt"},{"floor":28,"key":"Centennial Puzzle"}],"event_choices":[{"damage_healed":0,"gold_gain":0,"cards_transformed":["Trip"],"player_choice":"Change","damage_taken":0,"max_hp_gain":0,"max_hp_loss":0,"event_name":"Living Wall","floor":3,"gold_loss":0,"cards_obtained":["Deep Breath"]},{"damage_healed":0,"gold_gain":0,"player_choice":"Leave","damage_taken":0,"max_hp_gain":0,"max_hp_loss":0,"event_name":"The Cleric","floor":5,"gold_loss":0},{"damage_healed":0,"gold_gain":175,"player_choice":"AGREE","damage_taken":0,"max_hp_gain":0,"max_hp_loss":0,"event_name":"Liars Game","floor":10,"gold_loss":0,"cards_obtained":["Doubt"]},{"damage_healed":0,"gold_gain":0,"player_choice":"Joined the Cult","damage_taken":6,"max_hp_gain":0,"max_hp_loss":0,"event_name":"Nest","floor":19,"gold_loss":0,"cards_obtained":["RitualDagger"]},{"damage_healed":0,"gold_gain":0,"player_choice":"Relic","damage_taken":0,"max_hp_gain":0,"max_hp_loss":0,"event_name":"Wheel of Change","floor":20,"gold_loss":0},{"damage_healed":0,"gold_gain":0,"player_choice":"Fought Bandits","damage_taken":0,"max_hp_gain":0,"max_hp_loss":0,"event_name":"Masked Bandits","floor":23,"gold_loss":0},{"damage_healed":0,"gold_gain":0,"player_choice":"Smashed Altar","damage_taken":0,"max_hp_gain":0,"max_hp_loss":0,"event_name":"Forgotten Altar","floor":29,"gold_loss":0,"cards_obtained":["Decay"]}],"is_beta":false,"boss_relics":[{"not_picked":["Runic Dome","Black Star"],"picked":"Black Blood"}],"items_purged_floors":[30],"is_endless":false,"potions_floor_spawned":[2,6,13,16,22],"killed_by":"Collector","ascension_level":2}}