{"host":"ws4mzzemcqsz5e2k","time":1611498171,"event":{"mods":["Act Like it!","BaseMod","Colored Powertips","Downfall","Minty Spire (QoL Compilation)","Quick Restart","StSLib","没有小屋子和绿帽子啦"],"gold_per_floor":[99,117,130,144,244,244,295,999507,999507,999572,999572,999604,999621,999652,999663,999760,999760,999760,999772,999789,999799,999799,999818,999843,999843,999876,999776,999776,999793,999303,999303,999316,999421,999421,999421,999441,999108,999120,999168,999202,999281,999281,998872,998900,998915,998932,998528,998561,998571,998676,998676,998676,998695,998714,998714,998714,998746,998800,998832,998467,998479,998489,998507,998607,998642,998662,998764,998764,998764,998778,998797,998811,998830,998830,998860,998879,998879,998905,998905,998578,998578,998611,998622,998723,998723,998723,998738,998753,998773,998773,998773,998808,998822,998840,998873,998508,998536,998536,998114,998132,998231,998231,998131,998131,998142,998242,998262,998262,998287,998287,998315,997945,997945,997945,997945,997945],"floor_reached":114,"language":"ZHS","playtime":3898,"items_purged":["champ:Strike","champ:Defend","champ:Taunt","champ:RapidStrikes","Pain","downfall:Icky","champ:UltimateStance+1","champ:EnchantCrown+1","champ:FanOfKnives+1"],"score":2847,"play_id":"6087d1e9-fdc5-45cf-9db3-d5315ef35e56","local_time":"20210124222251","daily_mods":["Heirloom","downfall:ChampStances","downfall:Lament","Elite Swarm","Uncertain Future"],"is_ascension_mode":false,"campfire_choices":[{"data":"champ:Execute","floor":1.0,"key":"SMITH"},{"data":"champ:RageSigil","floor":6.0,"key":"SMITH"},{"data":"champ:FancyFootwork","floor":11.0,"key":"SMITH"},{"data":"champ:UltimateStance","floor":18.0,"key":"SMITH"},{"data":"champ:GladiatorForm","floor":25.0,"key":"SMITH"},{"data":"champ:CalledShot","floor":27.0,"key":"SMITH"},{"data":"RitualDagger","floor":35.0,"key":"SMITH"},{"data":"champ:UltimateStance","floor":42.0,"key":"SMITH"},{"data":"champ:SwordSigil","floor":52.0,"key":"SMITH"},{"data":"champ:EnchantCrown","floor":69.0,"key":"SMITH"},{"data":"champ:VampiricStrike","floor":79.0,"key":"SMITH"},{"data":"champ:VampiricStrike","floor":86.0,"key":"SMITH"},{"floor":91.0,"key":"RECALL"},{"data":"1","floor":103,"key":"LIFT"},{"data":"2","floor":108,"key":"LIFT"},{"data":"3","floor":110,"key":"LIFT"}],"circlet_count":0,"master_deck":["champ:Execute+1","champ:RageSigil+1","champ:CheapShot+1","champ:SwordSigil+1","champ:FancyFootwork+1","champ:GladiatorForm+1","champ:CalledShot+1","champ:UltimateStance+1","champ:VampiricStrike+1","RitualDagger+1","champ:CalledShot+1","champ:CalledShot+1","champ:VampiricStrike+1","CurseOfTheBell","champ:VampiricStrike+1"],"relics":["champ:ChampionCrown","champ:ChampStancesModRelic","NeowsBlessing","Guardian:GemstoneGun","Regal Pillow","Girya","Whetstone","Orichalcum","Toy Ornithopter","Coffee Dripper","Oddly Smooth Stone","Blue Candle","downfall:HeartBlessingGreen","hexamod:BolsterEngine","Gremlin Horn","Sling","Empty Cage","Pocketwatch","Juzu Bracelet","Eternal Feather","Membership Card","InkBottle","Anchor","MealTicket","Medical Kit","Bottled Lightning","Question Card","Centennial Puzzle","SacredBark","champ:ChampStancesModRelic","NeowsBlessing","WarpedTongs","Vajra","Boot","Mummified Hand","HandDrill","WristBlade","Calling Bell","Pen Nib","Mercury Hourglass","Ginger","champ:DefensiveTrainingManual","Art of War","champ:SignatureFinisher","Black Star","Meat on the Bone","Letter Opener","Mango","sneckomod:BlankCard","OrangePellets","Runic Pyramid","champ:ChampStancesModRelic","NeowsBlessing","downfall:HeartBlessingRed","Blood Vial","Nunchaku","bronze:DonusWashers"],"acts_visited":["Exordium","TheCity","TheBeyond","Exordium","TheCity","TheBeyond","Exordium"],"potions_floor_usage":[],"damage_taken":[{"damage":5.0,"enemies":"Small Slimes","floor":2.0,"turns":1.0},{"damage":15.0,"enemies":"2 Louse","floor":3.0,"turns":1.0},{"damage":0.0,"enemies":"Jaw Worm","floor":4.0,"turns":1.0},{"damage":99.0,"enemies":"downfall:Heads","floor":5.0,"turns":5.0},{"damage":66.0,"enemies":"downfall:FleeingMerchant","floor":8.0,"turns":5.0},{"damage":30.0,"enemies":"3 Sentries","floor":10.0,"turns":4.0},{"damage":30.0,"enemies":"Lagavulin","floor":12.0,"turns":4.0},{"damage":30.0,"enemies":"3 Louse","floor":13.0,"turns":3.0},{"damage":40.0,"enemies":"Gremlin Nob","floor":14.0,"turns":3.0},{"damage":20.0,"enemies":"Blue Slaver","floor":15.0,"turns":2.0},{"damage":64.0,"enemies":"IC_STATUS_ARCHETYPE","floor":16.0,"turns":5.0},{"damage":40.0,"enemies":"3 Byrds","floor":19.0,"turns":2.0},{"damage":48.0,"enemies":"Centurion and Healer","floor":20.0,"turns":2.0},{"damage":55.0,"enemies":"3 Cultists","floor":21.0,"turns":3.0},{"damage":55.0,"enemies":"Sentry and Sphere","floor":23.0,"turns":2.0},{"damage":68.0,"enemies":"Book of Stabbing","floor":26.0,"turns":3.0},{"damage":35.0,"enemies":"Snake Plant","floor":29.0,"turns":2.0},{"damage":105.0,"enemies":"downfall:FleeingMerchant","floor":30.0,"turns":5.0},{"damage":15.0,"enemies":"3 Cultists","floor":32.0,"turns":1.0},{"damage":60.0,"enemies":"WA_ARCHETYPE_CALM","floor":33.0,"turns":1.0},{"damage":57.0,"enemies":"3 Shapes","floor":36.0,"turns":1.0},{"damage":20.0,"enemies":"3 Darklings","floor":38.0,"turns":1.0},{"damage":35.0,"enemies":"2 Orb Walkers","floor":39.0,"turns":1.0},{"damage":55.0,"enemies":"Giant Head","floor":40.0,"turns":1.0},{"damage":35.0,"enemies":"Reptomancer","floor":44.0,"turns":1.0},{"damage":70.0,"enemies":"Spire Growth","floor":45.0,"turns":1.0},{"damage":70.0,"enemies":"Maw","floor":46.0,"turns":1.0},{"damage":90.0,"enemies":"Giant Head","floor":48.0,"turns":1.0},{"damage":12.0,"enemies":"4 Shapes","floor":49.0,"turns":1.0},{"damage":144.0,"enemies":"SI_POISON_ARCHETYPE","floor":50.0,"turns":2.0},{"damage":0.0,"enemies":"Small Slimes","floor":53.0,"turns":1.0},{"damage":0.0,"enemies":"Jaw Worm","floor":54.0,"turns":1.0},{"damage":1.0,"enemies":"Gremlin Nob","floor":57.0,"turns":1.0},{"damage":51.0,"enemies":"3 Sentries","floor":59.0,"turns":1.0},{"damage":15.0,"enemies":"Cultist","floor":61.0,"turns":1.0},{"damage":0.0,"enemies":"Large Slime","floor":62.0,"turns":1.0},{"damage":50.0,"enemies":"Red Slaver","floor":63.0,"turns":1.0},{"damage":55.0,"enemies":"Red Slaver","floor":64.0,"turns":1.0},{"damage":35.0,"enemies":"Lagavulin","floor":65.0,"turns":1.0},{"damage":45.0,"enemies":"Looter","floor":66.0,"turns":1.0},{"damage":95.0,"enemies":"Hexaghost","floor":67.0,"turns":1.0},{"damage":0.0,"enemies":"Spheric Guardian","floor":70.0,"turns":1.0},{"damage":0.0,"enemies":"Shell Parasite","floor":71.0,"turns":1.0},{"damage":66.0,"enemies":"Sentry and Sphere","floor":72.0,"turns":1.0},{"damage":15.0,"enemies":"Snake Plant","floor":73.0,"turns":1.0},{"damage":65.0,"enemies":"Slavers","floor":75.0,"turns":1.0},{"damage":30.0,"enemies":"Shelled Parasite and Fungi","floor":76.0,"turns":1.0},{"damage":12.0,"enemies":"Gremlin Leader","floor":78.0,"turns":1.0},{"damage":15.0,"enemies":"Book of Stabbing","floor":82.0,"turns":1.0},{"damage":65.0,"enemies":"Cultist and Chosen","floor":83.0,"turns":1.0},{"damage":111.0,"enemies":"Champ","floor":84.0,"turns":1.0},{"damage":20.0,"enemies":"Orb Walker","floor":87.0,"turns":1.0},{"damage":70.0,"enemies":"3 Darklings","floor":88.0,"turns":1.0},{"damage":76.0,"enemies":"Maw","floor":89.0,"turns":1.0},{"damage":0.0,"enemies":"Reptomancer","floor":92.0,"turns":1.0},{"damage":35.0,"enemies":"Sphere and 2 Shapes","floor":93.0,"turns":1.0},{"damage":60.0,"enemies":"Jaw Worm Horde","floor":94.0,"turns":1.0},{"damage":0.0,"enemies":"Nemesis","floor":95.0,"turns":1.0},{"damage":0.0,"enemies":"Reptomancer","floor":97.0,"turns":1.0},{"damage":1,"enemies":"Writhing Mass","floor":100,"turns":1},{"damage":126,"enemies":"Time Eater","floor":101,"turns":3},{"damage":0,"enemies":"2 Louse","floor":105,"turns":1},{"damage":0,"enemies":"Cultist","floor":107,"turns":1},{"damage":0,"enemies":"Gremlin Nob","floor":109,"turns":1},{"damage":15,"enemies":"Lagavulin","floor":111,"turns":1},{"damage":148,"enemies":"Gremlin Nob","floor":114,"turns":6}],"seed_played":"-4282200370669847989","potions_obtained":[{"floor":14.0,"key":"Energy Potion"},{"floor":15.0,"key":"Strength Potion"},{"floor":16.0,"key":"SpeedPotion"},{"floor":19.0,"key":"ColorlessPotion"},{"floor":29.0,"key":"champ:CounterPotion"},{"floor":36.0,"key":"Swift Potion"},{"floor":39.0,"key":"Strength Potion"},{"floor":54.0,"key":"Fire Potion"}],"is_trial":true,"path_per_floor":["R","M","M","M","?","R","T","$","?","?","R","E","M","E","M","B",null,"R","M","M","M","?","M","T","R","E","R","?","M","$","?","M","B",null,"R","M","?","M","?","E","T","R","$","E","M","M","$","E","M","B",null,"R","M","M","?","?","E","T","E","$","M","M","M","?","E","M","B",null,"R","M","M","M","M","?","E","M","?","E","R","$","?","E","M","B",null,"R","M","M","M","?","R","E","M","M","E","?","E","?","$","M","B",null,"R","?","M","?","M","R","E","R","E","$","?","E"],"character_chosen":"THE_CHAMP","items_purchased":["Fire Potion","Girya","champ:SwordSigil","BlessingOfTheForge","Explosive Potion","hexamod:BolsterEngine","Gremlin Horn","Sling","champ:CalledShot","champ:EnchantCrown","Membership Card","InkBottle","Anchor","Medical Kit","Bottled Lightning","Question Card","Boot","Mummified Hand","HandDrill","Art of War","champ:SignatureFinisher","Meat on the Bone","Letter Opener","Mango","sneckomod:BlankCard","OrangePellets","Blood Vial","Nunchaku","bronze:DonusWashers"],"campfire_rested":0,"item_purchase_floors":[8,8,8,8,8,30,30,30,30,30,43,43,43,47,47,47,60,60,60,80,80,96,96,99,99,99,112,112,112],"current_hp_per_floor":[90,90,90,90,52,52,52,52,52,52,52,52,52,52,52,48,90,90,90,87,87,69,69,69,69,65,65,59,59,59,59,59,59,95,95,88,107,107,107,107,107,107,107,107,107,107,107,107,105,103,107,107,107,107,112,112,111,111,110,112,112,112,112,112,112,112,112,112,112,112,112,111,111,111,111,111,111,109,112,112,112,112,112,111,112,112,112,112,111,111,112,112,112,112,112,112,112,112,126,125,124,126,126,131,131,131,131,131,131,131,131,131,131,0,0,0],"gold":997945,"neow_bonus":"","is_daily":false,"chose_seed":false,"campfire_upgraded":12,"win_rate":0.0,"timestamp":1611498171,"path_taken":["R","M","M","M","?","R","T","$","?","?","R","E","M","E","M","BOSS","R","M","M","M","?","M","T","R","E","R","?","M","$","?","M","BOSS","R","M","?","M","?","E","T","R","$","E","M","M","?","E","M","BOSS","R","M","M","?","?","E","T","E","$","M","M","M","?","E","M","BOSS","R","M","M","M","M","?","E","M","?","E","R","$","?","E","M","BOSS","R","M","M","M","?","R","E","M","M","E","?","E","?","$","M","BOSS","R","?","M","?","M","R","E","R","E","$","?","E"],"items_purchased_type":["Potion","Relic","Card","Potion","Potion","Relic","Relic","Relic","Card","Card","Relic","Relic","Relic","Relic","Relic","Relic","Relic","Relic","Relic","Relic","Relic","Relic","Relic","Relic","Relic","Relic","Relic","Relic","Relic"],"build_version":"2020-12-22","purchased_purges":9,"victory":false,"max_hp_per_floor":[90,90,90,90,90,90,90,90,90,90,90,90,90,90,90,90,90,90,90,90,90,95,95,95,95,95,95,95,95,95,95,95,95,95,95,95,107,107,107,107,107,107,107,107,107,107,107,107,107,107,107,107,107,107,112,112,112,112,112,112,112,112,112,112,112,112,112,112,112,112,112,112,112,112,112,112,112,112,112,112,112,112,112,112,112,112,112,112,112,112,112,112,112,112,112,112,112,112,126,126,126,126,126,131,131,131,131,131,131,131,131,131,131,131,131,131],"card_choices":[{"not_picked":["champ:ViciousMockery","champ:GutPunch"],"picked":"champ:RageSigil","floor":2.0},{"not_picked":["champ:FlashCut","champ:FalseCounter","champ:ShieldSigil"],"picked":"SKIP","floor":3.0},{"not_picked":["champ:DeathBlow","champ:Endure","champ:Duel"],"picked":"SKIP","floor":4.0},{"not_picked":["champ:PreciseThrust","champ:RisingSlash"],"picked":"champ:FanOfKnives","floor":8.0},{"not_picked":["champ:Endure","champ:ViciousMockery"],"picked":"champ:FancyFootwork","floor":10.0},{"not_picked":["champ:StrikeOfGenius","champ:MurderStrike"],"picked":"champ:GladiatorForm","floor":12.0},{"not_picked":["champ:BringItOn","champ:Backstep","champ:FlashCut"],"picked":"SKIP","floor":13.0},{"not_picked":["champ:IgnorePain","champ:SteelEdge","champ:HeavySlash"],"picked":"SKIP","floor":14.0},{"not_picked":["champ:BladeFlurry","champ:TornadoPunch"],"picked":"champ:CalledShot","floor":15.0},{"not_picked":["champ:EnchantSword","champ:TripleStrike"],"picked":"champ:UltimateStance","floor":16.0},{"not_picked":["champ:RecklessLeap","champ:BerserkersShout+1","champ:SetATrap"],"picked":"SKIP","floor":19.0},{"not_picked":["champ:Endure","champ:GutPunch","champ:Backstep"],"picked":"SKIP","floor":20.0},{"not_picked":["champ:Haymaker","champ:RapidStrikes","champ:EnGarde"],"picked":"SKIP","floor":21.0},{"not_picked":["champ:ShieldWall","champ:FlashCut","champ:BladeFlurry+1"],"picked":"SKIP","floor":23.0},{"not_picked":["champ:StrikeOfGenius","champ:HoldFirm"],"picked":"champ:VampiricStrike","floor":26.0},{"not_picked":["champ:ShieldSigil+1","champ:Backstep","champ:PerfectedStrike"],"picked":"SKIP","floor":29.0},{"not_picked":["champ:TornadoPunch+1","champ:Shatter"],"picked":"champ:CalledShot","floor":30.0},{"not_picked":["champ:SetATrap","champ:BringItOn","champ:FanOfKnives+1"],"picked":"SKIP","floor":32.0},{"not_picked":["champ:Shatter+1","champ:BladeFlurry","champ:BerserkersShout+1"],"picked":"SKIP","floor":36.0},{"not_picked":["champ:Circumvent","champ:ShieldSigil","champ:EndlessRage"],"picked":"SKIP","floor":38.0},{"not_picked":["champ:VampiricStrike","champ:CheapShot"],"picked":"champ:UltimateStance","floor":40.0},{"not_picked":["champ:Improvising","champ:ShieldThrow","champ:SteelEdge"],"picked":"SKIP","floor":44.0},{"not_picked":["champ:Shatter+1","champ:EnGarde","champ:ShieldSlam"],"picked":"SKIP","floor":45.0},{"not_picked":["champ:Shatter+1","champ:TornadoPunch","champ:PreciseThrust"],"picked":"SKIP","floor":46.0},{"not_picked":["champ:HeavySlash","champ:StrikeOfGenius","champ:HoldFirm","champ:IgnorePain"],"picked":"SKIP","floor":48.0},{"not_picked":["champ:FocusedDefense+1","champ:CrownThrow","champ:BerserkersShout","champ:FanOfKnives+1"],"picked":"SKIP","floor":49.0},{"not_picked":["champ:RecklessLeap","champ:Parry","champ:Endure","champ:Lariat"],"picked":"SKIP","floor":53.0},{"not_picked":["champ:FanOfKnives","champ:RisingSlash","champ:BringItOn","champ:PerfectedStrike"],"picked":"SKIP","floor":54.0},{"not_picked":["champ:UltimateStance","champ:Devastate","champ:Improvising","champ:CheapShot"],"picked":"SKIP","floor":57.0},{"not_picked":["champ:HeavySlash","champ:HoldFirm","champ:SwordThrow","champ:LastStand"],"picked":"SKIP","floor":59.0},{"not_picked":["champ:FlashCut","champ:AdrenalArmor","champ:IronFortress","champ:StanceDance"],"picked":"SKIP","floor":61.0},{"not_picked":["champ:BringItOn","champ:EnGarde","champ:AdrenalArmor","champ:BladeFlurry"],"picked":"SKIP","floor":62.0},{"not_picked":["champ:RageSigil","champ:PreciseThrust","champ:GladiatorStyle","champ:DefensiveShout"],"picked":"SKIP","floor":63.0},{"not_picked":["champ:MurderStrike","champ:CheapShot","champ:TripleStrike","champ:HeavySlash"],"picked":"SKIP","floor":65.0},{"not_picked":["champ:PreciseThrust","champ:PerfectedStrike","champ:TornadoPunch","champ:FlashCut"],"picked":"SKIP","floor":66.0},{"not_picked":["champ:Improvising","champ:StrikeOfGenius","champ:ShieldThrow"],"picked":"champ:VampiricStrike","floor":67.0},{"not_picked":["champ:FanOfKnives","champ:TornadoPunch","champ:Haymaker+1","champ:Shatter"],"picked":"SKIP","floor":70.0},{"not_picked":["champ:CrownThrow","champ:TornadoPunch+1","champ:Haymaker","champ:EndlessRage"],"picked":"SKIP","floor":71.0},{"not_picked":["champ:BladeFlurry","champ:EnGarde","champ:FlashCut+1","champ:PerfectedStrike"],"picked":"SKIP","floor":72.0},{"not_picked":["champ:ShieldSigil","champ:Shatter+1","champ:GutPunch","champ:DancingMaster"],"picked":"SKIP","floor":73.0},{"not_picked":["champ:ShieldThrow","champ:HeavySlash","champ:EnchantShield","champ:EnchantCrown"],"picked":"SKIP","floor":75.0},{"not_picked":["champ:GutPunch","champ:EndlessRage","champ:FanOfKnives","champ:Backstep"],"picked":"SKIP","floor":76.0},{"not_picked":["champ:GladiatorForm","champ:SteelEdge","champ:VampiricStrike","champ:EnchantCrown"],"picked":"SKIP","floor":78.0},{"not_picked":["champ:UltimateStance","champ:MurderStrike","champ:Devastate","champ:DancingMaster"],"picked":"SKIP","floor":82.0},{"not_picked":["champ:FalseCounter","champ:StanceDance","champ:TornadoPunch+1","champ:SkillfulDodge"],"picked":"SKIP","floor":83.0},{"not_picked":["champ:Circumvent","champ:Shatter+1","champ:RisingSlash","champ:GutPunch"],"picked":"SKIP","floor":87.0},{"not_picked":["champ:Circumvent+1","champ:FlashCut+1","champ:EnragedBash+1","champ:FanOfKnives+1"],"picked":"SKIP","floor":88.0},{"not_picked":["champ:Shatter+1","champ:FaceSlap","champ:RecklessLeap+1","champ:SwordThrow"],"picked":"SKIP","floor":89.0},{"not_picked":["champ:GladiatorForm","champ:Devastate","champ:HoldFirm","champ:Improvising"],"picked":"SKIP","floor":92.0},{"not_picked":["champ:FanOfKnives+1","champ:Lariat+1","champ:DeathBlow+1","champ:DefensiveShout"],"picked":"SKIP","floor":93.0},{"not_picked":["champ:BladeFlurry","champ:TornadoPunch+1","champ:EnGarde+1","champ:DefensiveStyle+1"],"picked":"SKIP","floor":94.0},{"not_picked":["champ:UltimateStance","champ:DancingMaster","champ:StrikeOfGenius","champ:GladiatorForm"],"picked":"SKIP","floor":95.0},{"not_picked":["champ:StrikeOfGenius","champ:HoldFirm","champ:MurderStrike","champ:HeavySlash"],"picked":"SKIP","floor":97.0},{"not_picked":["champ:EnGarde","champ:PreciseThrust","champ:CrookedStrike+1","champ:Circumvent+1"],"picked":"SKIP","floor":100},{"not_picked":["champ:RisingSlash","champ:CrownThrow","champ:Backstep","champ:DefensiveShout"],"picked":"SKIP","floor":105},{"not_picked":["champ:PreciseThrust","champ:BringItOn","champ:Shatter","champ:ShieldSlam"],"picked":"SKIP","floor":107},{"not_picked":["champ:VampiricStrike","champ:LastStand","champ:GladiatorForm","champ:EnchantCrown"],"picked":"SKIP","floor":109},{"not_picked":["champ:HoldFirm","champ:SteelEdge","champ:CheapShot","champ:Devastate"],"picked":"SKIP","floor":111}],"player_experience":1671115,"relics_obtained":[{"floor":7.0,"key":"Regal Pillow"},{"floor":10.0,"key":"Whetstone"},{"floor":12.0,"key":"Orichalcum"},{"floor":14.0,"key":"Toy Ornithopter"},{"floor":24.0,"key":"Oddly Smooth Stone"},{"floor":26.0,"key":"Blue Candle"},{"floor":39.0,"key":"Pocketwatch"},{"floor":40.0,"key":"Juzu Bracelet"},{"floor":41.0,"key":"Eternal Feather"},{"floor":44.0,"key":"MealTicket"},{"floor":48.0,"key":"Centennial Puzzle"},{"floor":58.0,"key":"Vajra"},{"floor":64.0,"key":"WristBlade"},{"floor":68.0,"key":"Pen Nib"},{"floor":68.0,"key":"Mercury Hourglass"},{"floor":68.0,"key":"Ginger"}],"event_choices":[{"cards_removed":["champ:Strike"],"damage_healed":0.0,"max_hp_gain":0.0,"max_hp_loss":0.0,"gold_gain":0.0,"event_name":"The Cleric","player_choice":"Card Removal","floor":9.0,"gold_loss":0.0,"damage_taken":0.0},{"damage_healed":0.0,"max_hp_gain":0.0,"max_hp_loss":0.0,"gold_gain":0.0,"event_name":"Mysterious Sphere","player_choice":"Fight","floor":39.0,"gold_loss":0.0,"damage_taken":0.0},{"damage_healed":0.0,"max_hp_gain":5.0,"max_hp_loss":0.0,"gold_gain":0.0,"event_name":"Big Fish","player_choice":"Donut","floor":55.0,"gold_loss":0.0,"damage_taken":0.0},{"damage_healed":0.0,"max_hp_gain":0.0,"max_hp_loss":0.0,"gold_gain":0.0,"event_name":"Accursed Blacksmith","player_choice":"Rummage","floor":56.0,"gold_loss":0.0,"damage_taken":0.0,"relics_obtained":["WarpedTongs"],"cards_obtained":["Pain"]},{"damage_healed":0.0,"max_hp_gain":0.0,"max_hp_loss":0.0,"gold_gain":0.0,"event_name":"Ghosts","player_choice":"Ignored","floor":81.0,"gold_loss":0.0,"damage_taken":0.0},{"damage_healed":0,"gold_gain":0,"player_choice":"Donut","damage_taken":0,"max_hp_gain":5,"max_hp_loss":0,"event_name":"Big Fish","floor":104,"gold_loss":0}],"is_beta":false,"boss_relics":[{"not_picked":["Snecko Eye","Velvet Choker"],"picked":"Coffee Dripper"},{"not_picked":["expansioncontent:StudyCardRelic","Fusion Hammer"],"picked":"Empty Cage"},{"not_picked":["Astrolabe","Black Star"],"picked":"SacredBark"},{"not_picked":["Astrolabe","Runic Dome"],"picked":"Calling Bell"},{"not_picked":["Fusion Hammer","expansioncontent:StudyCardRelic"],"picked":"Black Star"},{"not_picked":["champ:PowerArmor","Cursed Key"],"picked":"Runic Pyramid"}],"items_purged_floors":[8,30,43,47,60,80,96,99,112],"is_endless":true,"potions_floor_spawned":[10,12,13,14,15,16,19,29,36,39,40,54,57,62,64,65,67,70,72,73,78,82,84,88,89,92,107,109],"killed_by":"Gremlin Nob","ascension_level":0}}