{"host":"m1hsm1cztz438mir","time":1611529556,"event":{"mods":["2.2 Compatiblity","AchievementEnabler","Act Like it!","BaseMod","Colored Map","Curses Come First","Downfall","Minty Spire (QoL Compilation)","Relic Stats","Shop Mod","StSLib"],"gold_per_floor":[99,115,128,38,51,226,226,238,263,263,282,182,210,226,240,345,345,345,360,374,374,374,402,402,202,220,220,238,238,238,26,46,146,146,146,159,212,23,74,105,105,105,105,105,124,124,152,152,164,164,164,194,43,43,43,43],"floor_reached":57,"language":"ENG","playtime":6753,"items_purged":["Regret","champ:EndlessRage","champ:Execute"],"score":1267,"play_id":"248e5239-74e2-49e7-9753-585f57081ddb","local_time":"20210124230556","is_ascension_mode":false,"campfire_choices":[{"data":"champ:HoldFirm","floor":1.0,"key":"SMITH"},{"floor":10.0,"key":"RECALL"},{"data":"champ:BerserkersShout","floor":12.0,"key":"SMITH"},{"data":"champ:StrikeOfGenius","floor":18.0,"key":"SMITH"},{"data":"champ:DefensiveShout","floor":25.0,"key":"SMITH"},{"data":"champ:IronFortress","floor":27.0,"key":"SMITH"},{"data":"champ:EnragedBash","floor":29.0,"key":"SMITH"},{"data":"expansioncontent:StudyTheSpire","floor":35.0,"key":"SMITH"},{"data":"Apotheosis","floor":42.0,"key":"SMITH"},{"floor":44.0,"key":"DIG"},{"floor":46.0,"key":"DIG"},{"floor":54,"key":"DIG"}],"circlet_count":0,"master_deck":["champ:Taunt","champ:HoldFirm+1","champ:StanceDance","champ:GutPunch","champ:StanceDance","champ:FalseCounter","champ:DefensiveShout+1","champ:GutPunch","champ:BerserkersShout+1","champ:FlashCut","champ:Duel","champ:StrikeOfGenius+1","champ:Duel","champ:HeavySlash","champ:HeartStrike","champ:Encircle","champ:BringItOn","champ:EnragedBash+1","champ:IronFortress+1","champ:Backstep+1","champ:Backstep+1","champ:CalledShot+1","champ:GladiatorStyle","expansioncontent:StudyTheSpire+1","champ:FlashCut+1","champ:Endure+1","champ:HoldFirm","Apotheosis+1","champ:TornadoPunch","champ:Taunt"],"relics":["champ:ChampionCrown","Thread and Needle","Shovel","downfall:HeartBlessingRed","Matryoshka","Pandora\u0027s Box","Letter Opener","Guardian:PocketSentry","downfall:HeartBlessingGreen","downfall:HeartBlessingBlue","PreservedInsect","CaptainsWheel","Coffee Dripper","FossilizedHelix","champ:FightingForDummies","Molten Egg 2","Toy Ornithopter","White Beast Statue","Ancient Tea Set","champ:DefensiveTrainingManual","Bronze Scales","Pantograph"],"acts_visited":["Exordium","TheCity","TheBeyond","TheEnding"],"potions_floor_usage":[49,49,56,56],"damage_taken":[{"damage":13.0,"enemies":"2 Louse","floor":2.0,"turns":3.0},{"damage":3.0,"enemies":"Jaw Worm","floor":3.0,"turns":4.0},{"damage":23.0,"enemies":"downfall:FleeingMerchant","floor":4.0,"turns":4.0},{"damage":5.0,"enemies":"Small Slimes","floor":5.0,"turns":4.0},{"damage":10.0,"enemies":"Blue Slaver","floor":8.0,"turns":4.0},{"damage":24.0,"enemies":"3 Sentries","floor":9.0,"turns":7.0},{"damage":10.0,"enemies":"Large Slime","floor":11.0,"turns":6.0},{"damage":33.0,"enemies":"Lagavulin","floor":13.0,"turns":6.0},{"damage":0.0,"enemies":"3 Louse","floor":14.0,"turns":2.0},{"damage":15.0,"enemies":"Gremlin Gang","floor":15.0,"turns":4.0},{"damage":90.0,"enemies":"SI_SHIV_ARCHETYPE","floor":16.0,"turns":11.0},{"damage":10.0,"enemies":"Chosen","floor":19.0,"turns":3.0},{"damage":28.0,"enemies":"Shelled Parasite and Fungi","floor":20.0,"turns":5.0},{"damage":15.0,"enemies":"Slavers","floor":23.0,"turns":4.0},{"damage":15.0,"enemies":"Chosen and Byrds","floor":26.0,"turns":4.0},{"damage":20.0,"enemies":"Sentry and Sphere","floor":28.0,"turns":4.0},{"damage":30.0,"enemies":"downfall:FleeingMerchant","floor":31.0,"turns":4.0},{"damage":30.0,"enemies":"Centurion and Healer","floor":32.0,"turns":5.0},{"damage":47.0,"enemies":"IC_MUSHROOM_ARCHETYPE","floor":33.0,"turns":9.0},{"damage":12.0,"enemies":"3 Darklings","floor":36.0,"turns":5.0},{"damage":20.0,"enemies":"2 Orb Walkers","floor":37.0,"turns":5.0},{"damage":0.0,"enemies":"downfall:FleeingMerchant","floor":38.0,"turns":4.0},{"damage":0.0,"enemies":"downfall:FleeingMerchant","floor":39.0,"turns":2.0},{"damage":10.0,"enemies":"Reptomancer","floor":40.0,"turns":7.0},{"damage":0.0,"enemies":"Orb Walker","floor":45.0,"turns":3.0},{"damage":15.0,"enemies":"Nemesis","floor":47.0,"turns":5.0},{"damage":0.0,"enemies":"Writhing Mass","floor":48.0,"turns":1.0},{"damage":13,"enemies":"3 Darklings","floor":49,"turns":5},{"damage":111,"enemies":"WA_ARCHETYPE_DIVINITY","floor":50,"turns":11},{"damage":61,"enemies":"downfall:CharBossMerchant","floor":52,"turns":8},{"damage":25,"enemies":"downfall:NeowBoss","floor":55,"turns":16},{"damage":109,"enemies":"downfall:NeowBossFinal","floor":56,"turns":12}],"seed_played":"-7966718062746898029","potions_obtained":[{"floor":2.0,"key":"Explosive Potion"},{"floor":8.0,"key":"ColorlessPotion"},{"floor":9.0,"key":"DistilledChaos"},{"floor":14.0,"key":"Regen Potion"},{"floor":16.0,"key":"Block Potion"},{"floor":19.0,"key":"SmokeBomb"},{"floor":20.0,"key":"Fire Potion"},{"floor":28.0,"key":"AttackPotion"},{"floor":37.0,"key":"LiquidMemories"},{"floor":40.0,"key":"PowerPotion"},{"floor":47.0,"key":"BlessingOfTheForge"},{"floor":49,"key":"BlessingOfTheForge"},{"floor":52,"key":"sneckomod:MuddlingPotion"}],"is_trial":false,"path_per_floor":["R","M","M","$","M","?","T","M","E","R","M","R","E","M","M","B",null,"R","M","M","?","?","E","T","R","M","R","M","R","T","$","M","B",null,"R","M","?","$","?","E","T","R","?","R","M","R","E","M","M","B",null,"E","$","R","B","B",null],"character_chosen":"THE_CHAMP","items_purchased":["expansioncontent:StudyTheSpire","champ:HoldFirm","Apotheosis","Bronze Scales"],"campfire_rested":0,"item_purchase_floors":[31,38,39,53],"current_hp_per_floor":[90,87,84,81,81,81,81,81,72,72,72,72,69,69,69,34,90,90,90,82,82,82,82,82,92,92,92,92,92,92,92,92,85,100,100,98,98,98,98,98,98,98,98,98,98,98,100,100,97,34,100,59,59,59,79,11],"gold":43,"neow_bonus":"THREE_RARE_CARDS","is_daily":false,"chose_seed":false,"campfire_upgraded":8,"win_rate":0.0,"timestamp":1611529556,"path_taken":["R","M","M","$","M","?","T","M","E","R","M","R","E","M","M","BOSS","R","M","M","?","?","E","T","R","M","R","M","R","?","$","M","BOSS","R","M","?","$","?","E","T","R","?","R","M","R","E","M","M","BOSS","E","$","R","BOSS","BOSS"],"items_purchased_type":["Card","Card","Card","Relic"],"build_version":"2020-12-22","purchased_purges":3,"victory":true,"max_hp_per_floor":[90,90,90,90,90,90,90,90,90,90,90,90,90,90,90,90,90,90,90,90,90,90,90,90,100,100,100,100,100,100,100,100,100,100,100,100,100,100,100,100,100,100,100,100,100,100,100,100,100,100,100,100,100,100,100,100],"relic_stats":{"Shovel":3,"counters":[32,177],"Bronze Scales":[105],"Pantograph":46,"Pandora\u0027s Box":["champ:SwordThrow","champ:Duel","champ:HeavySlash","champ:EndlessRage","champ:HeartStrike","champ:Encircle","champ:BringItOn","champ:EnragedBash"],"PreservedInsect":272,"Letter Opener":[144],"obtain_stats":[{"downfall:HeartBlessingRed":12,"champ:ChampionCrown":0,"Thread and Needle":7,"downfall:HeartBlessingGreen":25,"PreservedInsect":30,"Guardian:PocketSentry":24,"Letter Opener":23,"Ancient Tea Set":47,"White Beast Statue":46,"CaptainsWheel":30,"Shovel":9,"Matryoshka":13,"downfall:HeartBlessingBlue":25,"champ:DefensiveTrainingManual":52,"Bronze Scales":53,"Pantograph":54,"Pandora\u0027s Box":17,"Molten Egg 2":41,"Coffee Dripper":34,"champ:FightingForDummies":40,"FossilizedHelix":37,"Toy Ornithopter":44},{"downfall:HeartBlessingRed":7,"champ:ChampionCrown":0,"Thread and Needle":4,"downfall:HeartBlessingGreen":14,"PreservedInsect":16,"Guardian:PocketSentry":14,"Letter Opener":14,"Ancient Tea Set":26,"White Beast Statue":25,"CaptainsWheel":16,"Shovel":6,"Matryoshka":8,"downfall:HeartBlessingBlue":14,"champ:DefensiveTrainingManual":30,"Bronze Scales":30,"Pantograph":30,"Pandora\u0027s Box":11,"Molten Egg 2":24,"Coffee Dripper":19,"champ:FightingForDummies":24,"FossilizedHelix":21,"Toy Ornithopter":24},{"downfall:HeartBlessingRed":32,"champ:ChampionCrown":0,"Thread and Needle":15,"downfall:HeartBlessingGreen":67,"PreservedInsect":75,"Guardian:PocketSentry":67,"Letter Opener":67,"Ancient Tea Set":124,"White Beast Statue":119,"CaptainsWheel":75,"Shovel":26,"Matryoshka":38,"downfall:HeartBlessingBlue":67,"champ:DefensiveTrainingManual":149,"Bronze Scales":149,"Pantograph":149,"Pandora\u0027s Box":55,"Molten Egg 2":116,"Coffee Dripper":93,"champ:FightingForDummies":116,"FossilizedHelix":103,"Toy Ornithopter":116}],"Toy Ornithopter":7},"card_choices":[{"not_picked":["champ:HeavySlash","champ:MurderStrike"],"picked":"champ:HoldFirm","floor":0.0},{"not_picked":["champ:Backstep","champ:TornadoPunch"],"picked":"champ:StanceDance","floor":2.0},{"not_picked":["champ:PerfectedStrike","champ:FlashCut"],"picked":"champ:GutPunch","floor":3.0},{"not_picked":["champ:SetATrap","champ:FalseCounter"],"picked":"champ:StanceDance","floor":4.0},{"not_picked":["champ:SetATrap","champ:EnGarde"],"picked":"champ:FalseCounter","floor":5.0},{"not_picked":["champ:CrownThrow","champ:BladeFlurry"],"picked":"champ:DefensiveShout","floor":8.0},{"not_picked":["champ:EnGarde","champ:HeartStrike"],"picked":"champ:GutPunch","floor":9.0},{"not_picked":["champ:StanceDance","champ:BladeFlurry"],"picked":"champ:BerserkersShout","floor":11.0},{"not_picked":["champ:CrownThrow","champ:TornadoPunch"],"picked":"champ:FlashCut","floor":13.0},{"not_picked":["champ:EndlessRage","champ:RecklessLeap"],"picked":"champ:Duel","floor":14.0},{"not_picked":["champ:Circumvent","champ:GladiatorStyle","champ:FalseCounter"],"picked":"SKIP","floor":15.0},{"not_picked":["champ:SteelEdge","champ:SwordThrow"],"picked":"champ:StrikeOfGenius","floor":16.0},{"not_picked":["champ:BerserkersShout","champ:EndlessRage"],"picked":"champ:IronFortress","floor":19.0},{"not_picked":["champ:FlashCut","champ:Haymaker"],"picked":"champ:Backstep+1","floor":20.0},{"not_picked":["champ:RecklessLeap+1","champ:EndlessRage"],"picked":"champ:Backstep+1","floor":23.0},{"not_picked":["champ:Backstep+1","champ:HeartStrike+1","champ:Circumvent"],"picked":"SKIP","floor":26.0},{"not_picked":["champ:FlashCut+1","champ:DefensiveShout"],"picked":"champ:CalledShot+1","floor":28.0},{"not_picked":["champ:Backstep","champ:FalseCounter"],"picked":"champ:GladiatorStyle","floor":31.0},{"not_picked":["champ:PreciseThrust","champ:Duel","champ:Lariat+1"],"picked":"SKIP","floor":32.0},{"not_picked":["champ:DefensiveShout","champ:PreciseThrust"],"picked":"champ:FlashCut+1","floor":36.0},{"not_picked":["champ:FanOfKnives+1","champ:FlashCut"],"picked":"champ:Endure+1","floor":38.0},{"not_picked":["champ:EnGarde","champ:Circumvent","champ:DeathBlow+1"],"picked":"SKIP","floor":39.0},{"not_picked":["champ:SkillfulDodge","champ:EnGarde"],"picked":"champ:TornadoPunch","floor":40.0},{"not_picked":["champ:Lariat","champ:StanceDance","champ:ShieldThrow+1"],"picked":"SKIP","floor":45.0},{"not_picked":["champ:RisingSlash+1","champ:Endure+1","champ:Backstep"],"picked":"SKIP","floor":47.0},{"not_picked":["champ:FlashCut+1","champ:Circumvent+1","champ:BladeFlurry+1"],"picked":"SKIP","floor":49},{"not_picked":["champ:PreciseThrust+1","champ:Duel+1","champ:HeartStrike+1"],"picked":"SKIP","floor":52}],"player_experience":403990,"relics_obtained":[{"floor":7.0,"key":"Thread and Needle"},{"floor":9.0,"key":"Shovel"},{"floor":13.0,"key":"Matryoshka"},{"floor":23.0,"key":"Letter Opener"},{"floor":24.0,"key":"Guardian:PocketSentry"},{"floor":30.0,"key":"PreservedInsect"},{"floor":30.0,"key":"CaptainsWheel"},{"floor":37.0,"key":"FossilizedHelix"},{"floor":40.0,"key":"champ:FightingForDummies"},{"floor":41.0,"key":"Molten Egg 2"},{"floor":44.0,"key":"Toy Ornithopter"},{"floor":46.0,"key":"White Beast Statue"},{"floor":47.0,"key":"Ancient Tea Set"},{"floor":52,"key":"champ:DefensiveTrainingManual"},{"floor":54,"key":"Pantograph"}],"event_choices":[{"damage_healed":0.0,"max_hp_gain":0.0,"max_hp_loss":0.0,"gold_gain":0.0,"event_name":"Mysterious Sphere","player_choice":"Fight","floor":37.0,"gold_loss":0.0,"damage_taken":0.0}],"is_beta":false,"boss_relics":[{"not_picked":["Cursed Key","Empty Cage"],"picked":"Pandora\u0027s Box"},{"not_picked":["Tiny House","Runic Dome"],"picked":"Coffee Dripper"}],"items_purged_floors":[4,38,39],"is_endless":false,"potions_floor_spawned":[2,8,9,14,16,19,20,28,37,40,47,48,49,52],"ascension_level":0}}