{"host":"uv5ws9rdk87e8i5k","time":1611531417,"event":{"mods":["AchievementEnabler","BaseMod","Colored Map","Minty Spire (QoL Compilation)","StSLib","SuperFastMode","The Necromancer"],"gold_per_floor":[116,133,148,148,166,166,191,191,191,34,48,58,78,94,94,94,94],"floor_reached":16,"language":"ENG","playtime":345,"items_purged":[],"score":111,"play_id":"df5404b3-c1c9-4bd5-b526-8cdb358c7af7","local_time":"20210124173657","is_ascension_mode":true,"campfire_choices":[{"data":"Spectral_Walk","floor":6,"key":"SMITH"},{"data":"Negative_Energy_Sphere","floor":8,"key":"SMITH"},{"data":"Blood_Shield","floor":15,"key":"SMITH"}],"circlet_count":0,"master_deck":["Strike_W","Strike_W","Strike_W","Strike_W","Defend_W","Defend_W","Defend_W","Defend_W","Negative_Energy_Arrows","Bone_Wall","Spectral_Walk+1","Plague_Bolt","Spectral_Walk+1","Bone_Shift","Negative_Energy_Sphere+1","Negative_Energy_Sphere","Finger_Of_Death","Blood_Shield+1","Blood_Whip","Bone_Armor"],"relics":["Vampire_Amulet","FossilizedHelix","White Beast Statue","Membership Card"],"acts_visited":["Exordium"],"potions_floor_usage":[12,13,13],"damage_taken":[{"damage":1,"enemies":"2 Louse","floor":1,"turns":3},{"damage":1,"enemies":"Cultist","floor":2,"turns":3},{"damage":0,"enemies":"Small Slimes","floor":3,"turns":3},{"damage":8,"enemies":"3 Louse","floor":5,"turns":5},{"damage":26,"enemies":"3 Sentries","floor":7,"turns":10},{"damage":1,"enemies":"Exordium Thugs","floor":11,"turns":5},{"damage":2,"enemies":"Exordium Wildlife","floor":12,"turns":3},{"damage":5,"enemies":"Blue Slaver","floor":13,"turns":4},{"damage":13,"enemies":"Red Slaver","floor":14,"turns":4},{"damage":0,"enemies":"The Guardian","floor":16,"turns":1}],"seed_played":"6237295467427501284","potions_obtained":[{"floor":3,"key":"DuplicationPotion"},{"floor":7,"key":"ColorlessPotion"},{"floor":11,"key":"LiquidBronze"},{"floor":12,"key":"Fruit Juice"},{"floor":13,"key":"Fruit Juice"},{"floor":14,"key":"FearPotion"}],"is_trial":false,"path_per_floor":["M","M","M","?","M","R","E","R","T","$","M","M","M","M","R","B"],"character_chosen":"NECROMANCER","items_purchased":["Membership Card"],"campfire_rested":0,"item_purchase_floors":[10],"current_hp_per_floor":[75,75,75,75,73,73,53,53,53,53,56,58,65,54,54,54,54],"gold":94,"neow_bonus":"THREE_CARDS","is_daily":false,"chose_seed":false,"campfire_upgraded":3,"win_rate":0.0,"timestamp":1611531417,"path_taken":["M","M","M","?","M","R","E","R","T","?","M","M","M","M","R","BOSS"],"items_purchased_type":["Relic"],"build_version":"2020-12-22","purchased_purges":0,"victory":false,"max_hp_per_floor":[75,75,75,75,75,75,75,75,75,75,75,75,85,85,85,85,85],"card_choices":[{"not_picked":["Exploit","Bones_to_Steel"],"picked":"Spectral_Walk","floor":0},{"not_picked":["Vampiric_Strike","Spectral_Walk"],"picked":"Plague_Bolt","floor":1},{"not_picked":["Spectral_Armor","Blood_Curse"],"picked":"Spectral_Walk","floor":2},{"not_picked":["Bone_Spikes","Whirlwind_of_Bones"],"picked":"Bone_Shift","floor":3},{"not_picked":["Vampiric_Strike","Flesh_Made_Foul"],"picked":"Negative_Energy_Sphere","floor":5},{"not_picked":["Detonate_Bones","Slay_Living"],"picked":"Negative_Energy_Sphere","floor":7},{"not_picked":["Toxic_Smoke_Screen","Blood_Whip"],"picked":"Finger_Of_Death","floor":11},{"not_picked":["Negative_Energy_Shield","Life_Drain"],"picked":"Blood_Shield","floor":12},{"not_picked":["Negative_Energy_Mist","Blood_Shield"],"picked":"Blood_Whip","floor":13},{"not_picked":["Bone_Armory","Shackles_Of_Pain"],"picked":"Bone_Armor","floor":14}],"player_experience":242834,"relics_obtained":[{"floor":7,"key":"FossilizedHelix"},{"floor":9,"key":"White Beast Statue"}],"event_choices":[{"damage_healed":0,"gold_gain":0,"player_choice":"Forge","damage_taken":0,"max_hp_gain":0,"max_hp_loss":0,"event_name":"Accursed Blacksmith","floor":4,"gold_loss":0,"cards_upgraded":["Spectral_Walk"]}],"is_beta":false,"boss_relics":[],"items_purged_floors":[],"is_endless":false,"potions_floor_spawned":[3,7,11,12,13,14],"killed_by":"The Guardian","ascension_level":1}}