{"host":"uv5ws9rdk87e8i5k","time":1611463272,"event":{"mods":["AchievementEnabler","BaseMod","Colored Map","Minty Spire (QoL Compilation)","StSLib","SuperFastMode"],"gold_per_floor":[119,136,136,147,165,165,182,182,182,182,253,280,296,324,324,324,324],"floor_reached":16,"language":"ENG","playtime":308,"items_purged":[],"score":140,"play_id":"886dae20-933e-40d9-ab9b-892a221bcf6e","local_time":"20210123224112","is_ascension_mode":true,"campfire_choices":[{"data":"Pummel","floor":6,"key":"SMITH"},{"data":"Pommel Strike","floor":8,"key":"SMITH"},{"data":"Bash","floor":10,"key":"SMITH"},{"data":"1","floor":15,"key":"LIFT"}],"circlet_count":0,"master_deck":["Strike_R","Strike_R","Strike_R","Strike_R","Strike_R","Defend_R","Defend_R","Defend_R","Defend_R","Bash+1","Pummel+1","Iron Wave","Cleave","Cleave","Pommel Strike+1","Pummel","Feed","Seeing Red"],"relics":["Burning Blood","Ice Cream","Mummified Hand","Blue Candle","Girya"],"acts_visited":["Exordium"],"potions_floor_usage":[12],"damage_taken":[{"damage":7,"enemies":"Small Slimes","floor":1,"turns":3},{"damage":0,"enemies":"2 Louse","floor":2,"turns":2},{"damage":6,"enemies":"Cultist","floor":4,"turns":4},{"damage":12,"enemies":"Looter","floor":5,"turns":4},{"damage":1,"enemies":"3 Louse","floor":7,"turns":3},{"damage":22,"enemies":"3 Sentries","floor":12,"turns":5},{"damage":10,"enemies":"Exordium Wildlife","floor":13,"turns":5},{"damage":15,"enemies":"Gremlin Nob","floor":14,"turns":4},{"damage":40,"enemies":"Hexaghost","floor":16,"turns":7}],"seed_played":"7689285224343864720","potions_obtained":[{"floor":4,"key":"BlessingOfTheForge"},{"floor":13,"key":"Dexterity Potion"}],"is_trial":false,"path_per_floor":["M","M","?","M","M","R","M","R","T","R","?","E","M","E","R","B"],"character_chosen":"IRONCLAD","items_purchased":[],"campfire_rested":0,"item_purchase_floors":[],"current_hp_per_floor":[79,80,77,77,71,71,76,76,76,76,76,60,56,47,47,7,7],"gold":324,"neow_bonus":"THREE_CARDS","is_daily":false,"chose_seed":false,"campfire_upgraded":3,"win_rate":0.0,"timestamp":1611463272,"path_taken":["M","M","?","M","M","R","M","R","T","R","?","E","M","E","R","BOSS"],"items_purchased_type":[],"build_version":"2020-12-22","purchased_purges":0,"victory":false,"max_hp_per_floor":[80,80,80,80,80,80,80,80,80,80,80,80,80,80,80,80,80],"card_choices":[{"not_picked":["Shrug It Off","Twin Strike"],"picked":"Pummel","floor":0},{"not_picked":["Sword Boomerang","Entrench"],"picked":"Iron Wave","floor":1},{"not_picked":["Dropkick","Iron Wave","Rupture"],"picked":"SKIP","floor":2},{"not_picked":["Pummel","Body Slam"],"picked":"Cleave","floor":4},{"not_picked":["Clothesline","Flex"],"picked":"Cleave","floor":5},{"not_picked":["Twin Strike","Flex"],"picked":"Pommel Strike","floor":7},{"not_picked":["Warcry","Body Slam"],"picked":"Pummel","floor":12},{"not_picked":["Body Slam","Perfected Strike"],"picked":"Feed","floor":13},{"not_picked":["Blood for Blood","Twin Strike"],"picked":"Seeing Red","floor":14}],"player_experience":218413,"relics_obtained":[{"floor":9,"key":"Mummified Hand"},{"floor":12,"key":"Blue Candle"},{"floor":14,"key":"Girya"}],"event_choices":[{"damage_healed":0,"gold_gain":0,"player_choice":"Success","damage_taken":3,"relics_obtained":["Ice Cream"],"max_hp_gain":0,"max_hp_loss":0,"event_name":"Scrap Ooze","floor":3,"gold_loss":0},{"damage_healed":0,"gold_gain":71,"player_choice":"Gained Gold","damage_taken":0,"max_hp_gain":0,"max_hp_loss":0,"event_name":"Golden Wing","floor":11,"gold_loss":0}],"is_beta":false,"boss_relics":[],"items_purged_floors":[],"is_endless":false,"potions_floor_spawned":[4,13],"killed_by":"Hexaghost","ascension_level":5}}