{"host":"ebj6lkgm8suah319","time":1611502529,"event":{"mods":["2.2 Compatiblity","AchievementEnabler","BaseMod","Block Reminder","Colored Map","Colored Powertips","Minty Spire (QoL Compilation)","Quick Restart","Rare Cards Sparkle","Relic Stats","SuperFastMode"],"gold_per_floor":[19,35,35,50,50,50,68,102,156,172,208,208,224,299,299,299,299],"floor_reached":16,"language":"ENG","playtime":311,"items_purged":[],"score":218,"play_id":"fcd909c9-b6ca-4abc-bfb1-a6863b34a8d7","local_time":"20210124103529","is_ascension_mode":true,"campfire_choices":[{"data":"Perfected Strike","floor":6,"key":"SMITH"},{"floor":12,"key":"REST"},{"data":"Fire Breathing","floor":15,"key":"SMITH"}],"circlet_count":0,"master_deck":["AscendersBane","Strike_R","Strike_R","Strike_R","Strike_R","Defend_R","Defend_R","Defend_R","Defend_R","Bash","Anger","Perfected Strike+1","Thunderclap","Wild Strike","Feel No Pain","Fire Breathing+1","Uppercut","Dropkick"],"relics":["Burning Blood","Golden Idol","Sundial","Oddly Smooth Stone","Vajra"],"acts_visited":["Exordium"],"potions_floor_usage":[8,11],"damage_taken":[{"damage":13,"enemies":"Cultist","floor":1,"turns":5},{"damage":5,"enemies":"2 Louse","floor":2,"turns":3},{"damage":0,"enemies":"Small Slimes","floor":4,"turns":3},{"damage":6,"enemies":"3 Louse","floor":7,"turns":3},{"damage":40,"enemies":"3 Sentries","floor":8,"turns":8},{"damage":14,"enemies":"Exordium Wildlife","floor":10,"turns":5},{"damage":25,"enemies":"Lagavulin","floor":11,"turns":4},{"damage":4,"enemies":"2 Fungi Beasts","floor":13,"turns":4},{"damage":30,"enemies":"Hexaghost","floor":16,"turns":7}],"seed_played":"-2784948554443117296","potions_obtained":[{"floor":2,"key":"LiquidMemories"},{"floor":8,"key":"DistilledChaos"},{"floor":10,"key":"SmokeBomb"}],"is_trial":false,"path_per_floor":["M","M","?","M","?","R","M","E","T","M","E","R","M","?","R","B"],"character_chosen":"IRONCLAD","items_purchased":[],"campfire_rested":1,"item_purchase_floors":[],"current_hp_per_floor":[75,76,76,81,74,74,74,40,40,32,13,37,39,28,28,0,0],"gold":299,"neow_bonus":"TWENTY_PERCENT_HP_BONUS","is_daily":false,"chose_seed":false,"campfire_upgraded":2,"win_rate":0.0,"timestamp":1611502529,"path_taken":["M","?","?","M","?","R","M","E","T","M","E","R","M","?","R","BOSS"],"items_purchased_type":[],"build_version":"2020-12-22","purchased_purges":0,"victory":false,"max_hp_per_floor":[89,89,81,81,81,81,81,81,81,81,81,81,81,81,81,81,81],"relic_stats":{"counters":[9,42],"Golden Idol":27,"Sundial":[2],"obtain_stats":[{"Golden Idol":3,"Sundial":8,"Oddly Smooth Stone":9,"Vajra":11,"Burning Blood":0},{"Golden Idol":2,"Sundial":5,"Oddly Smooth Stone":5,"Vajra":7,"Burning Blood":0},{"Golden Idol":8,"Sundial":22,"Oddly Smooth Stone":22,"Vajra":31,"Burning Blood":0}],"Burning Blood":47},"card_choices":[{"not_picked":["Armaments","Twin Strike"],"picked":"Anger","floor":1},{"not_picked":["Second Wind","Dropkick"],"picked":"Perfected Strike","floor":2},{"not_picked":["Rampage","Whirlwind"],"picked":"Thunderclap","floor":4},{"not_picked":["Clothesline","Sentinel"],"picked":"Wild Strike","floor":7},{"not_picked":["Havoc","Armaments"],"picked":"Feel No Pain","floor":8},{"not_picked":["Wild Strike","Brutality"],"picked":"Fire Breathing","floor":10},{"not_picked":["Body Slam","Havoc"],"picked":"Uppercut","floor":11},{"not_picked":["Flex","Body Slam"],"picked":"Dropkick","floor":13}],"player_experience":63809,"relics_obtained":[{"floor":8,"key":"Sundial"},{"floor":9,"key":"Oddly Smooth Stone"},{"floor":11,"key":"Vajra"}],"event_choices":[{"damage_healed":0,"gold_gain":0,"player_choice":"Lose Max HP","damage_taken":0,"relics_obtained":["Golden Idol"],"max_hp_gain":0,"max_hp_loss":8,"event_name":"Golden Idol","floor":3,"gold_loss":0},{"cards_removed":["Strike_R"],"damage_healed":0,"gold_gain":0,"player_choice":"Card Removal","damage_taken":7,"max_hp_gain":0,"max_hp_loss":0,"event_name":"Golden Wing","floor":5,"gold_loss":0},{"damage_healed":0,"gold_gain":75,"player_choice":"Gather Gold","damage_taken":11,"max_hp_gain":0,"max_hp_loss":0,"event_name":"World of Goop","floor":14,"gold_loss":0}],"is_beta":false,"boss_relics":[],"items_purged_floors":[],"is_endless":false,"potions_floor_spawned":[2,8,10],"killed_by":"Hexaghost","ascension_level":19}}