{"host":"jbj9vjxoxc0v9q6j","time":1611494453,"event":{"mods":["BaseMod","Downfall","Hermit","Infinite Spire","Jorbs\u0027s Wanderer Trilogy","Minty Spire (QoL Compilation)","Replay The Spire","Shop Mod","StSLib","The Disciple","The Runesmith","The Senshi","The Servant 0.9.4"],"gold_per_floor":[111,58,58,10,23,53,85,111,149,161,190,215,227,259,271,385,397,420,451,463,39,39,39,68,68,93,113,133,146,146,164,164,264,264,275,275,275,675,72,101,121,131,131,147,164,191,219,241,241,358,358,370,368,368],"floor_reached":53,"language":"ENG","playtime":8594,"items_purged":["theSenshi:MoonTiaraMagic"],"score":747,"play_id":"3c1730b0-4561-4b08-bd99-0c8498258d9c","local_time":"20210124082053","is_ascension_mode":false,"campfire_choices":[{"data":"theSenshi:StudyParty","floor":10.0,"key":"SMITH"},{"data":"theSenshi:MoonCrisisMakeUp","floor":13.0,"key":"SMITH"},{"data":"theSenshi:MoonPrismPowerMakeUp","floor":15.0,"key":"SMITH"},{"data":"theSenshi:DramaticEntrance","floor":23.0,"key":"SMITH"},{"data":"theSenshi:MoonHealingEscalation","floor":25.0,"key":"SMITH"},{"data":"theSenshi:StudyParty","floor":32.0,"key":"SMITH"},{"data":"infinitespire:Oblivion","floor":49.0,"key":"SMITH"}],"circlet_count":0,"master_deck":["theSenshi:RoseThrow","theSenshi:MoonPrismPowerMakeUp+1","theSenshi:MoonTiaraMagic","theSenshi:MoonsReflection","theSenshi:TuxedoSmokingBomber","theSenshi:StudyParty+1","theSenshi:MoonPrincessHalation","theSenshi:TuxedoMaskAssists","theSenshi:MoonCrisisMakeUp+1","theSenshi:StudyParty+1","theSenshi:YouCanTalk","theSenshi:SailorPlanetPower","theSenshi:EncouragingSpeech","theSenshi:InTheNameOfTheMoon","theSenshi:MercurysCunning","theSenshi:MoonHealingEscalation+1","theSenshi:DramaticEntrance+1","theSenshi:LunaWiseMentor+1","theSenshi:TallSilhouette","theSenshi:DramaticEntrance+1","theSenshi:MoonCrystalPowerMakeUp+1","theSenshi:SailorPlanetAttack","theSenshi:SchoolBag","theSenshi:SailorStarHealerAssists","infinitespire:Oblivion+1","theSenshi:MoonCrystalPowerMakeUp","theSenshi:MoonCrisisMakeUp","theSenshi:MoonTwilightFlash","theSenshi:UranusStrength+1","theSenshi:SailorMarsAssists"],"relics":["theSenshi:TransformationBroochRelic","NeowsBlessing","MawBank","Dream Catcher","Pandora\u0027s Box","theSenshi:HolyGrailRelic","Oddly Smooth Stone","Smiling Mask","Centennial Puzzle","Busted Crown","theSenshi:TransformationPenRelic","Old Coin","BargainBundle","Bronze Scales","Iron Hammer","Art of War","Replay:WaspNest","Replay:Bandana","Honey Jar"],"acts_visited":["Exordium","TheCity","TheBeyond"],"potions_floor_usage":[],"damage_taken":[{"damage":0.0,"enemies":"Jaw Worm","floor":1.0,"turns":1.0},{"damage":0.0,"enemies":"Cultist","floor":5.0,"turns":1.0},{"damage":0.0,"enemies":"3 Sentries","floor":6.0,"turns":2.0},{"damage":6.0,"enemies":"Small Slimes","floor":7.0,"turns":3.0},{"damage":6.0,"enemies":"2 Fungi Beasts","floor":8.0,"turns":3.0},{"damage":4.0,"enemies":"Gremlin Gang","floor":11.0,"turns":4.0},{"damage":0.0,"enemies":"Large Slime","floor":12.0,"turns":5.0},{"damage":9.0,"enemies":"Red Slaver","floor":14.0,"turns":3.0},{"damage":7.0,"enemies":"Slime Boss","floor":16.0,"turns":6.0},{"damage":8.0,"enemies":"Shell Parasite","floor":18.0,"turns":5.0},{"damage":17.0,"enemies":"Chosen","floor":19.0,"turns":6.0},{"damage":60.0,"enemies":"Slavers","floor":24.0,"turns":22.0},{"damage":13.0,"enemies":"Centurion and Healer","floor":27.0,"turns":23.0},{"damage":26.0,"enemies":"Sentry and Sphere","floor":28.0,"turns":6.0},{"damage":12.0,"enemies":"Snake Plant","floor":29.0,"turns":7.0},{"damage":8.0,"enemies":"Shelled Parasite and Fungi","floor":31.0,"turns":8.0},{"damage":31.0,"enemies":"Automaton","floor":33.0,"turns":19.0},{"damage":11.0,"enemies":"3 Shapes","floor":35.0,"turns":7.0},{"damage":39.0,"enemies":"infinitespire:Three Voidlings","floor":38.0,"turns":6.0},{"damage":39.0,"enemies":"Nightmare_Alpha","floor":38.0,"turns":17.0},{"damage":17.0,"enemies":"Giant Head","floor":40.0,"turns":10.0},{"damage":0.0,"enemies":"3 Darklings","floor":41.0,"turns":5.0},{"damage":0.0,"enemies":"Jaw Worm Horde","floor":42.0,"turns":7.0},{"damage":0.0,"enemies":"4 Shapes","floor":44.0,"turns":6.0},{"damage":0.0,"enemies":"3 Darklings","floor":45.0,"turns":6.0},{"damage":27.0,"enemies":"Reptomancer","floor":46.0,"turns":8.0},{"damage":4.0,"enemies":"Sphere and 2 Shapes","floor":47.0,"turns":6.0},{"damage":0.0,"enemies":"Maw","floor":48.0,"turns":6.0},{"damage":46.0,"enemies":"Donu and Deca","floor":50.0,"turns":9.0},{"damage":82,"enemies":"Small Slimes","floor":52,"turns":11},{"damage":62,"enemies":"Gremlin Nob","floor":53,"turns":3}],"seed_played":"-1953617152754047969","potions_obtained":[{"floor":1.0,"key":"Energy Potion"},{"floor":3.0,"key":"FairyPotion"},{"floor":3.0,"key":"infinitespire:BlackPotion"},{"floor":12.0,"key":"BlessingOfTheForge"},{"floor":16.0,"key":"Strength Potion"},{"floor":24.0,"key":"Elixir"},{"floor":28.0,"key":"ColorlessPotion"},{"floor":29.0,"key":"Regen Potion"},{"floor":31.0,"key":"BlessingOfTheForge"},{"floor":35.0,"key":"AttackPotion"},{"floor":40.0,"key":"EssenceOfSteel"},{"floor":41.0,"key":"Toxic Potion"},{"floor":46.0,"key":"SpeedPotion"},{"floor":52,"key":"Milkshake"}],"is_trial":false,"path_per_floor":["M","$","?","$","M","E","M","M","T","R","M","M","R","M","R","B",null,"M","M","?","$","?","R","E","R","T","M","M","M","?","M","R","B",null,"M","T","?","?","$","E","M","M","T","M","M","E","M","M","R","B",null,"M","?"],"character_chosen":"THE_SENSHI","items_purchased":["theSenshi:MoonsReflection","theSenshi:TuxedoSmokingBomber","theSenshi:TallSilhouette","theSenshi:HolyGrailRelic","Oddly Smooth Stone","BargainBundle","Bronze Scales","Iron Hammer","theSenshi:MoonCrisisMakeUp","FairyPotion","theSenshi:MoonTwilightFlash","Elixir","CultistPotion"],"campfire_rested":0,"item_purchase_floors":[2,4,21,21,21,39,39,39,39,39,39,39,39],"current_hp_per_floor":[75,75,75,75,75,75,69,63,63,63,59,59,59,50,50,43,75,67,50,50,50,44,44,39,39,39,75,49,57,57,71,71,70,75,73,73,73,75,75,75,75,75,75,75,75,73,71,75,75,54,75,40,0,0],"gold":368,"neow_bonus":"THREE_ENEMY_KILL","is_daily":false,"chose_seed":false,"campfire_upgraded":7,"win_rate":0.0,"timestamp":1611494453,"path_taken":["M","$","?","?","M","E","M","M","T","R","M","?","R","?","R","BOSS","M","M","?","$","?","R","E","R","T","?","M","M","?","M","R","BOSS","M","?","?","?","?","E","M","M","T","M","M","E","M","M","R","BOSS","M","?"],"items_purchased_type":["Card","Card","Card","Relic","Relic","Relic","Relic","Relic","Card","Potion","Card","Potion","Potion"],"build_version":"2020-12-22","purchased_purges":1,"victory":false,"max_hp_per_floor":[75,75,75,75,75,75,75,75,75,75,75,75,75,75,75,75,75,75,75,75,75,75,75,75,75,75,75,75,75,75,75,75,75,75,75,75,75,75,75,75,75,75,75,75,75,75,75,75,75,75,75,75,75,75],"card_choices":[{"not_picked":["theSenshi:MoonPunch","theSenshi:EncouragingSpeech"],"picked":"theSenshi:MoonTiaraMagic","floor":1.0},{"not_picked":["theSenshi:EncouragingSpeech","theSenshi:MoonTiaraMagic"],"picked":"theSenshi:StudyParty","floor":5.0},{"not_picked":["theSenshi:TuxedoSmokingBomber","theSenshi:HesSoDreamy"],"picked":"theSenshi:MercurysCunning","floor":6.0},{"not_picked":["theSenshi:MoonPunch","theSenshi:TallSilhouette"],"picked":"theSenshi:MoonPrincessHalation","floor":7.0},{"not_picked":["theSenshi:MoonsReflection","theSenshi:SupersonicWaves"],"picked":"theSenshi:TuxedoMaskAssists","floor":8.0},{"not_picked":["theSenshi:Sidestep","theSenshi:TuxedoSmokingBomber","theSenshi:TuxedoMaskAssists"],"picked":"SKIP","floor":11.0},{"not_picked":["theSenshi:SailorMarsAssists","theSenshi:SailorVenusAssists"],"picked":"theSenshi:MoonCrisisMakeUp","floor":12.0},{"not_picked":["theSenshi:TuxedoSmokingBomber","theSenshi:TallSilhouette"],"picked":"theSenshi:StudyParty","floor":14.0},{"not_picked":["theSenshi:SailorCosmosAssists","theSenshi:StudyParty"],"picked":"theSenshi:IWillPunishYou","floor":16.0},{"not_picked":["theSenshi:YouCanTalk","theSenshi:MoonPunch+1"],"picked":"theSenshi:DramaticEntrance","floor":18.0},{"not_picked":["theSenshi:MoonHealingEscalation","theSenshi:SteeledNerves+1"],"picked":"theSenshi:LunaWiseMentor+1","floor":19.0},{"not_picked":["theSenshi:MoonsReflection","theSenshi:EncouragingSpeech"],"picked":"theSenshi:DramaticEntrance+1","floor":24.0},{"not_picked":["theSenshi:OdangoHead","theSenshi:MoonKick+1"],"picked":"theSenshi:MoonCrystalPowerMakeUp","floor":27.0},{"not_picked":["theSenshi:TuxedoSmokingBomber+1","theSenshi:MoonsReflection+1"],"picked":"theSenshi:SailorPlanetAttack","floor":28.0},{"not_picked":["theSenshi:SailorChibiMoonAssists+1","theSenshi:SchoolBag","theSenshi:MoonPunch"],"picked":"SKIP","floor":29.0},{"not_picked":["theSenshi:SailorChibiMoonAssists+1","theSenshi:MoonPunch"],"picked":"theSenshi:SchoolBag","floor":29.0},{"not_picked":["theSenshi:MoonTwilightFlash","theSenshi:LunaSensingAllies","theSenshi:TuxedoSmokingBomber"],"picked":"SKIP","floor":31.0},{"not_picked":["theSenshi:IWillPunishYou","theSenshi:SailorPlutoAssists"],"picked":"theSenshi:SailorStarHealerAssists","floor":33.0},{"not_picked":["theSenshi:SailorChibiMoonAssists+1"],"picked":"SKIP","floor":35.0},{"not_picked":["ReplayTheSpireMod:??????????????????????","infinitespire:SealOfDarkness+"],"picked":"infinitespire:Oblivion","floor":38.0},{"not_picked":[],"picked":"theSenshi:MoonCrystalPowerMakeUp","floor":38.0},{"not_picked":["theSenshi:SailorMercuryAssists+1"],"picked":"SKIP","floor":40.0},{"not_picked":["theSenshi:SailorV+1"],"picked":"SKIP","floor":41.0},{"not_picked":["theSenshi:LunasBite"],"picked":"SKIP","floor":42.0},{"not_picked":["theSenshi:TallSilhouette+1"],"picked":"SKIP","floor":44.0},{"not_picked":["theSenshi:MoonSpiralHeartAttack"],"picked":"SKIP","floor":45.0},{"not_picked":[],"picked":"theSenshi:UranusStrength+1","floor":46.0},{"not_picked":["theSenshi:EncouragingSpeech+1"],"picked":"SKIP","floor":47.0},{"not_picked":["theSenshi:MoonTiaraMagic"],"picked":"SKIP","floor":48.0},{"not_picked":["theSenshi:SchoolBag"],"picked":"theSenshi:SailorMarsAssists","floor":52}],"player_experience":1945056,"relics_obtained":[{"floor":6.0,"key":"MawBank"},{"floor":9.0,"key":"Dream Catcher"},{"floor":24.0,"key":"Smiling Mask"},{"floor":26.0,"key":"Centennial Puzzle"},{"floor":36.0,"key":"theSenshi:TransformationPenRelic"},{"floor":38.0,"key":"Old Coin"},{"floor":40.0,"key":"Art of War"},{"floor":43.0,"key":"Replay:WaspNest"},{"floor":46.0,"key":"Replay:Bandana"}],"event_choices":[{"damage_healed":0.0,"max_hp_gain":0.0,"max_hp_loss":0.0,"gold_gain":0.0,"event_name":"Lab","player_choice":"Got Potions","floor":3.0,"gold_loss":0.0,"damage_taken":0.0},{"cards_removed":["theSenshi:TuxedoSmokingBomber"],"damage_healed":0.0,"max_hp_gain":0.0,"max_hp_loss":0.0,"gold_gain":0.0,"event_name":"Back to Basics","player_choice":"Elegance","floor":20.0,"gold_loss":0.0,"damage_taken":0.0},{"damage_healed":0.0,"max_hp_gain":0.0,"max_hp_loss":0.0,"gold_gain":0.0,"event_name":"Knowing Skull","player_choice":"","floor":22.0,"potions_obtained":[],"gold_loss":0.0,"damage_taken":6.0,"cards_obtained":[]},{"damage_healed":0.0,"max_hp_gain":0.0,"max_hp_loss":0.0,"gold_gain":0.0,"event_name":"Accursed Blacksmith","player_choice":"Forge","floor":30.0,"gold_loss":0.0,"damage_taken":0.0,"cards_upgraded":["theSenshi:MoonCrystalPowerMakeUp"]},{"cards_removed":["theSenshi:IWillPunishYou"],"damage_healed":0.0,"max_hp_gain":0.0,"max_hp_loss":0.0,"gold_gain":0.0,"event_name":"Falling","player_choice":"Removed Skill","floor":37.0,"gold_loss":0.0,"damage_taken":0.0},{"cards_removed":["theSenshi:MercurysCunning"],"damage_healed":0.0,"max_hp_gain":0.0,"max_hp_loss":0.0,"gold_gain":0.0,"event_name":"Falling","player_choice":"Removed Attack","floor":38.0,"gold_loss":0.0,"damage_taken":0.0},{"damage_healed":0,"gold_gain":0,"player_choice":"Searched \u00272\u0027 times","damage_taken":0,"max_hp_gain":0,"max_hp_loss":0,"event_name":"Dead Adventurer","floor":53,"gold_loss":0}],"is_beta":false,"boss_relics":[{"not_picked":["Cursed Key","bronze:MakeshiftBattery"],"picked":"Pandora\u0027s Box"},{"not_picked":["Runesmith:UraniumAnvil","ChewingGum"],"picked":"Busted Crown"},{"not_picked":["Ring of Chaos","Black Star"],"picked":"Honey Jar"}],"items_purged_floors":[39],"is_endless":true,"potions_floor_spawned":[1,11,12,16,24,28,29,31,35,40,41,42,46,52],"killed_by":"Gremlin Nob","ascension_level":0}}