{"host":"khm4we1ijduz33xh","time":1611500967,"event":{"mods":["AchievementEnabler","BaseMod","Colored Map","Minty Spire (QoL Compilation)","Rare Cards Sparkle","StSLib","SuperFastMode"],"gold_per_floor":[118,132,148,22,32,32,65,65,114,125,145,179,354,354,354,354,354],"floor_reached":16,"language":"KOR","playtime":675,"items_purged":["Strike_R"],"score":134,"play_id":"4341a4a4-f77f-4f1d-8391-df5849f19134","local_time":"20210125000927","is_ascension_mode":true,"campfire_choices":[{"data":"True Grit","floor":6,"key":"SMITH"},{"data":"Power Through","floor":8,"key":"SMITH"},{"floor":15,"key":"REST"}],"circlet_count":0,"master_deck":["Strike_R","Strike_R","Strike_R","Strike_R","Defend_R","Defend_R","Defend_R","Defend_R","Bash","Decay","True Grit+1","Shockwave","Power Through+1","Dark Embrace","Uppercut","Havoc","Seeing Red","Doubt","Injury"],"relics":["Burning Blood","Du-Vu Doll","Paper Frog","Potion Belt","Blood Vial","Golden Idol"],"acts_visited":["Exordium"],"potions_floor_usage":[7,16,16],"damage_taken":[{"damage":9,"enemies":"Small Slimes","floor":1,"turns":3},{"damage":1,"enemies":"2 Louse","floor":2,"turns":2},{"damage":8,"enemies":"Jaw Worm","floor":3,"turns":5},{"damage":16,"enemies":"Large Slime","floor":5,"turns":9},{"damage":37,"enemies":"Lagavulin","floor":7,"turns":10},{"damage":3,"enemies":"Gremlin Gang","floor":10,"turns":7},{"damage":10,"enemies":"Blue Slaver","floor":11,"turns":3},{"damage":28,"enemies":"Gremlin Nob","floor":12,"turns":4},{"damage":42,"enemies":"The Guardian","floor":16,"turns":14}],"seed_played":"1182012720967635420","potions_obtained":[{"floor":3,"key":"Strength Potion"},{"floor":10,"key":"Swift Potion"}],"is_trial":false,"path_per_floor":["M","M","M","$","M","R","E","R","T","M","M","E","?","?","R","B"],"character_chosen":"IRONCLAD","items_purchased":["Swift Potion"],"campfire_rested":1,"item_purchase_floors":[4],"current_hp_per_floor":[77,80,78,78,68,68,37,37,37,40,36,14,14,14,38,0,0],"gold":354,"neow_bonus":"ONE_RARE_RELIC","is_daily":false,"chose_seed":false,"campfire_upgraded":2,"win_rate":0.0,"timestamp":1611500967,"path_taken":["M","M","M","$","M","R","E","R","T","M","M","E","?","?","R","BOSS"],"items_purchased_type":["Potion"],"build_version":"2020-12-22","purchased_purges":1,"victory":false,"max_hp_per_floor":[80,80,80,80,80,80,80,80,80,80,80,80,80,80,80,80,80],"card_choices":[{"not_picked":["Blood for Blood","Heavy Blade"],"picked":"True Grit","floor":1},{"not_picked":["Clash","Sword Boomerang"],"picked":"Shockwave","floor":2},{"not_picked":["True Grit","Armaments"],"picked":"Power Through","floor":3},{"not_picked":["Battle Trance","Heavy Blade"],"picked":"Dark Embrace","floor":5},{"not_picked":["Double Tap","Clothesline"],"picked":"Uppercut","floor":7},{"not_picked":["Inflame","Flex"],"picked":"Havoc","floor":10},{"not_picked":["Rampage","Entrench","Havoc"],"picked":"SKIP","floor":11},{"not_picked":["Iron Wave","Body Slam"],"picked":"Seeing Red","floor":12}],"player_experience":239344,"relics_obtained":[{"floor":7,"key":"Paper Frog"},{"floor":9,"key":"Potion Belt"},{"floor":12,"key":"Blood Vial"}],"event_choices":[{"damage_healed":0,"gold_gain":175,"player_choice":"AGREE","damage_taken":0,"max_hp_gain":0,"max_hp_loss":0,"event_name":"Liars Game","floor":13,"gold_loss":0,"cards_obtained":["Doubt"]},{"damage_healed":0,"gold_gain":0,"player_choice":"Take Wound","damage_taken":0,"relics_obtained":["Golden Idol"],"max_hp_gain":0,"max_hp_loss":0,"event_name":"Golden Idol","floor":14,"gold_loss":0,"cards_obtained":["Injury"]}],"is_beta":false,"boss_relics":[],"items_purged_floors":[4],"is_endless":false,"potions_floor_spawned":[3,10],"killed_by":"The Guardian","ascension_level":4}}