{"host":"3jpcvpprzj9sjffh","time":1611465763,"event":{"mods":["AchievementEnabler","BaseMod","Colored Map","Minty Spire (QoL Compilation)","Rare Cards Sparkle","SuperFastMode","everything is the same but u backflip on backflip"],"gold_per_floor":[115,129,129,129,17,17,34,65,65,97,97,114,114,146,146,244,544,556,575,61,61,72,72,109,109,109,109,109,109],"floor_reached":28,"language":"KOR","playtime":1519,"items_purged":["Strike_R"],"score":236,"play_id":"f0159e7c-dfd5-4c90-8a5f-2dd801c38d69","local_time":"20210124142243","is_ascension_mode":false,"campfire_choices":[{"data":"True Grit","floor":6,"key":"SMITH"},{"floor":15,"key":"REST"},{"data":"Juggernaut","floor":23,"key":"SMITH"},{"floor":25,"key":"REST"},{"floor":27,"key":"RECALL"}],"circlet_count":0,"master_deck":["Strike_R","Strike_R","Strike_R","Strike_R","Defend_R","Defend_R","Defend_R","Defend_R","Bash","Dark Embrace","Dropkick","Bandage Up","True Grit+1","Armaments","Juggernaut+1","Shrug It Off","Power Through","Fiend Fire","CurseOfTheBell","Purity","HandOfGreed","Cleave","Prepared+1","Leap"],"relics":["Burning Blood","CaptainsWheel","Torii","Shuriken","Singing Bowl","Lantern","Letter Opener","Calling Bell","Ancient Tea Set","Darkstone Periapt","Old Coin","PrismaticShard","Self Forming Clay"],"acts_visited":["Exordium","TheCity"],"potions_floor_usage":[2,8,8,12,14,14,22,24],"damage_taken":[{"damage":5,"enemies":"Cultist","floor":1,"turns":4},{"damage":6,"enemies":"Jaw Worm","floor":2,"turns":2},{"damage":3,"enemies":"Small Slimes","floor":7,"turns":4},{"damage":14,"enemies":"Gremlin Nob","floor":8,"turns":4},{"damage":69,"enemies":"Lagavulin","floor":10,"turns":10},{"damage":11,"enemies":"Exordium Thugs","floor":12,"turns":4},{"damage":8,"enemies":"Gremlin Nob","floor":14,"turns":4},{"damage":43,"enemies":"Slime Boss","floor":16,"turns":21},{"damage":19,"enemies":"3 Byrds","floor":18,"turns":8},{"damage":1,"enemies":"Chosen","floor":19,"turns":5},{"damage":48,"enemies":"Sentry and Sphere","floor":22,"turns":9},{"damage":44,"enemies":"Shelled Parasite and Fungi","floor":24,"turns":12},{"damage":74,"enemies":"Gremlin Leader","floor":28,"turns":7}],"seed_played":"-6753235454361717038","potions_obtained":[{"floor":0,"key":"Explosive Potion"},{"floor":0,"key":"LiquidMemories"},{"floor":0,"key":"AttackPotion"},{"floor":7,"key":"CultistPotion"},{"floor":10,"key":"FearPotion"},{"floor":12,"key":"Dexterity Potion"},{"floor":16,"key":"BloodPotion"},{"floor":18,"key":"ElixirPotion"},{"floor":21,"key":"AttackPotion"},{"floor":21,"key":"LiquidBronze"}],"is_trial":false,"path_per_floor":["M","M","?","T","$","R","M","E","T","E","?","M","?","E","R","B",null,"M","M","$","?","M","R","M","R","T","R","E"],"character_chosen":"IRONCLAD","items_purchased":["Bandage Up","True Grit","Purity","HandOfGreed","Cleave","PrismaticShard"],"campfire_rested":2,"item_purchase_floors":[5,5,20,20,20,20],"current_hp_per_floor":[80,80,85,85,85,85,85,77,77,18,18,19,19,21,47,14,87,80,91,91,91,53,53,37,64,64,64,0,0],"gold":109,"neow_bonus":"THREE_SMALL_POTIONS","is_daily":false,"chose_seed":false,"campfire_upgraded":2,"win_rate":0.0,"timestamp":1611465763,"path_taken":["M","M","?","?","$","R","M","E","T","E","?","?","?","E","R","BOSS","M","M","$","?","M","R","?","R","T","R","E"],"items_purchased_type":["Card","Card","Card","Card","Card","Relic"],"build_version":"2020-12-22","purchased_purges":1,"victory":false,"max_hp_per_floor":[80,80,85,85,85,85,85,85,85,85,85,87,87,87,87,87,87,89,91,91,91,91,91,91,91,91,91,91,91],"card_choices":[{"not_picked":["Body Slam","Sword Boomerang"],"picked":"Dark Embrace","floor":1},{"not_picked":["Perfected Strike","Headbutt"],"picked":"Dropkick","floor":2},{"not_picked":["Perfected Strike","Clash"],"picked":"Armaments","floor":7},{"not_picked":["Sword Boomerang","Combust"],"picked":"Juggernaut","floor":8},{"not_picked":["Headbutt","Pommel Strike"],"picked":"Shrug It Off","floor":10},{"not_picked":["Hemokinesis","Headbutt","Warcry"],"picked":"Singing Bowl","floor":12},{"not_picked":["Warcry","Wild Strike"],"picked":"Power Through","floor":14},{"not_picked":["Berserk","Reaper"],"picked":"Fiend Fire","floor":16},{"not_picked":["Perfected Strike+1","Pommel Strike","Flex"],"picked":"Singing Bowl","floor":18},{"not_picked":["Twin Strike","Fiend Fire","Spot Weakness"],"picked":"Singing Bowl","floor":19},{"not_picked":["Cleave","Consume+1"],"picked":"Prepared+1","floor":22},{"not_picked":["Cloak And Dagger","EmptyBody"],"picked":"Leap","floor":24}],"player_experience":292262,"relics_obtained":[{"floor":4,"key":"CaptainsWheel"},{"floor":8,"key":"Torii"},{"floor":9,"key":"Shuriken"},{"floor":10,"key":"Singing Bowl"},{"floor":14,"key":"Letter Opener"},{"floor":17,"key":"Ancient Tea Set"},{"floor":17,"key":"Darkstone Periapt"},{"floor":17,"key":"Old Coin"},{"floor":26,"key":"Self Forming Clay"}],"event_choices":[{"damage_healed":0,"gold_gain":0,"player_choice":"Donut","damage_taken":0,"max_hp_gain":5,"max_hp_loss":0,"event_name":"Big Fish","floor":3,"gold_loss":0},{"damage_healed":0,"gold_gain":0,"player_choice":"Ignored","damage_taken":0,"max_hp_gain":0,"max_hp_loss":0,"event_name":"Shining Light","floor":11,"gold_loss":0},{"damage_healed":0,"gold_gain":0,"player_choice":"Searched \u00271\u0027 times","damage_taken":0,"relics_obtained":["Lantern"],"max_hp_gain":0,"max_hp_loss":0,"event_name":"Dead Adventurer","floor":13,"gold_loss":0},{"damage_healed":0,"gold_gain":0,"player_choice":"Got Potions","damage_taken":0,"max_hp_gain":0,"max_hp_loss":0,"event_name":"Lab","floor":21,"gold_loss":0}],"is_beta":false,"boss_relics":[{"not_picked":["Tiny House","Coffee Dripper"],"picked":"Calling Bell"}],"items_purged_floors":[20],"is_endless":false,"potions_floor_spawned":[7,10,12,16,18],"killed_by":"Gremlin Leader","ascension_level":0}}