{"host":"uzp1tn8qxn9571p9","time":1611458538,"event":{"mods":["BaseMod","Colored Map","Colored Powertips","Hermit","Minty Spire (QoL Compilation)","StSLib","The Hierophant","óô»ðÖ¸ÄÏ"],"gold_per_floor":[115,127,147,167,183,198,17,36,61,61,74,84,84,102,102,205,205,217,17,17,32,107,119,119,139,139,139,238,254,254,254,254],"floor_reached":31,"language":"ZHS","playtime":1491,"items_purged":["hierophant:Strike_Hierophant","hierophant:Strike_Hierophant"],"score":261,"play_id":"bef18f98-4c66-4c71-8b56-120d2bc024dd","local_time":"20210124112218","is_ascension_mode":false,"campfire_choices":[{"data":"hierophant:Glossolalia","floor":10.0,"key":"SMITH"},{"data":"hierophant:ArchangelShield","floor":13.0,"key":"SMITH"},{"data":"hierophant:SealAway","floor":15.0,"key":"SMITH"},{"data":"hierophant:HammerAndAnvil","floor":24,"key":"SMITH"},{"data":"hierophant:LocustPlague","floor":27,"key":"SMITH"},{"data":"hierophant:Blessing","floor":30,"key":"SMITH"}],"circlet_count":0,"master_deck":["hierophant:Strike_Hierophant+1","hierophant:Strike_Hierophant+1","hierophant:Punish","hierophant:Defend_Hierophant","hierophant:Defend_Hierophant","hierophant:Defend_Hierophant","hierophant:Defend_Hierophant","hierophant:ChurchCoffers","hierophant:SealAway+1","hierophant:Glossolalia+1","hierophant:ArchangelShield+1","hierophant:FlamingChariot","hierophant:Bribe","hierophant:FieryStrike","hierophant:LocustPlague+1","hierophant:HammerAndAnvil+1","hierophant:Blessing+1"],"relics":["Coffee Dripper","The Courier","Whetstone","Toy Ornithopter","SlaversCollar","HandDrill","Lantern","Mango"],"acts_visited":["Exordium","TheCity"],"potions_floor_usage":[29,31],"damage_taken":[{"damage":1.0,"enemies":"Cultist","floor":1.0,"turns":3.0},{"damage":0.0,"enemies":"Small Slimes","floor":2.0,"turns":2.0},{"damage":1.0,"enemies":"2 Louse","floor":3.0,"turns":3.0},{"damage":16.0,"enemies":"Exordium Thugs","floor":4.0,"turns":5.0},{"damage":1.0,"enemies":"Large Slime","floor":5.0,"turns":5.0},{"damage":29.0,"enemies":"Gremlin Nob","floor":6.0,"turns":4.0},{"damage":5.0,"enemies":"Looter","floor":8.0,"turns":3.0},{"damage":7.0,"enemies":"3 Louse","floor":11.0,"turns":2.0},{"damage":0.0,"enemies":"Large Slime","floor":12.0,"turns":4.0},{"damage":5.0,"enemies":"2 Fungi Beasts","floor":14.0,"turns":3.0},{"damage":9.0,"enemies":"Hexaghost","floor":16.0,"turns":9.0},{"damage":4.0,"enemies":"Spheric Guardian","floor":18.0,"turns":4.0},{"damage":5.0,"enemies":"Shell Parasite","floor":21.0,"turns":3.0},{"damage":27,"enemies":"Book of Stabbing","floor":23,"turns":6},{"damage":19,"enemies":"Centurion and Healer","floor":25,"turns":5},{"damage":26,"enemies":"Shelled Parasite and Fungi","floor":29,"turns":5},{"damage":37,"enemies":"Cultist and Chosen","floor":31,"turns":4}],"seed_played":"-2554271084169550428","potions_obtained":[{"floor":3.0,"key":"BlessingOfTheForge"},{"floor":4.0,"key":"ColorlessPotion"},{"floor":6.0,"key":"Dexterity Potion"},{"floor":8.0,"key":"Dexterity Potion"},{"floor":12.0,"key":"GamblersBrew"},{"floor":14.0,"key":"AttackPotion"},{"floor":25,"key":"SpeedPotion"},{"floor":29,"key":"DuplicationPotion"}],"is_trial":false,"path_per_floor":["M","M","M","M","M","E","$","M","T","R","M","M","R","M","R","B",null,"M","$","?","M","?","E","R","M","T","R","?","M","R","M"],"character_chosen":"HIEROPHANT","items_purchased":["Whetstone","HandDrill"],"campfire_rested":0,"item_purchase_floors":[7,19],"current_hp_per_floor":[74,74,73,57,56,27,27,22,22,22,15,15,15,10,10,16,75,71,71,71,66,59,32,32,13,27,27,27,6,6,0,0],"gold":254,"neow_bonus":"BOSS_RELIC","is_daily":false,"chose_seed":false,"campfire_upgraded":6,"win_rate":0.0,"timestamp":1611458538,"path_taken":["M","M","M","M","M","E","$","M","T","R","M","M","R","M","R","BOSS","M","$","?","M","?","E","R","?","T","R","?","M","R","M"],"items_purchased_type":["Relic","Relic"],"build_version":"2020-12-22","purchased_purges":2,"victory":false,"max_hp_per_floor":[75,75,75,75,75,75,75,75,75,75,75,75,75,75,75,75,75,75,75,75,75,75,75,75,75,89,89,89,89,89,89,89],"card_choices":[{"not_picked":["hierophant:OrnateBuckler","hierophant:Encroach"],"picked":"hierophant:SealAway","floor":1.0},{"not_picked":["hierophant:RepressedViolence","hierophant:Doomsaying"],"picked":"hierophant:Glossolalia","floor":2.0},{"not_picked":["hierophant:OrnateBuckler","hierophant:ConvertCurrency","hierophant:Patience"],"picked":"SKIP","floor":3.0},{"not_picked":["hierophant:HammerAndAnvil","hierophant:Sermon"],"picked":"hierophant:ArchangelShield","floor":4.0},{"not_picked":["hierophant:Exaltation","hierophant:Martyrdom"],"picked":"hierophant:FlamingChariot","floor":5.0},{"not_picked":["hierophant:SecretStash","hierophant:PristineSoul","hierophant:OrnateJavelin"],"picked":"SKIP","floor":6.0},{"not_picked":["hierophant:RepressedViolence","hierophant:Smite","hierophant:AuricForm"],"picked":"SKIP","floor":8.0},{"not_picked":["hierophant:Doubloon","hierophant:MorningPrayer","hierophant:AuricShield"],"picked":"SKIP","floor":11.0},{"not_picked":["hierophant:Mercenaries","hierophant:HolyVerse"],"picked":"hierophant:Bribe","floor":12.0},{"not_picked":["hierophant:Rebuild","hierophant:RustyCrate"],"picked":"hierophant:FieryStrike","floor":14.0},{"not_picked":["hierophant:MintersHammer","hierophant:Cornucopia"],"picked":"hierophant:LocustPlague","floor":16.0},{"not_picked":["hierophant:AuricBeam+1","hierophant:Dazzle+1","hierophant:OrnateJavelin"],"picked":"SKIP","floor":18.0},{"not_picked":["hierophant:Mercenaries","hierophant:HolyVerse","hierophant:TollTheBells+1"],"picked":"SKIP","floor":21.0},{"not_picked":["hierophant:Encroach","hierophant:Anathema"],"picked":"hierophant:HammerAndAnvil","floor":23},{"not_picked":["hierophant:RustyCrate+1","hierophant:Bribe+1","hierophant:EyeForCoin"],"picked":"SKIP","floor":25},{"not_picked":["hierophant:HolyVerse","hierophant:Shelter"],"picked":"hierophant:Blessing","floor":29}],"player_experience":376604,"relics_obtained":[{"floor":6.0,"key":"The Courier"},{"floor":9.0,"key":"Toy Ornithopter"},{"floor":23,"key":"Lantern"},{"floor":26,"key":"Mango"}],"event_choices":[{"damage_healed":0.0,"max_hp_gain":0.0,"max_hp_loss":0.0,"gold_gain":0.0,"event_name":"Vampires","player_choice":"Ignored","floor":20.0,"gold_loss":0.0,"damage_taken":0.0},{"damage_healed":0,"gold_gain":75,"player_choice":"Touch","damage_taken":7,"max_hp_gain":0,"max_hp_loss":0,"event_name":"FaceTrader","floor":22,"gold_loss":0},{"damage_healed":0,"gold_gain":99,"player_choice":"Stole From Cult","damage_taken":0,"max_hp_gain":0,"max_hp_loss":0,"event_name":"Nest","floor":28,"gold_loss":0}],"is_beta":false,"boss_relics":[{"not_picked":["Velvet Choker","Sozu"],"picked":"SlaversCollar"}],"items_purged_floors":[7,19],"is_endless":false,"potions_floor_spawned":[3,4,6,8,12,14,25,29],"killed_by":"Cultist and Chosen","ascension_level":0}}