{"host":"hl2lcm3kcu0x5jvn","time":1611471266,"event":{"mods":["AchievementEnabler","BaseMod","Conspire","Downfall","Friendly Minions","Highlight Path","Hubris","Infinite Spire","Lobotomy","Minty Spire (QoL Compilation)","Replay The Spire","Shop Mod","StSLib","everything is the same but u backflip on backflip","vexMod"],"gold_per_floor":[99,114,114,211,226,241,316,331,231,246,146,161,176,206,221,321,321,321,336,204,219,219,234,234,234,264,279,294,294,309,312,327,427,427,227,242,222,237,237,237,262,285,308,308,338,338,353,368,383,383,383,383,383,383],"floor_reached":52,"language":"ENG","playtime":3890,"items_purged":["downfall:Malfunctioning","ReplayTheSpireMod:Splinters"],"score":839,"play_id":"9ee342cb-45eb-4d66-b365-5d919df1a04a","local_time":"20210124135426","daily_mods":["Specialized","Vintage","downfall:WorldOfGoo"],"is_ascension_mode":false,"campfire_choices":[{"floor":1,"key":"RECALL"},{"data":"hexamod:Firestarter","floor":9,"key":"SMITH"},{"data":"Dramatic Entrance","floor":18,"key":"SMITH"},{"data":"1","floor":35,"key":"LIFT"},{"floor":46,"key":"REST"}],"circlet_count":0,"master_deck":["hexamod:Strike","hexamod:Strike","hexamod:Strike","hexamod:Strike","hexamod:Defend","hexamod:Defend","hexamod:Defend","hexamod:Defend+1","hexamod:Sear","hexamod:Float","hexamod:GhostflameBarrier","hexamod:GhostflameBarrier","hexamod:GhostflameBarrier","hexamod:GhostflameBarrier+1","hexamod:GhostflameBarrier+1","hexamod:Firestarter+1","hexamod:FirstSeal","hexamod:ThirdSeal","Dramatic Entrance+1","hexamod:FourthSeal","hexamod:BurningTouch","hexamod:ThermalTransfer","hexamod:SearingWound","hexamod:TimeWarp","hexamod:SkipABeat","hexamod:ExtraCrispy","hexamod:GhostLash+1","RedEyes","hexamod:SoulSteal","RitualDagger","hexamod:AdvancingGuard+1","hexamod:Hexaguard","hexamod:HauntingEcho","hexamod:SpectersWail","hexamod:ParanormalForm","hexamod:SecondSeal","hexamod:NightmareStrike+1","hexamod:SpectersWail+1","hexamod:FlamesFromBeyond+1","hexamod:SoulSteal+1","hexamod:Firestarter"],"relics":["hexamod:SpiritBrand","infinitespire:WardingShard","hubris:TenFootPole","conspire:TopHat","PreservedInsect","StrikeDummy","MealTicket","downfall:HeartBlessingRed","Bag of Marbles","hexamod:BolsterEngine","Smiling Mask","infinitespire:Beetle Shell","SlaversCollar","Letter Opener","Bronze Scales","infinitespire:ShieldingShard","Girya","Mango","infinitespire:FocusingShard","downfall:RedIOU","bronze:BronzeIdol","conspire:Boomerang","Bottled Tornado","hubris:Backtick","Charon\u0027s Ashes","downfall:HeartBlessingBlue","downfall:HeartBlessingGreen","Replay:Accelerometer","Prayer Wheel","vexMod:BarristanHead","Darkstone Periapt","Omamori","infinitespire:Eraser","Akabeko","Ginger","Replay:Rubber Ducky","The Courier","infinitespire:Magic Flask"],"acts_visited":["Exordium","TheCity","TheBeyond","TheEnding"],"potions_floor_usage":[16,37,50,50,50,50,50,50],"damage_taken":[{"damage":5,"enemies":"Small Slimes","floor":2,"turns":4},{"damage":3,"enemies":"2 Louse","floor":5,"turns":3},{"damage":0,"enemies":"Jaw Worm","floor":6,"turns":3},{"damage":15,"enemies":"Lots of Slimes","floor":8,"turns":6},{"damage":15,"enemies":"Gremlin Gang","floor":10,"turns":5},{"damage":5,"enemies":"downfall:FleeingMerchant","floor":11,"turns":4},{"damage":0,"enemies":"2 Fungi Beasts","floor":12,"turns":3},{"damage":1,"enemies":"Blue Slaver","floor":13,"turns":2},{"damage":12,"enemies":"Lagavulin","floor":14,"turns":4},{"damage":0,"enemies":"Lots of Slimes","floor":15,"turns":1},{"damage":38,"enemies":"SI_SHIV_ARCHETYPE","floor":16,"turns":12},{"damage":4,"enemies":"conspire:FuzzyDice","floor":19,"turns":4},{"damage":0,"enemies":"downfall:FleeingMerchant","floor":20,"turns":4},{"damage":7,"enemies":"Cultist and Chosen","floor":21,"turns":5},{"damage":45,"enemies":"Centurion and Healer","floor":23,"turns":11},{"damage":0,"enemies":"Slavers","floor":26,"turns":3},{"damage":3,"enemies":"Snake Plant","floor":27,"turns":3},{"damage":5,"enemies":"conspire:HollyBat","floor":28,"turns":9},{"damage":0,"enemies":"3 Cultists","floor":30,"turns":4},{"damage":13,"enemies":"conspire:MimicChest","floor":31,"turns":6},{"damage":23,"enemies":"Shelled Parasite and Fungi","floor":32,"turns":6},{"damage":13,"enemies":"WA_ARCHETYPE_CALM","floor":33,"turns":7},{"damage":0,"enemies":"3 Shapes","floor":36,"turns":2},{"damage":0,"enemies":"downfall:FleeingMerchant","floor":37,"turns":4},{"damage":1,"enemies":"3 Darklings","floor":38,"turns":2},{"damage":41,"enemies":"Maw","floor":42,"turns":8},{"damage":1,"enemies":"Writhing Mass","floor":43,"turns":7},{"damage":25,"enemies":"Giant Head","floor":45,"turns":7},{"damage":0,"enemies":"Jaw Worm Horde","floor":47,"turns":2},{"damage":7,"enemies":"Spire Growth","floor":48,"turns":3},{"damage":0,"enemies":"Writhing Mass","floor":49,"turns":3},{"damage":58,"enemies":"IC_BLOCK_ARCHETYPE","floor":50,"turns":9},{"damage":97,"enemies":"downfall:CharBossMerchant","floor":52,"turns":7}],"seed_played":"-992185634128019100","potions_obtained":[{"floor":5,"key":"LiquidMemories"},{"floor":6,"key":"hexamod:EctoCoolerPotion"},{"floor":13,"key":"Swift Potion"},{"floor":15,"key":"EssenceOfSteel"},{"floor":16,"key":"Reflective Coating"},{"floor":21,"key":"Ancient Potion"},{"floor":26,"key":"SpeedPotion"},{"floor":30,"key":"AttackPotion"},{"floor":31,"key":"EntropicBrew"},{"floor":38,"key":"Weak Potion"},{"floor":42,"key":"Strength Potion"},{"floor":45,"key":"Adrenaline Potion"}],"is_trial":false,"path_per_floor":["R","M","?","?","M","M","T","M","R","M","$","M","M","E","M","B",null,"R","M","$","M","?","M","T","?","E","M","M","?","M","?","M","B",null,"R","M","$","M","?","?","T","M","M","?","E","R","M","M","M","B",null,"E"],"character_chosen":"THE_SPIRIT","items_purchased":["Dramatic Entrance","hexamod:ExtraCrispy","Prayer Wheel"],"campfire_rested":1,"item_purchase_floors":[11,20,37],"current_hp_per_floor":[70,65,65,65,69,69,69,61,61,53,70,70,69,64,64,26,70,70,70,70,70,70,32,32,29,29,47,49,49,49,43,20,14,84,94,94,94,93,93,93,93,52,51,51,33,61,61,54,61,3,94,0,0,0],"gold":383,"neow_bonus":"","is_daily":true,"chose_seed":false,"campfire_upgraded":2,"win_rate":0.0,"timestamp":1611471266,"path_taken":["R","M","?","?","?","M","T","M","R","M","$","M","?","E","M","BOSS","R","M","$","M","?","?","T","?","E","M","M","?","M","?","M","BOSS","R","M","$","M","?","?","T","M","M","?","E","R","M","?","M","BOSS","E"],"items_purchased_type":["Card","Card","Relic"],"build_version":"2020-12-22","purchased_purges":2,"victory":false,"max_hp_per_floor":[70,70,70,70,70,70,70,70,70,70,70,70,70,70,70,70,70,70,70,70,70,70,70,70,70,70,84,84,84,84,84,84,84,84,94,94,94,94,94,94,94,94,94,94,94,94,94,94,94,94,94,94,94,94],"card_choices":[{"not_picked":["hexamod:InspiringFlames","hexamod:ThermalTransfer"],"picked":"hexamod:Firestarter","floor":4},{"not_picked":["hexamod:ThermalTransfer","hexamod:SpectersWail"],"picked":"hexamod:FirstSeal","floor":4},{"not_picked":["hexamod:FourthSeal","hexamod:ParanormalForm"],"picked":"hexamod:ThirdSeal","floor":11},{"not_picked":["hexamod:ThermalTransfer","hexamod:GhostShield"],"picked":"hexamod:FourthSeal","floor":12},{"not_picked":["hexamod:HeatMetal","hexamod:ShieldOfDarkness"],"picked":"hexamod:BurningTouch","floor":13},{"not_picked":["hexamod:RecurringNightmare","hexamod:FourthSeal"],"picked":"hexamod:ThermalTransfer","floor":14},{"not_picked":["hexamod:UnleashSpirits","hexamod:ApocalypticArmor"],"picked":"hexamod:SearingWound","floor":16},{"not_picked":["hexamod:ParanormalForm","hexamod:ApocalypticArmor"],"picked":"hexamod:TimeWarp","floor":16},{"not_picked":["hexamod:HeatShield","hexamod:Rewind"],"picked":"hexamod:SkipABeat","floor":20},{"not_picked":["hexamod:FastForward","hexamod:Again"],"picked":"hexamod:GhostLash+1","floor":21},{"not_picked":["hexamod:SwordOfDarkness","hexamod:ShieldOfDarkness"],"picked":"hexamod:SoulSteal","floor":23},{"not_picked":["hexamod:NightmareGuise","hexamod:RetreatToShadows+1"],"picked":"hexamod:AdvancingGuard+1","floor":26},{"not_picked":["hexamod:StepThrough","hexamod:SpectralSpark"],"picked":"hexamod:Hexaguard","floor":31},{"not_picked":["hexamod:Again","hexamod:NightmareStrike"],"picked":"hexamod:HauntingEcho","floor":31},{"not_picked":["hexamod:PhantomFireball","hexamod:CatchUp"],"picked":"hexamod:SpectersWail","floor":32},{"not_picked":["hexamod:Toasty","hexamod:FlameSwitch"],"picked":"hexamod:ParanormalForm","floor":33},{"not_picked":["hexamod:Again","hexamod:InspiringFlames"],"picked":"hexamod:SecondSeal","floor":36},{"not_picked":["hexamod:BurningTouch+1","hexamod:HeatMetal+1"],"picked":"hexamod:NightmareStrike+1","floor":37},{"not_picked":["hexamod:Hexaguard+1","hexamod:PhantomCloak+1"],"picked":"hexamod:SpectersWail+1","floor":37},{"not_picked":["hexamod:SpectersWail+1","hexamod:SkipABeat"],"picked":"hexamod:FlamesFromBeyond+1","floor":42},{"not_picked":["hexamod:DynamicBlow","hexamod:RetreatToShadows"],"picked":"hexamod:SoulSteal+1","floor":45},{"not_picked":["hexamod:TurnItUp","hexamod:GhostLash+1"],"picked":"hexamod:Firestarter","floor":49}],"player_experience":111674,"relics_obtained":[{"floor":2,"key":"infinitespire:WardingShard"},{"floor":4,"key":"hubris:TenFootPole"},{"floor":5,"key":"conspire:TopHat"},{"floor":6,"key":"PreservedInsect"},{"floor":7,"key":"StrikeDummy"},{"floor":8,"key":"MealTicket"},{"floor":10,"key":"Bag of Marbles"},{"floor":12,"key":"hexamod:BolsterEngine"},{"floor":13,"key":"Smiling Mask"},{"floor":14,"key":"Bag of Preparation"},{"floor":15,"key":"infinitespire:Beetle Shell"},{"floor":19,"key":"Letter Opener"},{"floor":21,"key":"Bronze Scales"},{"floor":23,"key":"infinitespire:ShieldingShard"},{"floor":26,"key":"Girya"},{"floor":27,"key":"Mango"},{"floor":28,"key":"infinitespire:FocusingShard"},{"floor":30,"key":"bronze:BronzeIdol"},{"floor":31,"key":"conspire:Boomerang"},{"floor":32,"key":"Bottled Tornado"},{"floor":36,"key":"Replay:Accelerometer"},{"floor":38,"key":"vexMod:BarristanHead"},{"floor":39,"key":"Darkstone Periapt"},{"floor":41,"key":"Omamori"},{"floor":42,"key":"infinitespire:Eraser"},{"floor":43,"key":"Akabeko"},{"floor":45,"key":"Ginger"},{"floor":47,"key":"Replay:Rubber Ducky"},{"floor":48,"key":"The Courier"},{"floor":49,"key":"infinitespire:Magic Flask"}],"event_choices":[{"damage_healed":0,"gold_gain":0,"player_choice":"Read","damage_taken":0,"max_hp_gain":0,"max_hp_loss":0,"event_name":"The Library","floor":22,"gold_loss":0,"cards_obtained":["RedEyes"]},{"damage_healed":0,"gold_gain":0,"player_choice":"Leave","damage_taken":0,"max_hp_gain":0,"max_hp_loss":0,"event_name":"conspire:Investor","floor":44,"gold_loss":0}],"is_beta":false,"boss_relics":[{"not_picked":["vexMod:EndlessSickness","hubris:Stopwatch"],"picked":"SlaversCollar"},{"not_picked":["Ring of Chaos","Coffee Dripper"],"picked":"hubris:Backtick"}],"items_purged_floors":[20,37],"is_endless":false,"potions_floor_spawned":[5,6,13,14,15,16,21,26,30,31,38,42,47,48],"killed_by":"downfall:CharBossMerchant","ascension_level":0}}