{"host":"dztixnx9b0gu6w9i","time":1611446922,"event":{"mods":["BaseMod","Bestiary","Minty Spire (QoL Compilation)","Relic Stats","Slay the Relics Exporter","SpireBot","ojb\u0027s Better Paths Mod","ojb\u0027s Info Mod"],"gold_per_floor":[118,118,118,129,140,173,173,208,263,280,280,40,69,82,82,161,161,180,180,180,180,12,12,32,52,52,52,52,87,107,134,134,210,210,221,221,234,244,263,296,296,327,327,327,338,338,366,376,376,376,376,376,376,3,34,34],"floor_reached":57,"language":"ENG","playtime":11070,"items_purged":["Shame"],"score":3050,"play_id":"f14fa48a-83bc-4fa4-9eca-c4d6ef37d3bf","local_time":"20210123190842","is_ascension_mode":true,"campfire_choices":[{"data":"EmptyFist","floor":7,"key":"SMITH"},{"data":"Blasphemy","floor":11,"key":"SMITH"},{"data":"CrushJoints","floor":15,"key":"SMITH"},{"data":"FlurryOfBlows","floor":23,"key":"SMITH"},{"data":"EmptyMind","floor":28,"key":"SMITH"},{"data":"MentalFortress","floor":32,"key":"SMITH"},{"data":"Ragnarok","floor":41,"key":"SMITH"},{"floor":49,"key":"RECALL"},{"floor":53,"key":"REST"}],"circlet_count":0,"master_deck":["AscendersBane","Strike_P","Strike_P","Strike_P","Defend_P","Defend_P+1","Defend_P","Eruption+1","Vigilance","EmptyFist+1","Crescendo","FlurryOfBlows+1","SashWhip","Blasphemy+1","CrushJoints+1","FearNoEvil","ThirdEye","Adaptation","DeusExMachina","MentalFortress+1","ReachHeaven","EmptyMind+1","BowlingBash","Vault","Evaluate+1","MentalFortress+1","FlurryOfBlows+1","Ragnarok+1","CutThroughFate","FlurryOfBlows","Master of Strategy","Wallop","FearNoEvil","Meditate"],"relics":["Cursed Key","White Beast Statue","Boot","Anchor","The Courier","Runic Dome","Nilry\u0027s Codex","Potion Belt","Omamori","Kunai","Runic Pyramid","Blood Vial","Vajra","Letter Opener","Yang","Mummified Hand"],"acts_visited":["Exordium","TheCity","TheBeyond","TheEnding"],"potions_floor_usage":[6,8,13,13,18,25,29,30,31,33,39,40,40,47,51,56,56,56],"damage_taken":[{"damage":0,"enemies":"Small Slimes","floor":1,"turns":2},{"damage":0,"enemies":"Jaw Worm","floor":4,"turns":1},{"damage":0,"enemies":"Cultist","floor":5,"turns":2},{"damage":2,"enemies":"3 Sentries","floor":6,"turns":4},{"damage":4,"enemies":"Gremlin Nob","floor":8,"turns":3},{"damage":0,"enemies":"3 Louse","floor":10,"turns":3},{"damage":0,"enemies":"Lagavulin","floor":13,"turns":4},{"damage":0,"enemies":"2 Fungi Beasts","floor":14,"turns":2},{"damage":1,"enemies":"The Guardian","floor":16,"turns":7},{"damage":0,"enemies":"2 Thieves","floor":18,"turns":2},{"damage":0,"enemies":"Spheric Guardian","floor":24,"turns":3},{"damage":10,"enemies":"Shelled Parasite and Fungi","floor":25,"turns":4},{"damage":1,"enemies":"Slavers","floor":29,"turns":4},{"damage":6,"enemies":"Cultist and Chosen","floor":30,"turns":4},{"damage":0,"enemies":"Gremlin Leader","floor":31,"turns":3},{"damage":49,"enemies":"Automaton","floor":33,"turns":6},{"damage":13,"enemies":"3 Darklings","floor":35,"turns":4},{"damage":0,"enemies":"3 Shapes","floor":37,"turns":2},{"damage":0,"enemies":"Maw","floor":38,"turns":6},{"damage":0,"enemies":"Spire Growth","floor":39,"turns":4},{"damage":0,"enemies":"Reptomancer","floor":40,"turns":8},{"damage":0,"enemies":"Giant Head","floor":42,"turns":5},{"damage":0,"enemies":"Transient","floor":45,"turns":6},{"damage":1,"enemies":"Reptomancer","floor":47,"turns":5},{"damage":1,"enemies":"Writhing Mass","floor":48,"turns":4},{"damage":63,"enemies":"Time Eater","floor":50,"turns":7},{"damage":0,"enemies":"Donu and Deca","floor":51,"turns":7},{"damage":8,"enemies":"Shield and Spear","floor":55,"turns":5},{"damage":54,"enemies":"The Heart","floor":56,"turns":7}],"seed_played":"3979992769978041730","potions_obtained":[{"floor":4,"key":"SteroidPotion"},{"floor":5,"key":"Block Potion"},{"floor":8,"key":"DistilledChaos"},{"floor":10,"key":"Strength Potion"},{"floor":13,"key":"GamblersBrew"},{"floor":14,"key":"Swift Potion"},{"floor":18,"key":"Regen Potion"},{"floor":24,"key":"BlessingOfTheForge"},{"floor":25,"key":"ColorlessPotion"},{"floor":27,"key":"BlessingOfTheForge"},{"floor":29,"key":"Strength Potion"},{"floor":30,"key":"SteroidPotion"},{"floor":31,"key":"GamblersBrew"},{"floor":33,"key":"FairyPotion"},{"floor":37,"key":"AttackPotion"},{"floor":39,"key":"SkillPotion"},{"floor":40,"key":"SpeedPotion"},{"floor":42,"key":"DuplicationPotion"},{"floor":45,"key":"LiquidMemories"},{"floor":47,"key":"BottledMiracle"},{"floor":48,"key":"SpeedPotion"},{"floor":55,"key":"CultistPotion"}],"is_trial":false,"path_per_floor":["M","?","?","M","M","E","R","E","T","M","R","$","E","M","R","B",null,"M","?","?","?","$","R","M","M","T","?","R","E","M","E","R","B",null,"M","?","M","M","M","E","R","E","T","?","M","?","E","M","R","B","B",null,"R","$","E","B",null],"character_chosen":"WATCHER","items_purchased":["FearNoEvil","SpiritShield","Potion Belt","ReachHeaven","Yang","Meditate","BottledMiracle","SpeedPotion"],"campfire_rested":1,"item_purchase_floors":[12,12,22,22,54,54,54,54],"current_hp_per_floor":[61,41,41,41,41,39,39,35,35,35,35,35,35,35,35,34,60,60,60,39,78,78,78,78,68,68,68,68,67,73,73,73,24,65,52,52,52,52,52,52,52,54,54,54,56,46,47,48,48,23,25,65,78,78,70,18],"gold":34,"neow_bonus":"BOSS_RELIC","is_daily":false,"chose_seed":false,"campfire_upgraded":7,"win_rate":0.0,"timestamp":1611446922,"path_taken":["M","?","?","M","M","E","R","E","T","M","R","$","E","?","R","BOSS","M","?","?","?","$","R","M","?","T","?","R","E","M","E","R","BOSS","M","?","M","M","M","E","R","E","T","?","?","?","E","M","R","BOSS","BOSS","R","$","E","BOSS"],"items_purchased_type":["Card","Card","Relic","Card","Relic","Card","Potion","Potion"],"build_version":"2020-12-22","purchased_purges":1,"victory":true,"max_hp_per_floor":[68,68,68,68,68,68,68,68,68,68,68,68,68,68,68,68,68,68,68,68,78,78,78,78,78,78,78,78,78,78,78,78,78,78,78,78,78,78,78,78,78,78,78,78,78,78,78,78,78,78,78,78,78,78,78,78],"relic_stats":{"Blood Vial":14,"counters":[29,124],"Mummified Hand":[4],"Yang":[78],"Kunai":[92],"Letter Opener":[80],"Cursed Key":2,"Boot":[38],"obtain_stats":[{"Potion Belt":22,"Nilry\u0027s Codex":20,"Vajra":42,"Yang":54,"The Courier":13,"Omamori":29,"Letter Opener":47,"Cursed Key":0,"Boot":8,"White Beast Statue":6,"Blood Vial":40,"Runic Dome":17,"Anchor":9,"Mummified Hand":55,"Kunai":31,"PureWater":0,"Runic Pyramid":34},{"Potion Belt":10,"Nilry\u0027s Codex":10,"Vajra":22,"Yang":27,"The Courier":7,"Omamori":13,"Letter Opener":24,"Cursed Key":0,"Boot":5,"White Beast Statue":4,"Blood Vial":21,"Runic Dome":9,"Anchor":5,"Mummified Hand":28,"Kunai":15,"PureWater":0,"Runic Pyramid":16},{"Potion Belt":30,"Nilry\u0027s Codex":30,"Vajra":83,"Yang":112,"The Courier":19,"Omamori":41,"Letter Opener":94,"Cursed Key":0,"Boot":12,"White Beast Statue":9,"Blood Vial":78,"Runic Dome":28,"Anchor":12,"Mummified Hand":117,"Kunai":48,"PureWater":0,"Runic Pyramid":54}]},"card_choices":[{"not_picked":["SignatureMove","CrushJoints"],"picked":"EmptyFist","floor":1},{"not_picked":["ClearTheMind","EmptyFist"],"picked":"Crescendo","floor":4},{"not_picked":["Crescendo","FollowUp"],"picked":"FlurryOfBlows","floor":5},{"not_picked":["EmptyBody","JustLucky"],"picked":"SashWhip","floor":6},{"not_picked":["Meditate","Nirvana"],"picked":"Blasphemy","floor":8},{"not_picked":["Prostrate","Halt"],"picked":"CrushJoints","floor":10},{"not_picked":["FollowUp","EmptyBody"],"picked":"ThirdEye","floor":13},{"not_picked":["PathToVictory","ThirdEye"],"picked":"Adaptation","floor":14},{"not_picked":["Blasphemy","Devotion"],"picked":"DeusExMachina","floor":16},{"not_picked":["SashWhip","FearNoEvil"],"picked":"MentalFortress","floor":18},{"not_picked":["WindmillStrike","Perseverance","EmptyBody"],"picked":"SKIP","floor":24},{"not_picked":["Evaluate","SignatureMove"],"picked":"EmptyMind","floor":25},{"not_picked":["FlyingSleeves","PathToVictory+1"],"picked":"BowlingBash","floor":29},{"not_picked":["EmptyBody","Halt","Crescendo"],"picked":"SKIP","floor":30},{"not_picked":["Adaptation","BowlingBash"],"picked":"Vault","floor":31},{"not_picked":["ClearTheMind","Protect+1"],"picked":"Evaluate+1","floor":35},{"not_picked":["ReachHeaven","EmptyFist"],"picked":"MentalFortress","floor":37},{"not_picked":["Evaluate","CrushJoints+1","Protect"],"picked":"SKIP","floor":38},{"not_picked":["Perseverance","Prostrate+1"],"picked":"FlurryOfBlows+1","floor":39},{"not_picked":["Evaluate","Nirvana+1"],"picked":"Ragnarok","floor":40},{"not_picked":["Conclude","PathToVictory"],"picked":"CutThroughFate","floor":42},{"not_picked":["Swivel","Study"],"picked":"FlurryOfBlows","floor":45},{"not_picked":["Mayhem","Violence"],"picked":"Master of Strategy","floor":46},{"not_picked":["JustLucky","Weave"],"picked":"Wallop","floor":47},{"not_picked":["Halt","Evaluate"],"picked":"FearNoEvil","floor":48},{"not_picked":["ForeignInfluence+1","Protect","Prostrate"],"picked":"SKIP","floor":55}],"player_experience":8253602,"relics_obtained":[{"floor":6,"key":"White Beast Statue"},{"floor":8,"key":"Boot"},{"floor":9,"key":"Anchor"},{"floor":13,"key":"The Courier"},{"floor":20,"key":"Nilry\u0027s Codex"},{"floor":29,"key":"Omamori"},{"floor":31,"key":"Kunai"},{"floor":40,"key":"Blood Vial"},{"floor":42,"key":"Vajra"},{"floor":47,"key":"Letter Opener"},{"floor":55,"key":"Mummified Hand"}],"event_choices":[{"damage_healed":0,"gold_gain":0,"player_choice":"Entered Light","damage_taken":20,"max_hp_gain":0,"max_hp_loss":0,"event_name":"Shining Light","floor":2,"gold_loss":0,"cards_upgraded":["Eruption","Defend_P"]},{"cards_removed":["Defend_P"],"damage_healed":0,"gold_gain":0,"player_choice":"Purged","damage_taken":0,"max_hp_gain":0,"max_hp_loss":0,"event_name":"Purifier","floor":3,"gold_loss":0},{"damage_healed":0,"gold_gain":0,"player_choice":"Ignored","damage_taken":0,"max_hp_gain":0,"max_hp_loss":0,"event_name":"Vampires","floor":19,"gold_loss":0},{"damage_healed":0,"gold_gain":0,"player_choice":"Obtained Book","damage_taken":21,"max_hp_gain":0,"max_hp_loss":0,"event_name":"Cursed Tome","floor":20,"gold_loss":0},{"cards_removed":["SpiritShield"],"damage_healed":29,"gold_gain":0,"player_choice":"Offered Rare","damage_taken":0,"max_hp_gain":10,"max_hp_loss":0,"event_name":"Bonfire Elementals","floor":21,"gold_loss":0},{"damage_healed":0,"gold_gain":0,"player_choice":"Got Potions","damage_taken":0,"max_hp_gain":0,"max_hp_loss":0,"event_name":"Lab","floor":27,"gold_loss":0},{"cards_removed":["Strike_P"],"damage_healed":0,"gold_gain":0,"player_choice":"Removed Attack","damage_taken":0,"max_hp_gain":0,"max_hp_loss":0,"event_name":"Falling","floor":36,"gold_loss":0},{"damage_healed":0,"gold_gain":0,"player_choice":"Upgraded","damage_taken":0,"max_hp_gain":0,"max_hp_loss":0,"event_name":"Upgrade Shrine","floor":44,"gold_loss":0,"cards_upgraded":["MentalFortress"]},{"damage_healed":0,"gold_gain":0,"player_choice":"Memory 3","damage_taken":10,"max_hp_gain":0,"max_hp_loss":0,"event_name":"SensoryStone","floor":46,"gold_loss":0}],"is_beta":false,"boss_relics":[{"not_picked":["Busted Crown","Snecko Eye"],"picked":"Runic Dome"},{"not_picked":["Pandora\u0027s Box","Empty Cage"],"picked":"Runic Pyramid"}],"items_purged_floors":[12],"is_endless":false,"potions_floor_spawned":[4,5,8,10,13,14,16,18,24,25,29,30,31,33,35,37,38,39,40,42,45,47,48,55],"ascension_level":20}}