{"host":"dxhqtkke6bt2qzoz","time":1611492570,"event":{"mods":["100% Spire Juice","ATMod(阿瑾Mod)","Act Like it!","Arknights The Spire","Astrologer","BaseMod","Chen","Dota2Spire","Gensokyo","KinomotoSakuraMod(木之本樱)","Koishi","LagranYue(拉格朗・月)","Marisa（F雨　魔理沙）","Minty Spire (QoL Compilation)","Nova Terra(诺娃・泰拉)","Prisma Mod","Reimu（博丽灵梦）","Relic Stats","Remilia（蕾米莉亚）","SIMod","StSLib","TestMod","The Alterego","The Dragon Tamer","The Marked","TheWitcher","Waifu the Spire","WarShipGirlsR/战舰少女R mod","Yakumo Yukari mod","Youmu（魂魄妖梦）","Yuri Mod","Yuyuko","[IsaacMod]以撒尖塔","vexMod","【遗物卡牌】REMEMod"],"gold_per_floor":[113,132,132,143,157,157,189,204,229,246,246,257,257,269,269,401,401,441,459,72,103,130,130,223,223,223,255,98,121,210,228,228,357,357,379,133,166,166,203,244,244,293,318,44,72,72,117,145,145,187],"floor_reached":51,"language":"ZHS","playtime":1906,"items_purged":["EpicFetus","AT_CelerityRune","ScarletDevil","NightDance"],"score":972,"play_id":"9044686f-e109-4282-a9ce-b0fd36782cef","local_time":"20210124204930","is_ascension_mode":true,"campfire_choices":[{"data":"ScarletShoot","floor":6,"key":"SMITH"},{"data":"VampireKiss","floor":11,"key":"SMITH"},{"data":"DiffusionOfMisfortune","floor":13,"key":"SMITH"},{"data":"Gensokyo:Dawn","floor":15,"key":"SMITH"},{"data":"VampireClaw","floor":23,"key":"SMITH"},{"floor":25,"key":"REST"},{"floor":32,"key":"REST"},{"data":"RedMoon","floor":41,"key":"SMITH"},{"data":"ScarletImprint","floor":49,"key":"SMITH"}],"circlet_count":0,"master_deck":["Strike_RM","Strike_RM","Strike_RM","Strike_RM","Defend_RM","Defend_RM","Defend_RM","Defend_RM","RedMoon+1","ScarletShoot+1","Gensokyo:Dawn+1","DiffusionOfMisfortune+1","BloodHunter+1","EndlessAdversity","VampireKiss+1","ScarletImprint+1","Stigmanizer+1","VampireKiss+1","VampireClaw+1","BloodHunter+1","MastersStateliness+1"],"relics":["ScarletHat","HushsDoor","REME_ComplimentaryCards","testmod-TestBox","AT_ATBox","LagranYue:RandomDrawCardRelic","testmod-Nine","PillsDrop","vexMod:ConsolationPrize","Vajra","testmod-DeterminationOfClimber","Matryoshka","Red Mask","testmod-TheFather","Dota2Spire:MaskOfMadness","Dota2Spire:HeartOfTarrasque","vexMod:PaidLearning","DeathBook","vexMod:BigBerry","GuppysHairball","Dota2Spire:ShadowBlade","AT_SunfireAegis","AT_TimeSand","Dota2Spire:ArmletOfMordiggian","Dota2Spire:EchoSabre","RuthlessExorcism:ReiMu","Toy Ornithopter"],"acts_visited":["Exordium","TheCity","TheBeyond"],"potions_floor_usage":[7,7,12,16,21,31,42,50,50],"damage_taken":[{"damage":0,"enemies":"Jaw Worm","floor":1,"turns":4},{"damage":5,"enemies":"Small Slimes","floor":2,"turns":6},{"damage":0,"enemies":"Cultist","floor":4,"turns":4},{"damage":0,"enemies":"Red Slaver","floor":5,"turns":1},{"damage":12,"enemies":"Lagavulin","floor":7,"turns":5},{"damage":0,"enemies":"Blue Slaver","floor":8,"turns":2},{"damage":0,"enemies":"Exordium Wildlife","floor":10,"turns":1},{"damage":1,"enemies":"Lots of Slimes","floor":12,"turns":2},{"damage":2,"enemies":"Looter","floor":14,"turns":3},{"damage":34,"enemies":"The Guardian","floor":16,"turns":8},{"damage":24,"enemies":"Chosen","floor":18,"turns":5},{"damage":0,"enemies":"3 Byrds","floor":19,"turns":3},{"damage":0,"enemies":"Masked Bandits","floor":21,"turns":3},{"damage":6,"enemies":"Centurion and Healer","floor":22,"turns":8},{"damage":55,"enemies":"Gremlin Leader","floor":24,"turns":6},{"damage":10,"enemies":"Snake Plant","floor":27,"turns":2},{"damage":0,"enemies":"Sentry and Sphere","floor":29,"turns":2},{"damage":42,"enemies":"REME_1_Revenger","floor":30,"turns":5},{"damage":0,"enemies":"Snecko","floor":31,"turns":2},{"damage":6,"enemies":"Automaton","floor":33,"turns":3},{"damage":0,"enemies":"Orb Walker","floor":35,"turns":1},{"damage":0,"enemies":"3 Darklings","floor":37,"turns":3},{"damage":0,"enemies":"Transient","floor":39,"turns":5},{"damage":0,"enemies":"Nemesis","floor":40,"turns":1},{"damage":0,"enemies":"Reptomancer","floor":42,"turns":3},{"damage":3,"enemies":"Maw","floor":45,"turns":4},{"damage":6,"enemies":"Nemesis","floor":47,"turns":3},{"damage":6,"enemies":"4 Shapes","floor":48,"turns":1},{"damage":26,"enemies":"Time Eater","floor":50,"turns":3}],"seed_played":"-7400053096047456749","potions_obtained":[{"floor":1,"key":"SpeedPotion"},{"floor":5,"key":"ColorlessPotion"},{"floor":8,"key":"Fire Potion"},{"floor":14,"key":"Weak Potion"},{"floor":19,"key":"Dota2Spire:HealingSalve"},{"floor":22,"key":"FairyPotion"},{"floor":29,"key":"testmod-TestPotion"},{"floor":30,"key":"Ancient Potion"},{"floor":33,"key":"ZuzhouPotion:ReiMu"},{"floor":37,"key":"Strength Potion"},{"floor":45,"key":"SkillPotion"}],"is_trial":false,"path_per_floor":["M","M","?","M","M","R","E","M","T","M","R","M","R","M","R","B",null,"M","M","$","?","M","R","E","R","T","M","$","M","E","M","R","B",null,"M","$","M","?","M","E","R","E","T","$","M","$","E","M","R","B",null],"character_chosen":"REMILIA","items_purchased":["VampireClaw","Matryoshka","vexMod:PaidLearning","GuppysHairball","MagicPotion:ReiMu","Dota2Spire:ShadowBlade","RuthlessExorcism:ReiMu"],"campfire_rested":2,"item_purchase_floors":[20,20,28,34,34,36,44],"current_hp_per_floor":[75,72,72,74,74,74,64,64,64,65,65,64,64,65,65,50,78,59,66,66,73,76,76,34,56,64,61,61,67,36,42,68,83,99,103,103,103,103,103,103,103,103,103,103,100,100,103,98,98,103],"gold":187,"neow_bonus":"TRANSFORM_CARD","is_daily":false,"chose_seed":false,"campfire_upgraded":7,"win_rate":0.0,"timestamp":1611492570,"path_taken":["M","M","?","M","M","R","E","M","T","M","R","M","R","M","R","BOSS","M","M","$","?","M","R","E","R","T","M","$","M","E","M","R","BOSS","M","$","M","?","?","E","R","E","T","$","M","?","E","M","R","BOSS"],"items_purchased_type":["Card","Relic","Relic","Relic","Potion","Relic","Relic"],"build_version":"2020-12-22","purchased_purges":4,"victory":true,"max_hp_per_floor":[75,75,75,75,75,75,75,75,75,75,75,75,75,78,78,78,78,78,73,73,73,76,76,76,76,84,88,88,88,88,88,88,88,99,103,103,103,103,103,103,103,103,103,103,103,103,103,103,103,103],"relic_stats":{"counters":[29,99],"obtain_stats":[{"Dota2Spire:MaskOfMadness":26,"Dota2Spire:EchoSabre":43,"AT_ATBox":0,"LagranYue:RandomDrawCardRelic":0,"Dota2Spire:ArmletOfMordiggian":43,"Vajra":9,"Dota2Spire:ShadowBlade":36,"AT_TimeSand":42,"ScarletHat":0,"DeathBook":30,"Matryoshka":20,"PillsDrop":0,"testmod-TheFather":24,"testmod-DeterminationOfClimber":17,"Red Mask":21,"KeepersGift":0,"testmod-TestBox":0,"vexMod:ConsolationPrize":7,"Dota2Spire:HeartOfTarrasque":26,"vexMod:PaidLearning":28,"GuppysHairball":34,"AT_SunfireAegis":40,"HushsDoor":0,"testmod-Nine":0,"Toy Ornithopter":47,"REME_ComplimentaryCards":0,"vexMod:BigBerry":34,"RuthlessExorcism:ReiMu":44},{"Dota2Spire:MaskOfMadness":15,"Dota2Spire:EchoSabre":25,"AT_ATBox":0,"LagranYue:RandomDrawCardRelic":0,"Dota2Spire:ArmletOfMordiggian":25,"Vajra":6,"Dota2Spire:ShadowBlade":21,"AT_TimeSand":25,"ScarletHat":0,"DeathBook":18,"Matryoshka":12,"PillsDrop":0,"testmod-TheFather":15,"testmod-DeterminationOfClimber":10,"Red Mask":13,"KeepersGift":0,"testmod-TestBox":0,"vexMod:ConsolationPrize":5,"Dota2Spire:HeartOfTarrasque":15,"vexMod:PaidLearning":16,"GuppysHairball":20,"AT_SunfireAegis":24,"HushsDoor":0,"testmod-Nine":0,"Toy Ornithopter":27,"REME_ComplimentaryCards":0,"vexMod:BigBerry":20,"RuthlessExorcism:ReiMu":25},{"Dota2Spire:MaskOfMadness":61,"Dota2Spire:EchoSabre":88,"AT_ATBox":0,"LagranYue:RandomDrawCardRelic":0,"Dota2Spire:ArmletOfMordiggian":88,"Vajra":22,"Dota2Spire:ShadowBlade":76,"AT_TimeSand":88,"ScarletHat":0,"DeathBook":70,"Matryoshka":44,"PillsDrop":0,"testmod-TheFather":61,"testmod-DeterminationOfClimber":36,"Red Mask":47,"KeepersGift":0,"testmod-TestBox":0,"vexMod:ConsolationPrize":20,"Dota2Spire:HeartOfTarrasque":61,"vexMod:PaidLearning":63,"GuppysHairball":75,"AT_SunfireAegis":85,"HushsDoor":0,"testmod-Nine":0,"Toy Ornithopter":95,"REME_ComplimentaryCards":0,"vexMod:BigBerry":75,"RuthlessExorcism:ReiMu":88}],"Toy Ornithopter":10},"card_choices":[{"not_picked":[],"picked":"EpicFetus","floor":0},{"not_picked":["ScarletNetherworld","TwelveNightmare"],"picked":"NightDance","floor":1},{"not_picked":["ScarletDevil","HellCatastrophe"],"picked":"Bomb","floor":2},{"not_picked":["StarOfDavid","ScarletImprint"],"picked":"DiffusionOfMisfortune","floor":4},{"not_picked":["ScarletDevilSign","StarOfDavid"],"picked":"BloodHunter","floor":5},{"not_picked":["SuperhumanBloodyKnife","BloodyCatastrophe"],"picked":"EndlessAdversity","floor":7},{"not_picked":["BloodyTrap","ScarletGensokyo"],"picked":"VampireKiss","floor":8},{"not_picked":["Ultimatum","ScarletNetherworld"],"picked":"ScarletDevil","floor":10},{"not_picked":["StarOfDavid","UnderTheZenith"],"picked":"ScarletImprint","floor":12},{"not_picked":["MiserableFate","NightLord"],"picked":"Stigmanizer","floor":14},{"not_picked":["BlasphemousPunishment","ScarletDevil","UltimateOffering"],"picked":"SKIP","floor":18},{"not_picked":["VampireClaw","Ultimatum"],"picked":"VampireKiss+1","floor":19},{"not_picked":["CharismaGuard","Stigmanizer","UnstableMagic"],"picked":"SKIP","floor":22},{"not_picked":["VampireSweep","DiffusionOfMisfortune","ForbiddenFruit"],"picked":"SKIP","floor":24},{"not_picked":["VampireKiss","VampirishNight","DevilSight+1"],"picked":"SKIP","floor":27},{"not_picked":["BlasphemousPunishment","BloodRain","DiffusionOfMisfortune"],"picked":"SKIP","floor":29},{"not_picked":["SuperhumanBloodyKnife","ScarletNetherworld","ScarletDream"],"picked":"SKIP","floor":30},{"not_picked":["RedNightlessCastle","AfternoonTea","BadLadyScramble"],"picked":"SKIP","floor":31},{"not_picked":["AfternoonTea+1","RedRainbow+1"],"picked":"BloodHunter+1","floor":35},{"not_picked":["ScarletDevil","UnstableMagic+1"],"picked":"MastersStateliness+1","floor":37},{"not_picked":["BlasphemousPunishment","FavorOfDestiny","EndlessAdversity"],"picked":"SKIP","floor":39},{"not_picked":["TricksterDevil","UnderTheZenith","QueenOfMidnight"],"picked":"SKIP","floor":40},{"not_picked":["VampirishNight","LeisurelyOfLord+1","SuperhumanBloodyKnife+1"],"picked":"SKIP","floor":42},{"not_picked":["Stigmanizer","FitfulNightmare+1","GlobalNightmare+1"],"picked":"SKIP","floor":45},{"not_picked":["RedNightlessCastle+1","NightDance+1","ScarletDream+1"],"picked":"SKIP","floor":47},{"not_picked":["ScarletDream","StarOfDavid+1","BlasphemousPunishment+1"],"picked":"SKIP","floor":48}],"player_experience":245607,"relics_obtained":[{"floor":7,"key":"vexMod:ConsolationPrize"},{"floor":9,"key":"Vajra"},{"floor":21,"key":"Red Mask"},{"floor":24,"key":"testmod-TheFather"},{"floor":26,"key":"Dota2Spire:MaskOfMadness"},{"floor":26,"key":"Dota2Spire:HeartOfTarrasque"},{"floor":30,"key":"DeathBook"},{"floor":40,"key":"AT_SunfireAegis"},{"floor":42,"key":"AT_TimeSand"},{"floor":43,"key":"Dota2Spire:ArmletOfMordiggian"},{"floor":43,"key":"Dota2Spire:EchoSabre"},{"floor":47,"key":"Toy Ornithopter"}],"event_choices":[{"damage_healed":0,"gold_gain":0,"player_choice":"Ignored","damage_taken":0,"max_hp_gain":0,"max_hp_loss":0,"event_name":"给自己的盒子","floor":3,"gold_loss":0},{"damage_healed":0,"gold_gain":0,"player_choice":"Fought Bandits","damage_taken":0,"max_hp_gain":0,"max_hp_loss":0,"event_name":"Masked Bandits","floor":21,"gold_loss":0}],"is_beta":false,"boss_relics":[{"not_picked":["testmod-Recursion","testmod-EnergyCheck"],"picked":"testmod-DeterminationOfClimber"},{"not_picked":[]},{"not_picked":["Coffee Dripper","REME_ChargedStone"],"picked":"vexMod:BigBerry"},{"not_picked":[]}],"items_purged_floors":[20,34,36,44],"is_endless":false,"potions_floor_spawned":[1,5,8,14,19,22,29,30,33,37,40,45,47],"ascension_level":1}}