{"host":"5jyeqch4fosnsiz2","time":1611458324,"event":{"mods":["BaseMod","Bestiary","Colored Map","Colored Powertips","Filter the Spire","Minty Spire (QoL Compilation)","Relic Stats","StSLib","Waifu the Spire","ojb\u0027s Better Paths Mod","ojb\u0027s Info Mod"],"gold_per_floor":[109,124,124,1,1,19,30,40,40,57,85,85,85,416,416,536,536,554,554,593,593,618,652,652,652,652,672,685,720,733,756,756,885,885,903,916,932,956,1021,1021,1021,1021],"floor_reached":41,"language":"ENG","playtime":1730,"items_purged":["Defend_P"],"score":497,"play_id":"702fd8a7-7d15-4438-85ce-316c71dbe58d","local_time":"20210123221844","is_ascension_mode":false,"campfire_choices":[{"data":"Evaluate","floor":12,"key":"SMITH"},{"data":"Vault","floor":15,"key":"SMITH"},{"data":"MentalFortress","floor":24,"key":"SMITH"},{"data":"WindmillStrike","floor":32,"key":"SMITH"},{"floor":40,"key":"DIG"}],"circlet_count":0,"master_deck":["Eruption+1","Vigilance","WindmillStrike+1","ThirdEye","SashWhip","Eruption","Consecrate","CutThroughFate","FearNoEvil","Evaluate+1","CarveReality+1","Vault+1","BowlingBash+1","Writhe","TalkToTheHand+1","MentalFortress+1","EmptyFist+1","Vault"],"relics":["Velvet Choker","Molten Egg 2","Golden Idol","Old Coin","Snecko Eye","Red Mask","Bronze Scales","Oddly Smooth Stone","Yang","Anchor","Pandora\u0027s Box","Shovel","StrikeDummy"],"acts_visited":["Exordium","TheCity","TheBeyond"],"potions_floor_usage":[2,11,16,20,29,30,33,33,41,41],"damage_taken":[{"damage":4,"enemies":"Jaw Worm","floor":1,"turns":3},{"damage":0,"enemies":"Cultist","floor":2,"turns":1},{"damage":0,"enemies":"Small Slimes","floor":6,"turns":2},{"damage":0,"enemies":"Exordium Wildlife","floor":7,"turns":1},{"damage":0,"enemies":"2 Fungi Beasts","floor":8,"turns":2},{"damage":0,"enemies":"Large Slime","floor":10,"turns":3},{"damage":12,"enemies":"Gremlin Nob","floor":11,"turns":3},{"damage":17,"enemies":"Lagavulin","floor":14,"turns":4},{"damage":12,"enemies":"Hexaghost","floor":16,"turns":9},{"damage":2,"enemies":"Shell Parasite","floor":18,"turns":3},{"damage":7,"enemies":"Masked Bandits","floor":20,"turns":3},{"damage":0,"enemies":"Spheric Guardian","floor":22,"turns":2},{"damage":0,"enemies":"Gremlin Leader","floor":23,"turns":4},{"damage":2,"enemies":"Snake Plant","floor":27,"turns":4},{"damage":5,"enemies":"Centurion and Healer","floor":28,"turns":4},{"damage":8,"enemies":"Book of Stabbing","floor":29,"turns":5},{"damage":0,"enemies":"3 Cultists","floor":30,"turns":4},{"damage":0,"enemies":"Snecko","floor":31,"turns":4},{"damage":8,"enemies":"Collector","floor":33,"turns":4},{"damage":0,"enemies":"Orb Walker","floor":35,"turns":3},{"damage":0,"enemies":"3 Darklings","floor":36,"turns":5},{"damage":39,"enemies":"Spire Growth","floor":37,"turns":4},{"damage":16,"enemies":"Jaw Worm Horde","floor":38,"turns":5},{"damage":0,"enemies":"2 Orb Walkers","floor":39,"turns":3},{"damage":84,"enemies":"Nemesis","floor":41,"turns":3}],"seed_played":"4342089304891018341","potions_obtained":[{"floor":1,"key":"AttackPotion"},{"floor":7,"key":"BottledMiracle"},{"floor":14,"key":"ColorlessPotion"},{"floor":16,"key":"Weak Potion"},{"floor":27,"key":"SteroidPotion"},{"floor":29,"key":"Explosive Potion"},{"floor":30,"key":"Explosive Potion"},{"floor":31,"key":"ColorlessPotion"},{"floor":37,"key":"SpeedPotion"},{"floor":39,"key":"SkillPotion"}],"is_trial":false,"path_per_floor":["M","M","?","$","?","M","M","M","T","M","E","R","?","E","R","B",null,"M","?","?","?","M","E","R","?","T","M","M","E","M","M","R","B",null,"M","M","M","M","?","R","E"],"character_chosen":"WATCHER","items_purchased":["SashWhip"],"campfire_rested":0,"item_purchase_floors":[4],"current_hp_per_floor":[68,68,68,68,68,68,68,68,68,68,56,56,56,39,39,27,67,65,65,58,58,58,58,58,58,58,56,51,43,43,43,43,35,67,67,67,28,12,12,12,0,0],"gold":1021,"neow_bonus":"BOSS_RELIC","is_daily":false,"chose_seed":false,"campfire_upgraded":4,"win_rate":0.0,"timestamp":1611458324,"path_taken":["M","M","?","$","?","M","M","?","T","M","E","R","?","E","R","BOSS","M","?","?","?","M","E","R","?","T","M","M","E","M","M","R","BOSS","M","M","M","M","?","R","E"],"items_purchased_type":["Card"],"build_version":"2020-12-22","purchased_purges":1,"victory":false,"max_hp_per_floor":[72,72,72,72,72,72,72,72,72,72,72,72,67,67,67,67,67,67,67,67,67,67,67,67,67,67,67,67,67,67,67,67,67,67,67,67,67,67,67,67,67,67],"relic_stats":{"Shovel":1,"counters":[25,88],"Golden Idol":130,"Bronze Scales":[88],"Snecko Eye":[107,115,100,94],"Yang":[132],"Pandora\u0027s Box":["Wallop","WindmillStrike","Sanctity","WaveOfTheHand","Conclude","BattleHymn","Conclude"],"obtain_stats":[{"Golden Idol":13,"Velvet Choker":0,"Oddly Smooth Stone":23,"Yang":26,"Old Coin":14,"Anchor":29,"Shovel":39,"Bronze Scales":21,"Snecko Eye":17,"Molten Egg 2":11,"Pandora\u0027s Box":34,"Red Mask":20,"PureWater":0,"StrikeDummy":40},{"Golden Idol":7,"Velvet Choker":0,"Oddly Smooth Stone":13,"Yang":13,"Old Coin":8,"Anchor":16,"Shovel":24,"Bronze Scales":11,"Snecko Eye":9,"Molten Egg 2":7,"Pandora\u0027s Box":19,"Red Mask":11,"PureWater":0,"StrikeDummy":24},{"Golden Idol":15,"Velvet Choker":0,"Oddly Smooth Stone":40,"Yang":40,"Old Coin":19,"Anchor":53,"Shovel":85,"Bronze Scales":34,"Snecko Eye":28,"Molten Egg 2":15,"Pandora\u0027s Box":65,"Red Mask":34,"PureWater":0,"StrikeDummy":85}]},"card_choices":[{"not_picked":["Evaluate","ClearTheMind"],"picked":"WindmillStrike","floor":1},{"not_picked":["DeceiveReality","Prostrate"],"picked":"ThirdEye","floor":2},{"not_picked":["ThirdEye","CrushJoints"],"picked":"Consecrate","floor":6},{"not_picked":["JustLucky","FlurryOfBlows"],"picked":"CutThroughFate","floor":7},{"not_picked":["WreathOfFlame","PathToVictory"],"picked":"FearNoEvil","floor":8},{"not_picked":["SashWhip","Prostrate"],"picked":"Evaluate","floor":10},{"not_picked":["Meditate","Nirvana"],"picked":"CarveReality+1","floor":11},{"not_picked":["WaveOfTheHand","Indignation"],"picked":"Vault","floor":14},{"not_picked":["EmptyFist+1","SashWhip+1","JustLucky+1"],"picked":"SKIP","floor":18},{"not_picked":["ThirdEye","CrushJoints+1"],"picked":"BowlingBash+1","floor":20},{"not_picked":["JustLucky+1","Crescendo"],"picked":"TalkToTheHand+1","floor":22},{"not_picked":["SashWhip+1","BowlingBash+1"],"picked":"MentalFortress","floor":23},{"not_picked":["BowlingBash+1","ClearTheMind+1","WindmillStrike+1"],"picked":"SKIP","floor":27},{"not_picked":["ClearTheMind","Crescendo","ForeignInfluence+1"],"picked":"SKIP","floor":28},{"not_picked":["InnerPeace+1","Consecrate+1","FlurryOfBlows+1"],"picked":"SKIP","floor":29},{"not_picked":["BowlingBash+1","FlyingSleeves+1"],"picked":"Vault","floor":30},{"not_picked":["FollowUp+1","SashWhip+1","WindmillStrike+1"],"picked":"SKIP","floor":31},{"not_picked":["Evaluate","ClearTheMind","FollowUp+1"],"picked":"SKIP","floor":35},{"not_picked":["ClearTheMind+1","Conclude+1","EmptyMind"],"picked":"SKIP","floor":36},{"not_picked":["EmptyMind+1","Weave+1","Protect"],"picked":"SKIP","floor":37},{"not_picked":["ClearTheMind","FollowUp+1","JustLucky+1"],"picked":"SKIP","floor":38}],"player_experience":328392,"relics_obtained":[{"floor":11,"key":"Molten Egg 2"},{"floor":14,"key":"Old Coin"},{"floor":20,"key":"Red Mask"},{"floor":23,"key":"Oddly Smooth Stone"},{"floor":26,"key":"Yang"},{"floor":29,"key":"Anchor"},{"floor":39,"key":"Shovel"},{"floor":40,"key":"StrikeDummy"}],"event_choices":[{"damage_healed":0,"gold_gain":0,"player_choice":"Grow","damage_taken":0,"max_hp_gain":0,"max_hp_loss":0,"event_name":"Living Wall","floor":3,"gold_loss":0,"cards_upgraded":["Eruption"]},{"damage_healed":0,"gold_gain":0,"player_choice":"1 cards matched","damage_taken":0,"max_hp_gain":0,"max_hp_loss":0,"event_name":"Match and Keep!","floor":5,"gold_loss":0,"cards_obtained":["Eruption"]},{"damage_healed":0,"gold_gain":0,"player_choice":"Lose Max HP","damage_taken":0,"relics_obtained":["Golden Idol"],"max_hp_gain":0,"max_hp_loss":5,"event_name":"Golden Idol","floor":13,"gold_loss":0},{"damage_healed":0,"gold_gain":0,"player_choice":"Ignored","damage_taken":0,"max_hp_gain":0,"max_hp_loss":0,"event_name":"Vampires","floor":19,"gold_loss":0},{"damage_healed":0,"gold_gain":0,"player_choice":"Fought Bandits","damage_taken":0,"max_hp_gain":0,"max_hp_loss":0,"event_name":"Masked Bandits","floor":20,"gold_loss":0},{"damage_healed":0,"gold_gain":0,"player_choice":"Opened","damage_taken":0,"relics_obtained":["Bronze Scales"],"max_hp_gain":0,"max_hp_loss":0,"event_name":"The Mausoleum","floor":21,"gold_loss":0,"cards_obtained":["Writhe"]},{"damage_healed":0,"gold_gain":0,"player_choice":"Read","damage_taken":0,"max_hp_gain":0,"max_hp_loss":0,"event_name":"The Library","floor":25,"gold_loss":0,"cards_obtained":["EmptyFist"]},{"damage_healed":0,"gold_gain":0,"player_choice":"Fight","damage_taken":0,"max_hp_gain":0,"max_hp_loss":0,"event_name":"Mysterious Sphere","floor":39,"gold_loss":0}],"is_beta":false,"boss_relics":[{"not_picked":["SacredBark","Busted Crown"],"picked":"Snecko Eye"},{"not_picked":["Runic Dome","Black Star"],"picked":"Pandora\u0027s Box"}],"items_purged_floors":[4],"is_endless":false,"potions_floor_spawned":[1,7,14,16,27,29,30,31,37,39],"killed_by":"Nemesis","ascension_level":0}}