{"host":"p9t7qd83igtcp2bh","time":1611465419,"event":{"mods":["2.2 Compatiblity","AchievementEnabler","BaseMod","Colored Map","Colored Powertips","Custom Start","DeckTracker","Keyboard Shortcuts","Minty Spire (QoL Compilation)","Permanent Neow","StSLib","SuperFastMode","everything is the same but u backflip on backflip"],"gold_per_floor":[319,334,334,16,16,16,28,56,56,68,97,109,69,81,81,153,153,169,27,30,30,30],"floor_reached":21,"language":"KOR","playtime":589,"items_purged":["Strike_R"],"score":382,"play_id":"e956f4cf-2466-40a9-9303-82c1ad6a84e8","local_time":"20210124141659","is_ascension_mode":true,"campfire_choices":[{"data":"Hemokinesis","floor":6.0,"key":"SMITH"},{"floor":15,"key":"REST"}],"circlet_count":0,"master_deck":["AscendersBane","Strike_R+1","Strike_R+1","Strike_R","Defend_R","Defend_R","Defend_R","Defend_R","Bash","True Grit","Hemokinesis+1","Dark Embrace","Iron Wave","Second Wind","Wild Strike","Fire Breathing","Shrug It Off","Disarm","Feed","Barricade","Sentinel","Shrug It Off"],"relics":["Burning Blood","Old Coin","Whetstone","Letter Opener","Happy Flower","Art of War","Philosopher\u0027s Stone"],"acts_visited":["Exordium","TheCity"],"potions_floor_usage":[14,16],"damage_taken":[{"damage":8.0,"enemies":"2 Louse","floor":1.0,"turns":3.0},{"damage":12.0,"enemies":"Small Slimes","floor":2.0,"turns":4.0},{"damage":8.0,"enemies":"Cultist","floor":7.0,"turns":3.0},{"damage":34.0,"enemies":"3 Sentries","floor":8.0,"turns":8.0},{"damage":25.0,"enemies":"Lots of Slimes","floor":10.0,"turns":5.0},{"damage":17.0,"enemies":"Lagavulin","floor":11.0,"turns":5.0},{"damage":4.0,"enemies":"3 Louse","floor":12.0,"turns":4.0},{"damage":12,"enemies":"Exordium Thugs","floor":14,"turns":6},{"damage":46,"enemies":"The Guardian","floor":16,"turns":17},{"damage":34,"enemies":"Shell Parasite","floor":18,"turns":8},{"damage":25,"enemies":"2 Thieves","floor":20,"turns":4},{"damage":21,"enemies":"Centurion and Healer","floor":21,"turns":4}],"seed_played":"5739259763259023192","potions_obtained":[{"floor":7.0,"key":"Strength Potion"},{"floor":10.0,"key":"FairyPotion"},{"floor":11.0,"key":"Strength Potion"},{"floor":12.0,"key":"FearPotion"},{"floor":18,"key":"SpeedPotion"}],"is_trial":false,"path_per_floor":["M","M","?","$","?","R","M","E","T","M","E","M","$","M","R","B",null,"M","$","M","M"],"character_chosen":"IRONCLAD","items_purchased":["Whetstone","Dark Embrace","Disarm","Sentinel","Shrug It Off"],"campfire_rested":1,"item_purchase_floors":[4,4,13,19,19],"current_hp_per_floor":[66,60,65,65,65,65,63,35,35,16,30,32,32,26,50,10,63,35,35,19,0,0],"gold":30,"neow_bonus":"ONE_RARE_RELIC","is_daily":false,"chose_seed":false,"campfire_upgraded":1,"win_rate":0.0,"timestamp":1611465419,"path_taken":["M","M","?","$","?","R","M","E","T","M","E","M","$","M","R","BOSS","M","?","?","M"],"items_purchased_type":["Relic","Card","Card","Card","Card"],"build_version":"2020-12-22","purchased_purges":1,"victory":false,"max_hp_per_floor":[75,75,80,80,80,80,80,80,80,80,80,80,80,80,80,80,80,80,80,83,83,83],"card_choices":[{"not_picked":["Clothesline","Feel No Pain"],"picked":"True Grit","floor":1.0},{"not_picked":["Uppercut","Bloodletting"],"picked":"Hemokinesis","floor":2.0},{"not_picked":["Heavy Blade","Reckless Charge"],"picked":"Iron Wave","floor":7.0},{"not_picked":["Havoc","Searing Blow"],"picked":"Second Wind","floor":8.0},{"not_picked":["Whirlwind","Perfected Strike"],"picked":"Wild Strike","floor":10.0},{"not_picked":["Sever Soul","Iron Wave"],"picked":"Fire Breathing","floor":11.0},{"not_picked":["Clothesline","Wild Strike"],"picked":"Shrug It Off","floor":12.0},{"not_picked":["Disarm","Heavy Blade"],"picked":"Feed","floor":14},{"not_picked":["Feed","Corruption"],"picked":"Barricade","floor":16},{"not_picked":["True Grit+1","Wild Strike","Twin Strike"],"picked":"SKIP","floor":18},{"not_picked":["Havoc","Dual Wield","Sword Boomerang"],"picked":"SKIP","floor":20}],"player_experience":676113,"relics_obtained":[{"floor":8.0,"key":"Letter Opener"},{"floor":9.0,"key":"Happy Flower"},{"floor":11.0,"key":"Art of War"}],"event_choices":[{"damage_healed":0.0,"max_hp_gain":5.0,"max_hp_loss":0.0,"gold_gain":0.0,"event_name":"Big Fish","player_choice":"Donut","floor":3.0,"gold_loss":0.0,"damage_taken":0.0},{"cards_removed":["Strike_R"],"damage_healed":0.0,"max_hp_gain":0.0,"max_hp_loss":0.0,"gold_gain":0.0,"event_name":"Purifier","player_choice":"Purged","floor":5.0,"gold_loss":0.0,"damage_taken":0.0}],"is_beta":false,"boss_relics":[{"not_picked":["Cursed Key","Fusion Hammer"],"picked":"Philosopher\u0027s Stone"}],"items_purged_floors":[4],"is_endless":false,"potions_floor_spawned":[7,10,11,12,18],"killed_by":"Centurion and Healer","ascension_level":20}}