{"host":"u21q392b5xaj11fl","time":1611482729,"event":{"mods":["2.2 Compatiblity","Bard","BaseMod","Better Note","Colored Map","Colored Powertips","Conspire","Custom Start","Downfall","Faster Ascension Climbing","GifTheSpireLib","Gremlin Skip","Highlight Path","Hubris","Infinite Spire","Mad Scientist","Marisa????????","Mimic Mod","Minty Spire (QoL Compilation)","Permanent Neow","Potionbrewer","Quick Restart","READ ME - Guardian Mod","Relic Sorter","Replay The Spire","Shop Mod","Somnambulant","StSLib","Stuff the Spire","SuperFastMode","The Construct","The Disciple","The Servant 0.9.4","vexMod"],"gold_per_floor":[115,131,131,143,143,168,168,243,291,325,34,34,67,84,84,162,162,176,187,187,200,218,218,251,251,290,309,309,329,229,229,229,316,316,356,356,310,348,348,348,400,450,450,493,768,838,919,994,994,994,994,994,114,154,154,154,154],"floor_reached":55,"language":"ENG","playtime":4897,"items_purged":["bronze:Strike","bronze:Strike"],"score":1613,"play_id":"84769ee7-e3a6-4820-9374-0fb55b07c42e","local_time":"20210124040529","is_ascension_mode":true,"campfire_choices":[{"data":"bronze:FineTuning","floor":7.0,"key":"SMITH"},{"floor":12.0,"key":"REST"},{"data":"bronze:Boost","floor":15.0,"key":"SMITH"},{"floor":23.0,"key":"REST"},{"floor":28.0,"key":"REST"},{"floor":32.0,"key":"RECALL"},{"floor":40,"key":"REST"},{"floor":49,"key":"REST"},{"floor":52,"key":"REST"}],"circlet_count":0,"master_deck":["AscendersBane","bronze:Strike+1","bronze:Strike+1","bronze:Defend+1","bronze:Defend+1","bronze:Defend","bronze:Defend","bronze:Replicate","bronze:Goto+1","bronze:Iterate+1","bronze:Terminator","bronze:OilSpill+1","bronze:FineTuning+1","bronze:Repair","bronze:Boost+1","bronze:InfiniteBeams+1","bronze:Iterate+1","bronze:TinkerersToolbox+1","bronze:ForceShield+1","bronze:ChosenStrike+1","bronze:BronzeOrb+1","bronze:Deprecate+1","bronze:Iterate+1","infinitespire:Gouge","bronze:Frontload","bronze:FineTuning","bronze:ForceShield+1","bronze:FunctionCard","bronze:DelayedGuard+1","bronze:CutThrough+1","bronze:FollowUp+1","hubris:Insight","bronze:Frontload","bronze:Verify+1","bronze:DelayedGuard","bronze:Optimize+1","bronze:BronzeArmor","bronze:BronzeArmor","bronze:Iterate+1"],"relics":["bronze:BronzeCore","Blood Vial","potionbrewer:Torch","Omamori","Frozen Egg 2","Fusion Hammer","Meat on the Bone","vexMod:RetaliationKit","MerchantsRug","infinitespire:EvilPickle","conspire:SpecialSausage","hubris:Towel","Ornamental Fan","hubris:ToyBattleship","Bottled Lightning","StuffTheSpire:RubySignet","Unceasing Top","HandDrill","Whetstone"],"acts_visited":["Exordium","TheCity","TheBeyond","TheEnding"],"potions_floor_usage":[42,46,55,55],"damage_taken":[{"damage":3.0,"enemies":"2 Louse","floor":1.0,"turns":4.0},{"damage":2.0,"enemies":"conspire:RoseBush","floor":2.0,"turns":5.0},{"damage":12.0,"enemies":"Jaw Worm","floor":4.0,"turns":4.0},{"damage":10.0,"enemies":"Gremlin Nob","floor":6.0,"turns":3.0},{"damage":15.0,"enemies":"3 Sentries","floor":10.0,"turns":7.0},{"damage":0.0,"enemies":"Large Slime","floor":13.0,"turns":3.0},{"damage":7.0,"enemies":"Looter","floor":14.0,"turns":3.0},{"damage":2.0,"enemies":"Slime Boss","floor":16.0,"turns":7.0},{"damage":4.0,"enemies":"Chosen","floor":18.0,"turns":4.0},{"damage":6.0,"enemies":"Spheric Guardian","floor":19.0,"turns":5.0},{"damage":35.0,"enemies":"Snake Plant","floor":21.0,"turns":5.0},{"damage":10.0,"enemies":"Shelled Parasite and Fungi","floor":22.0,"turns":4.0},{"damage":41.0,"enemies":"conspire:SneckoGhost","floor":24.0,"turns":7.0},{"damage":15.0,"enemies":"Centurion and Healer","floor":26.0,"turns":7.0},{"damage":15.0,"enemies":"Centurion and Healer","floor":27.0,"turns":4.0},{"damage":4.0,"enemies":"Snecko","floor":29.0,"turns":5.0},{"damage":23,"enemies":"Pondfish","floor":33,"turns":13},{"damage":52,"enemies":"3 Shapes","floor":35,"turns":4},{"damage":0,"enemies":"Orb Walker","floor":38,"turns":3},{"damage":4,"enemies":"Nemesis","floor":41,"turns":5},{"damage":0,"enemies":"2 Orb Walkers","floor":42,"turns":4},{"damage":0,"enemies":"Maw","floor":44,"turns":4},{"damage":35,"enemies":"Writhing Mass","floor":46,"turns":7},{"damage":0,"enemies":"Giant Head","floor":47,"turns":6},{"damage":0,"enemies":"Transient","floor":48,"turns":5},{"damage":44,"enemies":"Awakened One","floor":50,"turns":9},{"damage":53,"enemies":"Shield and Spear","floor":54,"turns":7},{"damage":58,"enemies":"The Heart","floor":55,"turns":4}],"seed_played":"2318650840984557870","potions_obtained":[{"floor":2.0,"key":"Strength Potion"},{"floor":6.0,"key":"ColorlessPotion"},{"floor":14.0,"key":"AttackPotion"},{"floor":16.0,"key":"LifebloodPotion"},{"floor":19.0,"key":"ColorlessPotion"},{"floor":21.0,"key":"potionbrewer:QuicksilverPotion"},{"floor":22.0,"key":"FearPotion"},{"floor":35,"key":"LifebloodPotion"},{"floor":42,"key":"Reflective Coating"},{"floor":44,"key":"Swift Potion"},{"floor":48,"key":"bronze:BurnAndBuffPotion"},{"floor":54,"key":"bronze:FreeFunctionsPotion"}],"is_trial":false,"path_per_floor":["M","M","?","M","?","E","R","?","T","E","$","R","M","M","R","B",null,"M","M","?","M","M","R","E","AVR","MIM","M","R","M","$","?","R","B",null,"M","?","$","M","?","R","E","?","T","M","?","M","E","M","R","B",null,"R","$","E","B"],"character_chosen":"THE_AUTOMATON","items_purchased":["bronze:Repair","bronze:Boost","champ:Barbells","MerchantsRug","bronze:CutThrough","bronze:Optimize+1","bronze:BronzeArmor","StuffTheSpire:RubySignet","Unceasing Top","HandDrill"],"campfire_rested":6,"item_purchase_floors":[11,11,11,30,37,53,53,53,53,53],"current_hp_per_floor":[62,62,62,52,52,44,44,33,33,20,20,41,50,52,52,60,68,66,64,64,35,34,55,23,23,29,35,56,61,61,61,61,48,65,27,27,27,37,37,58,56,72,72,81,81,55,64,73,84,43,74,84,84,53,0,0,0],"gold":154,"neow_bonus":"RANDOM_COMMON_RELIC","is_daily":false,"chose_seed":false,"campfire_upgraded":2,"win_rate":0.0,"timestamp":1611482729,"path_taken":["M","M","?","M","?","E","R","?","T","E","$","R","M","M","R","BOSS","M","M","?","M","M","R","E","AVR","MIM","M","R","M","$","?","R","BOSS","M","?","$","M","?","R","E","?","T","?","?","M","E","M","R","BOSS","R","$","E","BOSS"],"items_purchased_type":["Card","Card","Relic","Relic","Card","Card","Card","Relic","Relic","Relic"],"build_version":"2020-12-22","purchased_purges":2,"victory":false,"max_hp_per_floor":[70,70,70,70,70,70,70,70,70,70,70,70,70,70,70,70,70,70,70,70,70,70,70,70,70,70,70,70,70,70,70,70,70,70,70,70,70,70,70,70,70,84,84,84,84,84,84,84,84,84,84,84,84,84,84,84,84],"card_choices":[{"not_picked":["bronze:ForceShield","bronze:FineTuning"],"picked":"bronze:Iterate","floor":1.0},{"not_picked":["bronze:Deprecate","bronze:Separator"],"picked":"bronze:Terminator","floor":2.0},{"not_picked":["bronze:Overload","bronze:CloningBeam"],"picked":"bronze:OilSpill","floor":4.0},{"not_picked":["bronze:ForLoop","bronze:Shield"],"picked":"bronze:FineTuning","floor":6.0},{"not_picked":["bronze:GetLatest","bronze:Allocate","bronze:Backtrace"],"picked":"SKIP","floor":10.0},{"not_picked":["bronze:GetLatest","bronze:Allocate","bronze:Backtrace"],"picked":"SKIP","floor":10.0},{"not_picked":["bronze:Virus","bronze:WildBeam"],"picked":"bronze:InfiniteBeams+1","floor":13.0},{"not_picked":["bronze:Overload","bronze:DigitalCarnage"],"picked":"bronze:Iterate","floor":14.0},{"not_picked":["bronze:CleanCode+1","bronze:ShipIt"],"picked":"bronze:TinkerersToolbox","floor":16.0},{"not_picked":["bronze:Separator","bronze:Shield"],"picked":"bronze:ForceShield","floor":18.0},{"not_picked":["bronze:WhirlingStrike","bronze:Return"],"picked":"bronze:ChosenStrike","floor":19.0},{"not_picked":["bronze:Shell","bronze:ItsAFeature+1"],"picked":"bronze:BronzeOrb","floor":21.0},{"not_picked":["bronze:Constructor","bronze:BugBarrage"],"picked":"bronze:Deprecate","floor":22.0},{"not_picked":["bronze:Refactor","bronze:ChildClass"],"picked":"bronze:Iterate","floor":24.0},{"not_picked":["bronze:Separator","bronze:InfiniteBeams+1"],"picked":"bronze:Frontload","floor":26.0},{"not_picked":["bronze:BitShift+1","bronze:CleanCode+1"],"picked":"bronze:FineTuning","floor":27.0},{"not_picked":["bronze:Branch","bronze:Constructor"],"picked":"bronze:ForceShield+1","floor":29.0},{"not_picked":["bronze:ShipIt","bronze:HardenedForm+1"],"picked":"bronze:Hardcode+1","floor":33},{"not_picked":["bronze:Overheat","bronze:OilSpill"],"picked":"bronze:DelayedGuard","floor":35},{"not_picked":["bronze:Safeguard","bronze:BronzeOrb"],"picked":"bronze:FollowUp","floor":38},{"not_picked":["Transmutation","Deep Breath"],"picked":"hubris:Insight","floor":39},{"not_picked":["bronze:BugBarrage","bronze:Allocate"],"picked":"bronze:Frontload","floor":41},{"not_picked":["bronze:Deprecate+1","bronze:ForceShield+1","bronze:ClassDefault+1"],"picked":"SKIP","floor":44},{"not_picked":["bronze:Deprecate+1","bronze:ForceShield+1","bronze:ClassDefault+1"],"picked":"SKIP","floor":44},{"not_picked":["bronze:Frontload","bronze:Separator","bronze:WhirlingStrike"],"picked":"SKIP","floor":46},{"not_picked":["bronze:Safeguard+1","bronze:Deprecate+1"],"picked":"bronze:Verify+1","floor":47},{"not_picked":["bronze:Shield","bronze:Branch"],"picked":"bronze:DelayedGuard","floor":48},{"not_picked":["bronze:CutThrough","bronze:Frontload"],"picked":"bronze:Iterate+1","floor":54}],"player_experience":178627,"relics_obtained":[{"floor":6.0,"key":"potionbrewer:Torch"},{"floor":9.0,"key":"Omamori"},{"floor":10.0,"key":"Frozen Egg 2"},{"floor":24.0,"key":"Meat on the Bone"},{"floor":41,"key":"Ornamental Fan"},{"floor":42,"key":"Mango"},{"floor":43,"key":"hubris:ToyBattleship"},{"floor":47,"key":"Bottled Lightning"},{"floor":54,"key":"Whetstone"}],"event_choices":[{"damage_healed":0.0,"max_hp_gain":0.0,"max_hp_loss":0.0,"gold_gain":0.0,"event_name":"conspire:LoneGhost","player_choice":"Disagree","floor":3.0,"gold_loss":0.0,"damage_taken":0.0},{"damage_healed":0.0,"max_hp_gain":0.0,"max_hp_loss":0.0,"gold_gain":0.0,"event_name":"Living Wall","player_choice":"Grow","floor":5.0,"gold_loss":0.0,"damage_taken":0.0,"cards_upgraded":["bronze:OilSpill"]},{"damage_healed":0.0,"max_hp_gain":0.0,"max_hp_loss":0.0,"gold_gain":75.0,"event_name":"World of Goop","player_choice":"Gather Gold","floor":8.0,"gold_loss":0.0,"damage_taken":11.0},{"damage_healed":0.0,"max_hp_gain":0.0,"max_hp_loss":0.0,"gold_gain":0.0,"event_name":"Upgrade Shrine","player_choice":"Upgraded","floor":20.0,"gold_loss":0.0,"damage_taken":0.0,"cards_upgraded":["bronze:TinkerersToolbox"]},{"cards_removed":["infinitespire:Gouge"],"damage_healed":0.0,"max_hp_gain":0.0,"max_hp_loss":0.0,"gold_gain":0.0,"event_name":"betterNote:BetterNote","player_choice":"Give","floor":31.0,"gold_loss":0.0,"damage_taken":0.0,"cards_obtained":["champ:Devastate"]},{"damage_healed":0,"gold_gain":0,"player_choice":"Memory 1","damage_taken":0,"max_hp_gain":0,"max_hp_loss":0,"event_name":"SensoryStone","floor":39,"gold_loss":0},{"damage_healed":0,"gold_gain":0,"player_choice":"Fight","damage_taken":0,"max_hp_gain":0,"max_hp_loss":0,"event_name":"Mysterious Sphere","floor":42,"gold_loss":0},{"damage_healed":0,"gold_gain":275,"player_choice":"Desecrate","damage_taken":0,"max_hp_gain":0,"max_hp_loss":0,"event_name":"Golden Shrine","floor":45,"gold_loss":0,"cards_obtained":["Regret"]}],"is_beta":false,"boss_relics":[{"not_picked":["Ring of Chaos","Black Star"],"picked":"Fusion Hammer"},{"not_picked":["Replay:Bronze Core","vexMod:RockOfEvil"],"picked":"conspire:SpecialSausage"}],"items_purged_floors":[30,53],"is_endless":false,"potions_floor_spawned":[2,6,14,16,19,21,22,29,35,38,42,44,48,54],"killed_by":"The Heart","ascension_level":13}}