{"host":"iph0xvuia0glosgr","time":1611500118,"event":{"mods":["AchievementEnabler","BaseMod","Minty Spire (QoL Compilation)"],"gold_per_floor":[368,44,44,60,75,75,100,100,123,157,178,217,261,273,285,427,439,476,518,555,567,606,645,657,692,704,59,91,91,121,165,165,299,299,321,346,31,54,88,88,88,88,88,68,146,179,67,92,92,92,92],"floor_reached":50,"language":"ENG","playtime":4213,"items_purged":["Decay"],"score":520,"play_id":"bffe77c7-7da1-4d48-a006-5e66f396213b","local_time":"20210124145518","is_ascension_mode":false,"campfire_choices":[{"data":"Static Discharge","floor":6,"key":"SMITH"},{"floor":8,"key":"REST"},{"floor":15,"key":"REST"},{"floor":24,"key":"REST"},{"floor":29,"key":"REST"},{"floor":32,"key":"REST"},{"floor":40,"key":"REST"},{"floor":42,"key":"REST"},{"floor":49,"key":"REST"}],"circlet_count":0,"master_deck":["Strike_B","Strike_B","Strike_B","Strike_B","Defend_B","Defend_B","Defend_B","Defend_B","Zap+1","Dualcast","Conserve Battery","Static Discharge+1","Coolheaded","Glacier","Sunder","Ball Lightning","Injury","Leap","Glacier","Compile Driver","Capacitor","Barrage","Self Repair","Ball Lightning","Electrodynamics","PanicButton","Redo","Barrage","Leap","Multi-Cast","Steam+1","Storm","Static Discharge","Capacitor","Cold Snap","Rebound","Rebound","Self Repair+1","Ball Lightning"],"relics":["Cracked Core","Matryoshka","Boot","CeramicFish","MawBank","Golden Idol","Philosopher\u0027s Stone","Tiny Chest","Akabeko","The Courier","Bottled Lightning","Happy Flower","HornCleat","Strawberry","Black Star","Juzu Bracelet","Meat on the Bone","Sundial","Pantograph"],"acts_visited":["Exordium","TheCity","TheBeyond"],"potions_floor_usage":[19,23,30,31,31,33,36,46,50,50],"damage_taken":[{"damage":7,"enemies":"2 Louse","floor":1,"turns":3},{"damage":5,"enemies":"Cultist","floor":4,"turns":4},{"damage":13,"enemies":"Small Slimes","floor":5,"turns":3},{"damage":21,"enemies":"3 Sentries","floor":7,"turns":7},{"damage":2,"enemies":"Red Slaver","floor":10,"turns":5},{"damage":13,"enemies":"Lots of Slimes","floor":12,"turns":2},{"damage":7,"enemies":"Large Slime","floor":13,"turns":5},{"damage":26,"enemies":"Hexaghost","floor":16,"turns":9},{"damage":7,"enemies":"Shell Parasite","floor":18,"turns":8},{"damage":11,"enemies":"2 Thieves","floor":19,"turns":4},{"damage":30,"enemies":"Snake Plant","floor":20,"turns":6},{"damage":1,"enemies":"Cultist and Chosen","floor":22,"turns":5},{"damage":8,"enemies":"Snecko","floor":23,"turns":4},{"damage":26,"enemies":"Centurion and Healer","floor":25,"turns":9},{"damage":7,"enemies":"Cultist and Chosen","floor":28,"turns":4},{"damage":8,"enemies":"3 Cultists","floor":30,"turns":4},{"damage":31,"enemies":"Book of Stabbing","floor":31,"turns":6},{"damage":18,"enemies":"Champ","floor":33,"turns":11},{"damage":8,"enemies":"3 Shapes","floor":35,"turns":4},{"damage":2,"enemies":"Orb Walker","floor":36,"turns":4},{"damage":49,"enemies":"Jaw Worm Horde","floor":38,"turns":5},{"damage":10,"enemies":"3 Darklings","floor":39,"turns":3},{"damage":58,"enemies":"Writhing Mass","floor":46,"turns":6},{"damage":28,"enemies":"Transient","floor":48,"turns":5},{"damage":80,"enemies":"Awakened One","floor":50,"turns":5}],"seed_played":"6384794918180269766","potions_obtained":[{"floor":1,"key":"CultistPotion"},{"floor":12,"key":"Strength Potion"},{"floor":13,"key":"FocusPotion"},{"floor":22,"key":"EssenceOfSteel"},{"floor":25,"key":"Regen Potion"},{"floor":31,"key":"SkillPotion"},{"floor":33,"key":"SkillPotion"},{"floor":38,"key":"CultistPotion"},{"floor":39,"key":"SteroidPotion"},{"floor":44,"key":"DuplicationPotion"},{"floor":46,"key":"FearPotion"}],"is_trial":false,"path_per_floor":["M","$","?","M","M","R","E","R","T","M","?","M","M","?","R","B",null,"M","M","M","T","M","M","R","M","T","$","M","R","M","E","R","B",null,"M","M","$","M","M","R","?","R","T","?","T","M","?","M","R","B"],"character_chosen":"DEFECT","items_purchased":["Matryoshka","Static Discharge","Leap","PanicButton","Bottled Lightning","Happy Flower","HornCleat","Static Discharge","Capacitor","Juzu Bracelet","CultistPotion","Cold Snap"],"campfire_rested":8,"item_purchase_floors":[2,2,2,27,27,27,27,37,37,37,37,37],"current_hp_per_floor":[68,68,73,68,55,55,34,56,56,54,54,41,34,34,56,30,75,68,57,27,27,26,25,47,28,28,28,21,43,42,40,64,53,82,81,82,82,33,23,47,47,71,71,71,71,32,32,23,47,0,0],"gold":92,"neow_bonus":"TWO_FIFTY_GOLD","is_daily":false,"chose_seed":false,"campfire_upgraded":1,"win_rate":0.0,"timestamp":1611500118,"path_taken":["M","$","?","M","M","R","E","R","T","?","?","M","M","?","R","BOSS","M","M","?","?","M","M","R","?","T","$","M","R","M","E","R","BOSS","M","M","$","M","M","R","?","R","T","?","?","M","?","M","R","BOSS"],"items_purchased_type":["Relic","Card","Card","Card","Relic","Relic","Relic","Card","Card","Relic","Potion","Card"],"build_version":"2020-12-22","purchased_purges":1,"victory":false,"max_hp_per_floor":[75,75,75,75,75,75,75,75,75,75,75,75,75,75,75,75,75,75,75,75,75,75,75,75,75,75,75,75,75,75,82,82,82,82,82,82,82,82,82,82,82,82,82,82,82,82,82,82,82,82,82],"card_choices":[{"not_picked":["Genetic Algorithm","Darkness"],"picked":"Conserve Battery","floor":1},{"not_picked":["Hello World","Stack"],"picked":"Coolheaded","floor":4},{"not_picked":["Coolheaded","Barrage"],"picked":"Glacier","floor":5},{"not_picked":["Aggregate","Reprogram"],"picked":"Sunder","floor":7},{"not_picked":["Gash","Fission"],"picked":"Ball Lightning","floor":10},{"not_picked":["Genetic Algorithm","Auto Shields"],"picked":"Leap","floor":12},{"not_picked":["Compile Driver","Gash"],"picked":"Glacier","floor":13},{"not_picked":["Fission","Machine Learning"],"picked":"Reboot","floor":16},{"not_picked":["Stack","Undo"],"picked":"Compile Driver","floor":18},{"not_picked":["Scrape","Auto Shields"],"picked":"Capacitor","floor":19},{"not_picked":["Skim","Reprogram"],"picked":"Barrage","floor":20},{"not_picked":["Compile Driver+1","Storm"],"picked":"Self Repair","floor":22},{"not_picked":["Self Repair","Beam Cell"],"picked":"Ball Lightning","floor":23},{"not_picked":["Stack","Hologram+1"],"picked":"Electrodynamics","floor":25},{"not_picked":["Beam Cell+1","Go for the Eyes"],"picked":"Redo","floor":28},{"not_picked":["Heatsinks","Lockon+1"],"picked":"Barrage","floor":30},{"not_picked":["Stack","Seek"],"picked":"Leap","floor":31},{"not_picked":["Echo Form","Buffer"],"picked":"Multi-Cast","floor":33},{"not_picked":["Turbo","Reprogram+1"],"picked":"Steam+1","floor":35},{"not_picked":["Redo+1","Beam Cell"],"picked":"Storm","floor":36},{"not_picked":["Coolheaded","Chaos"],"picked":"Rebound","floor":38},{"not_picked":["FTL","Undo"],"picked":"Rebound","floor":39},{"not_picked":["Rebound","Force Field+1"],"picked":"Self Repair+1","floor":46},{"not_picked":["Rip and Tear+1","Turbo+1"],"picked":"Ball Lightning","floor":48}],"player_experience":223389,"relics_obtained":[{"floor":7,"key":"Boot"},{"floor":9,"key":"CeramicFish"},{"floor":9,"key":"MawBank"},{"floor":21,"key":"Tiny Chest"},{"floor":21,"key":"Akabeko"},{"floor":26,"key":"The Courier"},{"floor":31,"key":"Strawberry"},{"floor":43,"key":"Meat on the Bone"},{"floor":45,"key":"Sundial"}],"event_choices":[{"cards_removed":["Leap"],"damage_healed":5,"gold_gain":0,"player_choice":"Offered Common","damage_taken":0,"max_hp_gain":0,"max_hp_loss":0,"event_name":"Bonfire Elementals","floor":3,"gold_loss":0},{"cards_removed":["Leap"],"damage_healed":5,"gold_gain":0,"player_choice":"Offered Special","damage_taken":0,"max_hp_gain":0,"max_hp_loss":0,"event_name":"Bonfire Elementals","floor":3,"gold_loss":0},{"damage_healed":0,"gold_gain":0,"player_choice":"Take Wound","damage_taken":0,"relics_obtained":["Golden Idol"],"max_hp_gain":0,"max_hp_loss":0,"event_name":"Golden Idol","floor":11,"gold_loss":0,"cards_obtained":["Injury"]},{"damage_healed":0,"gold_gain":0,"player_choice":"Upgraded","damage_taken":0,"max_hp_gain":0,"max_hp_loss":0,"event_name":"Upgrade Shrine","floor":14,"gold_loss":0,"cards_upgraded":["Zap"]},{"cards_removed":["Reboot"],"damage_healed":0,"gold_gain":0,"player_choice":"Removed Skill","damage_taken":0,"max_hp_gain":0,"max_hp_loss":0,"event_name":"Falling","floor":41,"gold_loss":0},{"damage_healed":0,"gold_gain":0,"player_choice":"Bought 1 Potion","damage_taken":0,"max_hp_gain":0,"max_hp_loss":0,"event_name":"The Woman in Blue","floor":44,"gold_loss":0},{"damage_healed":0,"gold_gain":0,"player_choice":"Paid Gold","damage_taken":0,"relics_obtained":["Pantograph"],"max_hp_gain":0,"max_hp_loss":0,"event_name":"WeMeetAgain","floor":47,"gold_loss":112}],"is_beta":false,"boss_relics":[{"not_picked":["Snecko Eye","Busted Crown"],"picked":"Philosopher\u0027s Stone"},{"not_picked":["Cursed Key","Pandora\u0027s Box"],"picked":"Black Star"}],"items_purged_floors":[27],"is_endless":false,"potions_floor_spawned":[1,12,13,18,22,25,31,33,38,39,46],"killed_by":"Awakened One","ascension_level":0}}