{"host":"p9t7qd83igtcp2bh","time":1611464776,"event":{"mods":["2.2 Compatiblity","AchievementEnabler","BaseMod","Colored Map","Colored Powertips","Custom Start","DeckTracker","Keyboard Shortcuts","Minty Spire (QoL Compilation)","Permanent Neow","StSLib","SuperFastMode","everything is the same but u backflip on backflip"],"gold_per_floor":[366,366,381,129,54,54,84,115,115,115,115,133,158,169,169,240,240,210,135,60,73,73,73],"floor_reached":22,"language":"KOR","playtime":1001,"items_purged":["Strike_R"],"score":384,"play_id":"07a7020b-fdfb-4735-91b2-b21663b9c47c","local_time":"20210124140616","is_ascension_mode":true,"campfire_choices":[{"data":"Perfected Strike","floor":6.0,"key":"SMITH"},{"data":"Bash","floor":11.0,"key":"SMITH"},{"data":"Flame Barrier","floor":15.0,"key":"SMITH"}],"circlet_count":0,"master_deck":["AscendersBane","Strike_R","Defend_R","Defend_R","Defend_R","Bash+1","Perfected Strike+1","Fire Breathing","Feel No Pain","Uppercut+1","Flame Barrier+1","Dropkick","Offering","Shrug It Off"],"relics":["Burning Blood","Charon\u0027s Ashes","Happy Flower","Torii","Ornamental Fan","Darkstone Periapt","Orichalcum","Empty Cage"],"acts_visited":["Exordium","TheCity"],"potions_floor_usage":[],"damage_taken":[{"damage":6.0,"enemies":"Cultist","floor":1.0,"turns":4.0},{"damage":15.0,"enemies":"Small Slimes","floor":3.0,"turns":3.0},{"damage":8.0,"enemies":"3 Sentries","floor":8.0,"turns":4.0},{"damage":7.0,"enemies":"Jaw Worm","floor":12.0,"turns":3.0},{"damage":6.0,"enemies":"Gremlin Nob","floor":13.0,"turns":3.0},{"damage":2.0,"enemies":"3 Louse","floor":14.0,"turns":4.0},{"damage":13.0,"enemies":"Slime Boss","floor":16.0,"turns":6.0},{"damage":18.0,"enemies":"2 Thieves","floor":18.0,"turns":4.0},{"damage":12.0,"enemies":"3 Byrds","floor":21.0,"turns":3.0},{"damage":60,"enemies":"3 Cultists","floor":22,"turns":6}],"seed_played":"6728656683520906447","potions_obtained":[{"floor":8.0,"key":"Explosive Potion"},{"floor":13.0,"key":"SpeedPotion"},{"floor":14.0,"key":"Swift Potion"}],"is_trial":false,"path_per_floor":["M","T","M","$","?","R","?","E","T","?","R","M","E","M","R","B",null,"M","$","?","M","M"],"character_chosen":"IRONCLAD","items_purchased":["Feel No Pain","Happy Flower"],"campfire_rested":0,"item_purchase_floors":[4,4],"current_hp_per_floor":[50,50,41,41,41,41,41,39,39,39,39,38,38,42,42,35,65,53,53,53,47,0,0],"gold":73,"neow_bonus":"TWO_FIFTY_GOLD","is_daily":false,"chose_seed":false,"campfire_upgraded":3,"win_rate":0.0,"timestamp":1611464776,"path_taken":["M","?","?","$","?","R","?","E","T","?","R","M","E","?","R","BOSS","M","$","?","M","M"],"items_purchased_type":["Card","Relic"],"build_version":"2020-12-22","purchased_purges":1,"victory":false,"max_hp_per_floor":[75,75,75,75,75,75,75,75,75,75,75,75,75,75,75,75,75,75,75,75,75,75,75],"card_choices":[{"not_picked":["Thunderclap","Twin Strike"],"picked":"Perfected Strike","floor":1.0},{"not_picked":["Flame Barrier","Sword Boomerang"],"picked":"Fire Breathing","floor":3.0},{"not_picked":["Thunderclap","Uppercut","Clothesline"],"picked":"SKIP","floor":8.0},{"not_picked":["Thunderclap","Clothesline"],"picked":"Uppercut","floor":8.0},{"not_picked":["Whirlwind","Rampage","Sever Soul"],"picked":"SKIP","floor":12.0},{"not_picked":["Thunderclap","Anger"],"picked":"Flame Barrier","floor":13.0},{"not_picked":["Bloodletting","Dropkick","Headbutt"],"picked":"SKIP","floor":14.0},{"not_picked":["Bloodletting","Headbutt"],"picked":"Dropkick","floor":14.0},{"not_picked":["Reaper","Juggernaut"],"picked":"Offering","floor":16.0},{"not_picked":["Bloodletting","Sentinel","Carnage"],"picked":"SKIP","floor":18.0},{"not_picked":["Anger+1","Clash"],"picked":"Shrug It Off","floor":21.0}],"player_experience":675112,"relics_obtained":[{"floor":2.0,"key":"Charon\u0027s Ashes"},{"floor":8.0,"key":"Ornamental Fan"},{"floor":9.0,"key":"Darkstone Periapt"},{"floor":13.0,"key":"Orichalcum"}],"event_choices":[{"cards_removed":["Strike_R"],"damage_healed":0.0,"max_hp_gain":0.0,"max_hp_loss":0.0,"gold_gain":0.0,"event_name":"The Cleric","player_choice":"Card Removal","floor":5.0,"gold_loss":75.0,"damage_taken":0.0},{"damage_healed":0.0,"max_hp_gain":0.0,"max_hp_loss":0.0,"gold_gain":30.0,"event_name":"Dead Adventurer","player_choice":"Searched \u00272\u0027 times","floor":7.0,"gold_loss":0.0,"damage_taken":0.0,"relics_obtained":["Torii"]},{"damage_healed":0.0,"max_hp_gain":0.0,"max_hp_loss":0.0,"gold_gain":0.0,"event_name":"Upgrade Shrine","player_choice":"Upgraded","floor":10.0,"gold_loss":0.0,"damage_taken":0.0,"cards_upgraded":["Uppercut"]},{"cards_removed":["Defend_R"],"damage_healed":0.0,"max_hp_gain":0.0,"max_hp_loss":0.0,"gold_gain":0.0,"event_name":"Beggar","player_choice":"Gave Gold","floor":20.0,"gold_loss":75.0,"damage_taken":0.0}],"is_beta":false,"boss_relics":[{"not_picked":["Runic Dome","Astrolabe"],"picked":"Empty Cage"}],"items_purged_floors":[19],"is_endless":false,"potions_floor_spawned":[8,13,14],"killed_by":"3 Cultists","ascension_level":20}}