{"host":"iy0764csshny54kk","time":1611478028,"event":{"mods":["100% Spire Juice","Arknights The Spire","BaseMod","Bestiary","Better Altar","Better Sensory Stone","Better Skull","Better Third Choice","Block Reminder","Colored Powertips","Downfall","Highlight Path","Minty Spire (QoL Compilation)","Relic Sorter","StS++","StSLib","The Alterego","The Hierophant","The Marked"],"gold_per_floor":[111,121,74,87,104,139,139,36,84,84,84,84],"floor_reached":11,"language":"ENG","playtime":957,"items_purged":[],"score":73,"play_id":"77630ec5-294b-46bf-978b-8bcdc4fb7570","local_time":"20210124014708","is_ascension_mode":false,"campfire_choices":[{"floor":7,"key":"RECALL"}],"circlet_count":0,"master_deck":["ats:Strike C","ats:Strike G","ats:Strike S","ats:Strike V","ats:Armor Crushing Shot","ats:Defend","ats:Defend","ats:Defend","ats:Defend","ats:Emotion Absorption","ats:Apocalypse","ats:Apocalypse","ats:Part Time Job","ats:Healing Strengthening","ats:Composite Medical Shells","ats:Healing Drone"],"relics":["ats:Sanity","ats:Originium","White Beast Statue","ats:Hidden Killer","ats:Berate"],"acts_visited":["Exordium"],"potions_floor_usage":[6,6],"damage_taken":[{"damage":8,"enemies":"Jaw Worm","floor":1,"turns":6},{"damage":5,"enemies":"Small Slimes","floor":2,"turns":5},{"damage":0,"enemies":"2 Louse","floor":4,"turns":3},{"damage":63,"enemies":"Exordium Thugs","floor":5,"turns":14},{"damage":84,"enemies":"Lagavulin","floor":6,"turns":11},{"damage":77,"enemies":"Gremlin Nob","floor":11,"turns":5}],"seed_played":"-7437517076909532265","potions_obtained":[{"floor":1,"key":"SteroidPotion"},{"floor":2,"key":"Weak Potion"}],"is_trial":false,"path_per_floor":["M","M","$","M","M","E","R","$","T","?","E"],"character_chosen":"DOCTOR_CLASS","items_purchased":["ats:Apocalypse","ats:Composite Medical Shells","ats:Healing Drone"],"campfire_rested":0,"item_purchase_floors":[3,8,8],"current_hp_per_floor":[71,74,74,74,61,23,23,23,23,16,0,0],"gold":84,"neow_bonus":"TEN_PERCENT_HP_BONUS","is_daily":false,"chose_seed":false,"campfire_upgraded":0,"win_rate":0.0,"timestamp":1611478028,"path_taken":["M","M","$","M","M","E","R","$","T","?","E"],"items_purchased_type":["Card","Card","Card"],"build_version":"2020-12-22","purchased_purges":0,"victory":false,"max_hp_per_floor":[79,79,79,79,79,79,79,79,79,79,79,79],"card_choices":[{"not_picked":["ats:Mental Burst","ats:Blood Oath"],"picked":"ats:Apocalypse","floor":1},{"not_picked":["ats:Closed Bolt Burst Fire","ats:Flexible Camouflage","ats:Cat Scratch"],"picked":"SKIP","floor":2},{"not_picked":["ats:Consecutive Shot Auto","ats:Powerful Strike","ats:Assault Order"],"picked":"SKIP","floor":4},{"not_picked":["ats:Cat Scratch","ats:Shell Defense"],"picked":"ats:Part Time Job","floor":5},{"not_picked":["ats:Consecutive Shot Auto","ats:Childhood Dance"],"picked":"ats:Healing Strengthening","floor":6}],"player_experience":197359,"relics_obtained":[{"floor":6,"key":"ats:Originium"},{"floor":6,"key":"White Beast Statue"},{"floor":9,"key":"ats:Hidden Killer"}],"event_choices":[{"damage_healed":0,"gold_gain":0,"player_choice":"Relic ","damage_taken":7,"max_hp_gain":0,"max_hp_loss":0,"event_name":"betterThird:BetterScrap","floor":10,"gold_loss":0,"cards_obtained":["StSpp:SwitchWeapon"]}],"is_beta":false,"boss_relics":[],"items_purged_floors":[],"is_endless":false,"potions_floor_spawned":[1,2],"killed_by":"Gremlin Nob","ascension_level":0}}