{"host":"7gewg82ormp6yt4e","time":1611487393,"event":{"mods":["BaseMod","Block Reminder","Colored Map","DeckTracker","Highlight Path","Minty Spire (QoL Compilation)","Relic Stats","StSLib","ojb\u0027s Info Mod"],"gold_per_floor":[110,122,122,122,139,139,167,187,214,228,17,17,33,52,52,52,52],"floor_reached":16,"language":"JPN","playtime":732,"items_purged":[],"score":233,"play_id":"19c8db06-b5d8-4930-a1ab-6c23dad2d69a","local_time":"20210124202313","is_ascension_mode":true,"campfire_choices":[{"data":"Sweeping Beam","floor":6,"key":"SMITH"},{"data":"Consume","floor":15,"key":"SMITH"}],"circlet_count":0,"master_deck":["AscendersBane","Strike_B","Strike_B","Strike_B+1","Strike_B","Defend_B","Defend_B","Defend_B","Defend_B","Zap","Dualcast","Cold Snap","Conserve Battery","Sweeping Beam+1","Capacitor","Steam+1","Streamline","Consume+1","Leap"],"relics":["Cracked Core","Ancient Tea Set","MealTicket","Membership Card"],"acts_visited":["Exordium"],"potions_floor_usage":[7,8],"damage_taken":[{"damage":7,"enemies":"Cultist","floor":1,"turns":4},{"damage":2,"enemies":"Jaw Worm","floor":2,"turns":5},{"damage":4,"enemies":"Small Slimes","floor":5,"turns":3},{"damage":22,"enemies":"Lagavulin","floor":7,"turns":8},{"damage":3,"enemies":"3 Louse","floor":8,"turns":3},{"damage":3,"enemies":"2 Fungi Beasts","floor":10,"turns":3},{"damage":4,"enemies":"Gremlin Gang","floor":13,"turns":6},{"damage":8,"enemies":"3 Louse","floor":14,"turns":3},{"damage":20,"enemies":"Hexaghost","floor":16,"turns":9}],"seed_played":"-2490278074851651207","potions_obtained":[{"floor":1,"key":"BlessingOfTheForge"},{"floor":7,"key":"Fire Potion"}],"is_trial":false,"path_per_floor":["M","M","?","?","M","R","E","M","T","M","$","?","M","M","R","B"],"character_chosen":"DEFECT","items_purchased":["Membership Card","Consume"],"campfire_rested":0,"item_purchase_floors":[11,11],"current_hp_per_floor":[71,69,74,74,70,70,48,45,45,42,57,30,26,18,18,0,0],"gold":52,"neow_bonus":"TWENTY_PERCENT_HP_BONUS","is_daily":false,"chose_seed":false,"campfire_upgraded":2,"win_rate":0.0,"timestamp":1611487393,"path_taken":["M","M","?","?","M","R","E","?","T","M","$","?","M","M","R","BOSS"],"items_purchased_type":["Relic","Card"],"build_version":"2020-12-22","purchased_purges":0,"victory":false,"max_hp_per_floor":[85,85,90,90,90,90,90,90,90,90,90,90,90,90,90,90,90],"relic_stats":{"counters":[9,44],"MealTicket":15,"obtain_stats":[{"MealTicket":9,"Membership Card":11,"Cracked Core":0,"Ancient Tea Set":7},{"MealTicket":5,"Membership Card":6,"Cracked Core":0,"Ancient Tea Set":4},{"MealTicket":23,"Membership Card":26,"Cracked Core":0,"Ancient Tea Set":20}]},"card_choices":[{"not_picked":["Go for the Eyes","Gash"],"picked":"Cold Snap","floor":1},{"not_picked":["Turbo","Hologram"],"picked":"Conserve Battery","floor":2},{"not_picked":["Leap","Chill"],"picked":"Sweeping Beam","floor":5},{"not_picked":["Turbo","Gash"],"picked":"Capacitor","floor":7},{"not_picked":["Steam Power","Tempest"],"picked":"Steam","floor":8},{"not_picked":["Reinforced Body","Steam Power"],"picked":"Streamline","floor":10},{"not_picked":["Barrage","Sweeping Beam","Steam Power"],"picked":"SKIP","floor":13},{"not_picked":["Turbo","Sweeping Beam"],"picked":"Leap","floor":14}],"player_experience":2673923,"relics_obtained":[{"floor":7,"key":"Ancient Tea Set"},{"floor":9,"key":"MealTicket"}],"event_choices":[{"damage_healed":0,"gold_gain":0,"player_choice":"Donut","damage_taken":0,"max_hp_gain":5,"max_hp_loss":0,"event_name":"Big Fish","floor":3,"gold_loss":0},{"cards_removed":["Injury"],"damage_healed":0,"gold_gain":0,"player_choice":"Forget","damage_taken":0,"max_hp_gain":0,"max_hp_loss":0,"event_name":"Living Wall","floor":4,"gold_loss":0},{"damage_healed":0,"gold_gain":0,"player_choice":"Entered Light","damage_taken":27,"max_hp_gain":0,"max_hp_loss":0,"event_name":"Shining Light","floor":12,"gold_loss":0,"cards_upgraded":["Strike_B","Steam"]}],"is_beta":false,"boss_relics":[],"items_purged_floors":[],"is_endless":false,"potions_floor_spawned":[1,7],"killed_by":"Hexaghost","ascension_level":20}}