{"host":"8oad2sh1i7kph5eo","time":1611525679,"event":{"mods":["AchievementEnabler","BaseMod","Downfall","Minty Spire (QoL Compilation)","Replay The Spire","Spicy Shops","StSLib"],"gold_per_floor":[189,208,208,284,302,302,302,328,348,348,383,283,283,296,309,412,412,512,527,537,551,651,661,737,19,37,37,72,85,85,101,115,215,315,315,335,353,403,423,423,423,423,450,462,462,462,562,581,581,596,615,615],"floor_reached":53,"language":"ENG","playtime":5188,"items_purged":["Guardian:Strike_Guardian"],"score":863,"play_id":"67a9bc81-90f2-4094-b34a-78b55bba213b","local_time":"20210124140119","is_ascension_mode":true,"campfire_choices":[{"data":"Guardian:Suspension","floor":6.0,"key":"SMITH"},{"data":"Guardian:Suspension","floor":10.0,"key":"SMITH"},{"floor":12.0,"key":"REST"},{"data":"Guardian:Orbwalk","floor":30,"key":"SMITH"},{"floor":35,"key":"DIG"},{"floor":49,"key":"RECALL"}],"circlet_count":0,"master_deck":["Guardian:Defend_Guardian","Guardian:Defend_Guardian","Guardian:Defend_Guardian","Guardian:Defend_Guardian","Guardian:CurlUp","Guardian:TwinSlam","Guardian:TemporalStrike","Guardian:Suspension+1","Guardian:PiercingHide","Guardian:ExploitGems","Guardian:Suspension+1","Guardian:BronzeArmor","Guardian:FloatingOrbs","Guardian:TimeSifter","Guardian:WalkerClaw","Guardian:Planning+1","J.A.X.","Guardian:PrimingBeam","Guardian:FloatingOrbs","Guardian:Orbwalk+1","Guardian:Suspension","Guardian:PrismaticBarrier+1","Guardian:DonusPower","Amnesia","Guardian:VentSteam","Guardian:DonusPower","Guardian:StasisStrike","Jack Of All Trades","CommonCold","Guardian:CrystalBeam+1","Guardian:TemporalShield","Guardian:Gem_Green"],"relics":["Guardian:ModeShifter","Replay:Wax Seal","downfall:ShatteredFragment","Oddly Smooth Stone","Shuriken","Replay:Baseball","PreservedInsect","downfall:HeartBlessingGreen","Coffee Dripper","Replay:Multitool","HornCleat","MutagenicStrength","Quantum Egg","Toy Ornithopter","Sling","Tiny Chest","Red Mask","Replay:Wanted Poster","Bag of Marbles","Gambling Chip","TungstenRod","Potion Belt","Ring of Searing","Ring of Chaos","downfall:GremlinSack"],"acts_visited":["Exordium","TheCity","TheBeyond"],"potions_floor_usage":[23,25,26,28,37,39,39,47,50],"damage_taken":[{"damage":1.0,"enemies":"2 Louse","floor":2.0,"turns":2.0},{"damage":1.0,"enemies":"Small Slimes","floor":5.0,"turns":3.0},{"damage":8.0,"enemies":"Gremlin Nob","floor":8.0,"turns":3.0},{"damage":0.0,"enemies":"Cultist","floor":9.0,"turns":3.0},{"damage":4.0,"enemies":"3 Sentries","floor":11.0,"turns":8.0},{"damage":0.0,"enemies":"3 Louse","floor":14.0,"turns":4.0},{"damage":0.0,"enemies":"Blue Slaver","floor":15.0,"turns":3.0},{"damage":18.0,"enemies":"DF_ARCHETYPE_STREAMLINE","floor":16.0,"turns":8.0},{"damage":6.0,"enemies":"WA_ARCHETYPE_RETAIN","floor":18.0,"turns":6.0},{"damage":0.0,"enemies":"Chosen","floor":19.0,"turns":4.0},{"damage":0.0,"enemies":"3 Byrds","floor":20.0,"turns":5.0},{"damage":9.0,"enemies":"3 Cultists","floor":21.0,"turns":5.0},{"damage":16,"enemies":"downfall:Augmenter","floor":22,"turns":5},{"damage":0,"enemies":"Snake Plant","floor":23,"turns":5},{"damage":0,"enemies":"downfall:FleeingMerchant","floor":25,"turns":4},{"damage":0,"enemies":"Snecko","floor":26,"turns":3},{"damage":0,"enemies":"Masked Bandits","floor":28,"turns":4},{"damage":4,"enemies":"Shelled Parasite and Fungi","floor":29,"turns":4},{"damage":2,"enemies":"Snake Plant","floor":31,"turns":3},{"damage":0,"enemies":"Snecko","floor":32,"turns":4},{"damage":3,"enemies":"IC_MUSHROOM_ARCHETYPE","floor":33,"turns":5},{"damage":1,"enemies":"3 Darklings","floor":36,"turns":5},{"damage":14,"enemies":"Orb Walker","floor":37,"turns":3},{"damage":6,"enemies":"Orb Walker","floor":38,"turns":5},{"damage":6,"enemies":"Transient","floor":39,"turns":5},{"damage":0,"enemies":"Sphere and 2 Shapes","floor":44,"turns":3},{"damage":4,"enemies":"Sphere and 2 Shapes","floor":47,"turns":2},{"damage":8,"enemies":"Spire Growth","floor":48,"turns":3},{"damage":11,"enemies":"3 Darklings","floor":50,"turns":5},{"damage":2,"enemies":"Transient","floor":51,"turns":5},{"damage":17,"enemies":"SI_POISON_ARCHETYPE","floor":52,"turns":5}],"seed_played":"-6300462600600528455","potions_obtained":[{"floor":2.0,"key":"Fire Potion"},{"floor":4.0,"key":"Venom Potion"},{"floor":4.0,"key":"Explosive Potion"},{"floor":8.0,"key":"Guardian:AcceleratePotion"},{"floor":16.0,"key":"Energy Potion"},{"floor":19.0,"key":"Swift Potion"},{"floor":20.0,"key":"Guardian:AcceleratePotion"},{"floor":22,"key":"SkillPotion"},{"floor":23,"key":"Fruit Juice"},{"floor":26,"key":"CultistPotion"},{"floor":33,"key":"SteroidPotion"},{"floor":37,"key":"Flashbang"},{"floor":39,"key":"FearPotion"},{"floor":45,"key":"SneckoOil"},{"floor":45,"key":"Elixir"},{"floor":48,"key":"Weak Potion"}],"is_trial":false,"path_per_floor":["R","M","?","?","M","R","T","E","M","R","E","R","?","M","M","B",null,"R","M","M","M","?","M","T","$","M","?","?","M","R","M","M","B",null,"R","M","M","?","M","PTL","PTL","T","T","M","R","?","?","M","R","M","M","B",null],"character_chosen":"GUARDIAN","items_purchased":["Toy Ornithopter","Guardian:Gem_Lightblue","Guardian:Gem_Cyan","Strength Potion","Elixir","FearPotion","Sling","Tiny Chest"],"campfire_rested":1,"item_purchase_floors":[25,25,25,25,25,25,25,25],"current_hp_per_floor":[80,79,55,55,54,54,54,46,46,46,42,66,66,66,66,48,80,74,74,74,65,49,54,54,54,59,59,64,60,60,58,58,55,85,85,84,75,69,73,73,73,73,73,73,73,73,74,66,66,60,58,41],"gold":615,"neow_bonus":"RANDOM_COMMON_RELIC","is_daily":false,"chose_seed":false,"campfire_upgraded":3,"win_rate":0.0,"timestamp":1611525679,"path_taken":["R","M","?","?","?","R","T","E","M","R","E","R","?","M","M","BOSS","R","M","M","M","?","M","T","$","M","?","?","M","R","M","M","BOSS","R","M","M","?","M","PTL","PTL","?","T","M","R","?","?","M","R","?","M","BOSS"],"items_purchased_type":["Relic","Card","Card","Potion","Potion","Potion","Relic","Relic"],"build_version":"2020-12-22","purchased_purges":1,"victory":true,"max_hp_per_floor":[80,80,80,80,80,80,80,80,80,80,80,80,80,80,80,80,80,80,80,80,80,80,85,85,85,85,85,85,85,85,85,85,85,85,85,85,85,85,85,85,85,85,85,85,85,85,85,85,85,85,85,85],"card_choices":[{"not_picked":["Guardian:GuardianWhirl","Guardian:Gem_Red"],"picked":"Guardian:TemporalStrike","floor":2.0},{"not_picked":["Guardian:Gem_Green","Guardian:CrystalBeam"],"picked":"Guardian:Suspension","floor":4.0},{"not_picked":["Guardian:WalkerClaw","Guardian:TimeCapacitor"],"picked":"Guardian:PiercingHide","floor":5.0},{"not_picked":["Guardian:TemporalStrike","Guardian:CrystalBeam"],"picked":"Guardian:ExploitGems","floor":8.0},{"not_picked":["Guardian:RefractedBeam","Guardian:DecasProtection"],"picked":"Guardian:Suspension","floor":9.0},{"not_picked":["Guardian:MultiBeam","Guardian:ChargeCore"],"picked":"Guardian:BronzeArmor","floor":11.0},{"not_picked":["Guardian:Suspension","Guardian:TimeCapacitor"],"picked":"Guardian:FloatingOrbs","floor":14.0},{"not_picked":["Guardian:ChargeCore","Guardian:Reroute"],"picked":"Guardian:Gem_Crimson","floor":15.0},{"not_picked":["Guardian:BaubleBeam","Guardian:ExploitGems"],"picked":"Guardian:TimeSifter","floor":16.0},{"not_picked":["Guardian:GuardianWhirl+1","Guardian:EvasiveProtocol+1"],"picked":"Guardian:WalkerClaw","floor":18.0},{"not_picked":["Guardian:CrystalBeam","Guardian:Preprogram"],"picked":"Guardian:Planning+1","floor":19.0},{"not_picked":["Guardian:Preprogram+1","Guardian:PrismaticBarrier"],"picked":"Guardian:Gem_Lightblue","floor":20.0},{"not_picked":["Guardian:CrystalBeam","Guardian:EvasiveProtocol+1"],"picked":"Guardian:Gem_Cyan","floor":21},{"not_picked":[],"picked":"J.A.X.","floor":22},{"not_picked":["Guardian:Gem_Lightblue","Guardian:Suspension"],"picked":"Guardian:Gem_Cyan","floor":22},{"not_picked":["Guardian:TemporalStrike","Guardian:Gem_Lightblue"],"picked":"Guardian:Gem_Red","floor":23},{"not_picked":["Guardian:BronzeOrb+1","Guardian:TemporalStrike+1"],"picked":"Guardian:Gem_Synthetic","floor":25},{"not_picked":["Guardian:Reroute","Guardian:ChargeCore"],"picked":"Guardian:Orbwalk","floor":26},{"not_picked":["Guardian:Incinerate","Guardian:CrystalBeam"],"picked":"Guardian:Gem_Lightblue","floor":28},{"not_picked":["Guardian:Incinerate","Guardian:ChargeCore"],"picked":"Guardian:Gem_Green","floor":29},{"not_picked":["Guardian:Reroute+1","Guardian:ChargeCore+1"],"picked":"Guardian:Suspension","floor":31},{"not_picked":["Guardian:FastForward","Guardian:PiercingHide"],"picked":"Guardian:Gem_Green","floor":32},{"not_picked":["Guardian:BaubleBeam","Guardian:RevengeProtocol"],"picked":"Guardian:Gem_Orange","floor":33},{"not_picked":["Guardian:Gem_Green","Guardian:PrimingBeam"],"picked":"Guardian:PrismaticBarrier+1","floor":36},{"not_picked":["Guardian:ShieldSpikes+1","Guardian:Reroute","Guardian:ChargeCore+1"],"picked":"SKIP","floor":37},{"not_picked":["Guardian:PrimingBeam+1","Guardian:CrystalBeam+1"],"picked":"Guardian:Gem_Blue","floor":38},{"not_picked":["Guardian:RollAttack+1","Guardian:Preprogram+1"],"picked":"Guardian:DonusPower","floor":39},{"not_picked":["Guardian:PrismaticBarrier","Guardian:Preprogram","Guardian:PolyBeam"],"picked":"SKIP","floor":44},{"not_picked":["Guardian:TemporalStrike","Guardian:Clone+1"],"picked":"Guardian:CrystalBeam+1","floor":47},{"not_picked":["Guardian:CrystalBeam","Guardian:DonusPower"],"picked":"Guardian:TemporalShield","floor":48},{"not_picked":["Guardian:HyperBeam_Guardian","Guardian:Suspension+1"],"picked":"Guardian:Gem_Green","floor":50},{"not_picked":["Guardian:Planning","Guardian:ChargeCore+1","Guardian:PrismaticBeam"],"picked":"SKIP","floor":51}],"player_experience":169261,"relics_obtained":[{"floor":4.0,"key":"Oddly Smooth Stone"},{"floor":7.0,"key":"Shuriken"},{"floor":8.0,"key":"Replay:Baseball"},{"floor":11.0,"key":"PreservedInsect"},{"floor":18.0,"key":"Replay:Multitool"},{"floor":18.0,"key":"HornCleat"},{"floor":22,"key":"MutagenicStrength"},{"floor":24,"key":"Quantum Egg"},{"floor":28,"key":"Red Mask"},{"floor":35,"key":"Bag of Marbles"},{"floor":38,"key":"Gambling Chip"},{"floor":42,"key":"TungstenRod"},{"floor":43,"key":"Potion Belt"},{"floor":46,"key":"Ring of Searing"},{"floor":46,"key":"Ring of Chaos"},{"floor":47,"key":"downfall:GremlinSack"}],"event_choices":[{"damage_healed":0,"gold_gain":0,"player_choice":"Fought Bandits","damage_taken":0,"max_hp_gain":0,"max_hp_loss":0,"event_name":"Masked Bandits","floor":28,"gold_loss":0}],"is_beta":false,"boss_relics":[{"not_picked":["ReplayTheSpireMod:DimensionalGlitch","Replay:Grab Bag"],"picked":"Coffee Dripper"},{"not_picked":["Black Star","Velvet Choker"],"picked":"Replay:Wanted Poster"}],"items_purged_floors":[25],"is_endless":false,"potions_floor_spawned":[2,8,14,15,16,19,20,22,23,26,33,37,38,39,48],"ascension_level":1}}