{"host":"q0qnzbgdx8oqogg9","time":1611460575,"event":{"mods":["BaseMod","Minty Spire (QoL Compilation)","StSLib"],"gold_per_floor":[118,19,33,49,49,75,75,95,119,133,308,308,383,439,439,439,439],"floor_reached":16,"language":"ENG","playtime":425,"items_purged":["Injury"],"score":145,"play_id":"85dae485-32c6-44e4-9370-ff17d88bdf97","local_time":"20210123225615","is_ascension_mode":true,"campfire_choices":[{"data":"Streamline","floor":7.0,"key":"SMITH"},{"floor":12.0,"key":"REST"},{"floor":15.0,"key":"REST"}],"circlet_count":0,"master_deck":["Strike_B","Strike_B","Strike_B","Strike_B","Defend_B","Defend_B","Defend_B","Defend_B","Zap","Dualcast","Streamline+1","Gash","Rebound","Cold Snap","Sweeping Beam","Self Repair","FTL","Doubt","Skim"],"relics":["Cracked Core","Turnip","Bag of Marbles","Juzu Bracelet","Smiling Mask"],"acts_visited":["Exordium"],"potions_floor_usage":[16,16],"damage_taken":[{"damage":5.0,"enemies":"Small Slimes","floor":1.0,"turns":3.0},{"damage":7.0,"enemies":"Jaw Worm","floor":3.0,"turns":3.0},{"damage":3.0,"enemies":"2 Louse","floor":4.0,"turns":2.0},{"damage":33.0,"enemies":"Gremlin Nob","floor":6.0,"turns":5.0},{"damage":0.0,"enemies":"Exordium Thugs","floor":8.0,"turns":3.0},{"damage":12.0,"enemies":"Looter","floor":10.0,"turns":3.0},{"damage":15.0,"enemies":"3 Sentries","floor":14.0,"turns":6.0},{"damage":42,"enemies":"Hexaghost","floor":16,"turns":9}],"seed_played":"-6159299117026914420","potions_obtained":[{"floor":1.0,"key":"PowerPotion"},{"floor":3.0,"key":"Explosive Potion"},{"floor":6.0,"key":"PowerPotion"}],"is_trial":false,"path_per_floor":["M","$","M","M","$","E","R","M","T","M","?","R","?","?","R","B"],"character_chosen":"DEFECT","items_purchased":["Gash"],"campfire_rested":2,"item_purchase_floors":[2],"current_hp_per_floor":[63,63,56,53,53,20,20,20,20,15,15,37,26,18,40,0,0],"gold":439,"neow_bonus":"ONE_RARE_RELIC","is_daily":false,"chose_seed":false,"campfire_upgraded":1,"win_rate":0.0,"timestamp":1611460575,"path_taken":["M","$","M","M","$","E","R","M","T","M","?","R","?","?","R","BOSS"],"items_purchased_type":["Card"],"build_version":"2020-12-22","purchased_purges":1,"victory":false,"max_hp_per_floor":[75,75,75,75,75,75,75,75,75,75,75,75,75,75,75,75,75],"card_choices":[{"not_picked":["Defragment","Recycle"],"picked":"Streamline","floor":1.0},{"not_picked":["Go for the Eyes","Sunder"],"picked":"Rebound","floor":3.0},{"not_picked":["Compile Driver","Barrage"],"picked":"Cold Snap","floor":4.0},{"not_picked":["Biased Cognition","Redo"],"picked":"Sweeping Beam","floor":6.0},{"not_picked":["Stack","Cold Snap"],"picked":"Self Repair","floor":8.0},{"not_picked":["Melter","Hologram"],"picked":"FTL","floor":10.0},{"not_picked":["Stack","Fusion"],"picked":"Skim","floor":14.0}],"player_experience":289167,"relics_obtained":[{"floor":6.0,"key":"Bag of Marbles"},{"floor":9.0,"key":"Juzu Bracelet"},{"floor":14.0,"key":"Smiling Mask"}],"event_choices":[{"damage_healed":0.0,"max_hp_gain":0.0,"max_hp_loss":0.0,"gold_gain":175.0,"event_name":"Liars Game","player_choice":"AGREE","floor":11.0,"gold_loss":0.0,"damage_taken":0.0,"cards_obtained":["Doubt"]},{"damage_healed":0.0,"max_hp_gain":0.0,"max_hp_loss":0.0,"gold_gain":75.0,"event_name":"World of Goop","player_choice":"Gather Gold","floor":13.0,"gold_loss":0.0,"damage_taken":11.0},{"damage_healed":0.0,"max_hp_gain":0.0,"max_hp_loss":0.0,"gold_gain":30.0,"event_name":"Dead Adventurer","player_choice":"Searched \u00272\u0027 times","floor":14.0,"gold_loss":0.0,"damage_taken":0.0}],"is_beta":false,"boss_relics":[],"items_purged_floors":[2],"is_endless":false,"potions_floor_spawned":[1,3,6],"killed_by":"Hexaghost","ascension_level":9}}