{"host":"yjeq27nqd9iczda7","time":1611509089,"event":{"mods":["Arknights The Spire","BaseMod","Colored Map","Colored Powertips","Minty Spire (QoL Compilation)","StSLib","Waifu the Spire"],"gold_per_floor":[117,117,117,40,54,54,113,21,21,21,41,66,13,32,32,128,128,143,159,9,19,199,199,2,20,20,20,49,49,49,82,82,82,82],"floor_reached":33,"language":"KOR","playtime":2033,"items_purged":["ats:Defend"],"score":261,"play_id":"3f214d73-e3fa-49a7-a826-53b99a32523e","local_time":"20210125022449","is_ascension_mode":false,"campfire_choices":[{"floor":6,"key":"RECALL"},{"floor":10,"key":"REST"},{"floor":15,"key":"REST"},{"floor":23,"key":"REST"},{"floor":27,"key":"REST"},{"floor":32,"key":"REST"}],"circlet_count":0,"master_deck":["ats:Strike C","ats:Strike S","ats:Armor Crushing Shot","ats:Defend","ats:Defend","ats:Emotion Absorption+1","ats:Leaping Hammer","ats:Curse Doll","ats:Poison Spread","ats:Very Hot Blade","ats:Apocalypse","ats:Burning Ground","ats:Flexible Camouflage","ats:Sword Rain","ats:Shell Defense","ats:Mental Burst","ats:Calcification","ats:Guard Mode+1","ats:Mental Burst+1","ats:Neurotoxin+1","ats:Healing Drone+1","ats:Part Time Job","ats:Ignite","ats:Hammer On","ats:Directed Diagnosis+1","Mind Blast","ats:True Silver Slash","ats:Apocalypse","ats:Rapid Magazine","ats:Consecutive Shot Auto","ats:Chain Hook","ats:Demon Strength"],"relics":["ats:Sanity","Strawberry","ats:Originium","Happy Flower","Astrolabe","Gremlin Horn","Red Mask","Vajra"],"acts_visited":["Exordium","TheCity"],"potions_floor_usage":[7,21,25,28,31],"damage_taken":[{"damage":14,"enemies":"Small Slimes","floor":1,"turns":3},{"damage":1,"enemies":"Cultist","floor":5,"turns":3},{"damage":23,"enemies":"Lagavulin Event","floor":7,"turns":5},{"damage":3,"enemies":"Jaw Worm","floor":11,"turns":3},{"damage":29,"enemies":"Gremlin Nob","floor":12,"turns":4},{"damage":12,"enemies":"Exordium Thugs","floor":14,"turns":4},{"damage":54,"enemies":"Slime Boss","floor":16,"turns":9},{"damage":27,"enemies":"2 Thieves","floor":18,"turns":3},{"damage":19,"enemies":"Shell Parasite","floor":19,"turns":4},{"damage":33,"enemies":"Shelled Parasite and Fungi","floor":21,"turns":6},{"damage":34,"enemies":"Snecko","floor":25,"turns":6},{"damage":24,"enemies":"Masked Bandits","floor":28,"turns":4},{"damage":56,"enemies":"Gremlin Leader","floor":31,"turns":6},{"damage":109,"enemies":"Champ","floor":33,"turns":9}],"seed_played":"-6596057459654987245","potions_obtained":[{"floor":1,"key":"DuplicationPotion"},{"floor":7,"key":"ats:Emergency Sanity Potion"},{"floor":11,"key":"SteroidPotion"},{"floor":14,"key":"ColorlessPotion"},{"floor":21,"key":"PowerPotion"},{"floor":28,"key":"Block Potion"},{"floor":31,"key":"Explosive Potion"}],"is_trial":false,"path_per_floor":["M","?","?","$","M","R","?","$","T","R","M","E","$","M","R","B",null,"M","M","$","M","?","R","$","M","T","R","?","?","$","E","R","B"],"character_chosen":"DOCTOR_CLASS","items_purchased":["ats:Curse Doll","ats:Poison Spread","ats:Burning Ground","ats:Flexible Camouflage","ats:Shell Defense","ats:Ignite","ats:Hammer On","ats:True Silver Slash","ats:Apocalypse"],"campfire_rested":5,"item_purchase_floors":[4,4,8,8,13,20,20,24,24],"current_hp_per_floor":[58,63,63,63,62,62,46,46,46,71,73,49,49,42,67,29,84,64,57,57,56,31,56,56,50,50,75,60,60,60,23,48,0,0],"gold":82,"neow_bonus":"UPGRADE_CARD","is_daily":false,"chose_seed":false,"campfire_upgraded":0,"win_rate":0.0,"timestamp":1611509089,"path_taken":["M","?","?","$","?","R","?","$","T","R","M","E","$","M","R","BOSS","M","M","$","M","?","R","?","?","T","R","?","?","?","E","R","BOSS"],"items_purchased_type":["Card","Card","Card","Card","Card","Card","Card","Card","Card"],"build_version":"2020-12-22","purchased_purges":1,"victory":false,"max_hp_per_floor":[72,77,77,77,77,77,84,84,84,84,84,84,84,84,84,84,84,84,84,84,84,84,84,84,84,84,84,84,84,84,84,84,84,84],"card_choices":[{"not_picked":["ats:Explosion Area Strengthen","ats:Consecutive Shot Auto"],"picked":"ats:Leaping Hammer","floor":1},{"not_picked":["ats:Assault Order","ats:Consecutive Shot Auto"],"picked":"ats:Very Hot Blade","floor":5},{"not_picked":["ats:Powerful Strike","ats:Leaping Hammer"],"picked":"ats:Apocalypse","floor":7},{"not_picked":["ats:Consecutive Shot Auto","ats:Support Order"],"picked":"ats:Sword Rain","floor":11},{"not_picked":["ats:Automatic Cover","ats:Serious Mode"],"picked":"ats:Dogmatic Field","floor":12},{"not_picked":["ats:Very Hot Blade","ats:Leaping Hammer"],"picked":"ats:Mental Burst","floor":14},{"not_picked":["ats:Fractured Body","ats:Ambush"],"picked":"ats:Calcification","floor":16},{"not_picked":["ats:Curse Doll+1","ats:Shell Defense"],"picked":"ats:Healing Drone+1","floor":18},{"not_picked":["ats:Curse Doll+1","ats:Poison Spread+1"],"picked":"ats:Part Time Job","floor":19},{"not_picked":["ats:Assault Order+1","ats:Thermite Blade"],"picked":"ats:Directed Diagnosis+1","floor":21},{"not_picked":["ats:Part Time Job","ats:Mental Burst+1"],"picked":"ats:Rapid Magazine","floor":25},{"not_picked":["ats:Neurotoxin+1","ats:Guard Mode"],"picked":"ats:Consecutive Shot Auto","floor":28},{"not_picked":["ats:Soul Absorption","ats:Hammer On"],"picked":"ats:Demon Strength","floor":31}],"player_experience":29543,"relics_obtained":[{"floor":7,"key":"Strawberry"},{"floor":12,"key":"ats:Originium"},{"floor":12,"key":"Happy Flower"},{"floor":26,"key":"Gremlin Horn"},{"floor":28,"key":"Red Mask"},{"floor":31,"key":"ats:Originium"},{"floor":31,"key":"Vajra"}],"event_choices":[{"damage_healed":0,"gold_gain":0,"player_choice":"Donut","damage_taken":0,"max_hp_gain":5,"max_hp_loss":0,"event_name":"Big Fish","floor":2,"gold_loss":0},{"cards_removed":["ats:Strike V"],"damage_healed":0,"gold_gain":0,"player_choice":"Purged","damage_taken":0,"max_hp_gain":0,"max_hp_loss":0,"event_name":"Purifier","floor":3,"gold_loss":0},{"damage_healed":0,"gold_gain":0,"player_choice":"Searched \u00272\u0027 times","damage_taken":0,"max_hp_gain":0,"max_hp_loss":0,"event_name":"Dead Adventurer","floor":7,"gold_loss":0},{"damage_healed":0,"gold_gain":180,"player_choice":"GOLD GOLD CARD ","damage_taken":25,"max_hp_gain":0,"max_hp_loss":0,"event_name":"Knowing Skull","floor":22,"potions_obtained":[],"gold_loss":0,"cards_obtained":["Mind Blast"]},{"damage_healed":0,"gold_gain":0,"player_choice":"Fought Bandits","damage_taken":0,"max_hp_gain":0,"max_hp_loss":0,"event_name":"Masked Bandits","floor":28,"gold_loss":0},{"damage_healed":0,"gold_gain":0,"player_choice":"Read","damage_taken":0,"max_hp_gain":0,"max_hp_loss":0,"event_name":"The Library","floor":29,"gold_loss":0,"cards_obtained":["ats:Chain Hook"]}],"is_beta":false,"boss_relics":[{"not_picked":["Empty Cage","Velvet Choker"],"picked":"Astrolabe"}],"items_purged_floors":[20],"is_endless":false,"potions_floor_spawned":[1,7,11,14,21,28,31],"killed_by":"Champ","ascension_level":0}}