{"host":"srk2drlvga69hbot","time":1611507965,"event":{"mods":["BaseMod","Bestiary","Block Reminder","Colored Map","Colored Powertips","Dark Map","DeckTracker","Highlight Path","Minty Spire (QoL Compilation)","Quick Restart","Rare Cards Sparkle","Relic Stats","SuperFastMode","Unceasing Turn Reminder"],"gold_per_floor":[369,388,388,408,107,107,107,107],"floor_reached":7,"language":"ZHS","playtime":305,"items_purged":["Strike_G"],"score":53,"play_id":"cea635f7-2810-4f42-b0b8-ac6912ab98a4","local_time":"20210125010605","is_ascension_mode":true,"campfire_choices":[{"floor":6,"key":"REST"}],"circlet_count":0,"master_deck":["Strike_G","Strike_G","Strike_G","Defend_G","Defend_G","Defend_G","Defend_G","Defend_G","Survivor","Neutralize","Reflex","Expertise","Grand Finale"],"relics":["Ring of the Snake","Vajra"],"acts_visited":["Exordium"],"potions_floor_usage":[7],"damage_taken":[{"damage":1,"enemies":"Small Slimes","floor":1,"turns":4},{"damage":0,"enemies":"2 Louse","floor":2,"turns":3},{"damage":3,"enemies":"Cultist","floor":4,"turns":4},{"damage":60,"enemies":"Lagavulin","floor":7,"turns":9}],"seed_played":"-2659105751358160321","potions_obtained":[{"floor":1,"key":"Explosive Potion"}],"is_trial":false,"path_per_floor":["M","M","?","M","$","R","E"],"character_chosen":"THE_SILENT","items_purchased":["Grand Finale","Vajra"],"campfire_rested":1,"item_purchase_floors":[5,5],"current_hp_per_floor":[44,44,37,34,34,55,0,0],"gold":107,"neow_bonus":"TWO_FIFTY_GOLD","is_daily":false,"chose_seed":false,"campfire_upgraded":0,"win_rate":0.0,"timestamp":1611507965,"path_taken":["M","M","?","M","$","R","E"],"items_purchased_type":["Card","Relic"],"build_version":"2020-12-22","purchased_purges":1,"victory":false,"max_hp_per_floor":[70,70,70,70,70,70,70,70],"relic_stats":{"counters":[4,20],"obtain_stats":[{"Vajra":5,"Ring of the Snake":0},{"Vajra":3,"Ring of the Snake":0},{"Vajra":11,"Ring of the Snake":0}],"Ring of the Snake":[8]},"card_choices":[{"not_picked":["Deadly Poison","Prepared"],"picked":"Reflex","floor":1},{"not_picked":["Outmaneuver","Deadly Poison","Poisoned Stab"],"picked":"SKIP","floor":2},{"not_picked":["Dodge and Roll","Terror"],"picked":"Expertise","floor":4}],"player_experience":221362,"relics_obtained":[],"event_choices":[{"cards_removed":["Strike_G"],"damage_healed":0,"gold_gain":0,"player_choice":"Card Removal","damage_taken":7,"max_hp_gain":0,"max_hp_loss":0,"event_name":"Golden Wing","floor":3,"gold_loss":0}],"is_beta":false,"boss_relics":[],"items_purged_floors":[5],"is_endless":false,"potions_floor_spawned":[1],"killed_by":"Lagavulin","ascension_level":6}}