{"host":"3jpcvpprzj9sjffh","time":1611464228,"event":{"mods":["AchievementEnabler","BaseMod","Colored Map","Minty Spire (QoL Compilation)","Rare Cards Sparkle","SuperFastMode","everything is the same but u backflip on backflip"],"gold_per_floor":[113,113,124,144,45,45,59,59,59,78,107,207,28,41,41,137,137,154,26,26,43,56,56,56],"floor_reached":23,"language":"KOR","playtime":949,"items_purged":["Defend_P","Defend_P"],"score":193,"play_id":"96f42eaf-30c8-4c92-9016-ea36de2e6cca","local_time":"20210124135708","is_ascension_mode":false,"campfire_choices":[{"data":"Eruption","floor":6,"key":"SMITH"},{"floor":8,"key":"RECALL"},{"data":"BattleHymn","floor":15,"key":"SMITH"}],"circlet_count":0,"master_deck":["Strike_P","Strike_P","Strike_P","Strike_P","Defend_P","Defend_P","Eruption+1","Vigilance","CrushJoints","BowlingBash","EmptyBody","FollowUp","FlurryOfBlows","DeusExMachina","EmptyFist","BattleHymn+1","LikeWater","DevaForm","ClearTheMind","Sanctity","Indignation"],"relics":["PureWater","NeowsBlessing","Shuriken","Ice Cream","VioletLotus","Nilry\u0027s Codex"],"acts_visited":["TheCity"],"potions_floor_usage":[11,11,11,11,11,16,16,23],"damage_taken":[{"damage":0,"enemies":"2 Louse","floor":1,"turns":2},{"damage":0,"enemies":"Jaw Worm","floor":3,"turns":1},{"damage":0,"enemies":"Cultist","floor":4,"turns":1},{"damage":2,"enemies":"Exordium Wildlife","floor":7,"turns":2},{"damage":2,"enemies":"Looter","floor":10,"turns":2},{"damage":6,"enemies":"3 Sentries","floor":11,"turns":6},{"damage":0,"enemies":"3 Louse","floor":14,"turns":3},{"damage":10,"enemies":"The Guardian","floor":16,"turns":5},{"damage":30,"enemies":"2 Thieves","floor":18,"turns":3},{"damage":10,"enemies":"Spheric Guardian","floor":21,"turns":3},{"damage":12,"enemies":"3 Cultists","floor":22,"turns":4},{"damage":20,"enemies":"Gremlin Leader","floor":23,"turns":2}],"seed_played":"-6329272720292465520","potions_obtained":[{"floor":3,"key":"Dexterity Potion"},{"floor":4,"key":"Fruit Juice"},{"floor":7,"key":"SkillPotion"},{"floor":10,"key":"EntropicBrew"},{"floor":11,"key":"AttackPotion"},{"floor":22,"key":"Regen Potion"}],"is_trial":false,"path_per_floor":["M","?","M","M","$","R","M","R","T","M","E","?","$","M","R","B",null,"M","$","?","M","M","E"],"character_chosen":"WATCHER","items_purchased":["FollowUp","BattleHymn","ClearTheMind","Sanctity"],"campfire_rested":0,"item_purchase_floors":[5,13,19,19],"current_hp_per_floor":[72,72,72,72,72,72,70,70,70,68,67,67,67,67,67,57,77,47,47,31,21,9,0,0],"gold":56,"neow_bonus":"THREE_ENEMY_KILL","is_daily":false,"chose_seed":false,"campfire_upgraded":2,"win_rate":0.0,"timestamp":1611464228,"path_taken":["M","?","M","M","$","R","M","R","T","M","E","?","$","M","R","BOSS","M","?","?","M","M","E"],"items_purchased_type":["Card","Card","Card","Card"],"build_version":"2020-12-22","purchased_purges":2,"victory":false,"max_hp_per_floor":[72,72,72,72,72,72,72,72,72,72,77,77,77,77,77,77,77,77,77,77,77,77,77,77],"card_choices":[{"not_picked":["Protect","WreathOfFlame"],"picked":"CrushJoints","floor":1},{"not_picked":["Swivel","JustLucky"],"picked":"BowlingBash","floor":3},{"not_picked":["Halt","SandsOfTime"],"picked":"EmptyBody","floor":4},{"not_picked":["WaveOfTheHand","EmptyFist"],"picked":"FlurryOfBlows","floor":7},{"not_picked":["Collect","Nirvana"],"picked":"DeusExMachina","floor":10},{"not_picked":["EmptyBody","FlurryOfBlows"],"picked":"EmptyFist","floor":11},{"not_picked":["Prostrate","FlyingSleeves"],"picked":"LikeWater","floor":14},{"not_picked":["Omniscience","SpiritShield"],"picked":"DevaForm","floor":16},{"not_picked":["FlurryOfBlows","EmptyBody","PathToVictory"],"picked":"SKIP","floor":18},{"not_picked":["Protect+1","Wireheading","Evaluate+1"],"picked":"SKIP","floor":21},{"not_picked":["Prostrate","EmptyBody+1"],"picked":"Indignation","floor":22}],"player_experience":291313,"relics_obtained":[{"floor":9,"key":"Shuriken"},{"floor":11,"key":"Ice Cream"},{"floor":20,"key":"Nilry\u0027s Codex"}],"event_choices":[{"damage_healed":0,"gold_gain":0,"player_choice":"Ignored","damage_taken":0,"max_hp_gain":0,"max_hp_loss":0,"event_name":"Liars Game","floor":2,"gold_loss":0},{"damage_healed":0,"gold_gain":100,"player_choice":"Gold","damage_taken":0,"max_hp_gain":0,"max_hp_loss":0,"event_name":"Wheel of Change","floor":12,"gold_loss":0},{"damage_healed":0,"gold_gain":0,"player_choice":"Obtained Book","damage_taken":16,"max_hp_gain":0,"max_hp_loss":0,"event_name":"Cursed Tome","floor":20,"gold_loss":0}],"is_beta":false,"boss_relics":[{"not_picked":["Snecko Eye","Velvet Choker"],"picked":"VioletLotus"}],"items_purged_floors":[5,13],"is_endless":false,"potions_floor_spawned":[3,4,7,10,11,22],"killed_by":"Gremlin Leader","ascension_level":0}}