{"host":"8efry9zhj4tjp5kw","time":1611489721,"event":{"mods":["Act Like it!","Aspiration","Bard","BaseMod","Beaked The Cultist","Colored Map","Colored Powertips","Conspire","Downfall","Glutton Mod","Halation","Hallownest","Hermit","Highlight Path","Hubris","Infinite Spire","Jedi Mod","Jorbs\u0027s Wanderer Trilogy","Koishi","Mad Scientist","Marisa????????","Mimic Mod","Minty Spire (QoL Compilation)","Reworked Bosses","Shop Mod","StSLib","The Administrix","The Construct","The Disciple","The Jungle","The Mystic","The Necromancer","The Servant 0.9.4","Unceasing Turn Reminder"],"gold_per_floor":[99,99,99,99,115,115,151,186,186,213,247,89,100,120,134,229,229,229,245,32,45,45,55,95,95,111,141,141,241,269,281,294,396,396,296,307,326,326,336,353,353,353,373,399,409,269,280,307,325,325],"floor_reached":51,"language":"ENG","playtime":9041,"items_purged":["bronze:Strike","bronze:Boost","Parasite"],"score":1183,"play_id":"05972ac6-53b5-4e95-b76c-3fc759e6cb3d","local_time":"20210124130201","is_ascension_mode":true,"campfire_choices":[{"data":"bronze:Goto","floor":1.0,"key":"SMITH"},{"data":"bronze:FineTuning","floor":6.0,"key":"SMITH"},{"floor":9.0,"key":"REST"},{"data":"bronze:HardenedForm","floor":18,"key":"SMITH"},{"data":"bronze:HardenedForm","floor":25,"key":"SMITH"},{"data":"bronze:Branch","floor":28,"key":"SMITH"},{"data":"bronze:Constructor","floor":35,"key":"SMITH"},{"data":"bronze:Verify","floor":42,"key":"SMITH"}],"circlet_count":0,"master_deck":["bronze:Replicate","bronze:Goto+1","bronze:Iterate","bronze:Constructor+1","bronze:FineTuning+1","bronze:OilSpill","bronze:Repair","bronze:Branch+1","bronze:Shell","bronze:Terminator","bronze:Separator","bronze:HardenedForm+1","bronze:Backtrace","bronze:Shield+1","bronze:Shell","bronze:Repulsor","bronze:Repair","Finesse","bronze:HardenedForm+1","bronze:Refactor","bronze:Turbo+1","bronze:Turbo","bronze:Verify+1"],"relics":["bronze:BronzeCore","downfall:HeartsMalice","Lantern","aspiration:HiddenCompartment","Odd Mushroom","White Beast Statue","Pandora\u0027s Box","infinitespire:WardingShard","infinitespire:Satchel","downfall:GremlinWheel","infinitespire:CursedDice","hubris:ScarierMask","Toy Ornithopter","downfall:HeartBlessingGreen","Sundial","aspiration:Lifesprig","Dream Catcher"],"acts_visited":["Exordium","TheCity","TheBeyond"],"potions_floor_usage":[50,50],"damage_taken":[{"damage":0.0,"enemies":"conspire:RoseBush","floor":2.0,"turns":1.0},{"damage":0.0,"enemies":"Small Slimes","floor":3.0,"turns":1.0},{"damage":0.0,"enemies":"Cultist","floor":4.0,"turns":1.0},{"damage":5.0,"enemies":"Gremlin Gang","floor":5.0,"turns":5.0},{"damage":22.0,"enemies":"Blue Slaver","floor":7.0,"turns":14.0},{"damage":15.0,"enemies":"3 Sentries","floor":8.0,"turns":8.0},{"damage":16.0,"enemies":"The Mushroom Lair","floor":10.0,"turns":5.0},{"damage":2.0,"enemies":"Lagavulin","floor":11.0,"turns":5.0},{"damage":0.0,"enemies":"downfall:FleeingMerchant","floor":12.0,"turns":4.0},{"damage":3.0,"enemies":"Blue Slaver","floor":13.0,"turns":6.0},{"damage":51.0,"enemies":"Lots of Slimes","floor":14.0,"turns":5.0},{"damage":6.0,"enemies":"Exordium Wildlife","floor":15.0,"turns":4.0},{"damage":0.0,"enemies":"WA_ARCHETYPE_RETAIN","floor":16.0,"turns":13.0},{"damage":5,"enemies":"Shell Parasite","floor":19,"turns":7},{"damage":5,"enemies":"downfall:FleeingMerchant","floor":20,"turns":4},{"damage":1,"enemies":"Chosen","floor":21,"turns":6},{"damage":4,"enemies":"Snecko","floor":23,"turns":4},{"damage":2,"enemies":"Snake Plant","floor":24,"turns":8},{"damage":18,"enemies":"Snake Plant","floor":26,"turns":5},{"damage":2,"enemies":"conspire:SneckoGhost","floor":27,"turns":7},{"damage":23,"enemies":"conspire:SneckoGhost","floor":29,"turns":4},{"damage":11,"enemies":"Gremlin Leader","floor":30,"turns":8},{"damage":7,"enemies":"Shelled Parasite and Fungi","floor":31,"turns":8},{"damage":0,"enemies":"Cultist and Chosen","floor":32,"turns":7},{"damage":0,"enemies":"IC_MUSHROOM_ARCHETYPE","floor":33,"turns":9},{"damage":9,"enemies":"Orb Walker","floor":36,"turns":5},{"damage":0,"enemies":"3 Shapes","floor":37,"turns":5},{"damage":0,"enemies":"Writhing Mass","floor":39,"turns":8},{"damage":10,"enemies":"Maw","floor":40,"turns":8},{"damage":17,"enemies":"Transient","floor":43,"turns":5},{"damage":0,"enemies":"Nightmare","floor":44,"turns":11},{"damage":0,"enemies":"Sphere and 2 Shapes","floor":45,"turns":5},{"damage":0,"enemies":"downfall:FleeingMerchant","floor":46,"turns":4},{"damage":0,"enemies":"4 Shapes","floor":47,"turns":6},{"damage":0,"enemies":"Giant Head","floor":48,"turns":10},{"damage":0,"enemies":"Jaw Worm Horde","floor":49,"turns":5},{"damage":18,"enemies":"SI_POISON_ARCHETYPE","floor":50,"turns":9}],"seed_played":"337835458817860504","potions_obtained":[{"floor":5.0,"key":"SteroidPotion"},{"floor":10.0,"key":"jedi:hoardpotion"},{"floor":11.0,"key":"Ancient Potion"},{"floor":12.0,"key":"jedi:StrikingPotion"},{"floor":14.0,"key":"EssenceOfSteel"},{"floor":16.0,"key":"SpeedPotion"},{"floor":19,"key":"bronze:CleanCodePotion"},{"floor":44,"key":"BlessingOfTheForge"},{"floor":48,"key":"Dexterity Potion"},{"floor":49,"key":"Strength Potion"}],"is_trial":false,"path_per_floor":["R","M","M","M","M","R","MIM","E","R","?","E","$","M","M","M","B",null,"R","M","$","M","?","M","MIM","R","M","E","R","?","E","M","M","B",null,"R","M","M","?","M","M","T","R","M","NM","M","$","M","E","M","B",null],"character_chosen":"THE_AUTOMATON","items_purchased":["bronze:Terminator","Finesse"],"campfire_rested":1,"item_purchase_floors":[12,20],"current_hp_per_floor":[70,70,70,70,65,65,43,35,56,47,45,52,56,13,14,22,70,70,70,65,70,70,66,70,70,66,70,70,47,50,57,70,70,70,70,69,70,62,70,60,60,60,50,64,70,67,67,67,67,59],"gold":325,"neow_bonus":"THREE_ENEMY_KILL","is_daily":false,"chose_seed":false,"campfire_upgraded":7,"win_rate":0.0,"timestamp":1611489721,"path_taken":["R","M","M","M","M","R","MIM","E","R","?","E","$","M","M","M","BOSS","R","M","$","M","?","?","MIM","R","?","E","R","?","E","?","M","BOSS","R","M","M","?","M","M","T","R","M","NM","M","$","M","E","M","BOSS"],"items_purchased_type":["Card","Card"],"build_version":"2020-12-22","purchased_purges":3,"victory":true,"max_hp_per_floor":[70,70,70,70,70,70,70,70,70,70,70,70,70,70,70,70,70,70,70,70,70,70,70,70,70,70,70,70,70,70,70,70,70,70,70,70,70,70,70,70,70,70,70,70,70,67,67,67,67,67],"card_choices":[{"not_picked":["bronze:Turbo","bronze:Philosophize"],"picked":"bronze:Iterate","floor":2.0},{"not_picked":["bronze:Iterate","bronze:Invalidate"],"picked":"bronze:Constructor","floor":3.0},{"not_picked":["bronze:Overheat","bronze:DelayedGuard"],"picked":"bronze:FineTuning","floor":4.0},{"not_picked":["bronze:ChildClass","bronze:BitShift"],"picked":"bronze:OilSpill","floor":5.0},{"not_picked":["bronze:Deprecate","bronze:InfiniteLoop"],"picked":"bronze:Repair","floor":7.0},{"not_picked":["bronze:Constructor","bronze:ClassDefault"],"picked":"bronze:Branch","floor":8.0},{"not_picked":["bronze:Frontload","bronze:ClassDefault"],"picked":"bronze:Shell","floor":11.0},{"not_picked":["bronze:Iterate","bronze:Invalidate","bronze:CutThrough"],"picked":"SKIP","floor":12.0},{"not_picked":["bronze:BugBarrage","bronze:Overheat","bronze:FollowUp"],"picked":"SKIP","floor":13.0},{"not_picked":["bronze:WildBeam","bronze:Iterate","bronze:DigitalCarnage"],"picked":"SKIP","floor":14.0},{"not_picked":["bronze:DigitalCarnage","bronze:FineTuning"],"picked":"bronze:Separator","floor":15.0},{"not_picked":["bronze:RecursiveStrike","bronze:Mutator"],"picked":"bronze:HardenedForm","floor":16.0},{"not_picked":["bronze:FineTuning","bronze:BuggyMess+1"],"picked":"bronze:Repair","floor":19},{"not_picked":["bronze:Separator","bronze:Shield","bronze:BugBarrage"],"picked":"SKIP","floor":20},{"not_picked":["bronze:CutThrough+1","bronze:WildBeam"],"picked":"bronze:HardenedForm","floor":21},{"not_picked":["bronze:DelayedSlice","bronze:ClassDefault","bronze:Repulsor"],"picked":"SKIP","floor":23},{"not_picked":["bronze:Shield","bronze:CutThrough+1","bronze:GetLatest"],"picked":"SKIP","floor":26},{"not_picked":["bronze:FineTuning","bronze:Safeguard+1","bronze:BitShift"],"picked":"SKIP","floor":27},{"not_picked":["bronze:CutThrough","bronze:SpaghettiCode"],"picked":"bronze:Refactor","floor":30},{"not_picked":["bronze:WildBeam","bronze:DigitalCarnage+1","bronze:Deprecate"],"picked":"SKIP","floor":31},{"not_picked":["bronze:Shield","bronze:DarkDash"],"picked":"bronze:Turbo+1","floor":32},{"not_picked":["bronze:NullPointer","bronze:Frontload","bronze:ItsAFeature+1"],"picked":"SKIP","floor":36},{"not_picked":["bronze:NullPointer+1","bronze:Shell+1"],"picked":"bronze:Turbo","floor":37},{"not_picked":["bronze:BuggyMess+1","bronze:Branch","bronze:Safeguard+1"],"picked":"SKIP","floor":39},{"not_picked":["bronze:BugBarrage+1","bronze:Shell+1"],"picked":"bronze:Verify","floor":40},{"not_picked":["bronze:Frontload+1","bronze:OilSpill","bronze:WildBeam+1"],"picked":"SKIP","floor":43},{"not_picked":["bronze:BitShift+1","bronze:Refactor+1","bronze:MaxOutput"],"picked":"SKIP","floor":44},{"not_picked":["bronze:Overheat+1","bronze:BuggyMess+1","bronze:Return+1"],"picked":"SKIP","floor":45},{"not_picked":["bronze:DelayedSlice+1","bronze:Frontload+1","bronze:Overheat+1"],"picked":"SKIP","floor":46},{"not_picked":["bronze:Overheat","bronze:BitShift+1","bronze:WhirlingStrike+1"],"picked":"SKIP","floor":47},{"not_picked":["bronze:Repulsor","bronze:BugBarrage","bronze:Constructor+1"],"picked":"SKIP","floor":48},{"not_picked":["bronze:Branch","bronze:BugBarrage+1","bronze:FindAndReplace"],"picked":"SKIP","floor":49}],"player_experience":1109585,"relics_obtained":[{"floor":7.0,"key":"Lantern"},{"floor":8.0,"key":"aspiration:HiddenCompartment"},{"floor":10.0,"key":"Odd Mushroom"},{"floor":11.0,"key":"White Beast Statue"},{"floor":24,"key":"infinitespire:WardingShard"},{"floor":27,"key":"infinitespire:Satchel"},{"floor":29,"key":"downfall:GremlinWheel"},{"floor":30,"key":"infinitespire:CursedDice"},{"floor":35,"key":"Toy Ornithopter"},{"floor":41,"key":"Sundial"},{"floor":44,"key":"aspiration:Lifesprig"},{"floor":48,"key":"Dream Catcher"}],"event_choices":[{"damage_healed":0.0,"max_hp_gain":0.0,"max_hp_loss":0.0,"gold_gain":0.0,"event_name":"Mushrooms","player_choice":"Fought Mushrooms","floor":10.0,"gold_loss":0.0,"damage_taken":0.0},{"damage_healed":0,"gold_gain":0,"player_choice":"Relic","damage_taken":0,"max_hp_gain":0,"max_hp_loss":0,"event_name":"Wheel of Change","floor":35,"gold_loss":0}],"is_beta":false,"boss_relics":[{"not_picked":["halation:HeavySnake","Runic Dome"],"picked":"Pandora\u0027s Box"},{"not_picked":["halation:ForbiddenBikini","aspiration:RitualDagger"],"picked":"hubris:ScarierMask"}],"items_purged_floors":[12,20,46],"is_endless":false,"potions_floor_spawned":[5,10,11,12,13,14,15,16,19,20,21,23,24,26,27,29,30,31,32,33,36,37,39,40,43,44,45,46,47,48,49],"ascension_level":4}}