{"host":"avjwtc49fhlk6kym","time":1611519639,"event":{"mods":["AchievementEnabler","BaseMod","Better Match","Better Note","Better Third Choice","Colored Map","Colored Powertips","Displayed Cursed Tome","Highlight Path","Minty Spire (QoL Compilation)","Permanent Neow","Quick Restart","StSLib"],"gold_per_floor":[113,113,133,147,163,163,176,203,203,203,223,223,254,27,27,146,146,160,160,176,189,7,7,32,32,101,124,124,168,191,191,191,191,191],"floor_reached":33,"language":"ENG","playtime":1184,"items_purged":["Pain"],"score":354,"play_id":"c390dfae-ba37-4f03-8258-879b73126c9f","local_time":"20210124152039","is_ascension_mode":false,"campfire_choices":[{"data":"WheelKick","floor":6.0,"key":"SMITH"},{"data":"Eruption","floor":10.0,"key":"SMITH"},{"floor":15.0,"key":"REST"},{"data":"Establishment","floor":23.0,"key":"SMITH"},{"data":"CrushJoints","floor":28.0,"key":"SMITH"},{"floor":32,"key":"REST"}],"circlet_count":0,"master_deck":["Strike_P","Strike_P","Strike_P","Strike_P","Defend_P","Defend_P","Defend_P","Eruption+1","Vigilance","SandsOfTime+1","FlyingSleeves","CutThroughFate","PathToVictory","WheelKick+1","InnerPeace","Conclude","CrushJoints+1","Injury","WheelKick","WindmillStrike","Establishment+1","Wallop+1","Wireheading","CutThroughFate+1","ThirdEye","PathToVictory","SandsOfTime","Prostrate"],"relics":["PureWater","Tiny Chest","Darkstone Periapt","Golden Idol","The Courier","Gremlin Horn","WarpedTongs","Medical Kit","HornCleat","Juzu Bracelet","Singing Bowl"],"acts_visited":["Exordium","TheCity"],"potions_floor_usage":[30],"damage_taken":[{"damage":0.0,"enemies":"2 Louse","floor":1.0,"turns":2.0},{"damage":0.0,"enemies":"Cultist","floor":3.0,"turns":2.0},{"damage":5.0,"enemies":"Jaw Worm","floor":4.0,"turns":3.0},{"damage":10.0,"enemies":"Looter","floor":5.0,"turns":2.0},{"damage":0.0,"enemies":"3 Louse","floor":7.0,"turns":2.0},{"damage":0.0,"enemies":"Gremlin Nob","floor":8.0,"turns":1.0},{"damage":7.0,"enemies":"Blue Slaver","floor":11.0,"turns":2.0},{"damage":10.0,"enemies":"3 Sentries","floor":13.0,"turns":4.0},{"damage":0.0,"enemies":"Slime Boss","floor":16.0,"turns":4.0},{"damage":5.0,"enemies":"Spheric Guardian","floor":18.0,"turns":3.0},{"damage":1.0,"enemies":"Chosen","floor":20.0,"turns":4.0},{"damage":10.0,"enemies":"Snecko","floor":21.0,"turns":4.0},{"damage":19.0,"enemies":"3 Cultists","floor":24.0,"turns":5.0},{"damage":9.0,"enemies":"Centurion and Healer","floor":27.0,"turns":5.0},{"damage":51,"enemies":"Book of Stabbing","floor":29,"turns":6},{"damage":22,"enemies":"Shelled Parasite and Fungi","floor":30,"turns":5},{"damage":33,"enemies":"Collector","floor":33,"turns":6}],"seed_played":"-2327083266978236401","potions_obtained":[{"floor":5.0,"key":"LiquidMemories"},{"floor":7.0,"key":"Ambrosia"},{"floor":8.0,"key":"Strength Potion"},{"floor":11.0,"key":"Fire Potion"},{"floor":16.0,"key":"SteroidPotion"},{"floor":20.0,"key":"Explosive Potion"},{"floor":21.0,"key":"Ancient Potion"},{"floor":29,"key":"AttackPotion"}],"is_trial":false,"path_per_floor":["M","?","M","M","M","R","M","E","T","R","M","?","E","$","R","B",null,"M","?","M","M","$","R","M","?","T","M","R","E","M","T","R","B"],"character_chosen":"WATCHER","items_purchased":["Gremlin Horn","WindmillStrike","Medical Kit"],"campfire_rested":2,"item_purchase_floors":[14,14,22],"current_hp_per_floor":[72,72,72,67,57,57,57,57,57,57,50,56,46,46,69,69,78,73,79,78,68,68,68,49,84,84,75,75,24,2,2,27,0,0],"gold":191,"neow_bonus":"TRANSFORM_CARD","is_daily":false,"chose_seed":false,"campfire_upgraded":4,"win_rate":0.0,"timestamp":1611519639,"path_taken":["M","?","?","M","M","R","M","E","T","R","M","?","E","$","R","BOSS","M","?","M","M","$","R","M","?","T","M","R","E","M","?","R","BOSS"],"items_purchased_type":["Relic","Card","Relic"],"build_version":"2020-12-22","purchased_purges":1,"victory":false,"max_hp_per_floor":[72,72,72,72,72,72,72,72,72,72,72,78,78,78,78,78,78,78,84,84,84,84,84,84,84,84,84,84,84,84,84,84,84,84],"card_choices":[{"not_picked":["FlurryOfBlows","Halt"],"picked":"FlyingSleeves","floor":1.0},{"not_picked":["WreathOfFlame","Adaptation"],"picked":"CutThroughFate","floor":3.0},{"not_picked":["Pray","Crescendo"],"picked":"PathToVictory","floor":4.0},{"not_picked":["WindmillStrike","EmptyBody"],"picked":"WheelKick","floor":5.0},{"not_picked":["FlyingSleeves","Ragnarok"],"picked":"InnerPeace","floor":7.0},{"not_picked":["EmptyMind","WreathOfFlame"],"picked":"Conclude","floor":8.0},{"not_picked":["CutThroughFate","ReachHeaven"],"picked":"CrushJoints","floor":11.0},{"not_picked":["MentalFortress","JustLucky"],"picked":"WheelKick","floor":13.0},{"not_picked":["DevaForm","Ragnarok"],"picked":"Establishment","floor":16.0},{"not_picked":["JustLucky","ClearTheMind"],"picked":"Wallop+1","floor":18.0},{"not_picked":["ThirdEye","SandsOfTime"],"picked":"Wireheading","floor":20.0},{"not_picked":["SignatureMove","EmptyBody"],"picked":"CutThroughFate+1","floor":21.0},{"not_picked":["Conclude+1","FlurryOfBlows"],"picked":"ThirdEye","floor":24.0},{"not_picked":["FlyingSleeves","SashWhip"],"picked":"PathToVictory","floor":27.0},{"not_picked":["WreathOfFlame+1","CutThroughFate"],"picked":"SandsOfTime","floor":29},{"not_picked":["Consecrate","Collect"],"picked":"Prostrate","floor":30}],"player_experience":405003,"relics_obtained":[{"floor":8.0,"key":"Tiny Chest"},{"floor":9.0,"key":"Darkstone Periapt"},{"floor":13.0,"key":"The Courier"},{"floor":26.0,"key":"HornCleat"},{"floor":29,"key":"Juzu Bracelet"},{"floor":31,"key":"Singing Bowl"}],"event_choices":[{"damage_healed":0.0,"max_hp_gain":0.0,"max_hp_loss":0.0,"gold_gain":0.0,"event_name":"Upgrade Shrine","player_choice":"Upgraded","floor":2.0,"gold_loss":0.0,"damage_taken":0.0,"cards_upgraded":["SandsOfTime"]},{"damage_healed":0.0,"max_hp_gain":0.0,"max_hp_loss":0.0,"gold_gain":0.0,"event_name":"Golden Idol","player_choice":"Take Wound","floor":12.0,"gold_loss":0.0,"damage_taken":0.0,"relics_obtained":["Golden Idol"],"cards_obtained":["Injury"]},{"damage_healed":0.0,"max_hp_gain":0.0,"max_hp_loss":0.0,"gold_gain":0.0,"event_name":"Accursed Blacksmith","player_choice":"Rummage","floor":19.0,"gold_loss":0.0,"damage_taken":0.0,"relics_obtained":["WarpedTongs"],"cards_obtained":["Pain"]},{"damage_healed":35.0,"max_hp_gain":0.0,"max_hp_loss":0.0,"gold_gain":0.0,"event_name":"Wheel of Change","player_choice":"Full Heal","floor":25.0,"gold_loss":0.0,"damage_taken":0.0}],"is_beta":false,"boss_relics":[{"not_picked":["Velvet Choker","Runic Pyramid","Fusion Hammer"]}],"items_purged_floors":[22],"is_endless":false,"potions_floor_spawned":[5,7,8,11,16,20,21,29],"killed_by":"Collector","ascension_level":0}}