{"host":"vddkjx04kiwje1tk","time":1611493260,"event":{"mods":["AchievementEnabler","BaseMod","Colored Map","Minty Spire (QoL Compilation)","Quick Restart","SuperFastMode"],"gold_per_floor":[109,109,109,120,45,79,79,94,94,174,174,236,136,148,148,247,247,266,266,266,266,141,141,166,16,40,55,66,66,0,0,0,107,107,126,126,140,150,150,150,163,175,248,248,260,34,34,64,64,64],"floor_reached":51,"language":"KOR","playtime":1805,"items_purged":["Defend_P","Strike_P","Defend_P","Strike_P","Perseverance+1"],"score":783,"play_id":"dfaa3fd6-ebf8-409f-aecf-b0acd79e0b9e","local_time":"20210124220100","is_ascension_mode":true,"campfire_choices":[{"data":"Judgement","floor":7,"key":"SMITH"},{"data":"Pray","floor":11,"key":"SMITH"},{"data":"Eruption","floor":15,"key":"SMITH"},{"data":"Vault","floor":23,"key":"SMITH"},{"floor":29,"key":"REST"},{"data":"Ragnarok","floor":32,"key":"SMITH"},{"data":"DeusExMachina","floor":40,"key":"SMITH"},{"data":"Perseverance","floor":44,"key":"SMITH"},{"floor":47,"key":"REST"},{"data":"Vigilance","floor":49,"key":"SMITH"}],"circlet_count":0,"master_deck":["Strike_P","Defend_P","Eruption+1","Vigilance+1","Pray+1","Judgement+1","Ragnarok+1","Vault+1","Vault+1","DeusExMachina+1"],"relics":["PureWater","NeowsBlessing","HornCleat","Pocketwatch","Damaru","InkBottle","Bronze Scales","VioletLotus","Nilry\u0027s Codex","Bag of Preparation","CeramicFish","SlaversCollar","Toxic Egg 2","Ice Cream"],"acts_visited":["Exordium","TheCity","TheBeyond"],"potions_floor_usage":[28,33,33,33,42,50,50],"damage_taken":[{"damage":0,"enemies":"Jaw Worm","floor":1,"turns":1},{"damage":0,"enemies":"Small Slimes","floor":4,"turns":1},{"damage":0,"enemies":"Lagavulin","floor":6,"turns":1},{"damage":3,"enemies":"2 Louse","floor":8,"turns":2},{"damage":11,"enemies":"Lagavulin Event","floor":12,"turns":4},{"damage":6,"enemies":"Looter","floor":14,"turns":2},{"damage":29,"enemies":"Hexaghost","floor":16,"turns":8},{"damage":0,"enemies":"Spheric Guardian","floor":18,"turns":2},{"damage":38,"enemies":"Book of Stabbing","floor":24,"turns":5},{"damage":4,"enemies":"Chosen","floor":27,"turns":3},{"damage":0,"enemies":"Centurion and Healer","floor":28,"turns":3},{"damage":28,"enemies":"Champ","floor":33,"turns":6},{"damage":0,"enemies":"3 Shapes","floor":35,"turns":2},{"damage":0,"enemies":"Orb Walker","floor":37,"turns":2},{"damage":8,"enemies":"4 Shapes","floor":38,"turns":4},{"damage":0,"enemies":"Jaw Worm Horde","floor":41,"turns":4},{"damage":0,"enemies":"Writhing Mass","floor":42,"turns":3},{"damage":0,"enemies":"4 Shapes","floor":45,"turns":3},{"damage":1,"enemies":"Reptomancer","floor":48,"turns":4},{"damage":50,"enemies":"Donu and Deca","floor":50,"turns":7}],"seed_played":"-7203719683631700099","potions_obtained":[{"floor":12,"key":"SpeedPotion"},{"floor":18,"key":"DuplicationPotion"},{"floor":27,"key":"EntropicBrew"},{"floor":35,"key":"DistilledChaos"},{"floor":42,"key":"StancePotion"}],"is_trial":false,"path_per_floor":["M","?","?","M","$","E","R","M","T","T","R","?","$","M","R","B",null,"M","?","?","?","$","R","E","$","T","M","M","R","?","?","R","B",null,"M","?","M","M","$","R","M","M","T","R","M","$","R","E","R","B",null],"character_chosen":"WATCHER","items_purchased":["Fire Potion"],"campfire_rested":2,"item_purchase_floors":[46],"current_hp_per_floor":[72,72,69,69,69,69,69,66,66,66,66,55,55,49,49,20,72,72,72,56,56,56,56,18,18,18,14,14,35,35,35,35,7,72,72,72,72,64,64,64,64,64,64,64,64,64,72,71,71,21],"gold":64,"neow_bonus":"THREE_ENEMY_KILL","is_daily":false,"chose_seed":false,"campfire_upgraded":8,"win_rate":0.0,"timestamp":1611493260,"path_taken":["M","?","?","M","$","E","R","M","T","?","R","?","$","M","R","BOSS","M","?","?","?","$","R","E","$","T","M","M","R","?","?","R","BOSS","M","?","M","M","$","R","M","M","T","R","M","$","R","E","R","BOSS"],"items_purchased_type":["Potion"],"build_version":"2020-12-22","purchased_purges":5,"victory":true,"max_hp_per_floor":[72,72,72,72,72,72,72,72,72,72,72,72,72,72,72,72,72,72,72,72,72,72,72,72,72,72,72,72,72,72,72,72,72,72,72,72,72,72,72,72,72,72,72,72,72,72,72,72,72,72],"card_choices":[{"not_picked":["FlurryOfBlows","Wallop","Consecrate"],"picked":"SKIP","floor":1},{"not_picked":["BowlingBash","CutThroughFate"],"picked":"Pray","floor":4},{"not_picked":["CrushJoints","Establishment"],"picked":"Judgement","floor":6},{"not_picked":["WindmillStrike","Perseverance","LikeWater"],"picked":"SKIP","floor":8},{"not_picked":["SignatureMove","ReachHeaven","EmptyMind"],"picked":"SKIP","floor":14},{"not_picked":["Blasphemy","MasterReality"],"picked":"Ragnarok","floor":16},{"not_picked":["SashWhip+1","FollowUp","Evaluate+1"],"picked":"SKIP","floor":18},{"not_picked":["Meditate","Crescendo"],"picked":"Vault","floor":24},{"not_picked":["SashWhip","EmptyMind","FlyingSleeves+1"],"picked":"SKIP","floor":27},{"not_picked":["ThirdEye+1","SashWhip","Protect+1"],"picked":"SKIP","floor":28},{"not_picked":["ConjureBlade","Judgement"],"picked":"DeusExMachina","floor":33},{"not_picked":["Consecrate+1","ThirdEye","FlyingSleeves"],"picked":"SKIP","floor":35},{"not_picked":["Protect+1","Consecrate+1","Fasting2+1"],"picked":"SKIP","floor":37},{"not_picked":["CrushJoints","EmptyBody+1","PathToVictory"],"picked":"SKIP","floor":38},{"not_picked":["SpiritShield","Protect+1","ThirdEye"],"picked":"SKIP","floor":41},{"not_picked":["EmptyBody","Meditate+1","JustLucky"],"picked":"SKIP","floor":42},{"not_picked":["CutThroughFate","Prostrate+1","Crescendo+1"],"picked":"SKIP","floor":45},{"not_picked":["Protect+1","Consecrate","ForeignInfluence+1"],"picked":"SKIP","floor":48}],"player_experience":214682,"relics_obtained":[{"floor":6,"key":"Pocketwatch"},{"floor":9,"key":"Damaru"},{"floor":10,"key":"InkBottle"},{"floor":12,"key":"Bronze Scales"},{"floor":20,"key":"Nilry\u0027s Codex"},{"floor":24,"key":"Bag of Preparation"},{"floor":26,"key":"CeramicFish"},{"floor":43,"key":"Toxic Egg 2"},{"floor":48,"key":"Ice Cream"}],"event_choices":[{"damage_healed":0,"gold_gain":0,"player_choice":"Ignored","damage_taken":0,"max_hp_gain":0,"max_hp_loss":0,"event_name":"Liars Game","floor":2,"gold_loss":0},{"damage_healed":0,"gold_gain":0,"player_choice":"Success","damage_taken":3,"relics_obtained":["HornCleat"],"max_hp_gain":0,"max_hp_loss":0,"event_name":"Scrap Ooze","floor":3,"gold_loss":0},{"damage_healed":0,"gold_gain":0,"player_choice":"Searched \u00271\u0027 times","damage_taken":0,"max_hp_gain":0,"max_hp_loss":0,"event_name":"Dead Adventurer","floor":12,"gold_loss":0},{"damage_healed":0,"gold_gain":0,"player_choice":"Ignored","damage_taken":0,"max_hp_gain":0,"max_hp_loss":0,"event_name":"Ghosts","floor":19,"gold_loss":0},{"damage_healed":0,"gold_gain":0,"player_choice":"Obtained Book","damage_taken":16,"max_hp_gain":0,"max_hp_loss":0,"event_name":"Cursed Tome","floor":20,"gold_loss":0},{"damage_healed":0,"gold_gain":0,"cards_transformed":["Strike_P","Defend_P"],"player_choice":"Became Test Subject","damage_taken":0,"max_hp_gain":0,"max_hp_loss":0,"event_name":"Drug Dealer","floor":21,"gold_loss":0,"cards_obtained":["Vault","Perseverance"]},{"damage_healed":0,"gold_gain":0,"player_choice":"Paid Fearfully","damage_taken":0,"max_hp_gain":0,"max_hp_loss":0,"event_name":"Masked Bandits","floor":30,"gold_loss":66},{"damage_healed":0,"gold_gain":0,"player_choice":"Forge","damage_taken":0,"max_hp_gain":0,"max_hp_loss":0,"event_name":"Accursed Blacksmith","floor":31,"gold_loss":0,"cards_upgraded":["Vault"]},{"damage_healed":0,"gold_gain":0,"player_choice":"Ignored","damage_taken":0,"max_hp_gain":0,"max_hp_loss":0,"event_name":"Tomb of Lord Red Mask","floor":36,"gold_loss":0}],"is_beta":false,"boss_relics":[{"not_picked":["Philosopher\u0027s Stone","Cursed Key"],"picked":"VioletLotus"},{"not_picked":["Calling Bell","Coffee Dripper"],"picked":"SlaversCollar"}],"items_purged_floors":[5,13,22,25,46],"is_endless":false,"potions_floor_spawned":[12,18,27,35,42],"ascension_level":2}}