{"host":"iphsb0ccnjx0pfn6","time":1611485610,"event":{"mods":["2.2 Compatiblity","AchievementEnabler","BaseMod","Colored Map","DeckTracker","Keyboard Shortcuts","Minty Spire (QoL Compilation)","Permanent Neow","Quick Restart","Relic Stats","StSLib","SuperFastMode","Uncapped","everything is the same but u backflip on backflip"],"gold_per_floor":[115,115,40,59,73,73,106,121,175,43,43,81,107,117,117,198,288,310,37,66,94,19,48,48,48,74,74,124,124,124],"floor_reached":29,"language":"KOR","playtime":587,"items_purged":["Pain","Storm of Steel"],"score":506,"play_id":"e8685cc2-5084-431e-96cb-315ccc4b2946","local_time":"20210124195330","is_ascension_mode":true,"campfire_choices":[{"data":"Deadly Poison","floor":6.0,"key":"SMITH"},{"data":"Cloak And Dagger","floor":11.0,"key":"SMITH"},{"floor":15,"key":"REST"},{"data":"Wraith Form v2","floor":25,"key":"SMITH"},{"floor":27,"key":"REST"}],"circlet_count":0,"master_deck":["AscendersBane","Survivor","Neutralize","Deadly Poison+1","Infinite Blades","Cloak And Dagger+1","Corpse Explosion","Wraith Form v2+1","Catalyst","Storm of Steel","Riddle With Holes","Predator","Doppelganger","Quick Slash","Heel Hook","Accuracy","Backflip","Accuracy","Well Laid Plans","PiercingWail","Noxious Fumes"],"relics":["Ring of the Snake","Blood Vial","WarpedTongs","The Courier","Omamori","TheAbacus","CeramicFish","Pandora\u0027s Box","Oddly Smooth Stone","Peace Pipe","Toy Ornithopter"],"acts_visited":["Exordium","TheCity"],"potions_floor_usage":[16,23,23],"damage_taken":[{"damage":0.0,"enemies":"2 Louse","floor":1.0,"turns":4.0},{"damage":0.0,"enemies":"Cultist","floor":4.0,"turns":4.0},{"damage":0.0,"enemies":"Jaw Worm","floor":5.0,"turns":4.0},{"damage":20.0,"enemies":"Lagavulin","floor":7.0,"turns":8.0},{"damage":13.0,"enemies":"3 Louse","floor":8.0,"turns":5.0},{"damage":31.0,"enemies":"Gremlin Nob","floor":12.0,"turns":4.0},{"damage":1,"enemies":"Looter","floor":13,"turns":3},{"damage":6,"enemies":"Large Slime","floor":14,"turns":6},{"damage":22,"enemies":"Hexaghost","floor":16,"turns":10},{"damage":0,"enemies":"3 Byrds","floor":18,"turns":2},{"damage":2,"enemies":"Spheric Guardian","floor":20,"turns":5},{"damage":20,"enemies":"Chosen and Byrds","floor":21,"turns":5},{"damage":25,"enemies":"Book of Stabbing","floor":23,"turns":7},{"damage":11,"enemies":"Slavers","floor":29,"turns":2}],"seed_played":"6216708696894349183","potions_obtained":[{"floor":4.0,"key":"DistilledChaos"},{"floor":7.0,"key":"Dexterity Potion"},{"floor":16,"key":"Dexterity Potion"},{"floor":18,"key":"FearPotion"}],"is_trial":false,"path_per_floor":["M","?","$","M","M","R","E","M","T","$","R","E","M","M","R","B",null,"M","$","M","M","?","E","?","R","T","R","?","E"],"character_chosen":"THE_SILENT","items_purchased":["TheAbacus","Oddly Smooth Stone","Well Laid Plans"],"campfire_rested":2,"item_purchase_floors":[10,19,19],"current_hp_per_floor":[61,61,61,63,65,65,46,35,35,35,35,6,7,3,22,2,50,52,52,52,34,34,11,11,11,11,30,30,21,21],"gold":124,"neow_bonus":"RANDOM_COMMON_RELIC","is_daily":false,"chose_seed":false,"campfire_upgraded":3,"win_rate":0.0,"timestamp":1611485610,"path_taken":["M","?","$","M","?","R","E","?","T","?","R","E","M","M","R","BOSS","M","$","?","M","?","E","?","R","T","R","?","E"],"items_purchased_type":["Relic","Relic","Card"],"build_version":"2020-12-22","purchased_purges":2,"victory":false,"max_hp_per_floor":[66,66,66,66,66,66,66,66,66,66,66,66,66,66,66,66,66,66,66,66,66,66,66,66,66,66,66,66,66,66],"relic_stats":{"Blood Vial":27,"Peace Pipe":0,"TheAbacus":[54],"counters":[14,69],"CeramicFish":153,"Pandora\u0027s Box":["Storm of Steel","Catalyst","Storm of Steel","Riddle With Holes","Predator","Doppelganger","Quick Slash","Heel Hook","Accuracy","Backflip"],"obtain_stats":[{"Blood Vial":0,"Peace Pipe":23,"TheAbacus":10,"CeramicFish":12,"Oddly Smooth Stone":19,"Pandora\u0027s Box":17,"The Courier":7,"Omamori":9,"Toy Ornithopter":26,"Ring of the Snake":0,"WarpedTongs":2},{"Blood Vial":0,"Peace Pipe":13,"TheAbacus":5,"CeramicFish":6,"Oddly Smooth Stone":10,"Pandora\u0027s Box":9,"The Courier":4,"Omamori":5,"Toy Ornithopter":13,"Ring of the Snake":0,"WarpedTongs":1},{"Blood Vial":0,"Peace Pipe":67,"TheAbacus":25,"CeramicFish":29,"Oddly Smooth Stone":50,"Pandora\u0027s Box":48,"The Courier":20,"Omamori":25,"Toy Ornithopter":67,"Ring of the Snake":0,"WarpedTongs":4}],"Toy Ornithopter":0,"Ring of the Snake":[28],"WarpedTongs":[64]},"card_choices":[{"not_picked":["Outmaneuver","Setup","Bane"],"picked":"SKIP","floor":1.0},{"not_picked":["Dodge and Roll","Predator"],"picked":"Deadly Poison","floor":4.0},{"not_picked":["Leg Sweep","Distraction"],"picked":"Infinite Blades","floor":5.0},{"not_picked":["Expertise","Flechettes","Endless Agony"],"picked":"SKIP","floor":7.0},{"not_picked":["Slice","Acrobatics"],"picked":"Cloak And Dagger","floor":8.0},{"not_picked":["Bouncing Flask","Prepared"],"picked":"Corpse Explosion","floor":12},{"not_picked":["Slice","Acrobatics"],"picked":"Backstab","floor":13},{"not_picked":["Outmaneuver","Riddle With Holes","Deadly Poison"],"picked":"SKIP","floor":14},{"not_picked":["A Thousand Cuts","Corpse Explosion"],"picked":"Wraith Form v2","floor":16},{"not_picked":["Prepared","Escape Plan"],"picked":"Accuracy","floor":18},{"not_picked":["Infinite Blades","Cloak And Dagger"],"picked":"PiercingWail","floor":20},{"not_picked":["Well Laid Plans","Underhanded Strike"],"picked":"Noxious Fumes","floor":21},{"not_picked":["Cloak And Dagger","Deflect","Flechettes"],"picked":"SKIP","floor":23}],"player_experience":1274998,"relics_obtained":[{"floor":7.0,"key":"The Courier"},{"floor":9.0,"key":"Omamori"},{"floor":12,"key":"CeramicFish"},{"floor":23,"key":"Peace Pipe"},{"floor":26,"key":"Toy Ornithopter"}],"event_choices":[{"damage_healed":0.0,"max_hp_gain":0.0,"max_hp_loss":0.0,"gold_gain":0.0,"event_name":"Accursed Blacksmith","player_choice":"Rummage","floor":2.0,"gold_loss":0.0,"damage_taken":0.0,"relics_obtained":["WarpedTongs"],"cards_obtained":["Pain"]},{"cards_removed":["Backstab"],"damage_healed":0,"gold_gain":0,"player_choice":"Gave Gold","damage_taken":0,"max_hp_gain":0,"max_hp_loss":0,"event_name":"Beggar","floor":22,"gold_loss":75},{"damage_healed":0,"gold_gain":0,"player_choice":"Smashed Altar","damage_taken":0,"max_hp_gain":0,"max_hp_loss":0,"event_name":"Forgotten Altar","floor":24,"gold_loss":0,"cards_obtained":["Decay"]},{"damage_healed":0,"gold_gain":50,"player_choice":"Stole From Cult","damage_taken":0,"max_hp_gain":0,"max_hp_loss":0,"event_name":"Nest","floor":28,"gold_loss":0}],"is_beta":false,"boss_relics":[{"not_picked":["SlaversCollar","Ring of the Serpent"],"picked":"Pandora\u0027s Box"}],"items_purged_floors":[3,19],"is_endless":false,"potions_floor_spawned":[4,7,8,16,18],"killed_by":"Slavers","ascension_level":20}}