{"host":"t75twhtg6c476ygg","time":1611523359,"event":{"mods":["AchievementEnabler","BaseMod","Colored Powertips","Minty Spire (QoL Compilation)","Quick Restart","Relic Stats","StSLib","SuperFastMode"],"gold_per_floor":[114,114,64,79,69,69,99,99,174,174,204,219,249,264,264,364,364,379,394,409,424,439,469,484,484,484,484,132,132,132,147,147,247,247,262,17,32,47,62,62,518,518,518,518,518,533,563,563,563,563],"floor_reached":51,"language":"ENG","playtime":1727,"items_purged":["Dagger Spray","Enlightenment"],"score":967,"play_id":"18ed9533-f1b4-413b-a96d-8579ca6bcca0","local_time":"20210124212239","daily_mods":["Draft","Colorless Cards","Terminal"],"is_ascension_mode":false,"campfire_choices":[{"data":"Accuracy","floor":6.0,"key":"SMITH"},{"data":"Cloak And Dagger","floor":8.0,"key":"SMITH"},{"data":"Cloak And Dagger","floor":10.0,"key":"SMITH"},{"data":"Cloak And Dagger","floor":15.0,"key":"SMITH"},{"data":"Cloak And Dagger","floor":27.0,"key":"SMITH"},{"data":"Infinite Blades","floor":29.0,"key":"SMITH"},{"data":"Footwork","floor":32.0,"key":"SMITH"},{"data":"Dramatic Entrance","floor":40,"key":"SMITH"},{"data":"Accuracy","floor":44,"key":"SMITH"},{"floor":49,"key":"REST"}],"circlet_count":0,"master_deck":["Slice+1","Cloak And Dagger+1","Trip+1","Catalyst+1","Finisher+1","PiercingWail+1","Cloak And Dagger+1","Cloak And Dagger+1","Deadly Poison+1","Cloak And Dagger+1","Dodge and Roll+1","Cloak And Dagger+1","Poisoned Stab+1","Accuracy+1","Cloak And Dagger+1","Crippling Poison+1","Panacea+1","Outmaneuver+1","Bouncing Flask+1","Footwork+1","Infinite Blades+1","Mayhem+1","Dramatic Entrance+1","Accuracy+1","Blade Dance+1","Noxious Fumes+1"],"relics":["Ring of the Serpent","Membership Card","War Paint","Toxic Egg 2","Bottled Flame","Mercury Hourglass","Oddly Smooth Stone","Bag of Marbles","Boot","Darkstone Periapt","Blue Candle","Turnip","Pear","Mummified Hand","WristBlade","TwistedFunnel","Happy Flower","Vajra","Ice Cream","Strawberry","Pantograph","Nunchaku","Mark of the Bloom"],"acts_visited":["Exordium","TheCity","TheBeyond"],"potions_floor_usage":[50,50,50],"damage_taken":[{"damage":0.0,"enemies":"Small Slimes","floor":1.0,"turns":3.0},{"damage":0.0,"enemies":"2 Louse","floor":4.0,"turns":2.0},{"damage":1.0,"enemies":"Lagavulin","floor":7.0,"turns":4.0},{"damage":4.0,"enemies":"3 Sentries","floor":11.0,"turns":3.0},{"damage":0.0,"enemies":"Jaw Worm","floor":12.0,"turns":2.0},{"damage":0.0,"enemies":"Gremlin Nob","floor":13.0,"turns":2.0},{"damage":0.0,"enemies":"Lots of Slimes","floor":14.0,"turns":1.0},{"damage":0.0,"enemies":"The Guardian","floor":16.0,"turns":6.0},{"damage":0.0,"enemies":"3 Byrds","floor":18.0,"turns":3.0},{"damage":2.0,"enemies":"Spheric Guardian","floor":19.0,"turns":3.0},{"damage":0.0,"enemies":"Centurion and Healer","floor":20.0,"turns":3.0},{"damage":0.0,"enemies":"Snake Plant","floor":21.0,"turns":3.0},{"damage":0.0,"enemies":"3 Cultists","floor":22.0,"turns":4.0},{"damage":0.0,"enemies":"Book of Stabbing","floor":23.0,"turns":3.0},{"damage":0.0,"enemies":"Snecko","floor":24.0,"turns":2.0},{"damage":0.0,"enemies":"Shelled Parasite and Fungi","floor":31.0,"turns":3.0},{"damage":0.0,"enemies":"Collector","floor":33.0,"turns":4.0},{"damage":3.0,"enemies":"3 Shapes","floor":35.0,"turns":2.0},{"damage":2.0,"enemies":"3 Darklings","floor":37.0,"turns":2.0},{"damage":26.0,"enemies":"Writhing Mass","floor":38.0,"turns":3.0},{"damage":2,"enemies":"4 Shapes","floor":39,"turns":1},{"damage":0,"enemies":"Transient","floor":46,"turns":5},{"damage":0,"enemies":"Reptomancer","floor":47,"turns":2},{"damage":11,"enemies":"Awakened One","floor":50,"turns":3}],"seed_played":"-992185634128019100","potions_obtained":[{"floor":4.0,"key":"GamblersBrew"},{"floor":7.0,"key":"LiquidMemories"},{"floor":16.0,"key":"Swift Potion"},{"floor":18.0,"key":"Energy Potion"},{"floor":24.0,"key":"DistilledChaos"},{"floor":33.0,"key":"AttackPotion"}],"is_trial":false,"path_per_floor":["M","?","?","M","$","R","E","R","T","R","E","M","E","M","R","B",null,"M","M","M","M","M","E","M","?","T","R","$","R","?","M","R","B",null,"M","$","M","M","M","R","$","?","T","R","?","M","E","?","R","B",null],"character_chosen":"THE_SILENT","items_purchased":["Membership Card","War Paint","Toxic Egg 2","Accuracy","Cloak And Dagger+1","Infinite Blades","Turnip","Pear","Accuracy","TwistedFunnel","Happy Flower","Vajra","Ice Cream","Strawberry","Blade Dance+1","Noxious Fumes"],"campfire_rested":1,"item_purchase_floors":[5,5,5,5,5,28,28,28,36,36,36,36,41,41,41,41],"current_hp_per_floor":[68,67,66,65,64,63,62,61,60,59,55,55,55,55,54,53,52,51,49,49,48,47,46,45,44,43,42,51,50,49,48,47,46,45,42,42,40,14,12,12,19,19,19,19,36,35,34,33,32,21],"gold":563,"neow_bonus":"","is_daily":true,"chose_seed":false,"campfire_upgraded":9,"win_rate":0.0,"timestamp":1611523359,"path_taken":["M","?","?","M","?","R","E","R","T","R","E","M","E","?","R","BOSS","M","?","M","M","M","E","M","?","T","R","$","R","?","M","R","BOSS","M","$","?","M","M","R","$","?","T","R","?","M","E","?","R","BOSS"],"items_purchased_type":["Relic","Relic","Relic","Card","Card","Card","Relic","Relic","Card","Relic","Relic","Relic","Relic","Relic","Card","Card"],"build_version":"2020-12-22","purchased_purges":2,"victory":true,"max_hp_per_floor":[68,67,66,65,64,63,62,61,60,59,58,57,56,55,54,53,52,51,50,49,48,47,46,45,44,43,42,51,50,49,48,47,46,45,44,43,42,41,40,39,45,44,43,42,36,35,34,33,32,31],"relic_stats":{"Darkstone Periapt":0,"Mark of the Bloom":34,"Happy Flower":[5],"counters":[24,69],"Blue Candle":[0],"War Paint":["Cloak And Dagger","Dodge and Roll"],"Boot":[10],"Mercury Hourglass":[291],"Nunchaku":[2],"Mummified Hand":[32],"Pantograph":0,"Turnip":[0],"obtain_stats":[{"Darkstone Periapt":25,"TwistedFunnel":36,"Ice Cream":41,"Mark of the Bloom":48,"Pear":28,"Happy Flower":36,"Blue Candle":26,"Oddly Smooth Stone":11,"Vajra":36,"War Paint":5,"Boot":23,"Mercury Hourglass":9,"Bottled Flame":7,"Nunchaku":47,"WristBlade":34,"Mummified Hand":31,"Strawberry":41,"Pantograph":43,"Turnip":28,"Bag of Marbles":13,"Membership Card":5,"Toxic Egg 2":5,"Ring of the Serpent":17,"Ring of the Snake":0},{"Darkstone Periapt":15,"TwistedFunnel":18,"Ice Cream":21,"Mark of the Bloom":23,"Pear":15,"Happy Flower":18,"Blue Candle":15,"Oddly Smooth Stone":4,"Vajra":18,"War Paint":2,"Boot":14,"Mercury Hourglass":3,"Bottled Flame":3,"Nunchaku":23,"WristBlade":17,"Mummified Hand":16,"Strawberry":21,"Pantograph":21,"Turnip":15,"Bag of Marbles":6,"Membership Card":2,"Toxic Egg 2":2,"Ring of the Serpent":8,"Ring of the Snake":0},{"Darkstone Periapt":44,"TwistedFunnel":53,"Ice Cream":59,"Mark of the Bloom":66,"Pear":44,"Happy Flower":53,"Blue Candle":44,"Oddly Smooth Stone":12,"Vajra":53,"War Paint":5,"Boot":42,"Mercury Hourglass":9,"Bottled Flame":9,"Nunchaku":66,"WristBlade":51,"Mummified Hand":45,"Strawberry":59,"Pantograph":59,"Turnip":44,"Bag of Marbles":16,"Membership Card":5,"Toxic Egg 2":5,"Ring of the Serpent":23,"Ring of the Snake":0}]},"card_choices":[{"not_picked":["Backflip","Acrobatics"],"picked":"Slice","floor":0.0},{"not_picked":["Quick Slash","Prepared"],"picked":"Cloak And Dagger","floor":0.0},{"not_picked":["PanicButton","Underhanded Strike"],"picked":"Enlightenment","floor":0.0},{"not_picked":["Flying Knee","Impatience"],"picked":"Trip","floor":0.0},{"not_picked":["Endless Agony","Finesse"],"picked":"Catalyst","floor":0.0},{"not_picked":["Acrobatics","PiercingWail"],"picked":"Finisher","floor":0.0},{"not_picked":["PiercingWail","Bane"],"picked":"Dagger Spray","floor":0.0},{"not_picked":["Prepared","Deadly Poison"],"picked":"PiercingWail","floor":0.0},{"not_picked":["Quick Slash","Expertise"],"picked":"Cloak And Dagger","floor":0.0},{"not_picked":["Quick Slash","Mind Blast"],"picked":"Cloak And Dagger","floor":0.0},{"not_picked":["Poisoned Stab","Backflip"],"picked":"Deadly Poison","floor":0.0},{"not_picked":["Dodge and Roll","Flying Knee"],"picked":"Cloak And Dagger","floor":0.0},{"not_picked":["Underhanded Strike","Acrobatics"],"picked":"Dodge and Roll","floor":0.0},{"not_picked":["Mind Blast","Escape Plan"],"picked":"Predator","floor":0.0},{"not_picked":["Caltrops","Flying Knee"],"picked":"Cloak And Dagger","floor":0.0},{"not_picked":["Bane","Dark Shackles"],"picked":"Poisoned Stab","floor":1.0},{"not_picked":["Sucker Punch","Bandage Up"],"picked":"Outmaneuver","floor":4.0},{"not_picked":["Sucker Punch","Bandage Up+1"],"picked":"Crippling Poison+1","floor":7.0},{"not_picked":["Dark Shackles+1","Acrobatics+1","Deadly Poison+1"],"picked":"SKIP","floor":11.0},{"not_picked":["Prepared+1","Madness+1"],"picked":"Panacea+1","floor":12.0},{"not_picked":["Deep Breath+1","Catalyst+1"],"picked":"Outmaneuver+1","floor":13.0},{"not_picked":["Secret Technique+1","Poisoned Stab","Crippling Poison+1"],"picked":"SKIP","floor":14.0},{"not_picked":["Deflect+1","Escape Plan+1"],"picked":"Bouncing Flask+1","floor":18.0},{"not_picked":["Sucker Punch","Quick Slash+1","Distraction+1"],"picked":"SKIP","floor":19.0},{"not_picked":["Deadly Poison+1","Deflect+1","Skewer"],"picked":"SKIP","floor":20.0},{"not_picked":["Poisoned Stab+1","Dagger Spray","Sucker Punch+1"],"picked":"SKIP","floor":21.0},{"not_picked":["Eviscerate+1","Mind Blast","Expertise+1"],"picked":"SKIP","floor":22.0},{"not_picked":["Dramatic Entrance","Tactician+1","Outmaneuver+1"],"picked":"SKIP","floor":23.0},{"not_picked":["Thinking Ahead+1","Endless Agony"],"picked":"Footwork","floor":24.0},{"not_picked":["Poisoned Stab","Outmaneuver+1","Backflip+1"],"picked":"SKIP","floor":31.0},{"not_picked":["Magnetism","Storm of Steel+1"],"picked":"Mayhem","floor":33.0},{"not_picked":["Caltrops","Underhanded Strike"],"picked":"Dramatic Entrance","floor":35.0},{"not_picked":["Quick Slash+1","Dodge and Roll+1","Deadly Poison+1"],"picked":"SKIP","floor":37.0},{"not_picked":["Flying Knee+1","Skewer+1","Sucker Punch"],"picked":"SKIP","floor":38},{"not_picked":["Reflex+1","Bandage Up+1","Metamorphosis+1"],"picked":"SKIP","floor":39},{"not_picked":["Dagger Throw+1","Backflip+1","Dash+1"],"picked":"SKIP","floor":46},{"not_picked":["Panacea+1","Prepared+1","Expertise+1"],"picked":"SKIP","floor":47}],"player_experience":265247,"relics_obtained":[{"floor":7.0,"key":"Bottled Flame"},{"floor":9.0,"key":"Mercury Hourglass"},{"floor":11.0,"key":"Oddly Smooth Stone"},{"floor":13.0,"key":"Bag of Marbles"},{"floor":23.0,"key":"Boot"},{"floor":26.0,"key":"Blue Candle"},{"floor":43,"key":"Pantograph"},{"floor":47,"key":"Nunchaku"}],"event_choices":[{"damage_healed":0.0,"max_hp_gain":0.0,"max_hp_loss":0.0,"gold_gain":0.0,"event_name":"Liars Game","player_choice":"Ignored","floor":2.0,"gold_loss":0.0,"damage_taken":0.0},{"cards_removed":["Predator"],"damage_healed":0.0,"max_hp_gain":0.0,"max_hp_loss":0.0,"gold_gain":0.0,"event_name":"The Cleric","player_choice":"Card Removal","floor":3.0,"gold_loss":50.0,"damage_taken":0.0},{"damage_healed":0.0,"max_hp_gain":0.0,"max_hp_loss":0.0,"gold_gain":0.0,"event_name":"The Mausoleum","player_choice":"Opened","floor":25.0,"gold_loss":0.0,"damage_taken":0.0,"relics_obtained":["Darkstone Periapt"]},{"cards_removed":["Outmaneuver"],"damage_healed":0.0,"max_hp_gain":0.0,"max_hp_loss":0.0,"gold_gain":0.0,"event_name":"Purifier","player_choice":"Purged","floor":30.0,"gold_loss":0.0,"damage_taken":0.0},{"damage_healed":0,"gold_gain":0,"player_choice":"Memory 1","damage_taken":0,"max_hp_gain":0,"max_hp_loss":0,"event_name":"SensoryStone","floor":42,"gold_loss":0},{"damage_healed":37,"gold_gain":0,"player_choice":"Heal","damage_taken":0,"max_hp_gain":0,"max_hp_loss":5,"event_name":"The Moai Head","floor":45,"gold_loss":0},{"damage_healed":0,"gold_gain":0,"player_choice":"Upgrade","damage_taken":0,"relics_obtained":["Mark of the Bloom"],"max_hp_gain":0,"max_hp_loss":0,"event_name":"MindBloom","floor":48,"gold_loss":0,"cards_upgraded":["Slice","Trip","Catalyst","Finisher","PiercingWail","Deadly Poison","Poisoned Stab","Mayhem","Noxious Fumes"]}],"is_beta":false,"boss_relics":[{"not_picked":["Philosopher\u0027s Stone","Tiny House"],"picked":"Ring of the Serpent"},{"not_picked":["Cursed Key","Busted Crown"],"picked":"WristBlade"}],"items_purged_floors":[28,41],"is_endless":false,"potions_floor_spawned":[4,7,16,18,20,24,33,39,46],"ascension_level":0}}