{"host":"50per11302020","time":1611451851,"event":{"mods":["AchievementEnabler","BaseMod","Colored Map","Minty Spire (QoL Compilation)","Relic Stats","StSLib"],"gold_per_floor":[116,127,202,11,30,30,30,58,58,58,208,208,228,247,247,324,324,301,216,0,27,27,27],"floor_reached":22,"language":"ENG","playtime":928,"items_purged":[],"score":346,"play_id":"ce21e425-0393-4ffb-b7ac-557fd0ff0172","local_time":"20210123173051","is_ascension_mode":true,"campfire_choices":[{"floor":6.0,"key":"REST"},{"data":"Apotheosis","floor":10.0,"key":"SMITH"},{"data":"Clothesline","floor":12.0,"key":"SMITH"},{"data":"Bash","floor":15.0,"key":"SMITH"}],"circlet_count":0,"master_deck":["AscendersBane","Strike_R","Strike_R","Strike_R","Strike_R","Defend_R","Defend_R+1","Defend_R","Bash+1","Dropkick","Thunderclap","Apotheosis+1","Clothesline+1","Doubt","Exhume+1","Cleave","Limit Break","CurseOfTheBell","Ghostly Armor"],"relics":["Empty Cage","Eternal Feather","Tiny Chest","Calling Bell","War Paint","The Courier","Peace Pipe","Meat on the Bone","Smiling Mask"],"acts_visited":["Exordium","TheCity"],"potions_floor_usage":[],"damage_taken":[{"damage":4.0,"enemies":"Small Slimes","floor":1.0,"turns":4.0},{"damage":3.0,"enemies":"2 Louse","floor":2.0,"turns":4.0},{"damage":7.0,"enemies":"Jaw Worm","floor":5.0,"turns":3.0},{"damage":16.0,"enemies":"Lagavulin","floor":8.0,"turns":6.0},{"damage":0.0,"enemies":"Lots of Slimes","floor":13.0,"turns":2.0},{"damage":12.0,"enemies":"Exordium Wildlife","floor":14.0,"turns":4.0},{"damage":18.0,"enemies":"The Guardian","floor":16.0,"turns":10.0},{"damage":26.0,"enemies":"2 Thieves","floor":18.0,"turns":4.0},{"damage":60,"enemies":"Shell Parasite","floor":22,"turns":8}],"seed_played":"-26101719967843665","potions_obtained":[{"floor":1.0,"key":"Explosive Potion"},{"floor":8.0,"key":"ColorlessPotion"},{"floor":13.0,"key":"PowerPotion"}],"is_trial":false,"path_per_floor":["M","M","?","$","M","R","$","E","T","R","?","R","M","M","R","B",null,"M","?","?","T","M"],"character_chosen":"IRONCLAD","items_purchased":["Apotheosis"],"campfire_rested":1,"item_purchase_floors":[4],"current_hp_per_floor":[64,61,50,50,43,65,65,49,49,55,55,61,61,49,58,40,66,40,40,40,40,0,0],"gold":27,"neow_bonus":"BOSS_RELIC","is_daily":false,"chose_seed":false,"campfire_upgraded":3,"win_rate":0.0,"timestamp":1611451851,"path_taken":["M","M","?","$","M","R","$","E","T","R","?","R","M","M","R","BOSS","M","?","?","?","?"],"items_purchased_type":["Card"],"build_version":"2020-12-18","purchased_purges":0,"victory":false,"max_hp_per_floor":[75,75,75,75,75,75,75,75,75,75,75,75,75,75,75,75,75,75,75,75,75,75,75],"relic_stats":{"Peace Pipe":0,"counters":[9,45],"Eternal Feather":21,"Tiny Chest":1,"War Paint":["Exhume","Defend_R"],"Smiling Mask":0,"obtain_stats":[{"Calling Bell":17,"Peace Pipe":17,"Eternal Feather":8,"Tiny Chest":9,"The Courier":17,"War Paint":17,"Empty Cage":0,"Smiling Mask":21,"Burning Blood":0,"Meat on the Bone":19},{"Calling Bell":7,"Peace Pipe":7,"Eternal Feather":4,"Tiny Chest":4,"The Courier":7,"War Paint":7,"Empty Cage":0,"Smiling Mask":8,"Burning Blood":0,"Meat on the Bone":8},{"Calling Bell":33,"Peace Pipe":33,"Eternal Feather":17,"Tiny Chest":17,"The Courier":33,"War Paint":33,"Empty Cage":0,"Smiling Mask":37,"Burning Blood":0,"Meat on the Bone":37}],"Meat on the Bone":0},"card_choices":[{"not_picked":["Intimidate","Power Through"],"picked":"Dropkick","floor":1.0},{"not_picked":["Clothesline","Shrug It Off"],"picked":"Thunderclap","floor":2.0},{"not_picked":["Pummel","Body Slam","Wild Strike"],"picked":"SKIP","floor":5.0},{"not_picked":["Twin Strike","Power Through"],"picked":"Clothesline","floor":8.0},{"not_picked":["Disarm","Power Through"],"picked":"Exhume","floor":13.0},{"not_picked":["Searing Blow","Headbutt"],"picked":"Cleave","floor":14.0},{"not_picked":["Fiend Fire","Double Tap"],"picked":"Limit Break","floor":16.0},{"not_picked":["Iron Wave","Flame Barrier+1"],"picked":"Ghostly Armor","floor":18.0}],"player_experience":349565,"relics_obtained":[{"floor":8.0,"key":"Eternal Feather"},{"floor":9.0,"key":"Tiny Chest"},{"floor":17.0,"key":"War Paint"},{"floor":17.0,"key":"The Courier"},{"floor":17.0,"key":"Peace Pipe"},{"floor":21,"key":"Smiling Mask"}],"event_choices":[{"damage_healed":0.0,"max_hp_gain":0.0,"max_hp_loss":0.0,"gold_gain":75.0,"event_name":"World of Goop","player_choice":"Gather Gold","floor":3.0,"gold_loss":0.0,"damage_taken":11.0},{"damage_healed":0.0,"max_hp_gain":0.0,"max_hp_loss":0.0,"gold_gain":150.0,"event_name":"Liars Game","player_choice":"AGREE","floor":11.0,"gold_loss":0.0,"damage_taken":0.0,"cards_obtained":["Doubt"]},{"damage_healed":0.0,"max_hp_gain":0.0,"max_hp_loss":0.0,"gold_gain":0.0,"event_name":"Addict","player_choice":"Obtained Relic","floor":19.0,"gold_loss":85.0,"damage_taken":0.0,"relics_obtained":["Meat on the Bone"]},{"damage_healed":0,"gold_gain":0,"player_choice":"Paid Fearfully","damage_taken":0,"max_hp_gain":0,"max_hp_loss":0,"event_name":"Masked Bandits","floor":20,"gold_loss":216}],"is_beta":true,"boss_relics":[{"not_picked":["Coffee Dripper","Pandora\u0027s Box"],"picked":"Calling Bell"}],"items_purged_floors":[],"is_endless":false,"potions_floor_spawned":[1,8,13],"killed_by":"Shell Parasite","ascension_level":18}}