{"host":"f251oio0chsiwdug","time":1611529172,"event":{"mods":["BaseMod","Colored Map","Downfall","Hermit","Marisa????????","Minty Spire (QoL Compilation)","Replay The Spire","Shop Mod","StSLib","The Cursed"],"gold_per_floor":[99,114,134,134,48,48,8888,8788,8823,8623,8635,7881,7881,8056,8071,8175,8175,8175,8193,8233,8251,7650,7660,7660,7671,7697,7708,6867,6884,6898,6918,6928,7028,7028,7028,7046,7057,7057,6274,5414,5437,5448,5448,5459,5459,5470,5487,5507,5523,5523,5523,5552,4849,4849,4849,4849],"floor_reached":57,"language":"DEU","playtime":5648,"items_purged":["Decay","Slimebound:Defend_Slimebound"],"score":1357,"play_id":"0f5d133e-33b3-499f-b4e0-0014d53fcf13","local_time":"20210124235932","is_ascension_mode":false,"campfire_choices":[{"floor":8,"key":"RECALL"},{"data":"Slimebound:LeadByExample","floor":10,"key":"SMITH"},{"data":"Slimebound:Overexert","floor":18,"key":"SMITH"},{"data":"Slimebound:DuplicatedForm","floor":35,"key":"SMITH"},{"data":"Enlightenment","floor":43,"key":"SMITH"},{"data":"ReplayTheSpireMod:Private Reserves","floor":45,"key":"SMITH"},{"data":"Mind Blast","floor":54,"key":"SMITH"}],"circlet_count":0,"master_deck":["Slimebound:Tackle","Slimebound:Split","Slimebound:CorrosiveSpit","Slimebound:Schlurp","Slimebound:SplitBruiser","Slimebound:SamplingLick","Slimebound:LeadByExample+1","Slimebound:SamplingLick","Slimebound:LevelUp","Slimebound:LevelUp","Slimebound:ViciousTackle","Doubt","Slimebound:RejuvenatingLick","Slimebound:Overexert+1","Slimebound:DuplicatedForm+1","Slimebound:Replication+1","Slimebound:ItLooksTasty+1","Slimebound:HauntingLick","Slimebound:SplitAcid","Slimebound:SamplingLick","Slimebound:Teamwork","expansioncontent:StudyTheSpire","Bandage Up","Slimebound:LeadByExample+1","Slimebound:SplitLeeching","Slimebound:LeadByExample+1","Slimebound:DuplicatedForm+1","Slimebound:Nibble","expansioncontent:QuickStudy","Slimebound:DisruptingSlam+1","Slimebound:ComboTackle","Slimebound:SpikyOuterGoop","Slimebound:SplitAcid+1","Slimebound:PrepareCrush","Slimebound:LeechEnergy+1","Slimebound:SlimeTap+1","Slimebound:LeechLife","Slimebound:SlimeTap","Slimebound:MinionMaster","ReplayTheSpireMod:Private Reserves+1","Enlightenment","Mind Blast+1","Panache","Enlightenment+1","Slimebound:SplitLeeching","Slimebound:SpikyOuterGoop","Slimebound:SplitMire","Slimebound:SplitBruiser","Slimebound:SplitLeeching+1","Slimebound:SplitBruiser","Slimebound:SpikyOuterGoop","Slimebound:SplitBruiser+1","Slimebound:SlimeBarrage","Slimebound:Overexert","Slimebound:SplitAcid"],"relics":["Slimebound:AbsorbEndCombat","ReplayTheSpireMod:CursedCoin","MerchantsRug","downfall:HeartBlessingBlue","Pen Nib","downfall:HeartBlessingGreen","downfall:HeartBlessingRed","Replay:Mystery Machine","Replay:Ringing Soul","HandDrill","Astrolabe","Eternal Feather","TheAbacus","Bird Faced Urn","InkBottle","Divine Protection","Replay:Accelerometer","Frozen Eye","Replay:Bottled Eggs","ChewingGum","Bag of Marbles","HornCleat","ReplayTheSpireMod:ShopPack","Lee\u0027s Waffle","ReplayTheSpireMod:TigerMarble","ReplayFunnel","Happy Flower","Centennial Puzzle","Strange Spoon","TungstenRod","Replay:Wax Seal"],"acts_visited":["Exordium","TheCity","TheBeyond","TheEnding"],"potions_floor_usage":[],"damage_taken":[{"damage":8,"enemies":"Jaw Worm","floor":2,"turns":2},{"damage":2,"enemies":"Small Slimes","floor":3,"turns":3},{"damage":9,"enemies":"downfall:FleeingMerchant","floor":5,"turns":4},{"damage":43,"enemies":"Gremlin Nob","floor":9,"turns":4},{"damage":3,"enemies":"2 Louse","floor":11,"turns":3},{"damage":4,"enemies":"downfall:FleeingMerchant","floor":12,"turns":4},{"damage":10,"enemies":"Large Slime","floor":15,"turns":4},{"damage":21,"enemies":"DF_ARCHETYPE_STREAMLINE","floor":16,"turns":6},{"damage":26,"enemies":"3 Byrds","floor":19,"turns":3},{"damage":8,"enemies":"Chosen","floor":21,"turns":2},{"damage":11,"enemies":"downfall:FleeingMerchant","floor":22,"turns":4},{"damage":30,"enemies":"Centurion and Healer","floor":23,"turns":4},{"damage":28,"enemies":"Shelled Parasite and Fungi","floor":25,"turns":4},{"damage":65,"enemies":"Book of Stabbing","floor":26,"turns":5},{"damage":52,"enemies":"Snake Plant","floor":27,"turns":4},{"damage":71,"enemies":"Centurion and Healer","floor":29,"turns":6},{"damage":40,"enemies":"Cultist and Chosen","floor":30,"turns":7},{"damage":11,"enemies":"Snake Plant","floor":31,"turns":2},{"damage":22,"enemies":"Shelled Parasite and Fungi","floor":32,"turns":4},{"damage":108,"enemies":"SI_MIRROR_ARCHETYPE","floor":33,"turns":10},{"damage":29,"enemies":"3 Darklings","floor":36,"turns":5},{"damage":10,"enemies":"Orb Walker","floor":37,"turns":3},{"damage":8,"enemies":"Sphere and 2 Shapes","floor":42,"turns":4},{"damage":0,"enemies":"Jaw Worm Horde","floor":44,"turns":3},{"damage":7,"enemies":"Maw","floor":46,"turns":5},{"damage":2,"enemies":"Spire Growth","floor":47,"turns":2},{"damage":22,"enemies":"Transient","floor":48,"turns":5},{"damage":0,"enemies":"Jaw Worm Horde","floor":49,"turns":2},{"damage":186,"enemies":"WA_ARCHETYPE_DIVINITY","floor":50,"turns":6},{"damage":58,"enemies":"downfall:CharBossMerchant","floor":52,"turns":6},{"damage":98,"enemies":"downfall:NeowBoss","floor":55,"turns":12},{"damage":214,"enemies":"downfall:NeowBossFinal","floor":56,"turns":7}],"seed_played":"6527568750013940388","potions_obtained":[{"floor":3,"key":"SkillPotion"},{"floor":9,"key":"Cursed Concoction"},{"floor":16,"key":"Reflective Coating"},{"floor":23,"key":"SteroidPotion"},{"floor":25,"key":"Strength Potion"},{"floor":27,"key":"Reflective Coating"},{"floor":29,"key":"Slimebound:SlimedPotion"},{"floor":33,"key":"hexamod:SoulburnPotion"},{"floor":37,"key":"CultistPotion"},{"floor":46,"key":"GamblersBrew"},{"floor":48,"key":"sneckomod:MuddlingPotion"},{"floor":52,"key":"champ:CounterPotion"}],"is_trial":false,"path_per_floor":["R_BF","M","M","?","$","?","T","R","E","R","M","$","?","?","M","B",null,"R","M","?","M","$","M","T","M","E","M","$","M","M","M","M","B",null,"R","M","M","?","$","$","T","M","R","M","R","M","M","M","M","B",null,"E","$","R","B","B",null],"character_chosen":"SLIMEBOUND","items_purchased":["ReplayTheSpireMod:CursedCoin","MerchantsRug","Replay:Mystery Machine","Replay:Ringing Soul","HandDrill","Slimebound:LevelUp","expansioncontent:StudyTheSpire","TheAbacus","Bird Faced Urn","InkBottle","Bandage Up","Slimebound:LeadByExample","Replay:Accelerometer","Frozen Eye","expansioncontent:QuickStudy","Replay:Bottled Eggs","Bag of Marbles","HornCleat","Slimebound:SlimeTap","Slimebound:MinionMaster","ReplayTheSpireMod:Private Reserves","ReplayTheSpireMod:ShopPack","Panache","Enlightenment","Slimebound:SplitLeeching","Slimebound:SpikyOuterGoop","Lee\u0027s Waffle","ReplayTheSpireMod:TigerMarble","ReplayFunnel","Strange Spoon","TungstenRod","Replay:Wax Seal","Slimebound:Overexert","Slimebound:SplitAcid"],"campfire_rested":0,"item_purchase_floors":[5,5,12,12,12,12,22,22,22,22,22,22,28,28,28,28,39,39,39,39,39,39,40,40,40,40,40,40,40,53,53,53,53,53],"current_hp_per_floor":[71,65,69,74,73,73,73,83,44,44,43,50,53,56,55,45,104,104,83,60,61,59,86,86,90,63,93,96,78,93,87,84,34,146,146,149,146,149,152,168,168,165,171,174,174,177,180,183,186,21,186,158,161,192,154,96],"gold":4849,"neow_bonus":"TEN_PERCENT_HP_BONUS","is_daily":false,"chose_seed":false,"campfire_upgraded":6,"win_rate":0.0,"timestamp":1611529172,"path_taken":["R_BF","M","M","?","$","?","T","R","E","R","M","$","?","?","M","BOSS","R","M","?","M","$","M","T","M","E","M","$","M","?","M","M","BOSS","R","M","M","?","?","$","T","M","R","M","R","?","M","M","M","BOSS","E","$","R","BOSS","BOSS"],"items_purchased_type":["Relic","Relic","Relic","Relic","Relic","Card","Card","Relic","Relic","Relic","Card","Card","Relic","Relic","Card","Relic","Relic","Relic","Card","Card","Card","Relic","Card","Card","Card","Card","Relic","Relic","Relic","Relic","Relic","Relic","Card","Card"],"build_version":"2020-12-22","purchased_purges":2,"victory":true,"max_hp_per_floor":[71,71,71,76,76,76,76,86,86,86,86,89,92,95,98,101,104,104,107,110,113,116,119,119,122,125,128,131,134,137,140,143,146,146,146,149,152,155,158,168,168,171,171,174,174,177,180,183,186,186,186,189,192,192,192,192],"card_choices":[{"not_picked":["Slimebound:FinishingTackle","Slimebound:LeechEnergy"],"picked":"Slimebound:SplitBruiser","floor":2},{"not_picked":["Slimebound:GrowthPunch","Slimebound:HauntingLick"],"picked":"Slimebound:SamplingLick","floor":3},{"not_picked":["Slimebound:SplitLeeching","Slimebound:Prepare"],"picked":"Slimebound:LeadByExample","floor":5},{"not_picked":["Slimebound:SlimeSpikes","Slimebound:LeechingTouch"],"picked":"Slimebound:SamplingLick","floor":9},{"not_picked":["Slimebound:SlimeSpikes","Slimebound:RollThrough","Slimebound:ComboTackle"],"picked":"SKIP","floor":11},{"not_picked":["Slimebound:BestDefense","Slimebound:ComboTackle"],"picked":"Slimebound:LevelUp","floor":12},{"not_picked":["Slimebound:ComboTackle","Slimebound:LeechEnergy"],"picked":"Slimebound:RejuvenatingLick","floor":15},{"not_picked":["Slimebound:OneTwoCombo","Slimebound:SelfFormingGoo"],"picked":"Slimebound:Overexert","floor":16},{"not_picked":["Slimebound:RollThrough","Slimebound:PressTheAttack"],"picked":"Slimebound:HauntingLick","floor":19},{"not_picked":["Slimebound:Grow+1","Slimebound:Replication+1"],"picked":"Slimebound:SplitAcid","floor":20},{"not_picked":["Slimebound:Grow","Slimebound:ForwardTackle+1"],"picked":"Slimebound:SamplingLick","floor":21},{"not_picked":["Slimebound:Schlurp","Slimebound:Gluttony"],"picked":"Slimebound:Teamwork","floor":22},{"not_picked":["Slimebound:TongueLash+1","Slimebound:SamplingLick+1"],"picked":"Slimebound:SplitLeeching","floor":23},{"not_picked":["Slimebound:DisruptingSlam","Slimebound:SplitMire"],"picked":"Slimebound:LeadByExample","floor":25},{"not_picked":["Slimebound:FlameTackle","Slimebound:SplitBruiser"],"picked":"Slimebound:DuplicatedForm","floor":26},{"not_picked":["Slimebound:Grow","Slimebound:RollThrough"],"picked":"Slimebound:Nibble","floor":27},{"not_picked":["Slimebound:HauntingLick","Slimebound:FormOfPuddle"],"picked":"Slimebound:DisruptingSlam+1","floor":29},{"not_picked":["Slimebound:Grow+1","Slimebound:PressTheAttack"],"picked":"Slimebound:ComboTackle","floor":30},{"not_picked":["Slimebound:SplitLeeching","Slimebound:HauntingLick"],"picked":"Slimebound:SpikyOuterGoop","floor":31},{"not_picked":["Slimebound:Nibble+1","Slimebound:GrowthPunch"],"picked":"Slimebound:SplitAcid+1","floor":32},{"not_picked":["Slimebound:RallyTheTroops","Slimebound:LeechLife"],"picked":"Slimebound:PrepareCrush","floor":33},{"not_picked":["Slimebound:SlimeSpikes","Slimebound:Dissolve"],"picked":"Slimebound:LeechEnergy+1","floor":36},{"not_picked":["Slimebound:DisruptingSlam","Slimebound:SplitAcid"],"picked":"Slimebound:SlimeTap+1","floor":37},{"not_picked":["Replay:BasicMightCard","Transmutation"],"picked":"Enlightenment","floor":39},{"not_picked":["Swift Strike","Purity"],"picked":"Mind Blast","floor":39},{"not_picked":["Slimebound:RollThrough","Slimebound:LeechEnergy+1"],"picked":"Slimebound:SplitMire","floor":42},{"not_picked":["Slimebound:PressTheAttack","Slimebound:SplitLeeching"],"picked":"Slimebound:SplitBruiser","floor":44},{"not_picked":["Slimebound:FlameTackle+1","Slimebound:RejuvenatingLick"],"picked":"Slimebound:SplitLeeching+1","floor":46},{"not_picked":["Slimebound:PressTheAttack+1","Slimebound:DisruptingSlam"],"picked":"Slimebound:SplitBruiser","floor":47},{"not_picked":["Slimebound:FinishingTackle","Slimebound:AcidTongue+1"],"picked":"Slimebound:SpikyOuterGoop","floor":48},{"not_picked":["Slimebound:LeechEnergy+1","Slimebound:Schlurp+1"],"picked":"Slimebound:SplitBruiser+1","floor":49},{"not_picked":["Slimebound:PressTheAttack+1","Slimebound:DisruptingSlam+1"],"picked":"Slimebound:SlimeBarrage","floor":52}],"player_experience":48497,"relics_obtained":[{"floor":9,"key":"Pen Nib"},{"floor":20,"key":"Eternal Feather"},{"floor":24,"key":"Divine Protection"},{"floor":26,"key":"Ancient Tea Set"},{"floor":41,"key":"Happy Flower"},{"floor":52,"key":"Centennial Puzzle"}],"event_choices":[{"damage_healed":0,"gold_gain":0,"player_choice":"Donut","damage_taken":0,"max_hp_gain":5,"max_hp_loss":0,"event_name":"Big Fish","floor":4,"gold_loss":0},{"damage_healed":0,"gold_gain":0,"cards_transformed":["Slimebound:Defend_Slimebound"],"player_choice":"Change","damage_taken":0,"max_hp_gain":0,"max_hp_loss":0,"event_name":"Living Wall","floor":13,"gold_loss":0,"cards_obtained":["Slimebound:ViciousTackle"]}],"is_beta":false,"boss_relics":[{"not_picked":["Replay:Drink Me","Snecko Eye"],"picked":"Astrolabe"},{"not_picked":["Painkiller Herb","Busted Crown"],"picked":"ChewingGum"}],"items_purged_floors":[5,12],"is_endless":false,"potions_floor_spawned":[3,9,16,23,25,27,29,33,36,37,46,48,52],"ascension_level":0}}