{"host":"jmumkimrafwvkspb","time":1611509298,"event":{"mods":["AchievementEnabler","BaseMod","Colored Map","Minty Spire (QoL Compilation)","Replay The Spire","StSLib"],"gold_per_floor":[210,230,50,125,125,125,144,144,194,220,232,21,21,52,141,218,218,237,207,227,227,147,147,147,147],"floor_reached":24,"language":"ENG","playtime":680,"items_purged":[],"score":404,"play_id":"8054c562-39c8-46d8-989e-570e0f57c9db","local_time":"20210124182818","is_ascension_mode":true,"campfire_choices":[{"data":"Sunder","floor":6.0,"key":"SMITH"},{"data":"ReplayTheSpireMod:Fabricate Wheel","floor":23.0,"key":"SMITH"}],"circlet_count":0,"master_deck":["AscendersBane","Strike_B","Strike_B","Strike_B","Strike_B","Defend_B","Defend_B","Defend_B","Defend_B","Zap","Dualcast","Sunder+1","ReplayGash","Gash","ReplayGash","Coolheaded","Coolheaded","ReplayTheSpireMod:Calculation Training","Chill","Gash","Gash","Reboot","Hologram","ReplayTheSpireMod:Fabricate Wheel+1","Necronomicurse"],"relics":["Cracked Core","Singing Bowl","Snack Pack","Replay:Frozen Program","Nunchaku","Calling Bell","Pet Ghost","Ornamental Fan","Replay:PocketPolymizer","Necronomicon"],"acts_visited":["Exordium","TheCity"],"potions_floor_usage":[24],"damage_taken":[{"damage":1.0,"enemies":"Cultist","floor":1.0,"turns":3.0},{"damage":0.0,"enemies":"Small Slimes","floor":2.0,"turns":3.0},{"damage":0.0,"enemies":"2 Louse","floor":7.0,"turns":3.0},{"damage":33.0,"enemies":"Lagavulin","floor":10.0,"turns":9.0},{"damage":10.0,"enemies":"Blue Slaver","floor":11.0,"turns":3.0},{"damage":4.0,"enemies":"3 Sentries","floor":14.0,"turns":5.0},{"damage":33.0,"enemies":"Hexaghost","floor":16.0,"turns":11.0},{"damage":10.0,"enemies":"Chosen","floor":18.0,"turns":4.0},{"damage":13.0,"enemies":"2 Thieves","floor":20.0,"turns":3.0},{"damage":34,"enemies":"Book of Stabbing","floor":24,"turns":3}],"seed_played":"8485597158174148749","potions_obtained":[{"floor":1.0,"key":"Swift Potion"},{"floor":10.0,"key":"SteroidPotion"},{"floor":11.0,"key":"Weak Potion"},{"floor":18.0,"key":"ColorlessPotion"},{"floor":19.0,"key":"EssenceOfSteel"},{"floor":19.0,"key":"DistilledChaos"}],"is_trial":false,"path_per_floor":["M","M","$","?","?","R","M","T","T","E","M","$","?","E","R_BF","B",null,"M","?","M","?","?","R","E"],"character_chosen":"DEFECT","items_purchased":["Gash","ReplayGash","Coolheaded","Gash","Replay:Frozen Program"],"campfire_rested":0,"item_purchase_floors":[3,3,3,12,12],"current_hp_per_floor":[63,63,63,52,52,52,52,52,52,19,9,9,71,69,69,38,63,59,59,50,29,29,29,0,0],"gold":147,"neow_bonus":"HUNDRED_GOLD","is_daily":false,"chose_seed":false,"campfire_upgraded":2,"win_rate":0.0,"timestamp":1611509298,"path_taken":["M","?","$","?","?","R","M","?","T","E","M","$","?","E","R_BF","BOSS","M","?","?","?","?","R","E"],"items_purchased_type":["Card","Card","Card","Card","Relic"],"build_version":"2020-12-22","purchased_purges":0,"victory":false,"max_hp_per_floor":[71,71,71,71,71,71,71,71,71,71,71,71,71,71,71,71,71,71,71,71,71,71,71,71,71],"card_choices":[{"not_picked":["Streamline","Go for the Eyes"],"picked":"Sunder","floor":1.0},{"not_picked":["Panic Button","Double Energy"],"picked":"ReplayGash","floor":2.0},{"not_picked":["Redo","Darkness"],"picked":"Melter","floor":7.0},{"not_picked":["Streamline","Conserve Battery"],"picked":"ReplayTheSpireMod:Calculation Training","floor":10.0},{"not_picked":["Beam Cell","Go for the Eyes"],"picked":"Chill","floor":11.0},{"not_picked":["Ball Lightning","Reprogram"],"picked":"Gash","floor":14.0},{"not_picked":["Core Surge","Biased Cognition"],"picked":"Reboot","floor":16.0},{"not_picked":["Ball Lightning","Streamline"],"picked":"Hologram","floor":18.0},{"not_picked":["Stack","Storm"],"picked":"ReplayTheSpireMod:Fabricate Wheel","floor":20.0}],"player_experience":1599017,"relics_obtained":[{"floor":8.0,"key":"Singing Bowl"},{"floor":10.0,"key":"Snack Pack"},{"floor":14.0,"key":"Nunchaku"},{"floor":17.0,"key":"Pet Ghost"},{"floor":17.0,"key":"Ornamental Fan"},{"floor":17.0,"key":"Replay:PocketPolymizer"},{"floor":21.0,"key":"Necronomicon"}],"event_choices":[{"damage_healed":0.0,"max_hp_gain":0.0,"max_hp_loss":0.0,"gold_gain":75.0,"event_name":"World of Goop","player_choice":"Gather Gold","floor":4.0,"gold_loss":0.0,"damage_taken":11.0},{"damage_healed":0.0,"max_hp_gain":0.0,"max_hp_loss":0.0,"gold_gain":0.0,"event_name":"Scrap Ooze","player_choice":"Fled","floor":5.0,"gold_loss":0.0,"damage_taken":0.0},{"cards_removed":["Melter"],"damage_healed":62.0,"max_hp_gain":0.0,"max_hp_loss":0.0,"gold_gain":0.0,"event_name":"Bonfire Elementals","player_choice":"Offered Uncommon","floor":13.0,"gold_loss":0.0,"damage_taken":0.0},{"damage_healed":0.0,"max_hp_gain":0.0,"max_hp_loss":0.0,"gold_gain":0.0,"event_name":"The Woman in Blue","player_choice":"Bought 2 Potions","floor":19.0,"gold_loss":0.0,"damage_taken":0.0},{"damage_healed":0.0,"max_hp_gain":0.0,"max_hp_loss":0.0,"gold_gain":0.0,"event_name":"Cursed Tome","player_choice":"Obtained Book","floor":21.0,"gold_loss":0.0,"damage_taken":21.0}],"is_beta":false,"boss_relics":[{"not_picked":["Replay:Wanted Poster","SacredBark"],"picked":"Calling Bell"}],"items_purged_floors":[],"is_endless":false,"potions_floor_spawned":[1,10,11,18],"killed_by":"Book of Stabbing","ascension_level":20}}