{"host":"dztixnx9b0gu6w9i","time":1611507416,"event":{"mods":["BaseMod","Bestiary","Minty Spire (QoL Compilation)","Relic Stats","Slay the Relics Exporter","SpireBot","ojb\u0027s Better Paths Mod","ojb\u0027s Info Mod"],"gold_per_floor":[115,115,133,149,173,173,213,213,237,237,274,295,330,63,63,162,162,185,209,53,103,103,103,146,146,146,146,201,226,249,296,296,401,401,419,419,109,109,123,166,199,251,251,283,306,639,639,671,671,671,671,671,671,19,52,52],"floor_reached":57,"language":"ENG","playtime":9249,"items_purged":["Strike_G","Strike_G+1"],"score":2851,"play_id":"54c8d79a-ca3a-40d7-a826-0192390cfc14","local_time":"20210124115656","is_ascension_mode":true,"campfire_choices":[{"data":"Noxious Fumes","floor":6,"key":"SMITH"},{"data":"Catalyst","floor":10,"key":"SMITH"},{"data":"Neutralize","floor":15,"key":"SMITH"},{"data":"Crippling Poison","floor":23,"key":"SMITH"},{"data":"Footwork","floor":25,"key":"SMITH"},{"data":"Well Laid Plans","floor":27,"key":"SMITH"},{"data":"Footwork","floor":32,"key":"SMITH"},{"data":"Catalyst","floor":47,"key":"SMITH"},{"floor":49,"key":"RECALL"},{"floor":53,"key":"DIG"}],"circlet_count":0,"master_deck":["AscendersBane","Strike_G+1","Defend_G+1","Defend_G+1","Defend_G+1","Defend_G+1","Defend_G+1","Survivor","Neutralize+1","Footwork+1","Flying Knee","Deadly Poison","Noxious Fumes+1","Catalyst+1","Dagger Spray","Catalyst+1","Die Die Die","Well Laid Plans+1","Calculated Gamble","Crippling Poison+1","Acrobatics+1","Footwork+1","Corpse Explosion","Backflip","Catalyst+1","Deflect","Footwork+1","Dash+1","Blur+1"],"relics":["Ring of the Snake","CaptainsWheel","CeramicFish","Orichalcum","Odd Mushroom","Nunchaku","DollysMirror","Runic Dome","Meat on the Bone","The Specimen","Mango","Cursed Key","ClockworkSouvenir","Strawberry","Shovel","Potion Belt","Ninja Scroll","TwistedFunnel","Calipers","White Beast Statue"],"acts_visited":["Exordium","TheCity","TheBeyond","TheEnding"],"potions_floor_usage":[5,7,11,18,24,31,31,55,56,56,56,56],"damage_taken":[{"damage":0,"enemies":"2 Louse","floor":1,"turns":3},{"damage":0,"enemies":"Jaw Worm","floor":3,"turns":5},{"damage":0,"enemies":"Cultist","floor":4,"turns":5},{"damage":4,"enemies":"Exordium Wildlife","floor":5,"turns":5},{"damage":8,"enemies":"Lagavulin","floor":7,"turns":7},{"damage":10,"enemies":"The Mushroom Lair","floor":11,"turns":4},{"damage":1,"enemies":"2 Fungi Beasts","floor":12,"turns":3},{"damage":21,"enemies":"3 Sentries","floor":13,"turns":7},{"damage":21,"enemies":"The Guardian","floor":16,"turns":7},{"damage":17,"enemies":"2 Thieves","floor":18,"turns":4},{"damage":0,"enemies":"Chosen","floor":19,"turns":4},{"damage":9,"enemies":"Book of Stabbing","floor":24,"turns":4},{"damage":0,"enemies":"3 Cultists","floor":29,"turns":4},{"damage":14,"enemies":"Snake Plant","floor":30,"turns":4},{"damage":5,"enemies":"Slavers","floor":31,"turns":3},{"damage":10,"enemies":"Automaton","floor":33,"turns":7},{"damage":2,"enemies":"3 Shapes","floor":35,"turns":4},{"damage":0,"enemies":"Orb Walker","floor":39,"turns":3},{"damage":1,"enemies":"Giant Head","floor":40,"turns":6},{"damage":0,"enemies":"Transient","floor":41,"turns":6},{"damage":4,"enemies":"Reptomancer","floor":42,"turns":5},{"damage":0,"enemies":"Spire Growth","floor":44,"turns":4},{"damage":9,"enemies":"Jaw Worm Horde","floor":45,"turns":5},{"damage":0,"enemies":"Giant Head","floor":48,"turns":6},{"damage":16,"enemies":"Awakened One","floor":50,"turns":14},{"damage":9,"enemies":"Donu and Deca","floor":51,"turns":9},{"damage":0,"enemies":"Shield and Spear","floor":55,"turns":5},{"damage":14,"enemies":"The Heart","floor":56,"turns":7}],"seed_played":"-3240011220728204619","potions_obtained":[{"floor":1,"key":"PowerPotion"},{"floor":4,"key":"BlessingOfTheForge"},{"floor":5,"key":"GhostInAJar"},{"floor":13,"key":"Weak Potion"},{"floor":16,"key":"Strength Potion"},{"floor":18,"key":"LiquidMemories"},{"floor":24,"key":"Energy Potion"},{"floor":30,"key":"CunningPotion"},{"floor":33,"key":"PowerPotion"},{"floor":35,"key":"Ancient Potion"},{"floor":39,"key":"Explosive Potion"},{"floor":41,"key":"CunningPotion"},{"floor":44,"key":"Weak Potion"},{"floor":45,"key":"SpeedPotion"},{"floor":55,"key":"Block Potion"}],"is_trial":false,"path_per_floor":["M","?","M","M","M","R","E","?","T","R","?","M","E","$","R","B",null,"M","M","$","?","?","R","E","R","T","R","T","M","M","E","R","B",null,"M","?","$","?","M","E","M","E","T","M","M","?","R","E","R","B","B",null,"R","$","E","B",null],"character_chosen":"THE_SILENT","items_purchased":["DollysMirror","FairyPotion","Crippling Poison","Backflip","ClockworkSouvenir","GhostInAJar","TwistedFunnel","Block Potion","Calipers"],"campfire_rested":0,"item_purchase_floors":[14,14,20,37,37,54,54,54,54],"current_hp_per_floor":[59,54,54,54,50,50,42,42,42,42,32,31,10,10,10,16,45,28,28,28,28,28,28,19,19,19,19,19,31,29,50,50,40,61,59,59,59,59,59,65,65,61,61,61,52,52,52,52,52,48,39,66,66,66,66,52],"gold":52,"neow_bonus":"ONE_RARE_RELIC","is_daily":false,"chose_seed":false,"campfire_upgraded":8,"win_rate":0.0,"timestamp":1611507416,"path_taken":["M","?","M","M","M","R","E","?","T","R","?","M","E","$","R","BOSS","M","M","$","?","?","R","E","R","T","R","?","M","?","E","R","BOSS","M","?","$","?","M","E","M","E","T","M","M","?","R","E","R","BOSS","BOSS","R","$","E","BOSS"],"items_purchased_type":["Relic","Potion","Card","Card","Relic","Potion","Relic","Potion","Relic"],"build_version":"2020-12-22","purchased_purges":2,"victory":true,"max_hp_per_floor":[60,54,54,54,54,54,54,54,54,54,54,54,54,54,54,54,54,54,54,54,54,54,54,54,54,54,54,54,54,54,68,68,68,68,68,68,68,68,68,75,75,75,75,75,75,75,75,75,75,75,75,75,75,75,75,75],"relic_stats":{"Nunchaku":[11],"Shovel":1,"counters":[28,150],"CeramicFish":144,"Orichalcum":[186],"Cursed Key":0,"obtain_stats":[{"Potion Belt":48,"TwistedFunnel":54,"Calipers":54,"The Specimen":26,"Golden Idol":2,"CeramicFish":7,"Mango":31,"Orichalcum":9,"Odd Mushroom":11,"Cursed Key":34,"White Beast Statue":55,"ClockworkSouvenir":37,"Runic Dome":17,"CaptainsWheel":0,"Nunchaku":13,"Shovel":42,"DollysMirror":14,"Ninja Scroll":53,"Strawberry":40,"Ring of the Snake":0,"Meat on the Bone":24},{"Potion Belt":24,"TwistedFunnel":26,"Calipers":26,"The Specimen":12,"Golden Idol":1,"CeramicFish":5,"Mango":15,"Orichalcum":5,"Odd Mushroom":6,"Cursed Key":16,"White Beast Statue":27,"ClockworkSouvenir":17,"Runic Dome":9,"CaptainsWheel":0,"Nunchaku":8,"Shovel":21,"DollysMirror":8,"Ninja Scroll":26,"Strawberry":19,"Ring of the Snake":0,"Meat on the Bone":12},{"Potion Belt":115,"TwistedFunnel":138,"Calipers":138,"The Specimen":58,"Golden Idol":3,"CeramicFish":25,"Mango":69,"Orichalcum":25,"Odd Mushroom":29,"Cursed Key":76,"White Beast Statue":143,"ClockworkSouvenir":80,"Runic Dome":46,"CaptainsWheel":0,"Nunchaku":39,"Shovel":100,"DollysMirror":39,"Ninja Scroll":138,"Strawberry":89,"Ring of the Snake":0,"Meat on the Bone":58}],"Ring of the Snake":[56],"Meat on the Bone":48},"card_choices":[{"not_picked":["Expertise","Cloak And Dagger"],"picked":"Footwork","floor":1},{"not_picked":["Calculated Gamble","Catalyst"],"picked":"Flying Knee","floor":3},{"not_picked":["Dagger Spray","Escape Plan"],"picked":"Deadly Poison","floor":4},{"not_picked":["Deflect","Poisoned Stab"],"picked":"Noxious Fumes","floor":5},{"not_picked":["Choke","Footwork"],"picked":"Catalyst","floor":7},{"not_picked":["Acrobatics","Bullet Time"],"picked":"Dagger Spray","floor":11},{"not_picked":["Flying Knee","Finisher","Dagger Spray"],"picked":"SKIP","floor":12},{"not_picked":["Dagger Throw","Outmaneuver","Reflex"],"picked":"SKIP","floor":13},{"not_picked":["Glass Knife","Malaise"],"picked":"Die Die Die","floor":16},{"not_picked":["Deflect","Slice"],"picked":"Well Laid Plans","floor":18},{"not_picked":["Dodge and Roll","Quick Slash"],"picked":"Calculated Gamble","floor":19},{"not_picked":["Quick Slash+1","Die Die Die"],"picked":"Acrobatics+1","floor":24},{"not_picked":["Deadly Poison","Backstab","Sucker Punch"],"picked":"SKIP","floor":29},{"not_picked":["Deflect","Dagger Spray","Eviscerate"],"picked":"SKIP","floor":30},{"not_picked":["Deflect","Dagger Spray","Eviscerate"],"picked":"SKIP","floor":30},{"not_picked":["Skewer","Blade Dance"],"picked":"Footwork","floor":31},{"not_picked":["Envenom","Phantasmal Killer"],"picked":"Corpse Explosion","floor":33},{"not_picked":["Reflex","Cloak And Dagger","Heel Hook+1"],"picked":"SKIP","floor":35},{"not_picked":["Reflex","Cloak And Dagger","Heel Hook+1"],"picked":"SKIP","floor":35},{"not_picked":["Dagger Spray","Deadly Poison","Endless Agony+1"],"picked":"SKIP","floor":39},{"not_picked":["Envenom","Outmaneuver"],"picked":"Catalyst","floor":40},{"not_picked":["Riddle With Holes","Dagger Throw"],"picked":"Deflect","floor":41},{"not_picked":["Underhanded Strike","Deadly Poison"],"picked":"Footwork+1","floor":42},{"not_picked":["Eviscerate","Concentrate+1"],"picked":"Dash+1","floor":44},{"not_picked":["Escape Plan","Quick Slash"],"picked":"Blur+1","floor":45},{"not_picked":["Envenom","Finisher","Predator"],"picked":"SKIP","floor":48},{"not_picked":["Envenom","Finisher","Predator"],"picked":"SKIP","floor":48},{"not_picked":["Quick Slash","Expertise","Cloak And Dagger"],"picked":"SKIP","floor":55}],"player_experience":8276474,"relics_obtained":[{"floor":7,"key":"CeramicFish"},{"floor":9,"key":"Orichalcum"},{"floor":11,"key":"Odd Mushroom"},{"floor":13,"key":"Nunchaku"},{"floor":24,"key":"Meat on the Bone"},{"floor":26,"key":"The Specimen"},{"floor":31,"key":"Mango"},{"floor":40,"key":"Strawberry"},{"floor":42,"key":"Shovel"},{"floor":48,"key":"Potion Belt"},{"floor":53,"key":"Ninja Scroll"},{"floor":55,"key":"White Beast Statue"}],"event_choices":[{"damage_healed":0,"gold_gain":0,"player_choice":"Lose Max HP","damage_taken":0,"relics_obtained":["Golden Idol"],"max_hp_gain":0,"max_hp_loss":6,"event_name":"Golden Idol","floor":2,"gold_loss":0},{"cards_removed":["Strike_G"],"damage_healed":0,"gold_gain":0,"player_choice":"Forget","damage_taken":0,"max_hp_gain":0,"max_hp_loss":0,"event_name":"Living Wall","floor":8,"gold_loss":0},{"damage_healed":0,"gold_gain":0,"player_choice":"Fought Mushrooms","damage_taken":0,"max_hp_gain":0,"max_hp_loss":0,"event_name":"Mushrooms","floor":11,"gold_loss":0},{"damage_healed":0,"gold_gain":50,"player_choice":"Stole From Cult","damage_taken":0,"max_hp_gain":0,"max_hp_loss":0,"event_name":"Nest","floor":21,"gold_loss":0},{"damage_healed":0,"gold_gain":0,"player_choice":"Simplicity","damage_taken":0,"max_hp_gain":0,"max_hp_loss":0,"event_name":"Back to Basics","floor":22,"gold_loss":0,"cards_upgraded":["Strike_G","Strike_G","Strike_G","Defend_G","Defend_G","Defend_G","Defend_G","Defend_G"]},{"damage_healed":0,"gold_gain":0,"player_choice":"Ignored","damage_taken":0,"max_hp_gain":0,"max_hp_loss":0,"event_name":"Tomb of Lord Red Mask","floor":36,"gold_loss":0},{"cards_removed":["Strike_G"],"damage_healed":0,"gold_gain":0,"player_choice":"Removed Attack","damage_taken":0,"max_hp_gain":0,"max_hp_loss":0,"event_name":"Falling","floor":38,"gold_loss":0},{"damage_healed":0,"gold_gain":333,"player_choice":"Gave Idol","damage_taken":0,"max_hp_gain":0,"max_hp_loss":0,"event_name":"The Moai Head","floor":46,"relics_lost":["Golden Idol"],"gold_loss":0}],"is_beta":false,"boss_relics":[{"not_picked":["Ectoplasm","Calling Bell"],"picked":"Runic Dome"},{"not_picked":["HoveringKite","Empty Cage"],"picked":"Cursed Key"}],"items_purged_floors":[20,37],"is_endless":false,"potions_floor_spawned":[1,4,5,13,16,18,24,30,33,35,39,41,44,45,55],"ascension_level":20}}