{"host":"mhr97lg0mj90r8b2","time":1611483974,"event":{"mods":["BaseMod","Lobotomy","Minty Spire (QoL Compilation)","Quick Restart","StSLib","The Servant 0.9.4"],"gold_per_floor":[112,112,124,139,151,182,199,216,240,240,240,130,157,223,223,324,324,324,324],"floor_reached":18,"language":"ZHS","playtime":1488,"items_purged":["Strike_G"],"score":174,"play_id":"c542444e-1303-4d0c-a236-23dfa22a8027","local_time":"20210124182614","is_ascension_mode":false,"campfire_choices":[{"floor":10,"key":"REST"},{"floor":15,"key":"REST"}],"circlet_count":0,"master_deck":["Strike_G","Strike_G","Strike_G","Defend_G","Defend_G","Defend_G","Survivor","Neutralize","Murderer","Bullet Time","Heel Hook","ShyLook","Masterful Stab","BigBird","Backstab","LongBird","SpiderBud","Backflip","RedShoes","Blade Dance","BlackSwan","Dash","Expertise","Porccubus","Scorched","LaLuna","Tools of the Trade"],"relics":["Ring of the Snake","CogitoBucket","StoneCalendar","FleshIdol","Potion Belt","SsserpentHead","MealTicket","Fusion Hammer"],"acts_visited":["Exordium","TheCity"],"potions_floor_usage":[6,18],"damage_taken":[{"damage":0,"enemies":"Jaw Worm","floor":1,"turns":6},{"damage":3,"enemies":"Small Slimes","floor":3,"turns":4},{"damage":0,"enemies":"Cultist","floor":4,"turns":4},{"damage":20,"enemies":"Gremlin Gang","floor":5,"turns":6},{"damage":15,"enemies":"3 Sentries","floor":6,"turns":7},{"damage":12,"enemies":"Looter","floor":7,"turns":6},{"damage":5,"enemies":"Exordium Wildlife","floor":8,"turns":3},{"damage":22,"enemies":"Lagavulin","floor":13,"turns":5},{"damage":9,"enemies":"Gremlin Gang","floor":14,"turns":4},{"damage":25,"enemies":"Hexaghost","floor":16,"turns":6},{"damage":78,"enemies":"Shell Parasite","floor":18,"turns":3}],"seed_played":"3141171342094931545","potions_obtained":[{"floor":5,"key":"ColorlessPotion"},{"floor":7,"key":"CunningPotion"},{"floor":13,"key":"GamblersBrew"}],"is_trial":false,"path_per_floor":["M","?","M","M","M","E","M","M","T","R","?","$","E","M","R","B",null,"M"],"character_chosen":"THE_SILENT","items_purchased":["Expertise"],"campfire_rested":2,"item_purchase_floors":[12],"current_hp_per_floor":[70,70,67,67,47,32,20,15,15,36,36,36,14,5,26,3,70,0,0],"gold":324,"neow_bonus":"","is_daily":false,"chose_seed":false,"campfire_upgraded":0,"win_rate":0.0,"timestamp":1611483974,"path_taken":["M","?","M","M","M","E","M","M","T","R","?","$","E","?","R","BOSS","M"],"items_purchased_type":["Card"],"build_version":"2020-12-22","purchased_purges":1,"victory":false,"max_hp_per_floor":[70,70,70,70,70,70,70,70,70,70,70,70,70,70,70,70,70,70,70],"card_choices":[{"not_picked":["CrumblingArmor","DreamingCurrent"],"picked":"Murderer","floor":1},{"not_picked":["Quick Slash","Poisoned Stab"],"picked":"Bullet Time","floor":1},{"not_picked":["PunishingBird","BeautyBeast"],"picked":"ShyLook","floor":3},{"not_picked":["Deflect","Terror"],"picked":"Masterful Stab","floor":3},{"not_picked":["VoidDream","MHz"],"picked":"BigBird","floor":4},{"not_picked":["Crippling Poison","Masterful Stab"],"picked":"Backstab","floor":4},{"not_picked":["MHz","Bloodbath"],"picked":"LongBird","floor":5},{"not_picked":["Bane","Underhanded Strike","Flechettes"],"picked":"SKIP","floor":5},{"not_picked":["Bane","Underhanded Strike","Flechettes"],"picked":"SKIP","floor":5},{"not_picked":["OSAHOGD","Rudolta"],"picked":"SpiderBud","floor":6},{"not_picked":["After Image","Flying Knee"],"picked":"Backflip","floor":6},{"not_picked":["Porccubus","VoidDream"],"picked":"RedShoes","floor":7},{"not_picked":["Accuracy","Eviscerate"],"picked":"Blade Dance","floor":7},{"not_picked":["Rudolta","PunishingBird"],"picked":"BlackSwan","floor":8},{"not_picked":["Dagger Throw","Reflex"],"picked":"Dash","floor":8},{"not_picked":["BeautyBeast","Woodsman"],"picked":"Porccubus","floor":13},{"not_picked":["All Out Attack","Heel Hook","Deflect"],"picked":"SKIP","floor":13},{"not_picked":["All Out Attack","Heel Hook","Deflect"],"picked":"SKIP","floor":13},{"not_picked":["PunishingBird","OSAHOGD"],"picked":"Scorched","floor":14},{"not_picked":["Quick Slash","Calculated Gamble","Endless Agony"],"picked":"SKIP","floor":14},{"not_picked":["Quick Slash","Calculated Gamble","Endless Agony"],"picked":"SKIP","floor":14},{"not_picked":["BeautyBeast","MeatLantern"],"picked":"LaLuna","floor":16},{"not_picked":["Unload","Bullet Time"],"picked":"Tools of the Trade","floor":16}],"player_experience":100464,"relics_obtained":[{"floor":6,"key":"StoneCalendar"},{"floor":9,"key":"Potion Belt"},{"floor":13,"key":"MealTicket"}],"event_choices":[{"damage_healed":0,"gold_gain":0,"cards_transformed":["Strike_G"],"player_choice":"Change","damage_taken":0,"max_hp_gain":0,"max_hp_loss":0,"event_name":"Living Wall","floor":2,"gold_loss":0,"cards_obtained":["Heel Hook"]},{"damage_healed":0,"gold_gain":0,"player_choice":"Trade","damage_taken":0,"relics_obtained":["SsserpentHead"],"max_hp_gain":0,"max_hp_loss":0,"event_name":"FaceTrader","floor":11,"gold_loss":0}],"is_beta":false,"boss_relics":[{"not_picked":["Ring of the Serpent","Philosopher\u0027s Stone"],"picked":"Fusion Hammer"}],"items_purged_floors":[12],"is_endless":false,"potions_floor_spawned":[3,5,7,13],"killed_by":"Shell Parasite","ascension_level":0}}