{"host":"n605f8gctjc87d7h","time":1611516703,"event":{"mods":["Aspiration","Bard","BaseMod","Better Match","Better Note","Better Skull","Better Third Choice","Conspire","Halation","Hermit","Infinite Spire","Minty Spire (QoL Compilation)","Replay The Spire","Retaliation","Shade Mod","Spicy Shops","StS++","StSLib","The IronCluck"],"gold_per_floor":[109,124,74,149,165,165,212,212,212,212,212,244,279,31,31,31,31],"floor_reached":16,"language":"ENG","playtime":1309,"items_purged":[],"score":140,"play_id":"fa778641-380f-4560-b88c-f76c19808307","local_time":"20210124113143","is_ascension_mode":true,"campfire_choices":[{"floor":6,"key":"REST"},{"floor":8,"key":"REST"},{"floor":10,"key":"REST"},{"floor":15,"key":"REST"}],"circlet_count":0,"master_deck":["Strike_P","Strike_P","Strike_P","Strike_P","Defend_P","Defend_P","Defend_P","Eruption","Vigilance","ConjureBlade","CutThroughFate","StSpp:TimeDodge","conspire:SpireCoStock","SandsOfTime","Injury","ThirdEye","FlurryOfBlows"],"relics":["PureWater","Boot","Question Card","Frozen Egg 2","infinitespire:PuzzleCube","Dead Branch","Strawberry"],"acts_visited":["Exordium"],"potions_floor_usage":[5,12,16],"damage_taken":[{"damage":2,"enemies":"2 Louse","floor":1,"turns":3},{"damage":4,"enemies":"Small Slimes","floor":2,"turns":4},{"damage":5,"enemies":"Jaw Worm","floor":5,"turns":4},{"damage":46,"enemies":"Replay:BlueRogue","floor":7,"turns":9},{"damage":18,"enemies":"3 Sentries","floor":12,"turns":8},{"damage":14,"enemies":"Exordium Wildlife","floor":13,"turns":6},{"damage":85,"enemies":"Fading Forest","floor":16,"turns":9}],"seed_played":"-6743927481005354440","potions_obtained":[{"floor":2,"key":"Dexterity Potion"},{"floor":7,"key":"Swift Potion"},{"floor":12,"key":"SpeedPotion"}],"is_trial":false,"path_per_floor":["M","M","?","?","M","R","E","R","T","R","?","E","M","$","R","B"],"character_chosen":"WATCHER","items_purchased":["Dead Branch","Strawberry"],"campfire_rested":4,"item_purchase_floors":[14,14],"current_hp_per_floor":[63,59,59,48,43,64,18,39,39,60,60,42,28,35,58,0,0],"gold":31,"neow_bonus":"TRANSFORM_CARD","is_daily":false,"chose_seed":false,"campfire_upgraded":0,"win_rate":0.0,"timestamp":1611516703,"path_taken":["M","M","?","?","M","R","E","R","T","R","?","E","M","?","R","BOSS"],"items_purchased_type":["Relic","Relic"],"build_version":"2020-12-22","purchased_purges":0,"victory":false,"max_hp_per_floor":[72,72,72,72,72,72,72,72,72,72,72,72,72,79,79,79,79],"card_choices":[{"not_picked":["Vengeance","StSpp:LatentStrike"],"picked":"CutThroughFate","floor":1},{"not_picked":["StSpp:Renounce","Prostrate"],"picked":"StSpp:TimeDodge","floor":2},{"not_picked":["EmptyFist","Study"],"picked":"SandsOfTime","floor":5},{"not_picked":["CutThroughFate","CrushJoints","StSpp:LatentStrike"],"picked":"SKIP","floor":7},{"not_picked":["Sanctity","ConjureBlade","StSpp:Renounce"],"picked":"ThirdEye","floor":12},{"not_picked":["TalkToTheHand","WaveOfTheHand","JustLucky"],"picked":"FlurryOfBlows","floor":13}],"player_experience":640241,"relics_obtained":[{"floor":7,"key":"Boot"},{"floor":9,"key":"Question Card"},{"floor":12,"key":"infinitespire:PuzzleCube"}],"event_choices":[{"damage_healed":0,"gold_gain":0,"player_choice":"Invest 1","damage_taken":0,"max_hp_gain":0,"max_hp_loss":0,"event_name":"conspire:Investor","floor":3,"gold_loss":0},{"damage_healed":0,"gold_gain":75,"player_choice":"Gold","damage_taken":11,"max_hp_gain":0,"max_hp_loss":0,"event_name":"betterThird:BetterGoop","floor":4,"gold_loss":0}],"is_beta":false,"boss_relics":[],"items_purged_floors":[],"is_endless":false,"potions_floor_spawned":[2,7,12],"killed_by":"Fading Forest","ascension_level":6}}