{"host":"557iavmgkmyrqkcw","time":1611457750,"event":{"mods":["2.2 Compatiblity","AchievementEnabler","BaseMod","Better Note","Better Sensory Stone","Better Third Choice","Downfall","Friendly Minions","HololiveMod","Marisa????????","Minty Spire (QoL Compilation)","Replay The Spire","StSLib","The Alterego","The Fake Hero","The IronCluck","The Servant 0.9.4","Waifu the Spire"],"gold_per_floor":[99,116,130,115,115,115,169,169,224,399,399,429,429,455,475,572,572,572,572,572,572],"floor_reached":19,"language":"ENG","playtime":1158,"items_purged":[],"score":223,"play_id":"cbad2b45-83ba-48e9-82ef-23fd93f52851","local_time":"20210123190910","is_ascension_mode":false,"campfire_choices":[{"data":"bronze:Goto","floor":1.0,"key":"SMITH"},{"data":"bronze:DelayedSlice","floor":6.0,"key":"SMITH"},{"data":"bronze:Flail","floor":11.0,"key":"SMITH"},{"data":"bronze:Replicate","floor":13.0,"key":"SMITH"},{"data":"bronze:Repair","floor":18,"key":"SMITH"}],"circlet_count":0,"master_deck":["bronze:Strike","bronze:Strike","bronze:Strike","bronze:Defend","bronze:Defend","bronze:Defend","bronze:Defend","bronze:Replicate+1","bronze:Goto+1","bronze:Flail+1","bronze:Repair+1","bronze:DelayedSlice+1","Doubt","bronze:Return","bronze:Boost","bronze:CleanCode"],"relics":["bronze:BronzeCore","Pen Nib","ReplayTheSpireMod:Ring of Challenge","Ring of Hypnosis","Replay:WaspNest","Replay:Ringing Soul","Busted Crown"],"acts_visited":["Exordium","TheCity"],"potions_floor_usage":[14,16,16],"damage_taken":[{"damage":1.0,"enemies":"Cultist","floor":2.0,"turns":3.0},{"damage":11.0,"enemies":"Jaw Worm","floor":3.0,"turns":2.0},{"damage":0.0,"enemies":"downfall:FleeingMerchant","floor":4.0,"turns":4.0},{"damage":9.0,"enemies":"Small Slimes","floor":9.0,"turns":4.0},{"damage":11.0,"enemies":"Gremlin Nob","floor":12.0,"turns":3.0},{"damage":0,"enemies":"3 Sentries","floor":14,"turns":2},{"damage":7,"enemies":"3 Louse","floor":15,"turns":2},{"damage":67,"enemies":"DF_ARCHETYPE_STREAMLINE","floor":16,"turns":12},{"damage":0,"enemies":"3 Byrds","floor":19,"turns":1}],"seed_played":"3692220637652874006","potions_obtained":[{"floor":2.0,"key":"Regen Potion"},{"floor":3.0,"key":"LiquidMemories"},{"floor":9.0,"key":"Dexterity Potion"},{"floor":15,"key":"Energy Potion"}],"is_trial":false,"path_per_floor":["R","M","M","$","?","R","T","?","M","?","R","E","R","E","M","B",null,"R","M"],"character_chosen":"THE_AUTOMATON","items_purchased":[],"campfire_rested":0,"item_purchase_floors":[],"current_hp_per_floor":[77,76,65,72,72,72,72,72,68,68,68,57,57,67,70,22,86,86,86,86,86],"gold":572,"neow_bonus":"TEN_PERCENT_HP_BONUS","is_daily":false,"chose_seed":false,"campfire_upgraded":5,"win_rate":0.0,"timestamp":1611457750,"path_taken":["R","M","M","?","?","R","T","?","M","?","R","E","R","E","M","BOSS","R","M"],"items_purchased_type":[],"build_version":"2020-12-22","purchased_purges":0,"victory":false,"max_hp_per_floor":[77,77,77,77,77,77,77,77,77,77,77,77,77,80,83,86,86,86,86,86,86],"card_choices":[{"not_picked":["bronze:DelayedGuard","bronze:GetLatest"],"picked":"bronze:Flail","floor":2.0},{"not_picked":["bronze:DelayedGuard","bronze:Optimize"],"picked":"bronze:Repair","floor":3.0},{"not_picked":["bronze:CutThrough","bronze:Overheat"],"picked":"bronze:DelayedSlice","floor":4.0},{"not_picked":["bronze:Invalidate","bronze:CutThrough","bronze:Deprecate"],"picked":"SKIP","floor":9.0},{"not_picked":["bronze:Safeguard","bronze:Shield","bronze:Flail"],"picked":"SKIP","floor":12.0},{"not_picked":["bronze:ChildClass","bronze:OilSpill"],"picked":"bronze:Return","floor":14},{"not_picked":["bronze:WhirlingStrike","bronze:Shell"],"picked":"bronze:Boost","floor":15},{"not_picked":["bronze:BurnOut","bronze:SpaghettiCode"],"picked":"bronze:CleanCode","floor":16}],"player_experience":586044,"relics_obtained":[{"floor":7.0,"key":"Pen Nib"},{"floor":8.0,"key":"ReplayTheSpireMod:Ring of Challenge"},{"floor":8.0,"key":"Ring of Hypnosis"},{"floor":12.0,"key":"Replay:WaspNest"},{"floor":14,"key":"Replay:Ringing Soul"}],"event_choices":[],"is_beta":false,"boss_relics":[{"not_picked":["Hololive_Finger","Replay:Bronze Core"],"picked":"Busted Crown"}],"items_purged_floors":[],"is_endless":false,"potions_floor_spawned":[2,3,9,15],"killed_by":"3 Byrds","ascension_level":0}}