{"host":"d7fiu2yjkssjxoz6","time":1611518267,"event":{"mods":["AchievementEnabler","BaseMod","Duelist Mod","Minty Spire (QoL Compilation)","StSLib"],"gold_per_floor":[139,157,157,173,173,204,221,221,276,311,329,358,375,400,400,498,498,514,514,526,526,526,551,551,580,604,604,604],"floor_reached":27,"language":"ENG","playtime":1523,"items_purged":[],"score":422,"play_id":"13f88cf9-9656-4823-ab59-9fb9460fe1ab","local_time":"20210124115747","is_ascension_mode":true,"campfire_choices":[{"data":"theDuelist:NaturiaStinkbug","floor":8,"key":"SMITH"},{"floor":15,"key":"REST"},{"data":"theDuelist:NaturiaSacredTree","floor":24,"key":"SMITH"}],"circlet_count":0,"master_deck":["AscendersBane","theDuelist:CastleWalls","theDuelist:CastleWalls","theDuelist:CastleWalls","theDuelist:NaturiaBeast","theDuelist:NaturiaCliff","theDuelist:NaturiaRock","theDuelist:NaturiaTulip","theDuelist:Sparks","theDuelist:Sparks","theDuelist:NaturiaHorneedle","theDuelist:SeedSacredTree+1","theDuelist:NaturiaStinkbug+1","theDuelist:Fissure","theDuelist:LonefireBlossom","theDuelist:GoldenApples","theDuelist:NaturiaBrambi","theDuelist:NaturiaSacredTree+1","theDuelist:SurvivalInstinct","theDuelist:FuryFire","theDuelist:NaturiaHorneedle","theDuelist:NaturiaRock+1","Shame","theDuelist:FuryFire","theDuelist:MultiplicationOfAnts"],"relics":["theDuelist:MillenniumPuzzle","theDuelist:CardPoolRelic","theDuelist:CardPoolBasicRelic","theDuelist:BoosterPackPoolRelic","theDuelist:CardPoolAddRelic","theDuelist:CardPoolMinusRelic","theDuelist:CardPoolSaveRelic","theDuelist:CardPoolOptionsRelic","Torii","theDuelist:MillenniumPeriapt","Tiny Chest","White Beast Statue","Sundial","WingedGreaves","Runic Pyramid","Potion Belt","theDuelist:MillenniumRod","Dream Catcher","Juzu Bracelet","theDuelist:ZoneToken"],"acts_visited":["Exordium","TheCity"],"potions_floor_usage":[10,12,13,16,18,25,25],"damage_taken":[{"damage":1,"enemies":"Small Slimes","floor":1,"turns":6},{"damage":1,"enemies":"Jaw Worm","floor":2,"turns":4},{"damage":1,"enemies":"Cultist","floor":4,"turns":5},{"damage":2,"enemies":"Lagavulin","floor":6,"turns":6},{"damage":0,"enemies":"Gremlin Gang","floor":7,"turns":4},{"damage":9,"enemies":"Gremlin Nob","floor":10,"turns":4},{"damage":0,"enemies":"2 Fungi Beasts","floor":11,"turns":3},{"damage":2,"enemies":"3 Sentries","floor":12,"turns":5},{"damage":13,"enemies":"Large Slime","floor":13,"turns":4},{"damage":1,"enemies":"Lagavulin","floor":14,"turns":5},{"damage":3,"enemies":"Hexaghost","floor":16,"turns":11},{"damage":19,"enemies":"2 Thieves","floor":18,"turns":4},{"damage":12,"enemies":"Chosen","floor":20,"turns":5},{"damage":2,"enemies":"Gremlin Leader","floor":23,"turns":8},{"damage":30,"enemies":"Slavers","floor":25,"turns":3},{"damage":17,"enemies":"Book of Stabbing","floor":27,"turns":3}],"seed_played":"4723852933468779096","potions_obtained":[{"floor":2,"key":"theDuelist:WaterBottle"},{"floor":4,"key":"Strength Potion"},{"floor":10,"key":"AttackPotion"},{"floor":11,"key":"SkillPotion"},{"floor":12,"key":"ColorlessPotion"},{"floor":13,"key":"theDuelist:VoidBottle"},{"floor":14,"key":"Fire Potion"},{"floor":16,"key":"theDuelist:FlamingBottle"},{"floor":18,"key":"theDuelist:LavaBottle"},{"floor":20,"key":"SkillPotion"},{"floor":23,"key":"theDuelist:BurningPotion"},{"floor":25,"key":"CultistPotion"}],"is_trial":false,"path_per_floor":["M","M","?","M","?","E","M","R","T","E","M","E","M","E","R","B",null,"M","?","M","?","T","E","R","E","T","E"],"character_chosen":"THE_DUELIST","items_purchased":[],"campfire_rested":1,"item_purchase_floors":[],"current_hp_per_floor":[71,70,70,69,57,55,55,55,55,46,46,44,31,30,51,48,66,47,47,35,35,35,33,33,3,3,0,0],"gold":604,"neow_bonus":"ONE_RARE_RELIC","is_daily":false,"chose_seed":false,"campfire_upgraded":2,"win_rate":0.0,"timestamp":1611518267,"path_taken":["M","M","?","M","?","E","M","R","T","E","?","E","M","E","R","BOSS","M","?","M","?","?","E","R","E","T","E"],"items_purchased_type":[],"build_version":"2020-12-22","purchased_purges":0,"victory":false,"max_hp_per_floor":[72,72,72,72,72,72,72,72,72,72,72,72,72,72,72,72,72,72,72,72,72,72,72,72,72,72,72,72],"card_choices":[{"not_picked":["theDuelist:HuntingInstinct","theDuelist:ClosedForest"],"picked":"theDuelist:NaturiaHorneedle","floor":1},{"not_picked":["theDuelist:NaturiaDragonfly","theDuelist:NaturiaAntjaw","theDuelist:Spore","theDuelist:NaturiaTulip"],"picked":"theDuelist:SeedSacredTree","floor":2},{"not_picked":["theDuelist:NaturiaDragonfly","theDuelist:NaturiaMantis","theDuelist:Spore","theDuelist:SummoningSwarm"],"picked":"theDuelist:NaturiaStinkbug","floor":4},{"not_picked":["theDuelist:HammerShot","theDuelist:PowerWall","theDuelist:GraniteLoyalist","theDuelist:HeavyStorm"],"picked":"theDuelist:Fissure","floor":6},{"not_picked":["theDuelist:NaturiaHydrangea","theDuelist:NaturiaRagweed","theDuelist:NaturiaEggplant","theDuelist:SummoningSwarm"],"picked":"theDuelist:LonefireBlossom","floor":7},{"not_picked":["theDuelist:GraniteLoyalist","theDuelist:HammerShot","theDuelist:DarkCreator","theDuelist:BigKoala"],"picked":"theDuelist:GoldenApples","floor":10},{"not_picked":["theDuelist:NaturiaHydrangea","theDuelist:NaturiaEggplant","theDuelist:NaturiaDragonfly","theDuelist:NaturiaCliff"],"picked":"theDuelist:NaturiaBrambi","floor":11},{"not_picked":["theDuelist:VenomShot","theDuelist:BarkionBark","theDuelist:ConvulsionNature","theDuelist:SummoningSwarm"],"picked":"theDuelist:NaturiaSacredTree","floor":12},{"not_picked":["theDuelist:BrainCrusher","theDuelist:VenomShot"],"picked":"theDuelist:SurvivalInstinct","floor":13},{"not_picked":["theDuelist:NaturiaHydrangea","theDuelist:CrystalRose","theDuelist:NaturiaLeodrake","theDuelist:NaturiaStagBeetle"],"picked":"theDuelist:FuryFire","floor":14},{"not_picked":["theDuelist:DemiseLand","theDuelist:ClosedForest","theDuelist:MultiplicationOfAnts","theDuelist:HeartUnderdog"],"picked":"theDuelist:NaturiaHorneedle","floor":16},{"not_picked":["theDuelist:NaturiaEggplant","theDuelist:NaturiaTulip","theDuelist:FossilDig","theDuelist:SummoningSwarm"],"picked":"theDuelist:NaturiaRock+1","floor":18},{"not_picked":["theDuelist:Sangan+1","theDuelist:AttackTheMoon","theDuelist:DestroyerGolem","theDuelist:GraniteLoyalist","theDuelist:MudGolem"],"picked":"SKIP","floor":20},{"not_picked":["theDuelist:NaturiaGuardian","theDuelist:ExterioFang","theDuelist:NaturiaLadybug","theDuelist:DemiseLand"],"picked":"theDuelist:MultiplicationOfAnts","floor":23},{"not_picked":["theDuelist:MillenniumGolem","theDuelist:DummyGolem","theDuelist:FutureFusion","theDuelist:MagicHoleGolem+1"],"picked":"theDuelist:DianKeto","floor":25}],"player_experience":269064,"relics_obtained":[{"floor":6,"key":"Tiny Chest"},{"floor":10,"key":"White Beast Statue"},{"floor":12,"key":"Sundial"},{"floor":14,"key":"WingedGreaves"},{"floor":22,"key":"theDuelist:MillenniumRod"},{"floor":23,"key":"Dream Catcher"},{"floor":25,"key":"Juzu Bracelet"},{"floor":26,"key":"theDuelist:ZoneToken"}],"event_choices":[{"damage_healed":0,"gold_gain":0,"player_choice":"Grow","damage_taken":0,"max_hp_gain":0,"max_hp_loss":0,"event_name":"Living Wall","floor":3,"gold_loss":0,"cards_upgraded":["theDuelist:SeedSacredTree"]},{"damage_healed":0,"gold_gain":0,"player_choice":"Success","damage_taken":12,"relics_obtained":["theDuelist:MillenniumPeriapt"],"max_hp_gain":0,"max_hp_loss":0,"event_name":"Scrap Ooze","floor":5,"gold_loss":0},{"damage_healed":0,"gold_gain":0,"player_choice":"Stole Relic","damage_taken":0,"relics_obtained":["Potion Belt"],"max_hp_gain":0,"max_hp_loss":0,"event_name":"Addict","floor":19,"gold_loss":0,"cards_obtained":["Shame"]},{"damage_healed":0,"gold_gain":0,"cards_transformed":["theDuelist:Sparks"],"player_choice":"Transformed","damage_taken":0,"max_hp_gain":0,"max_hp_loss":0,"event_name":"Transmorgrifier","floor":21,"gold_loss":0,"cards_obtained":["theDuelist:FuryFire"]}],"is_beta":false,"boss_relics":[{"not_picked":["Philosopher\u0027s Stone","Empty Cage"],"picked":"Runic Pyramid"}],"items_purged_floors":[],"is_endless":false,"potions_floor_spawned":[2,4,10,11,12,13,14,16,18,20,23,25],"killed_by":"Book of Stabbing","ascension_level":10}}