{"host":"jbj9vjxoxc0v9q6j","time":1611498639,"event":{"mods":["BaseMod","Downfall","Hermit","Infinite Spire","Jorbs\u0027s Wanderer Trilogy","Minty Spire (QoL Compilation)","Replay The Spire","Shop Mod","StSLib","The Disciple","The Runesmith","The Senshi","The Servant 0.9.4"],"gold_per_floor":[113,113,125,201,221,221,246,246,246,266,266,247,265,20,20,118,118,128,128,139,149,49,49,68,102,176,176,193,193,207,238,238,334,334,354,354,366,366,429,429,429,429],"floor_reached":41,"language":"ENG","playtime":4110,"items_purged":["Defend_S","Strike_S"],"score":506,"play_id":"6f14f290-7d29-46bc-abee-aab0215ebf89","local_time":"20210124093039","is_ascension_mode":false,"campfire_choices":[{"data":"Ricochet","floor":6,"key":"SMITH"},{"data":"Defy","floor":8,"key":"SMITH"},{"data":"GearUp","floor":8,"key":"SMITH"},{"data":"KidneyShot","floor":11,"key":"SMITH"},{"data":"Rearm","floor":11,"key":"SMITH"},{"data":"Sunlight","floor":15,"key":"SMITH"},{"data":"Defy","floor":15,"key":"SMITH"},{"data":"Spin","floor":23,"key":"SMITH"},{"data":"FlawlessForm","floor":23,"key":"SMITH"},{"data":"Desolation","floor":27,"key":"SMITH"},{"data":"Strike_S","floor":27,"key":"SMITH"},{"floor":29,"key":"RECALL"},{"floor":32,"key":"DIG"},{"data":"1","floor":40,"key":"LIFT"}],"circlet_count":0,"master_deck":["Strike_S","Strike_S+1","Defend_S+1","KidneyShot+1","Exchange+1","Rearm+1","GearUp+1","Ricochet+1","Defy+1","InstantArmor+1","Sunlight+1","Defy+1","FlawlessForm+1","Foresight+1","Sunlight+1","Unruled+1","Spin+1","Spin+1","Desolation+1","Unruled","Desolation","FloweringNight","Shuttle+1","RealityMarble+1","ShatteredReality"],"relics":["SplendidAttire","NeowsBlessing","Pantograph","Replay:Arrowhead","Odd Mushroom","infinitespire:PuzzleCube","Astrolabe","War Paint","Bottled Flame","infinitespire:Lucky Rock","Girya","Oddly Smooth Stone"],"acts_visited":["Exordium","TheCity","TheBeyond"],"potions_floor_usage":[7,12,28,31,33,33,41],"damage_taken":[{"damage":0,"enemies":"Cultist","floor":1,"turns":1},{"damage":0,"enemies":"Small Slimes","floor":3,"turns":1},{"damage":0,"enemies":"2 Louse","floor":5,"turns":1},{"damage":26,"enemies":"Gremlin Nob","floor":7,"turns":5},{"damage":10,"enemies":"The Mushroom Lair","floor":10,"turns":5},{"damage":1,"enemies":"Exordium Thugs","floor":12,"turns":6},{"damage":1,"enemies":"Large Slime","floor":13,"turns":9},{"damage":0,"enemies":"Slime Boss","floor":16,"turns":9},{"damage":0,"enemies":"Chosen","floor":18,"turns":4},{"damage":7,"enemies":"Spheric Guardian","floor":20,"turns":7},{"damage":10,"enemies":"Centurion and Healer","floor":21,"turns":6},{"damage":6,"enemies":"Sentry and Sphere","floor":24,"turns":6},{"damage":0,"enemies":"Replay:Snechameleon","floor":25,"turns":9},{"damage":0,"enemies":"3 Cultists","floor":28,"turns":3},{"damage":0,"enemies":"Chosen and Byrds","floor":30,"turns":3},{"damage":37,"enemies":"Book of Stabbing","floor":31,"turns":8},{"damage":23,"enemies":"Automaton","floor":33,"turns":11},{"damage":6,"enemies":"3 Shapes","floor":35,"turns":4},{"damage":0,"enemies":"Orb Walker","floor":37,"turns":2},{"damage":49,"enemies":"Nemesis","floor":41,"turns":5}],"seed_played":"-6702757453952878512","potions_obtained":[{"floor":1,"key":"Energy Potion"},{"floor":5,"key":"Strength Potion"},{"floor":7,"key":"Energy Potion"},{"floor":13,"key":"Energy Potion"},{"floor":18,"key":"Milkshake"},{"floor":19,"key":"PowerPotion"},{"floor":19,"key":"CultistPotion"},{"floor":30,"key":"ColorlessPotion"},{"floor":31,"key":"AttackPotion"},{"floor":33,"key":"Death Potion"},{"floor":35,"key":"Adrenaline Potion"}],"is_trial":false,"path_per_floor":["M","?","M","T","M","R","E","R","T","?","R","M","M","$","R","B",null,"M","?","M","M","$","R","M","E","T","R","M","R","M","E","R","B",null,"M","?","M","?","?","R","E"],"character_chosen":"THE_SERVANT","items_purchased":["Defy","infinitespire:PuzzleCube"],"campfire_rested":0,"item_purchase_floors":[14,14],"current_hp_per_floor":[65,65,65,65,65,65,39,39,39,29,29,28,27,27,27,52,65,65,65,58,48,48,48,42,42,42,42,42,42,42,5,5,7,65,59,59,59,59,35,35,0,0],"gold":429,"neow_bonus":"THREE_ENEMY_KILL","is_daily":false,"chose_seed":false,"campfire_upgraded":11,"win_rate":0.0,"timestamp":1611498639,"path_taken":["M","?","M","?","?","R","E","R","T","?","R","M","M","$","R","BOSS","M","?","M","M","?","R","M","E","T","R","M","R","M","E","R","BOSS","M","?","M","?","?","R","E"],"items_purchased_type":["Card","Relic"],"build_version":"2020-12-22","purchased_purges":2,"victory":false,"max_hp_per_floor":[65,65,65,65,65,65,65,65,65,65,65,65,65,65,65,65,65,65,65,65,65,65,65,65,65,65,65,65,65,65,65,65,65,65,65,65,65,62,62,62,62,62],"card_choices":[{"not_picked":["Rewind","Potential"],"picked":"Rearm","floor":1},{"not_picked":["Comet","Spin"],"picked":"GearUp","floor":3},{"not_picked":["Unruled","ShiftingGears"],"picked":"Ricochet","floor":5},{"not_picked":["DoubleEdge","TimeWarp"],"picked":"Defy","floor":7},{"not_picked":["Comet","Ricochet"],"picked":"InstantArmor","floor":12},{"not_picked":["SpecialFormula","Starlight"],"picked":"Sunlight","floor":13},{"not_picked":["SoulSculpture","Dilation"],"picked":"FlawlessForm","floor":16},{"not_picked":["Ricochet","Revamp"],"picked":"Unruled+1","floor":18},{"not_picked":["Replace","Rearm+1"],"picked":"Spin+1","floor":20},{"not_picked":["ShiftingGears","Replace"],"picked":"Spin","floor":21},{"not_picked":["Revamp+1","Unruled","Rewind"],"picked":"SKIP","floor":24},{"not_picked":["DoubleEdge","WasteNot"],"picked":"Desolation","floor":25},{"not_picked":["FastForward","Dilation","BottledTime+1"],"picked":"SKIP","floor":28},{"not_picked":["DoubleEdge","Advance"],"picked":"Unruled","floor":30},{"not_picked":["Moonlight","Read"],"picked":"Desolation","floor":31},{"not_picked":["FlawlessForm","Deny"],"picked":"FloweringNight","floor":33},{"not_picked":["Defy+1","Alleviate"],"picked":"Shuttle+1","floor":35},{"not_picked":["ReturningBlade+1","WasteNot"],"picked":"RealityMarble+1","floor":37},{"not_picked":["Ricochet","Advance"],"picked":"ShatteredReality","floor":39}],"player_experience":1953650,"relics_obtained":[{"floor":4,"key":"Pantograph"},{"floor":7,"key":"Replay:Arrowhead"},{"floor":10,"key":"Odd Mushroom"},{"floor":25,"key":"War Paint"},{"floor":26,"key":"Bottled Flame"},{"floor":31,"key":"infinitespire:Lucky Rock"},{"floor":32,"key":"Girya"},{"floor":39,"key":"Oddly Smooth Stone"}],"event_choices":[{"damage_healed":0,"gold_gain":0,"player_choice":"Fought Mushrooms","damage_taken":0,"max_hp_gain":0,"max_hp_loss":0,"event_name":"Mushrooms","floor":10,"gold_loss":0},{"damage_healed":0,"gold_gain":0,"player_choice":"Got Potions","damage_taken":0,"max_hp_gain":0,"max_hp_loss":0,"event_name":"Lab","floor":19,"gold_loss":0},{"cards_removed":["Deny"],"damage_healed":0,"gold_gain":0,"player_choice":"Removed Skill","damage_taken":0,"max_hp_gain":0,"max_hp_loss":0,"event_name":"Falling","floor":36,"gold_loss":0},{"damage_healed":0,"gold_gain":0,"player_choice":"Max HP","damage_taken":0,"max_hp_gain":0,"max_hp_loss":3,"event_name":"Winding Halls","floor":38,"gold_loss":0}],"is_beta":false,"boss_relics":[{"not_picked":["Runic Dome","Coffee Dripper"],"picked":"Astrolabe"},{"not_picked":["Replay:Wanted Poster","Replay:Ancient Bell"],"picked":"SplendidAttire"}],"items_purged_floors":[14,22],"is_endless":false,"potions_floor_spawned":[1,5,7,13,18,30,31,33,35],"killed_by":"Nemesis","ascension_level":0}}